4068 6344
339 506 405 510 μ.
451 507 522 514 -.η
551 509 620 513 ν..-
651 510 2984 527 _--.__-_._______________.________.__..__________.._.--
3003 524 3502 530 .__,-_-.__..-.-._a.-..-

854 723 859 729 ο
970 662 1861 778 WALAPRI

1959 666 2080 776 II
2152 650 2844 782 STRABI

1557 895 1939 955 FULDENSIS
1975 894 2282 955 MONACHI

518 1094 1082 1213 OPERUM
1166 1094 1647 1212 PRIMA“.
1731 1094 2236 1211 PARTIS
2319 1018 3340 1222 CONTINUATIO.

1697 1463 2155 1545 SEQUITUR

713 1699 1544 1845 GLOSSA
1744 1633 3085 1847 OBDINABIA.

1673 1986 2157 2004 Hu-

1365 2105 1950 2188 PROPHETIA
2002 2108 2491 2191 JEREMUE.

1743 2288 2132 2315 ———h—

424 2390 794 2455 PROLOGUS
832 2393 1218 2451 HIERONYMI
1252 2394 1322 2449 ΙΝ
1357 2393 1720 2452 JEREMIAM.

507 2509 669 2583 (Vide
697 2508 925 2580 Operam
951 2508 1064 2578 ejus
1082 2517 1230 2583 temo
1256 2504 1361 2573 IX,
1384 2507 1485 2562 col.
1508 2507 1657 2580 847.)

888 2616 1253 2673 PREFATIO

363 2706 491 2768 Haec
508 2709 882 2782 interpretatio
902 2709 1209 2779 Hieronymi
1230 2717 1332 2763 est.
1356 2706 1414 2763 Si
1437 2708 1564 2778 quid
1587 2709 1643 2764 in
1669 2723 1731 2764 ea
1753 2720 1867 2763 mo-

176 2798 183 2802 ’
288 2802 466 2867 verit,
507 2802 801 2857 secundum
838 2799 1092 2855 Hebrusos
1132 2799 1344 2853 codices
1378 2798 1704 2868 exploretur.
1743 2796 1865 2852 Alia

286 2903 377 2949 est
402 2892 750 2965 Septuaginta
780 2893 1149 2961 interpretum
1171 2890 1427 2945 Ecclesiis
1452 2889 1649 2945 usitata
1678 2906 1692 2943 :
1721 2903 1863 2958 quas,

287 2985 539 3053 quamvis
584 2982 841 3039 nonnulla
888 2982 1046 3036 aliter
1090 2981 1285 3034 habeat
1320 2995 1482 3050 quam
1530 2980 1586 3035 in
1629 2979 1866 3035 Hebraeis

284 3073 572 3130 codicibus
596 3074 886 3148 invenitur,
909 3081 1084 3126 tamen
1111 3080 1362 3141 utraque,
1392 3072 1447 3127 id
1470 3079 1553 3127 est
1572 3073 1864 3128 secundum

286 3165 645 3236 Septuaginta
680 3173 735 3219 et
770 3165 1062 3219 secundum
1100 3162 1409 3227 Hebraeam,
1434 3164 1725 3233 apostolica
1765 3180 1863 3218 au-

282 3256 543 3312 ctoritate
582 3254 797 3309 ﬁrmata
838 3262 941 3308 est.
983 3252 1098 3306 Non
1138 3267 1322 3307 errore
1362 3267 1536 3321 neque
1575 3253 1855 3321 reprehen-

284 3349 441 3404 sione
470 3347 756 3417 superiori,
780 3346 875 3401 sed
907 3353 1059 3400 certo
1090 3343 1318 3399 consilio
1354 3342 1704 3412 Septuaginta
1733 3358 1868 3396 non-

284 3438 437 3493 nulla
492 3437 649 3492 aliter
724 3436 925 3492 dixisse
986 3435 1071 3489 vel
1122 3433 1424 3488 contexisse
1476 3432 1862 3503 intelliguntur.

286 3529 442 3596 Quod
481 3529 604 3585 ideo
640 3542 1067 3599 praemonemus,
1113 3541 1183 3581 ne
1216 3525 1500 3594 quisquam
1538 3523 1760 3577 alteram
1797 3538 1863 3577 ex

285 3622 461 3679 altera
492 3621 623 3677 velit
656 3621 947 3675 emendare
976 3635 992 3672 :
1019 3618 1162 3687 quod
1197 3616 1528 3689 singulorum
1558 3615 1613 3670 in
1648 3630 1746 3670 suo
1774 3628 1864 3684 ge-

286 3728 419 3769 nere
451 3713 651 3768 veritas
674 3710 1005 3768 observanda
1035 3720 1138 3765 est.
1831 3720 1839 3730 ·

824 3818 1339 3879 ARGUMENTUM.

354 3915 620 3974 Jeremias
654 3914 1024 3980 Anatbotites,
1068 3914 1160 3982 qui
1206 3921 1289 3968 est
1341 3908 1550 3969 viculus
1604 3913 1779 3968 tribus
1829 3926 1862 3966 a

285 4008 676 4080 Hierosolymis
723 4006 929 4061 distans
984 4003 1249 4067 millibus,
1299 4000 1438 4073 apud
1490 4002 1764 4057 Thamnas
1807 4001 1861 4056 in

286 4098 525 4171 Egypto
563 4114 593 4152 a
629 4097 826 4168 populo
857 4095 1121 4166 lapidibus
1154 4095 1379 4149 obrutus
1411 4094 1680 4149 occubuit.
1711 4093 1866 4150 Jacet

284 4203 418 4243 vero
446 4188 502 4243 in
523 4202 589 4242 eo
616 4187 731 4242 loco
761 4184 1019 4254 sepultus,
1050 4199 1157 4254 quo
1183 4183 1380 4237 dudum
1408 4182 1621 4238 Pharao
1648 4198 1743 4236 rex
1770 4184 1865 4238 ha-

284 4278 570 4334 bitaverat.
601 4276 667 4331 Et
700 4276 950 4345 quoniam
979 4272 1334 4343 postulatione
1370 4288 1466 4328 sua
1503 4273 1765 4343 defugatis
1795 4272 1864 4327 ab

283 4368 475 4423 eodem
508 4365 627 4422 loco
661 4364 1019 4436 serpentibus,
1050 4361 1332 4434 Egyptios
1368 4380 1397 4417 a
1439 4371 1582 4418 tactu
1617 4363 1864 4434 aspidum

286 4455 417 4517 facit
438 4471 557 4511 esse
586 4470 827 4520 securos,
859 4468 1052 4524 magna
1077 4467 1199 4508 eum
1232 4452 1303 4507 ibi
1336 4452 1593 4524 religione
1621 4442 1865 4523 IEgyptii

283 4553 632 4602 venerantur.

800 4626 1027 4690 CAPUT
1059 4630 1348 4687 PRIMUM.

352 4748 522 4804 Vens.
548 4748 601 4804 l.
627 4775 696 4789 -—-
715 4745 884 4801 Verba
904 4744 1165 4800 Jeremiw.
1190 4744 1395 4815 (Ηιειι.)
1420 4740 1561 4798 LXX
1586 4762 1598 4798 :
1626 4738 1863 4800 Verbum

280 4840 399 4904 Dei,
429 4839 554 4908 quia
582 4837 746 4894 verba
772 4835 1017 4891 Jeremize
1045 4835 1268 4888 verbum
1297 4833 1507 4888 Domini
1532 4842 1635 4890 est.

353 4929 520 4984 Vsus.
552 4929 607 4983 2.
639 4958 709 4968 -
737 4926 803 4981 In
831 4927 1033 4990 diebus,
1059 4934 1164 4980 etc.
1197 4923 1318 4995 (ID).
1348 4923 1605 4978 Mirabilis
1635 4924 1729 4978 Dei
1759 4922 1865 4979 cle—

280 5022 505 5077 mentia.
527 5018 647 5074 iam
667 5017 979 5089 captivitate
1004 5016 1199 5080 vicina,
1224 5023 1279 5069 et
1302 5014 1593 5085 Babylonio
1617 5014 1862 5070 exercitu

1893 2412 1945 2472 Α

2041 2396 2200 2452 Vens.
2231 2394 2284 2450 6.
2309 2425 2382 2436 —
2399 2396 2468 2460 Α,
2493 2412 2549 2460 a,
2577 2411 2632 2462 α,
2658 2392 2880 2450 Domine
2907 2386 3069 2451 Deus.
3097 2382 3406 2452 Detestatur
3428 2394 3543 2452 om-

1968 2490 2114 2544 cium
2150 2488 2293 2561 quod
2329 2502 2428 2559 pro
2459 2495 2617 2542 aetate
2656 2503 2761 2543 non
2797 2497 2975 2558 potest
3013 2489 3300 2544 sustinere.
3339 2487 3540 2544 Eadem

1965 2580 2318 2643 verecundia,
2374 2594 2479 2648 qua
2519 2578 2727 2650 Moyses
2762 2580 2978 2651 gracilis
3016 2588 3073 2635 et
3104 2580 3282 2635 tenuis
3303 2579 3451 2635 vocis
3483 2594 3544 2635 se

1966 2682 2087 2724 esse
2122 2668 2252 2723 dicit
2266 2684 2285 2733 ς
2328 2669 2423 2723 sed
2461 2668 2552 2723 ille
2583 2670 2737 2738 quasi
2773 2684 2983 2740 magna:
3014 2678 3071 2725 et
3105 2670 3339 2726 robusta
3367 2668 3543 2724 atatis

1966 2760 2272 2830 corripitur,
2311 2760 2466 2830 quasi
2502 2775 2670 2829 puero
2709 2761 2833 2816 huic
2859 2762 3017 2817 venia
3046 2762 3227 2829 datur,
3259 2761 3351 2831 qui
3384 2773 3542 2816 vere-

1965 2852 2159 2907 cundia
2189 2860 2244 2907 et
2266 2854 2471 2922 pudore
2496 2854 2798 2907 decoratur.

2035 2940 2201 2998 Vsns.
2229 2943 2282 2997 9.
2308 2974 2379 2983 —
2401 2942 2471 2996 Et
2495 2944 2657 3008 misit,
2679 2950 2783 2998 etc.
2808 2943 2930 3015 (1ο.)
2953 2943 3255 3000 Notandum
3280 2943 3424 3015 quod
3454 2942 3545 3000 hie

1965 3049 2157 3089 manus
2199 3034 2293 3089 Dei
2326 3034 2574 3100 mittitur,
2602 3042 2732 3100 etc.,
2770 3050 2933 3105 usque
2970 3035 3040 3090 ad
3076 3045 3136 3091 ut
3163 3026 3543 3093 confidentiam

1966 3128 2193 3196 accipiat
2219 3127 2564 3198 prmdicandi.

2032 3219 2159 3289 (1ο.)
2204 3220 2449 3286 Quatuor
2474 3219 2719 3275 tristibus
2756 3220 2862 3275 duo
2904 3220 3025 3275 laeta
3063 3220 3376 3286 succedunt,
3411 3229 3542 3286 etc.,

1966 3324 2126 3377 usque
2154 3309 2221 3360 ad
2251 3317 2305 3362 et
2325 3309 2611 3377 propinare
2627 3307 2848 3376 jubetur
2870 3309 3118 3365 omnibus
3144 3310 3472 3365 nationibus.

2037 3396 2202 3451 Vsus.
2249 3399 2331 3450 11.
2375 3428 2446 3438 —
2481 3396 2692 3467 Yirgam
2725 3398 3043 3467 vigiliarum.
3070 3399 3194 3469 (ln.)
3224 3398 3383 3470 Virga
3411 3399 3545 3470 vigi-

1965 3488 2182 3553 liarum,
2205 3495 2337 3554 etc.,
2361 3504 2522 3559 usque
2544 3488 2613 3542 ad
2639 3488 3032 3544 resurrectione
3058 3488 3271 3544 Domini
3301 3488 3545 3546 ﬂoruisse

1965 3586 2242 3632 narratur.
3104 3600 3105 3603 ‘

2034 3666 2200 3722 Vsus.
2231 3668 2320 3724 15.
2348 3698 2418 3709 -
2445 3668 2517 3723 Et
2557 3669 2769 3739 factum
2801 3678 2895 3725 est.
2940 3669 3220 3725 Gradatim
3257 3679 3547 3740 peccantes

1891 3746 1939 3804 Β
1964 3757 2355 3826 corripiuntur;
2383 3760 2475 3829 qui
2507 3759 2812 3826 noluerunt,
2852 3762 3187 3832 percutiente
3218 3763 3388 3833 virga,
3422 3778 3545 3818 cors

1961 3848 2063 3920 rigi
2091 3848 2176 3904 vel
2208 3850 2508 3916 emendari,
2536 3851 2825 3907 mittuntur
2843 3867 2898 3906 in
2918 3851 3078 3907 ollam
3106 3867 3446 3917 succensum,
3477 3853 3545 3909 de

1962 3953 2066 4009 qua
2096 3939 2309 4010 plenius
2337 3939 2607 3996 Ezechiel.

2035 4018 2207 4083 uuam
2231 4046 2552 4085 succensum.
2580 4028 2715 4086 Hinc
2740 4028 2998 4087 Dominus
3025 4032 3093 4088 ad
3115 4031 3217 4088 Job
3240 4033 3387 4095 dicit,
3413 4044 3542 4102 etc.,

1963 4134 2124 4190 usque
2170 4119 2239 4172 ad
2290 4119 2384 4175 sed
2411 4120 2543 4205 phase
2581 4120 2817 4176 violenta
2859 4129 2917 4177 et
2957 4137 3125 4192 prava
3172 4124 3544 4194 interpretatio

1963 4218 2066 4265 est.

2033 4296 2198 4352 Vens.
2224 4297 2311 4352 li.
2337 4327 2407 4338 -——
2437 4288 2772 4355 Habilatores
2798 4309 2971 4357 terrae.
3001 4303 3079 4357 De
3103 4303 3296 4372 quibus
3321 4305 3376 4359 in
3403 4304 3547 4377 Apo—

1962 4389 2187 4461 calypsi,
2229 4399 2361 4457 etc.,
2402 4409 2563 4461 usque
2609 4392 2677 4447 ad
2717 4402 2771 4448 et
2819 4394 3013 4453 Petrus
3055 4416 3068 4452 :
3109 4396 3306 4461 Electis
3333 4400 3544 4457 advenis

1962 4479 2143 4547 Ponti,
2166 4478 2409 4547 Calatiw,
2440 4480 2806 4554 Cappadociw,
2838 4487 2976 4543 Asia:
2998 4498 3047 4543 et
3076 4488 3354 4561 Bithyniae.

2033 4569 2198 4628 Vens.
2228 4574 2317 4627 17.
2337 4602 2409 4614 -
2430 4572 2508 4627 Tu
2530 4592 2651 4645 ergo
2677 4577 2906 4648 accinge,
2930 4590 3036 4634 etc.
3065 4580 3186 4651 (11).)
3210 4579 3309 4636 Job
3331 4596 3545 4652 quoque

1962 4664 2284 4734 praecipitur,
2318 4673 2445 4731 etc.,
2473 4681 2634 4736 usque
2673 4666 2742 4720 ad
2780 4669 2872 4724 sed
2911 4669 3184 4724 civitatem
3221 4678 3388 4727 totam
3423 4687 3543 4743 qua:

1963 4769 2125 4825 super
2146 4763 2382 4811 montem
2403 4755 2576 4826 posita
2602 4756 2772 4814 latere
2800 4776 2905 4815 non
2935 4769 3131 4830 potest.

2032 4844 2197 4900 Vens.
2229 4847 2315 4902 18.
2357 4876 2428 4887 -
2464 4845 2533 4900 Et
2561 4847 2617 4900 in
2644 4848 2957 4903 Columnam.
2983 4850 3058 4905 De
3080 4866 3184 4921 qua
3209 4849 3497 4922 Apostolus
3524 4871 3537 4907 :

1963 4934 2218 4989 Columna
2241 4947 2289 4990 et
2313 4936 2697 5005 ﬁrmamentum
2721 4939 2953 4992 veritatis
2977 4938 3028 5005 (1
3059 4939 3237 5013 Tim.).
3263 4941 3329 4996 Et
3348 4940 3541 4997 Petrus

1963 5034 2019 5081 et
2057 5024 2291 5081 Iacobus
2326 5033 2381 5082 et
2403 5024 2640 5081 Joannes
2676 5028 2765 5097 qui
2791 5029 3111 5097 putabantur
3138 5047 3248 5085 esse
3285 5029 3541 5087 columna:
3648 5084 3651 5085 ν

280 5110 514 5165 vallante
543 5088 841 5164 Jerusalem
861 5147 877 5172 ν
906 5105 1254 5160 nihilominus
1292 5105 1546 5174 Populum
1587 5104 1653 5158 ad
1688 5104 1861 5173 Ρωηί·
1887 5088 1933 5151 C
1964 5114 2232 5180 Ecclesite,
2254 5124 2309 5170 et
2327 5114 2495 5171 Paulo
2515 5122 2571 5171 et
2594 5088 2854 5173 Barnabas
2878 5118 3138 5174 dederunt
3158 5120 3379 5177 dextras
3399 5135 3540 5177 com-

279 5201 507 5256 tentiam
529 5207 704 5264 vocat,
730 5197 954 5253 malleus
979 5211 1199 5253 servare
1225 5210 1515 5251 conversos
1556 5211 1717 5266 quam
1739 5210 1863 5266 per-

280 5289 410 5345 dere
445 5289 838 5358 delinquentes.

352 5379 520 5434 Vsns.
552 5379 605 5434 5.
634 5409 705 5419 ——-
734 5378 1047 5449 Priusquam
1086 5386 1153 5430 te.
1193 5372 1308 5431 Non
1341 5375 1482 5446 quod
1516 5384 1641 5432 ante
1668 5391 1863 5433 conce-

278 5472 524 5543 ptionem
565 5470 761 5536 fuerit,
806 5479 866 5524 ut
907 5470 1144 5524 haeretici
1190 5469 1563 5540 suspicantur;
1606 5472 1700 5526 sed
1735 5472 1862 5541 quia

278 5562 554 5633 praescivit
591 5578 715 5617 eum
753 5561 1010 5616 Dominus
1053 5559 1312 5625 futurum,
1353 5561 1438 5616 cui
1479 5560 1719 5617 facienda
1747 5561 1859 5632 jam

280 5653 423 5708 facta
461 5662 616 5719 sunt;
655 5653 748 5723 qui
780 5660 937 5707 vocat
967 5667 1031 5707 ea
1063 5666 1183 5722 quae
1216 5666 1323 5707 non
1352 5662 1480 5708 sunt
1507 5660 1760 5722 tauquam
1796 5668 1862 5711 ea

283 5758 402 5813 qua:
429 5751 575 5799 sunt.

646 5834 921 5896 Psrnos.
978 5834 1201 5898 CXIV.
1608 5800 1635 5837 .

1964 5206 2253 5261 munionis.

2032 5295 2257 5367 Regibus
2291 5295 2458 5351 Juda.
2505 5296 2627 5369 (11).)
2669 5295 2727 5354 Si
2771 5301 2986 5369 quando
3017 5315 3174 5374 reges
3209 5299 3363 5369 Iuda,
3405 5310 3547 5371 etc.,

1961 5402 2122 5458 usque
2143 5387 2212 5441 ad
2236 5387 2292 5443 in
2314 5387 2542 5445 Domino
2563 5398 2744 5460 speret
2763 5399 2822 5445 ut
2841 5391 3040 5446 vincat.

2590 5521 2816 5579 CAPUT
2849 5523 2913 5579 ll.

2039 5650 2204 5708 Vens.
2236 5652 2293 5708 2.
2316 5683 2388 5695 —
2410 5653 2846 5711 Adolescentiam.
2874 5655 3080 5727 (Ηιειι.)
3107 5654 3326 5712 Plenius
3354 5656 3458 5712 hoc
3486 5656 3541 5710 in

1973 5743 2253 5803 Ezechiele
2288 5744 2482 5818 legitur
2506 5746 2597 5803 ubi
2627 5746 2728 5803 sibi
2754 5745 3014 5805 Dominus
3036 5745 3331 5802 Jerusalem
3356 5744 3546 5801 matri-

3032 5854 3037 5875 '
3069 5844 3100 5904 1
