4068 6344
533 324 590 377 11
1034 328 1424 386 WALAFRIDI
1463 331 1711 388 STRABI
1751 332 1950 388 FULD.
1995 331 2157 387 HON.
2197 330 2346 387 OPP.
2393 335 2568 393 PARS
2609 338 2650 393 Ι.
2688 368 2760 380 -
2797 325 3229 402 THEOLOCICA
3725 351 3799 404 12

525 445 710 500 monis
732 407 960 514 copulat,
985 454 1040 501 et
1059 449 1158 503 sub
1179 463 1406 516 persona
1432 451 1634 517 uxoris,
1662 453 1773 510 suis
1794 453 1970 524 jungit
1997 468 2107 507 am-
2136 459 2183 517 Α
2282 449 2441 506 Vens.
2495 452 2580 508 l9.
2611 484 2682 496 υ-
2710 453 2902 525 Arguet
2954 465 3001 510 te
3048 457 3252 512 malitia
3307 468 3417 513 tua.
3471 459 3596 531 (111.)
3654 460 3812 516 Nota.

522 532 792 600 plexibus.
838 534 963 591 Sive
1002 545 1062 590 ut
1103 537 1465 594 ardentiorem
1513 549 1777 595 monstret
1819 539 2101 606 allectum,

526 623 760 693 puellam
805 639 925 678 eam
953 632 1006 679 et
1032 625 1408 694 desponsatam
1437 637 1610 683 vocat.
1643 627 1758 694 Quo
1785 628 1928 685 enim
1963 643 2100 684 non-

526 711 652 766 dum
682 713 837 784 potiti
866 728 1070 778 sumus,
1100 715 1376 770 ardentius
1403 717 1724 786 appetimus.

598 801 761 857 Vens.
791 803 844 856 5.
875 833 944 842 —
967 802 1157 859 Omnes
1181 807 1270 876 qui
1305 807 1572 863 devorant.
1607 807 1816 879 alien.)
1840 809 1989 864 Sicut
2007 811 2100 879 qui

524 893 792 961 primitias
821 895 1093 960 devorant,
1123 905 1253 961 etc.,
1278 914 1440 968 usque
1468 899 1538 952 ad
1563 900 1817 968 primitiae
1840 901 2100 956 debentur

526 985 910 1050 sacerdotibus,
946 1001 1052 1040 non
1084 987 1348 1042 hostibus.

601 1073 759 1126 Vens.
781 1072 835 1127 4.
864 1104 934 1113 -
953 1073 1139 1129 Israel.
1166 1075 1288 1147 (11).)
1315 1075 1611 1147 Utrumque
1640 1092 1833 1132 nomen
1859 1079 2094 1149 ponitur,

522 1163 688 1218 Jacob
710 1173 766 1220 et
797 1165 979 1232 Israel,
1003 1183 1108 1222 non
1131 1170 1422 1223 secundum
1452 1171 1582 1225 duas
1611 1181 1664 1226 et
1692 1173 1875 1226 decem
1902 1173 2095 1239 tribus,

523 1255 614 1308 sed
637 1255 788 1324 juxta
828 1271 1041 1311 omnem
1081 1258 1354 1328 populum,
1399 1275 1518 1315 cum
1558 1261 1671 1330 ipse
1710 1261 1876 1317 Jacob
1911 1272 2097 1332 postea

521 1343 699 1398 dictus
727 1345 795 1398 sit
825 1345 1008 1400 Israel.

592 1432 756 1488 Vens.
786 1434 840 1488 5.
871 1465 943 1475 —-
969 1435 1109 1500 Quid
1130 1438 1430 1492 invenerunt
1455 1449 1646 1509 patres.
1672 1440 1943 1496 Oll'ensam
1968 1442 2098 1498 dicit

521 1519 664 1574 Deus
690 1537 720 1574 a
747 1522 988 1590 patribus
1016 1523 1227 1587 factam,
1258 1541 1363 1578 non
1385 1528 1523 1595 quod
1543 1538 1761 1596 peccata
1792 1539 2000 1600 patrum
2031 1531 2098 1584 ﬁ-

519 1610 606 1664 liis
635 1611 979 1681 imputentur,
1011 1615 1104 1668 sed
1132 1615 1255 1684 quia
1285 1615 1375 1669 ﬁlii
1406 1618 1662 1673 habentes
1696 1620 2098 1675 similitudinem

518 1711 751 1771 patrum,
781 1710 836 1756 et
869 1718 968 1758 suo
995 1713 1044 1758 et
1081 1714 1358 1774 parentum
1396 1708 1595 1762 scelere
1625 1711 1934 1778 puniuntur.
1963 1709 2095 1766 Pro-

520 1803 642 1860 pter
660 1801 872 1847 sanctos
895 1803 1075 1863 patres
1104 1795 1335 1850 ﬁliorum
1361 1798 1647 1854 miseretur
1671 1799 1833 1855 Deus.

590 1882 754 1938 Vens.
796 1882 848 1937 6.
887 1915 950 1922 —
987 1883 1167 1955 Neque
1197 1885 1444 1940 habitavit
1482 1887 1652 1940 homo.
1684 1888 1804 1959 (111.)
1833 1889 1937 1962 Qui
1967 1903 2109 1944 sem-

517 1988 615 2043 per
648 1976 714 2027 ad
743 1975 947 2044 majora
979 1974 1215 2039 festinat,
1254 1987 1385 2042 etc.,
1417 1994 1577 2048 usque
1613 1979 1681 2032 ad
1712 1981 1806 2034 sed
1834 1987 2106 2035 certamen

518 2077 574 2123 et
608 2066 846 2122 incertus
867 2068 1042 2122 exitus
1071 2067 1396 2123 futurorum.

589 2155 752 2210 Vens.
794 2157 846 2211 7.
885 2187 954 2197 —
992 2157 1058 2211 Et
1086 2159 1272 2213 induxi
1297 2176 1406 2223 vos,
1434 2161 1586 2230 quasi
1615 2162 1818 2217 diceret
1843 2176 1858 2215 :
1889 2161 1996 2218 Pro
2025 2161 2105 2218 la-

515 2247 648 2306 bore
672 2249 940 2303 durissimi
972 2249 1200 2313 itineris,
1227 2257 1355 2315 etc.,
1381 2267 1541 2321 usque
1561 2251 1629 2304 ad
1652 2259 1706 2306 et
1732 2251 2102 2307 brereditatem

518 2338 665 2394 illius
693 2339 1104 2396 abominabilem
1135 2339 1382 2396 facimus.

588 2429 753 2484 Vens.
783 2431 868 2485 to.
899 2459 969 2470 -
993 2429 1212 2484 Cethim.
1248 2430 1369 2502 (lo.)
1395 2430 1622 2497 Cethim,
1645 2432 1731 2487 vel
1759 2432 1922 2488 Italiae
1953 2431 2099 2489 scili-

519 2529 637 2586 cet,
663 2522 747 2575 vel
778 2521 1189 2577 occidentalium
1223 2523 1488 2593 partium,
1517 2523 1642 2592 quia
1669 2522 1866 2579 Iudaea:
1895 2524 2102 2596 Cyprus

522 2615 712 2679 insula,
751 2617 802 2670 in
830 2632 932 2686 qua
961 2618 1089 2672 urbs
1117 2617 1275 2688 hujus
1305 2619 1538 2675 nominis
1557 2619 1733 2674 vicina
1764 2628 1870 2683 est,
1900 2619 1965 2674 de
1993 2633 2100 2688 qua

521 2704 667 2760 Zeno
699 2707 946 2777 princeps
978 2707 1305 2763 Stoicorum.

587 2795 657 2849 Et
688 2797 1027 2851 considerate.
1061 2799 1180 2870 (ln.)
1218 2797 1507 2855 Possumus
1532 2809 1721 2856 contra
1753 2815 1848 2856 eos
1886 2800 1989 2855 hoc
2022 2799 2100 2854 di-

518 2899 655 2949 cere,
687 2887 774 2954 qui
807 2887 994 2956 majori
1035 2889 1212 2942 studio
1239 2899 1534 2958 sequuntur
1564 2891 1692 2945 vitia
1733 2906 1895 2960 quam
1928 2891 2096 2944 virtu-

518 2981 621 3039 tes,
652 2976 846 3045 quibus
876 2977 1071 3031 dicitur
1099 2995 1112 3031 :
1156 2977 1456 3032 Humanum
1489 2981 1604 3036 dico
1638 2991 1846 3051 propter
1875 2980 2096 3049 infirmi-

518 3071 675 3116 tatem
710 3065 881 3117 carnis
915 3075 1128 3131 vestrm;
1164 3067 1296 3119 sicut
1327 3068 1626 3122 exhibuistis
1662 3071 1888 3123 membra
1929 3083 2093 3124 vestra

517 3156 709 3208 servire
733 3156 1076 3218 immunditiaz
1103 3168 1152 3211 et
1179 3159 1442 3230 iniquitati
1474 3162 1541 3215 ad
1570 3163 1889 3232 iniquitatem
1919 3163 2090 3252 (Item.
2120 3133 2166 3195 Ο

516 3244 616 3312 vi),
648 3254 752 3299 etc.

591 3354 752 3410 Vens.
783 3358 868 3411 11.
898 3388 968 3398 --
1001 3357 1234 3429 Populus
1273 3379 1432 3417 meus.
1466 3363 1624 3418 Velut
1660 3369 2092 3437 anthropopbor-

519 3445 684 3510 mittn,
710 3448 801 3516 qui
830 3450 1113 3504 occasione
1139 3449 1298 3518 hujus
1331 3454 1618 3508 testimonii
1644 3473 1658 3508 :
1688 3455 1972 3511 Faciamus
2003 3459 2096 3512 Ito-

517 3537 706 3588 minem
751 3538 818 3590 ad
854 3539 1132 3608 imaginem
1169 3553 1213 3594 et
1255 3542 1646 3597 similitudinem
1678 3544 1840 3614 (Cen.
1883 3547 1953 3617 1),
1998 3547 2096 3600 im-

516 3638 757 3678 mensam
786 3633 840 3679 et
878 3627 1174 3695 simplicem
1212 3629 1504 3686 divinitatis
1539 3632 1889 3687 substantiam
1926 3635 2092 3689 linea-

519 3711 714 3766 mentis
761 3715 960 3768 nostris
1002 3724 1057 3770 et
1101 3715 1336 3772 humana
1382 3719 1700 3788 ﬁguratione
1748 3724 2094 3793 compositam

515 3801 867 3868 pertinaciter
892 3807 1238 3861 contendunt.

588 3911 752 3966 Vens.
783 3913 868 3967 12.
895 3946 964 3954 -
987 3915 1355 3988 Obstupescite,
1384 3921 1515 3975 coeli.
1541 3921 1663 3994 (11).)
1692 3921 1834 3978 LXX
1863 3943 1875 3977 :
1901 3923 2098 3980 Obstu-

518 3998 635 4067 puit
665 4001 880 4067 caelum,
907 4011 1037 4070 etc.,
1064 4021 1224 4076 usque
1252 4007 1321 4060 ad
1347 4017 1401 4063 et
1431 4018 1536 4064 tam
1567 4012 1687 4066 caeli
1715 4029 1873 4081 quam
1902 4015 2095 4068 ceelum

519 4090 707 4143 eodem
738 4091 989 4146 dicuntur
1013 4097 1246 4161 nomine,
1277 4105 1336 4152 ut
1362 4099 1578 4164 Thebae,
1607 4099 1846 4166 Athenae.

593 4204 754 4260 Vens.
786 4206 956 4260 15.-
975 4207 1061 4264 Me
1084 4210 1484 4281 dereliquerunt.
1508 4213 1608 4280 Qui
1633 4226 1954 4286 praeceptum
1975 4216 2096 4271 dedi

523 4293 708 4349 dicens
745 4314 758 4349 :
805 4295 916 4366 Ego
951 4314 1067 4351 sum
1091 4299 1347 4354 Dominus
1368 4301 1507 4357 Deus
1521 4313 1640 4358 tuus
1661 4307 1749 4375 qui
1772 4307 1930 4360 eduxi
1955 4317 2003 4361 te
2031 4307 2096 4360 de

524 4393 661 4438 terra
684 4385 918 4456 Egypti.
949 4389 1014 4442 Et
1035 4393 1326 4445 secundum
1349 4395 1491 4461 quod
1517 4395 1569 4448 in
1597 4396 1782 4449 eodem
1817 4395 1935 4451 loco
1963 4397 2096 4452 scri-

521 4483 672 4544 ptum
701 4486 785 4531 est
819 4496 830 4531 :
867 4477 988 4533 Non
1017 4481 1119 4534 sint
1157 4483 1250 4536 tibi
1281 4483 1357 4537 dii
1387 4484 1546 4539 alieni
1583 4488 1637 4542 in
1665 4498 1938 4559 conspectu
1967 4506 2100 4558 meo,

523 4578 621 4632 pro
647 4581 754 4634 quo
790 4578 1004 4623 secutus
1037 4580 1121 4626 est
1152 4572 1440 4630 daemones.

593 4673 814 4730 Fontem
841 4697 990 4749 aquae
1015 4683 1157 4736 rivw.
1189 4684 1310 4756 (111.)
1338 4687 1479 4742 Fons
1505 4699 1794 4760 perpetuus
1822 4701 1903 4746 est
1936 4700 1990 4747 et
2017 4694 2101 4747 vi~

423 4823 429 4829 _
490 4830 494 4834 _
525 4763 658 4818 tales
673 4766 841 4820 habet
867 4783 1046 4838 aquas.
1079 4772 1338 4829 Cisterna:
1361 4787 1416 4831 et
1435 4777 1583 4834 lacus
1604 4781 1670 4834 de
1699 4784 2024 4838 torrentibus
2045 4793 2100 4838 et

522 4855 676 4923 aquis
705 4858 931 4914 turbidis
957 4864 1290 4932 complentur
1313 4869 1600 4938 impluviis.

595 4945 759 5034 Vens.
800 4949 885 5003 15.
921 4977 990 4990 --
1029 4952 1282 5026 Nunquid
1315 4975 1510 5014 servus.
1554 4963 1676 5034 (In.)
1719 4964 1797 5018 Ex
1838 4966 1940 5020 hoc
1978 4965 2096 5021 loco

520 5030 671 5088 Iuda:
707 5035 759 5088 in
798 5041 1100 5107 superbiam
1135 5045 1282 5111 elati,
1318 5055 1446 5115 etc.,
1481 5030 1748 5120 usquead
1786 5053 2098 5108 Maledictus

523 5125 814 5194 Chanaam,
844 5149 1018 5188 servus
1047 5138 1142 5190 erit
1172 5139 1422 5208 fratribus
1448 5145 1556 5197 suis
1582 5145 1734 5215 (Gen.
1767 5148 1864 5219 ιχ).

593 5217 812 5275 Leones.
873 5222 1178 5284 Secundum
1235 5246 1540 5304 anagogen,
1608 5236 1788 5294 leones
1825 5217 2093 5315 intelligi-

522 5321 658 5372 mus,
692 5322 821 5378 etc.,
854 5333 1015 5387 usque
1048 5321 1117 5374 ad
1148 5320 1336 5377 Omnes
1370 5326 1722 5385 adulterantes
1749 5335 1900 5401 quasi
1930 5335 2093 5390 cliba-

523 5415 620 5452 nus
651 5403 809 5456 corda
837 5421 1014 5461 eorum
1048 5408 1200 5479 (Osee
1232 5413 1348 5483 vn).

592 5489 755 5548 Vens.
798 5496 881 5552 16.
917 5530 987 5540 -——
1011 5499 1184 5571 Usque
1209 5504 1278 5556 ad
1308 5507 1562 5563 verticem.
1593 5510 1896 5572 Secundum
1925 5518 2052 5575 illud
2078 5539 2095 5576 :

520 5581 562 5634 Α
594 5583 773 5652 planta
798 5589 941 5656 pedis
973 5607 1132 5660 usque
1163 5594 1232 5645 ad
1265 5595 1520 5664 verticem,
1552 5612 1682 5669 etc.,
1711 5623 1869 5677 usque
1905 5611 1974 5664 ad
2007 5612 2101 5682 qui

523 5675 806 5739 puritatem
832 5679 1082 5735 Ecclesia:
1104 5698 1195 5737 sua
1221 5685 1461 5753 polluunt
1490 5675 1830 5764 turpitudine.

2207 544 2350 611 quod
2391 544 2594 598 malitia
2636 553 2691 599 et
2741 547 3128 615 prtevaricatio,
3184 557 3312 617 etc.,
3375 566 3536 620 usque
3562 553 3634 606 ad
3665 555 3793 624 quia

2206 631 2493 701 dereliquit
2519 634 2801 687 Dominum
2830 635 2997 690 Deum
3025 651 3202 690 suum.

2275 719 2441 777 Vens.
2471 723 2559 776 $0.
2591 753 2658 762 —
2685 722 2728 775 Α
2756 723 2948 777 sa’culo
2979 726 3297 796 confregisti.
3325 727 3447 798 (11).)
3471 727 3661 785 Potest
3683 730 3793 790 hoc

2201 810 2268 865 ad
2295 825 2416 865 eum
2444 811 2576 876 dici,
2607 820 2737 876 etc.,
2777 827 2938 881 usque
2964 811 3034 864 ad
3060 819 3115 866 et
3136 811 3340 870 faciunt
3361 815 3666 882 divaricare
3694 832 3791 888 pe-

2203 902 2299 956 des
2329 917 2458 957 suos
2487 903 2634 956 omni
2661 903 2982 957 transeunti.

2268 989 2431 1045 Vens.
2471 991 2560 1045 21.
2601 1019 2676 1030 --
2722 990 2938 1044 Vineam
2963 991 3196 1046 electam.
3227 991 3285 1048 In
3311 993 3562 1060 Hebraeo,
3591 995 3789 1061 soreth,

2198 1079 2339 1147 quod
2365 1094 2533 1150 genus
2557 1089 2641 1134 est
2673 1079 2798 1134 vitis
2839 1080 3054 1150 optima:
3085 1121 3102 1148 ,
3130 1081 3195 1136 de
3217 1083 3370 1154 cujus
3391 1085 3601 1140 sarculo
3633 1085 3792 1154 plan-

2201 1171 2337 1224 tavit
2378 1170 2542 1226 Israel
2572 1211 2587 1236 ,
2632 1181 2688 1227 et
2768 1173 2996 1226 miratur
3045 1177 3312 1243 quomodo
3367 1193 3550 1233 semen
3596 1193 3791 1234 verum

2197 1265 2252 1312 et
2272 1258 2441 1312 electa
2469 1259 2623 1313 vinea
2642 1260 2694 1313 in
2717 1261 3129 1316 amaritudinem
3151 1277 3307 1319 versa
3329 1264 3470 1321 facta
3493 1267 3563 1322 sit
3584 1267 3788 1324 aliena.

2269 1346 2539 1412 Quomodo
2565 1365 2684 1419 ergo
2729 1366 2974 1404 conversa
3005 1369 3058 1406 es
3087 1354 3112 1406 ?
3141 1353 3330 1410 Nullus
3391 1371 3617 1412 securus
3641 1359 3714 1412 sit
3740 1357 3790 1412 si

2197 1439 2482 1509 plantatio,
2509 1451 2639 1506 etc.,
2665 1459 2826 1514 usque
2862 1444 2931 1497 ad
2957 1444 3003 1500 si
3040 1447 3400 1515 permanserit
3425 1448 3482 1503 in
3525 1463 3592 1504 eo
3632 1450 3790 1520 quod

2197 1529 2439 1599 plantata
2486 1540 2586 1585 est.

2271 1600 2434 1666 Vens.
2475 1600 2563 1654 22.
2599 1633 2669 1641 —
2696 1601 2903 1656 Borith.
2945 1603 3066 1674 (11).)
3094 1604 3272 1674 Ipsum
3306 1605 3612 1663 Hebraeum.
3642 1606 3792 1662 LXX

2202 1701 2333 1742 vero
2381 1688 2604 1743 herbam
2636 1689 2918 1757 fullonum,
2949 1708 3068 1762 quae
3093 1695 3146 1748 in
3166 1695 3449 1752 Palaestina
3472 1699 3525 1752 in
3548 1698 3792 1754 humidis

2127 1794 2175 1853 Β
2202 1785 2257 1830 ct
2283 1777 2580 1834 virentibus
2609 1781 2848 1835 nascitur
2900 1781 3052 1848 locis,
3085 1792 3140 1838 et
3178 1785 3245 1839 ad
3295 1786 3550 1844 lavandas
3595 1788 3791 1844 sordes

2213 1864 2459 1917 eamdem
2505 1865 2610 1919 vim
2638 1867 2798 1921 habet
2829 1883 2990 1936 quam
3016 1878 3072 1924 et
3101 1871 3324 1927 nitrum.

2277 1953 2440 2009 Vens.
2452 1957 2543 2010 25.
2568 1985 2640 1997 -—
2670 1957 2799 2012 Vide
2811 1959 2922 2012 uias
2936 1969 3076 2026 tuas,
3091 1962 3146 2016 id
3159 1971 3242 2017 est
3262 1965 3469 2035 respice
3483 1965 3791 2021 convallem

2211 2043 2442 2100 ﬁliorum
2488 2047 2697 2114 Ennon,
2739 2064 2858 2117 quae
2903 2048 3050 2105 Siloe
3085 2051 3321 2108 fontibus
3375 2056 3655 2126 irrigatur,
3713 2057 3790 2111 ibi

2205 2149 2402 2190 cernes
2427 2136 2706 2191 delubrum
2729 2137 2879 2202 Baal,
2908 2154 3069 2209 quem
3109 2141 3298 2197 relicto
3338 2143 3448 2198 Deo
3475 2145 3716 2200 coluisti.

2276 2223 2443 2278 Vens.
2474 2225 2654 2279 ‘25.-—
2701 2225 2926 2281 Prohibe
2989 2229 3169 2298 pedem
3229 2240 3397 2286 tuum.
3435 2232 3650 2288 Pascha
3703 2233 3792 2287 fa-

2197 2315 2364 2379 cturi,
2394 2324 2526 2378 etc.,
2554 2332 2714 2385 usque
2743 2317 2811 2370 ad
2847 2333 2966 2388 quae
3012 2319 3270 2376 deberent
3317 2322 3633 2392 evangelica
3653 2324 3792 2394 pede

2207 2407 2408 2462 calcari
2441 2416 2497 2461 et
2524 2410 2752 2464 conteri.

2272 2495 2436 2550 Vens.
2460 2495 2936 2552 27.—Verterunt.
2967 2497 3312 2569 Projiclentes
3347 2518 3608 2558 sermones
3647 2519 3790 2558 meos

2192 2590 2501 2636 retrorsum.
2525 2584 2758 2660 Quando
2784 2587 2927 2640 enim
2958 2589 3218 2657 magister
3251 2591 3511 2660 praecipit,
3537 2602 3668 2659 etc.,
3700 2609 3788 2647 us-

2198 2689 2295 2741 que
2324 2673 2393 2725 ad
2434 2675 2530 2727 sed
2561 2658 2826 2728 tumorem
2863 2675 3026 2730 animi
3067 2677 3309 2732 indicant
3336 2658 3486 2748 gestu
3511 2658 3784 2750 corporis.

2268 2759 2430 2814 Vens.
2457 2761 2546 2816 28.
2569 2792 2638 2802 —
2654 2762 2956 2817 Secundum
2980 2782 3278 2821 numerum.
3302 2767 3397 2822 Vel
3421 2771 3665 2836 eosdem,
3697 2774 3784 2826 vel

2197 2850 2462 2925 diversos,
2483 2853 2713 2923 singula:
2745 2855 2989 2910 civitates
3027 2856 3274 2911 colebant
3303 2857 3454 2925 deos,
3495 2869 3552 2914 ut
3589 2877 3692 2917 nec
3728 2863 3784 2917 in

2197 2923 2471 3010 impietate
2507 2943 2820 2997 viderentur
2839 2945 3038 2998 habere
3059 2961 3411 3014 consensum;
3432 2950 3524 3004 sed
3542 2963 3786 3020 pugnans

2195 3042 2382 3087 contra
2412 3048 2471 3087 se
2508 3036 2841 3103 superstitio,
2869 3051 3109 3090 errorem
3146 3047 3461 3106 sequeretur
3487 3040 3782 3096 diversum.

2265 3121 2426 3177 Vens.
2462 3123 2790 3189 29.—-Quid
2831 3127 3030 3180 vultis?
3069 3127 3244 3182 Prona
3267 3137 3352 3182 est
3387 3131 3453 3184 ad
3475 3133 3785 3186 excusatio-

2194 3227 2316 3266 nem
2348 3214 2432 3266 sui
2449 3214 2683 3267 humana
2707 3217 3065 3284 perversitas:
3089 3219 3299 3287 etquod
3317 3221 3511 3275 merito
3530 3223 3785 3288 sustinet,

2192 3304 2293 3358 sibi
2325 3303 2521 3371 injuste
2563 3305 2774 3358 videtur
2791 3310 3076 3362 sustinere.

2261 3392 2422 3481 Vens.
2463 3393 2551 3447 50.
2572 3422 2643 3481 -τ
2667 3392 2836 3481 Filios
2858 3407 3071 3477 uestros.
3106 3397 3177 3453 Ut
3212 3470 3221 3481 _
3231 3399 3408 3480 plagis
3434 3398 3783 3481 Aﬁliorunrdi-

2191 3464 2436 3527 secretis,
2493 3464 2634 3530 quod
2686 3466 2970 3519 austeriori
3020 3464 3250 3522 curandi
3305 3464 3496 3524 essetis
3545 3472 3783 3527 medica-

2194 3553 2355 3618 mine,
2385 3562 2537 3607 etne
2588 3552 2824 3608 forsitan
2860 3557 3129 3623 diceretis,
3172 3570 3459 3628 peccantes
3507 3562 3784 3634 corripere

2204 3644 2445 3698 noluisti.

2266 3733 2432 3788 Vens.
2467 3735 2553 3788 51.
2579 3765 2648 3775 -
2683 3733 2858 3790 Vide:e
2884 3737 3093 3792 verbum
3120 3736 3353 3794 Domini.
3389 3739 3597 3813 Moyses
3617 3742 3777 3798 vide-

2199 3825 2293 3879 bat
2328 3842 2514 3881 vocem
2576 3827 2805 3882 Domini.
2849 3829 2917 3883 Et
2954 3829 3188 3886 Joannes
3235 3833 3508 3903 apostolus
3553 3837 3782 3892 verbum

2197 3916 2294 3970 Dei
2317 3931 2374 3970 se
2404 3917 2603 3973 vidisse
2635 3927 2690 3973 et
2715 3928 3037 3977 attrectasse
3077 3925 3226 3980 dicit.

2266 4004 2426 4059 Vens.
2445 4006 2862 4080 Eii—Nunquid
2878 4013 3202 4069 obliviscetur
3216 4017 3241 4070 ?
3252 4016 3373 4089 (111.)
3387 4016 3778 4076 Ornamentum

2198 4111 2354 4150 suum
2381 4099 2561 4166 perdit
2588 4101 2679 4170 qui
2707 4118 2736 4154 a
2767 4103 2991 4159 Domino
3040 4109 3259 4173 recedit,
3287 4119 3341 4164 et
3368 4110 3779 4181 intelligentiam

2195 4187 2471 4255 doctrinae,
2507 4207 2626 4260 quae
2655 4194 2990 4263 signiﬁcatur
3017 4197 3069 4250 in
3092 4207 3352 4266 pectore:
3401 4199 3571 4267 Unde,
3607 4200 3780 4258 Joan-

2197 4294 2285 4332 nes
2305 4295 2464 4350 supra
2483 4291 2664 4350 pectus
2685 4281 2897 4337 Domini
2919 4285 2972 4337 in
2995 4301 3143 4339 caena
3160 4287 3392 4342 recubuit
3416 4287 3596 4357 (Joan.
3628 4292 3777 4363 xm),

2195 4377 2251 4424 et
2278 4371 2647 4428 sacerdotibus
2673 4373 2814 4428 inter
2861 4384 3058 4430 caetera
3112 4385 3361 4433 servatur
3405 4382 3776 4450 pectusculum

2129 4467 2182 4527 D
2207 4457 2574 4514 victimarum.

2276 4547 2438 4601 Vens.
2465 4548 2553 4602 54.
2589 4578 2658 4589 -~
2711 4549 2779 4605 In
2823 4553 3079 4607 omnibus.
3140 4554 3284 4622 Istis,
3329 4557 3440 4618 sive
3479 4559 3579 4615 sub
3627 4561 3774 4616 omni

2206 4650 2407 4704 quercu
2446 4637 2549 4691 alia
2576 4639 2756 4694 littera
2786 4657 2802 4706 ;
2833 4639 3120 4698 Ilebrteum
3163 4647 3304 4700 enim
3330 4657 3387 4702 et
3410 4665 3668 4718 quercum
3723 4659 3779 4705 et

2201 4724 2308 4778 ista
2365 4725 2645 4796 signiﬁcat.
2699 4728 2758 4782 In
2790 4732 3018 4786 amoenis
3069 4742 3248 4790 autem
3298 4736 3452 4802 locis,
3496 4739 3692 4793 umbra
3718 4747 3774 4794 et

2201 4809 2484 4866 frondibus
2508 4815 2874 4870 immolabant.

2270 4900 2430 4957 Vens.
2483 4903 2570 4958 35.
2599 4935 2670 4944 --
2692 4905 2759 4959 Et
2800 4908 2998 4963 dixisti.
3050 4910 3143 4966 His
3191 4913 3448 4968 utendum
3492 4924 3576 4972 est
3632 4919 3775 4989 apud

2199 5005 2312 5055 eos,
2337 5001 2467 5059 etc.,
2498 5009 2660 5062 usque
2681 4997 2748 5050 ad
2771 5013 2876 5052 non
2902 4997 3102 5066 lugere,
3126 5003 3221 5057 sed
3245 5005 3618 5062 excusationes
3637 5021 3776 5076 prte-

2201 5081 2441 5136 tendere.

2271 5173 2408 5229 Ecce
2433 5192 2524 5245 ego
2544 5177 2769 5246 judtCtO.
2800 5179 2925 5252 (ln.)
2961 5181 3156 5240 Audiat
3181 5187 3402 5244 haeresis
3425 5204 3561 5244 nova
3592 5204 3658 5244 ex
3677 5204 3768 5244 ve-

2199 5263 2322 5328 teri,
2359 5265 2495 5318 iram
2529 5268 2622 5321 Dei
2663 5283 2782 5325 esse
2833 5273 2916 5324 vel
2965 5264 3277 5343 maximam,
3313 5279 3452 5333 nolle
3489 5287 3770 5349 peccatum

2200 5351 2478 5407 humiliter
2502 5357 2768 5424 conﬁteri,
2787 5362 2880 5415 sed
2908 5362 3247 5434 imprudenter
3255 5367 3463 5436 jactare
3482 5369 3767 5438 justitiam.

2272 5441 2436 5497 Vens.
2469 5445 2556 5499 56.
2583 5477 2652 5485 -
2675 5448 2742 5503 Et
2767 5451 2831 5502 ab
2886 5451 3135 5522 .Egypto.
3168 5455 3238 5510 Ut
3265 5457 3636 5528 Egyptiorum
3668 5460 3770 5516 im-

2201 5539 2403 5600 petum,
2441 5545 2571 5599 etc.,
2598 5553 2758 5607 usque
2783 5539 2852 5592 ad
2878 5540 3222 5610 increpantur
3246 5559 3375 5617 ergo
3404 5548 3554 5616 quia,
3585 5548 3771 5604 relicto

2204 5621 2334 5682 Deo,
2364 5636 2510 5690 spem
2539 5624 2592 5677 in
2614 5625 2918 5688 hominibus
2946 5640 3168 5698 ponunt.

2276 5709 2440 5768 Vens.
2471 5713 2556 5767 57.
2597 5744 2664 5755 —
2690 5715 2855 5786 Super
2878 5731 3031 5789 caput
3058 5733 3219 5780 tuum.
3253 5727 3386 5799 _(In.)
3425 5729 3568 5786 More
3591 5730 3760 5800 lugen-
