4068 6344
281 446 353 500 15
1085 433 1349 495 GLOSSA
1387 425 1780 489 0RDlNARlA.
1821 456 1890 466 —
1921 423 2309 481 PBOPHETIA
2349 423 2683 480 JEREMUE.
3453 422 3522 475 11

277 561 438 624 tium,
461 567 521 612 ut
549 555 788 612 Thamar
841 553 908 609 ab
940 552 1152 605 A’mnon
1197 553 1449 617 corrupta
1471 545 1653 600 cinere
1681 548 1846 611 caput
1875 543 1922 602 Α
1950 540 2054 593 hoc
2093 537 2414 606 completum
2457 553 2596 600 esse,
2643 545 2774 601 etc.,
2829 535 3069 606 uzquead
3115 533 3234 589 Nisi
3267 533 3519 589 Dominus

276 649 495 720 sparsit,
518 657 576 704 et
599 661 788 701 manus
813 658 972 714 supra
1010 641 1209 712 posuit,
1233 648 1286 694 et
1313 639 1386 692 ita
1415 649 1635 691 reversa
1691 641 1775 687 est
1795 631 1849 685 in
1889 667 1892 670 ~

277 741 500 796 domum
527 752 700 793 suam.

890 799 1114 858 CAPUT
1147 800 1230 856 Ill.

349 918 513 974 Vens.
549 919 602 973 1.
623 948 693 958 -
723 915 895 986 Vulgo
923 915 1120 968 dicitur
1145 929 1164 968 :
1193 915 1237 966 si
1271 910 1548 966 dimiserit.
1590 907 1733 962 Ecce
1782 905 1848 961 de

275 1012 541 1068 fornicata
588 1018 644 1066 et
683 1010 869 1064 relicta
905 1007 1147 1070 muliere,
1179 1014 1308 1069 etc.,
1354 1019 1516 1074 usque
1545 1003 1614 1056 ad
1645 1008 1849 1070 quanto

277 1113 621 1176 contemptus
649 1105 825 1158 adhuc
852 1117 1046 1156 vocare
1071 1117 1177 1154 non
1205 1100 1543 1170 dedignatur.

347 1196 406 1253 Si
419 1198 674 1251 dimiserit
695 1197 788 1249 vir.
809 1192 1011 1264 (litt-zu.)
1027 1194 1138 1247 Hoc
1161 1193 1340 1246 dicere
1354 1205 1641 1261 possumus
1657 1188 1849 1242 adver-

275 1305 371 1345 sus
385 1305 496 1352 eos,
517 1289 605 1358 qui
623 1288 778 1342 ﬁdem
794 1285 1000 1339 Domini
1017 1284 1378 1352 relinquentes
1399 1291 1451 1334 et
1469 1279 1846 1334 b:ereticorum

275 1379 552 1432 erroribus
581 1375 772 1430 irretiti
799 1383 918 1442 post
947 1373 1141 1427 multas
1169 1371 1554 1424 fornicationes
1579 1377 1634 1423 et
1657 1370 1846 1436 decep-

275 1467 479 1519 tionem
531 1478 749 1518 marum
793 1462 1117 1524 animarum,
1167 1458 1424 1513 simulant
1453 1472 1511 1512 se
1555 1456 1749 1511 reverti
1781 1456 1847 1511 ad

274 1554 565 1624 pristinam
600 1553 906 1610 veritatem.
933 1566 1041 1603 non
1078 1559 1137 1602 ut
1173 1549 1668 1618 deponantvenena
1714 1560 1843 1615 pec-

275 1643 433 1705 toris,
474 1642 568 1696 sed
599 1649 660 1694 ut
691 1640 964 1694 insinuent
984 1637 1123 1691 aliis.

348 1731 426 1785 Tu
453 1742 626 1784 autem
643 1730 903 1798 fornicata
917 1745 990 1780 es.
1015 1726 1142 1781 Sive
1159 1745 1172 1779 :
1197 1725 1436 1780 Habuisti
1455 1733 1698 1795 pastores
1712 1723 1846 1778 mul-

272 1830 361 1876 tos
394 1823 448 1875 in
472 1819 820 1876 oﬂ‘ensionem
868 1818 969 1881 tui,
1001 1826 1060 1870 ut
1109 1818 1276 1870 Deum
1346 1815 1552 1870 scilicet
1608 1812 1844 1869 oﬁ'ende-

1951 635 2166 690 sabaoth
2213 633 2495 702 reliquisset
2542 633 2686 687 nobis
2722 650 2915 697 semen,
2960 635 3091 686 sicut
3120 630 3350 687 Sodoma
3377 643 3517 684 esse-

1951 741 2085 788 mus,
2117 734 2164 778 et
2191 723 2383 777 similes
2403 722 2707 778 Gomorrha:
2737 723 3010 791 fuissemus
3031 720 3206 792 (liam.
3240 719 3337 780 Ix).

2022 813 2186 868 Vens.
2224 812 2309 866 16.
2355 842 2426 852 -
2470 809 2700 881 Cumque
2755 811 3086 881 multiplicati
3138 809 3360 878 fueritis.
3391 807 3516 878 (11).)

1948 903 2052 958 Alii
2099 905 2202 958 boc
2233 903 2298 957 ad
2336 903 2494 958 ﬁnem
2537 911 2838 972 temporum
2871 900 3132 966 referunt,
3177 909 3308 966 etc.,
3356 917 3518 971 usque

1949 996 2019 1049 ad
2054 995 2147 1050 sed
2183 995 2517 1065 Spiritualem
2546 995 2722 1048 cibum
2753 993 3118 1048 sectabuntur.

2020 1087 2182 1141 Vens.
2213 1087 2298 1140 17.
2336 1085 2620 1139 Vocabunt.
2653 1083 2754 1150 Qui
2790 1084 2916 1137 olim
2947 1084 3218 1147 dicebant,
3245 1082 3349 1148 Qui
3372 1083 3517 1138 sedes

1946 1193 2102 1248 super
2137 1178 2436 1241 Cherubim,
2471 1176 2805 1245 manifestare
2833 1172 3002 1245 (Psal.
3030 1177 3240 1243 usu),
3273 1183 3379 1255 etc.
3435 1173 3522 1228 ln-

1949 1275 2033 1322 ter
2057 1269 2161 1322 duo
2185 1266 2472 1321 Cherubin)
2505 1266 2556 1319 in
2597 1264 2971 1334 propitiatorio
3012 1263 3222 1317 Domini
3265 1261 3520 1331 maiestas

1947 1357 2256 1425 apparebat,
2281 1364 2335 1409 et
2356 1356 2674 1425 loquebatur
2704 1355 2871 1426 Moysi
2912 1364 2965 1410 et
3000 1355 3392 1422 sacerdotibus,
3423 1355 3520 1412 sed

1946 1447 2106 1502 modo
2157 1447 2315 1502 aliter
2355 1455 2592 1516 tempore
2635 1446 2779 1500 ﬁdei.

2016 1539 2178 1594 Vens.
2211 1539 2295 1593 18.
2319 1569 2392 1579 -
2420 1539 2487 1592 1η
2523 1539 2703 1592 diebus
2733 1539 2859 1593 illis.
2891 1539 3004 1594 lloc
3038 1539 3253 1609 proprie
3279 1539 3331 1592 in
3358 1538 3521 1593 Chri-

1944 1627 2014 1682 sti
2052 1631 2283 1684 adventu
2314 1630 2633 1700 completur,
2678 1645 2800 1686 cum
2830 1632 3109 1686 duodecim
3147 1632 3320 1686 tribus
3363 1631 3524 1686 simul

1943 1716 2232 1804 Evangelia
2256 1719 2503 1785 credunt,
2531 1728 2585 1772 et
2612 1728 2812 1773 terram
2835 1719 3103 1789 aquilonis
3135 1720 3446 1789 relinquunt
3469 1729 3525 1776 et

1944 1808 2141 1863 diaboli
2171 1810 2473 1878 imperium.

271 1928 406 1977 res;
461 1922 531 1968 et.
559 1913 649 1982 qui
689 1910 930 1981 magistri
979 1923 1097 1963 esse
1155 1908 1468 1970 debuerant,
1505 1915 1565 1959 ut
1606 1905 1738 1959 alios
1777 1905 1844 1959 ab
1872 1883 1919 1942 Β
2017 1902 2180 1956 Vens.
2216 1901 2300 1956 l9.
2328 1929 2400 1942 --
2429 1900 2494 1955 In
2521 1900 2681 1969 filios.
2706 1900 2912 1971 ("ll-SI.)
2943 1901 2996 1955 In
3027 1916 3254 1956 numero
3289 1900 3520 1956 ﬁliorum

270 2003 425 2057 omni
446 2017 630 2058 errore
643 2000 1009 2071 prohiberent,
1028 2005 1273 2052 auctores
1295 1995 1587 2066 impietatis
1626 1992 1846 2050 exstite-

270 2101 419 2147 runt.

345 2182 544 2236 Tamen
603 2190 870 2237 revertere.
919 2176 978 2234 Si
1039 2175 1401 2232 revertebaris
1458 2175 1525 2230 ad
1563 2189 1675 2240 me,
1715 2175 1848 2230 dicit

1943 1993 2036 2062 qui
2051 1991 2116 2044 de
2131 1992 2377 2060 gentibus
2391 1990 2754 2045 crediderunt.
2783 1990 3046 2060 Quotquot
3066 1991 3202 2043 enim
3225 2001 3524 2060 receperunt

1943 2102 2081 2152 eum,
2116 2086 2257 2140 dedit
2305 2087 2378 2139 eis
2419 2094 2722 2154 potestatem
2755 2083 2893 2152 ﬁlios
2921 2083 3021 2138 Dei
3059 2084 3175 2153 fieri
3214 2083 3398 2152 (Joan.
3448 2085 3520 2154 1).

2015 2178 2178 2233 Vsus.
2203 2177 2293 2231 20.
2319 2207 2391 2217 —
2419 2175 2611 2230 Mulier
2634 2188 2940 2229 amatorem.
2971 2175 3047 2244 (11)
3075 2175 3091 2245 )
3127 2173 3305 2230 Semel
3337 2176 3520 2240 mista,

271 2273 552 2328 Dominus.
581 2274 772 2344 Arguit
825 2274 1209 2342 impudentiam
1242 2271 1560 2337 meretricis,
1588 2285 1707 2340 qua:
1728 2280 1850 2341 post
1945 2271 2137 2325 videns
2160 2285 2283 2326 eum
2307 2309 2323 2334 ,
2355 2277 2488 2334 etc.,
2536 2285 2698 2338 usque
2759 2269 2827 2321 ad
2875 2269 3200 2339 contempsit
3233 2268 3522 2325 Dominum

269 2365 593 2418 adulterium
623 2366 783 2419 audet
815 2365 1010 2420 reverti
1038 2365 1103 2418 ad
1144 2364 1338 2418 virum.

343 2451 504 2507 Vens.
551 2452 606 2506 2.
635 2453 862 2507 -Leva
914 2452 1092 2507 oculos
1133 2463 1267 2505 tuos.
1323 2450 1481 2506 Juxta
1533 2467 1842 2523 anagogen:

271 2539 370 2594 His
393 2541 484 2609 qui
535 2541 818 2596 barreticos
864 2557 1079 2596 errores
1134 2542 1383 2596 deserere
1421 2558 1480 2596 se
1504 2544 1844 2612 promittunt,

1946 2360 2302 2425 Salvatorem,
2341 2362 2394 2415 in
2426 2360 2716 2430 perniciem
2742 2373 2916 2413 suam.

2015 2452 2177 2506 Vens.
2207 2451 2296 2506 2L
2325 2482 2392 2491 —
2426 2450 2540 2504 Vox
2568 2451 2623 2502 in
2667 2450 2761 2504 viis
2787 2449 2969 2502 audita
3009 2459 3103 2503 est.
3152 2449 3408 2504 Libenter
3436 2464 3528 2505 su-

1945 2542 2102 2612 scipit
2142 2542 2400 2596 Dominus
2427 2541 2800 2610 poenitentem,
2830 2541 3068 2593 occurrit
3098 2538 3207 2593 ﬁlio
3251 2539 3428 2608 inopia
3470 2548 3528 2594 et

266 2635 582 2703 praecipitur
619 2643 677 2689 ut
714 2634 892 2689 levent
917 2635 1103 2690 oculos
1133 2635 1186 2689 in
1212 2637 1494 2690 directum.
1541 2637 1651 2690 Nisi
1703 2637 1844 2691 enim
1946 2632 2197 2700 squalore
2221 2630 2488 2694 conlecto,
2528 2629 2771 2698 pristinis
2798 2630 3035 2683 vestibus
3065 2631 3260 2696 induit,
3291 2631 3524 2701 gratiam

268 2733 418 2778 recta
467 2725 717 2790 viderint,
776 2726 1056 2796 pristinam
1084 2727 1405 2795 pravitatem
1453 2726 1712 2782 damnare
1741 2741 1846 2781 non
1946 2726 2121 2779 reddit
2157 2725 2468 2788 revertenti,
2513 2723 2557 2777 si
2605 2731 2784 2776 tamen
2831 2738 2953 2776 cum
2983 2722 3192 2791 ploratu
3237 2732 3293 2777 et
3321 2723 3525 2776 ululatu

266 2823 512 2881 possunt.
1944 2815 2131 2869 redeat
2158 2816 2223 2869 ad
2247 2823 2479 2884 patrem.

341 2905 508 2970 Quasi
565 2907 721 2960 latro.
767 2906 921 2963 Sicut
954 2908 1130 2962 solent
1179 2908 1418 2964 latrones
1447 2909 1513 2963 ad
1539 2924 1841 2978 vesperam,
2016 2905 2160 2959 Vens
2191 2904 2281 2958 22.
2313 2935 2385 2943 -
2415 2906 2716 2958 Averstones
2739 2913 2952 2957 vestras.
2975 2904 3077 2958 Alii
3107 2905 3518 2976 conversiones:

264 3002 398 3056 etc.,
448 3012 612 3064 usque
658 2996 727 3049 ad
771 3005 828 3051 et
862 2997 1313 3053 descendentibus
1355 3000 1422 3053 de
1465 2997 1764 3054 Jerusalem
1789 2998 1844 3052 in
1945 2996 2190 3064 quamvis
2237 2995 2453 3064 propria
2507 2993 2782 3048 voluntate
2830 2996 2896 3048 ad
2954 3009 3077 3048 eum
3121 3004 3525 3060 convertamur,

261 3081 486 3139 Iericho
512 3086 726 3140 obsidet
745 3088 880 3141 vias.

337 3177 506 3231 Vens.
537 3177 590 3230 5.
625 3208 695 3216 -
721 3177 894 3231 Frons
930 3180 1184 3232 mulieris.
1235 3179 1355 3250 (11).)
1411 3179 1523 3233 lloc
1556 3196 1844 3250 possumus

263 3272 452 3326 dicere
477 3270 544 3325 de
573 3271 846 3326 haereticis
869 3272 958 3340 qui
993 3273 1045 3325 in
1081 3274 1355 3326 erroribus
1384 3274 1496 3326 suis
1521 3273 1842 3342 gloriantur.

261 3359 404 3426 Quia
427 3375 588 3430 supra
619 3361 756 3414 dixit
787 3378 799 3413 :
828 3377 929 3414 non
951 3362 1178 3429 peccavi,
1213 3362 1391 3430 arguit
1416 3375 1534 3413 eam
1571 3369 1628 3412 ut
1657 3361 1849 3416 mulie-

263 3465 380 3505 rem
414 3466 699 3520 procacem
735 3467 854 3521 qua:
899 3452 968 3505 ad
1007 3451 1210 3505 nullum
1257 3452 1524 3507 declinare
1559 3453 1844 3507 erubescit.

338 3541 504 3595 Vens.
533 3541 586 3594 4.
609 3573 680 3583 —-—
707 3541 828 3595 Dux
867 3541 1178 3611 virginitatis
1219 3559 1346 3596 mea:
1385 3553 1441 3595 tu
1486 3559 1558 3596 es.
1597 3542 1849 3613 Nunquid

1945 3087 2049 3140 nisi
2087 3095 2264 3140 tamen
2291 3086 2378 3140 ille
2407 3101 2503 3140 nos
2534 3086 2782 3150 traxerit,
2812 3093 2868 3140 et
2896 3087 3245 3155 cupiditatem
3282 3096 3524 3141 nostram

1947 3192 2044 3230 suo
2091 3177 2339 3246 prmsidio
2384 3176 2848 3239 corroboraverit,
2907 3191 3012 3230 non
3065 3191 3350 3246 possumus
3399 3192 3522 3232 esse

1951 3266 2107 3320 salvi.
2137 3267 2511 3338 lntelligimus,
2541 3275 2596 3320 et
2631 3266 2696 3319 de
2732 3266 2928 3334 populo
2953 3267 3258 3320 Iudaeorum
3291 3267 3358 3321 ad
3397 3283 3523 3323 eum

1953 3366 2276 3420 revertente,
2312 3364 2369 3410 et
2414 3356 2480 3410 de
2533 3356 2802 3411 btereticis
2857 3357 2948 3426 qui
2993 3355 3280 3411 Dominum
3327 3357 3526 3414 dereli-

1949 3457 2202 3516 querunt.

2024 3537 2186 3592 Vens.
2221 3535 2312 3590 25.
2342 3567 2414 3577 —
2459 3536 2810 3592 Dormtemus.
2844 3537 2958 3592 Vox
2991 3537 3176 3604 Israel,
3222 3540 3312 3608 qui
3357 3540 3524 3595 Deum

260 3629 509 3685 irasceris
543 3633 597 3685 in
621 3642 944 3701 perpetuum,
978 3641 1105 3697 etc.,
1132 3631 1292 3703 usque
1319 3634 1386 3686 ad
1423 3642 1571 3687 tanto
1602 3635 1850 3688 miserior
1950 3641 2106 3681 suum
2141 3643 2244 3682 non
2274 3629 2480 3681 audivit
2509 3637 2562 3683 et
2589 3629 2828 3684 hmretici
2859 3630 3190 3700 paenitentis.
3220 3631 3354 3687 Pars
3377 3633 3523 3688 enim

263 3721 522 3776 meretrix
559 3735 680 3790 quae
711 3737 815 3774 non
843 3721 955 3774 vult
985 3723 1225 3790 recipere
1259 3725 1565 3777 sanitatem.

1950 3727 2034 3772 est
2065 3716 2255 3771 salutis
2299 3727 2520 3786 peccata
2565 3733 2725 3773 nosse
2773 3728 2827 3774 et
2881 3721 3166 3787 conﬁteri;
3211 3723 3392 3777 unde:
3426 3722 3526 3777 Dic

335 3812 499 3865 Vens.
532 3810 584 3865 6.
616 3841 686 3852 —-
724 3810 977 3882 Nunquid
1001 3812 1172 3866 vidisti
1202 3829 1318 3882 qua:
1349 3814 1565 3883 fecerit?
1590 3813 1714 3884 (11).)
1744 3813 1850 3868 Fa-
1951 3816 2006 3860 tu
2038 3808 2186 3877 prius
2214 3808 2512 3878 iniquitates
2539 3819 2682 3874 tuas,
2712 3820 2768 3863 ut
2800 3811 3108 3880 justi/iceris
3137 3812 3348 3884 (lbid.).

262 3904 341 3958 cit
380 3903 865 3972 comparationem,
894 3911 1028 3967 etc.,
1077 3921 1237 3974 usque
1277 3905 1345 3957 ad
1381 3914 1435 3959 et
1471 3906 1572 3960 hoc
1599 3906 1849 3976 estquod

262 3992 398 4046 dicit
423 4011 436 4045 :
465 3992 717 4062 Nunquid
744 3993 918 4046 vidisti
957 4009 1072 4062 qua:
1094 3993 1315 4062 fecerit?

335 4084 678 4138 Adversatria:
705 4079 896 4138 Israel.
939 4084 1062 4156 (11).)
1095 4085 1208 4138 Sub
1247 4085 1414 4156 ﬁgura
1441 4086 1668 4140 duarum
1693 4101 1847 4141 soro-

2548 3901 2776 3957 CAPUT
2836 3904 2921 3960 IV.

2022 3989 2184 4044 Vens.
2238 3991 2288 4045 1.
2317 4021 2389 4031 -—
2423 3990 2484 4046 Si
2532 3995 2801 4047 reverteris
2873 3994 3079 4068 (Ηιειι.)
3129 3996 3523 4069 Septuaginta:

1953 4082 2010 4136 Si
2045 4099 2321 4136 conversus
2349 4083 2518 4152 fuerit,
2539 4082 2744 4149 Israel,
2783 4086 2857 4138 ait
2887 4085 3162 4151 Dominus,
3197 4093 3265 4142 ad
3295 4107 3375 4144 nte
3395 4107 3522 4144 con-

264 4189 385 4228 rum
433 4172 668 4241 loquitur
707 4189 828 4243 qua:
857 4174 924 4228 de
955 4190 1058 4227 una
1113 4175 1278 4244 stirpe
1323 4175 1574 4240 Abrahae,
1608 4175 1755 4230 Isaac
1796 4183 1851 4230 et
1951 4183 2200 4228 vertatur.
2242 4173 2359 4227 Alia
2389 4174 2588 4238 littera,
2635 4177 2982 4238 converteris,
3013 4177 3064 4230 id
3090 4186 3191 4242 est,
3215 4179 3262 4231 si
3294 4178 3522 4234 salutem

261 4262 449 4328 Jacob,
480 4272 604 4318 sunt
629 4271 914 4332 generatae.
952 4262 1192 4317 Priorem
1221 4265 1638 4318 adversatricem
1668 4274 1846 4331 vocat,

263 4370 386 4422 qua:
424 4354 614 4407 statuit
649 4355 702 4407 in
732 4354 846 4407 Dan
874 4363 929 4407 et
960 4353 1011 4408 in
1043 4354 1228 4408 Bethel
1270 4355 1464 4410 vitulos
1494 4371 1704 4410 aureos.

336 4443 502 4497 Vens.
563 4443 618 4498 7.
665 4472 736 4483 —
768 4442 834 4495 Et
887 4443 1031 4496 vidit.
1086 4441 1221 4514 (11).)
1270 4443 1508 4497 Aliorum
1560 4452 1845 4510 tormenta,

1949 4264 2248 4329 desideras,
2272 4273 2328 4320 et
2356 4273 2404 4318 te
2433 4280 2690 4334 peccasse
2716 4267 2870 4330 dicis,
2906 4268 3062 4338 plene
3102 4278 3439 4337 convertere,
3471 4272 3525 4327 id

1950 4366 2052 4423 est,
2081 4373 2240 4427 quem
2283 4361 2491 4430 negasti
2521 4361 2698 4416 crede.
2746 4359 2803 4417 Si
2833 4364 3128 4420 abstuleris.
3176 4365 3353 4433 Patet,
3395 4369 3523 4438 quia

1950 4449 2165 4518 quando
2197 4465 2476 4505 movemur
2500 4459 2555 4505 et
2588 4451 2851 4508 dicimus:
2885 4454 2992 4508 Mei
3030 4465 3204 4512 autem
3233 4475 3360 4527 pene
3397 4459 3526 4512 moli

263 4533 495 4588 aliorum
527 4534 761 4588 remedia
802 4543 948 4597 sunt,
990 4543 1120 4597 etc.,
1153 4551 1312 4605 usque
1353 4535 1422 4588 ad
1458 4544 1511 4591 et
1559 4536 1627 4590 ad
1671 4536 1845 4592 zelum
1871 4583 1924 4643 Β
1950 4548 2070 4592 sunt
2095 4539 2270 4608 pedes,
2293 4555 2420 4608 pene
2445 4541 2599 4609 effusi
2621 4552 2740 4594 sunt
2765 4559 2971 4612 gressus
2985 4546 3085 4598 mei
3106 4543 3277 4616 (Psal.
3327 4549 3519 4616 Lxxu).

261 4633 321 4679 et
350 4625 743 4679 aemulationem
773 4625 985 4679 Domini
1011 4626 1348 4680 collocatum.

336 4715 502 4771 Vens.
542 4717 628 4770 11.
656 4747 727 4756 ——
751 4716 1069 4785 Justi/icavit
1119 4719 1371 4772 animam.
1421 4717 1720 4774 iustiﬁcata
1762 4729 1845 4774 est

262 4806 500 4863 Sodoma
532 4824 688 4863 soror
721 4821 810 4862 tua
838 4823 904 4863 ex
938 4816 1010 4862 te.
1051 4809 1114 4862 Et
1145 4808 1269 4862 alibi
1302 4825 1314 4862 :
1351 4809 1625 4863 Descendit
1647 4812 1728 4864 hic
1747 4811 1810 4881 ju
1830 4843 1843 4853 -

260 4899 520 4966 stiﬁcatus
539 4901 595 4952 in
621 4900 832 4952 domum
856 4915 1006 4952 suam
1042 4898 1220 4953 abillo
1260 4897 1410 4969 (Luc.
1452 4901 1627 4970 xvnl).

336 4990 500 5044 Vens.
552 4991 637 5044 12.
687 5020 758 5030 —
803 4991 871 5043 Et
926 5007 1029 5044 non
1077 5000 1308 5044 avertam
1359 4992 1567 5060 faciem.
1629 4992 1780 5048 Unde
1824 5011 1838 5048 :

261 5083 448 5136 Averte
461 5082 647 5151 faciem
672 5092 814 5135 tuam
838 5081 1009 5152 (Psal.
1038 5082 1112 5151 1.),
1144 5091 1273 5146 etc.,
1298 5099 1458 5152 usque
1471 5083 1540 5136 ad
1566 5084 1630 5138 de
1649 5084 1842 5154 quibus

260 5188 395 5227 vere
441 5173 676 5226 dicitur:
724 5171 827 5236 Qui
875 5171 1118 5226 devorant
1177 5171 1424 5241 populum
1495 5190 1664 5227 meum
1707 5175 1842 5228 sicut

261 5281 437 5319 escam
480 5265 648 5334 panis.

335 5356 501 5411 Vens.
541 5355 622 5409 15.
662 5385 732 5396 -—
771 5353 1132 5408 Verumtamen
1164 5355 1314 5408 scito.
1343 5353 1505 5420 Quasi
1533 5356 1696 5422 dicat,
1718 5371 1840 5412 eum

261 5449 520 5504 misertus
545 5447 696 5502 luero
733 5448 829 5512 tui,
865 5461 970 5501 non
1002 5454 1052 5500 te
1071 5445 1272 5513 justum
1298 5455 1481 5516 putes;
1516 5447 1608 5502 sed
1632 5463 1843 5518 semper

262 5544 538 5592 memento
574 5536 875 5606 iniquitatis
919 5544 1022 5589 tuae
1047 5544 1103 5590 et
1144 5535 1405 5604 superbia:
1445 5537 1580 5591 colla
1613 5534 1840 5603 dimiti‘e,

262 5636 326 5682 ut
360 5629 453 5699 qui
500 5643 597 5697 per
640 5629 1002 5699 arrogantiam
1043 5626 1334 5693 oﬁ‘endisti,
1359 5643 1458 5698 per
1487 5630 1843 5692 humilitatem

263 5719 419 5789 placa
428 5736 484 5774 re
515 5721 683 5776 Deum
715 5722 910 5790 possis.

341 5814 503 5869 Vsus.
540 5815 623 5868 14.
654 5843 723 5855 --
760 5813 1148 5870 Convertimini.
1197 5813 1403 5874 llllzn.)
1432 5814 1600 5874 Jud:ei
1648 5827 1842 5874 nutant

1952 4625 2066 4679 Non
2107 4640 2171 4680 ex
2204 4627 2574 4698 imbecillitate
2609 4639 2813 4684 natura:
2843 4631 2945 4686 hoc
2979 4634 3234 4702 patimur,
3274 4636 3366 4689 sed
3395 4636 3522 4704 quia

1951 4725 2135 4771 contra
2171 4719 2336 4773 Deum
2369 4719 2689 4774 oﬁ'endicula
2716 4730 2771 4775 et
2792 4723 2931 4777 idola
2968 4733 3152 4778 nostra
3181 4727 3448 4793 ponimus.

2022 4806 2184 4864 Vens.
2219 4809 2272 4863 2.
2318 4840 2388 4851 -
2427 4807 2494 4863 Et
2524 4811 2747 4880 jurabis,
2779 4813 2917 4877 vivit,
2954 4823 3056 4869 etc.
3112 4816 3131 4884 (
3153 4815 3264 4886 11).)
3313 4818 3368 4872 ln
3397 4832 3523 4890 sug-

1951 4899 2274 4970 gillationem
2301 4941 2316 4967 ,
2363 4903 2570 4956 scilicet
2613 4913 2947 4958 mortuorum
2978 4904 3218 4972 deorum,
3247 4921 3345 4977 per
3385 4924 3522 4978 quos

1943 4991 2091 5062 jurat
2127 4991 2303 5045 omnis
2339 4991 2640 5045 idololatra.
3069 5062 3079 5071 .

2022 5082 2244 5136 Novate.
2286 5083 2408 5152 (11).)
2455 5082 2791 5138 Eradicanoo
2829 5099 3017 5154 vepres
3045 5093 3098 5140 et
3141 5096 3340 5154 sentes,
3387 5098 3517 5156 etc.,

1948 5191 2108 5244 usque
2136 5176 2204 5228 ad
2231 5189 2334 5228 non
2371 5182 2547 5243 potest
2586 5173 2795 5230 animus
2824 5176 3079 5232 aerumnis
3119 5179 3301 5233 mundi
3330 5178 3520 5248 plenus

1945 5281 2127 5322 semen
2174 5267 2267 5320 Dei
2330 5265 2604 5334 suscipere
2650 5273 2702 5319 et
2759 5264 2991 5320 fructum
3041 5267 3237 5324 facere.
3282 5267 3520 5325 Circum-

1945 5357 2201 5411 cidimini.
2237 5355 2360 5428 (10.)
2398 5356 2528 5411 Viro
2554 5354 2691 5409 Juda
2719 5365 2775 5409 et
2803 5356 3193 5414 habitatoribus
3217 5357 3512 5415 Jerusalem

1945 5447 2292 5518 praecipitur,
2345 5455 2405 5500 ut
2452 5446 2706 5502 deserant
2751 5447 3084 5502 occidentem
3135 5447 3412 5516 litteram,
3463 5461 3518 5504 et

1946 5549 2241 5608 sequantur
2261 5537 2620 5594 viviﬁcantem
2652 5539 2918 5609 spiritum.
2937 5538 3020 5593 Ne
3031 5539 3182 5610 forte.
3200 5541 3321 5612 (11).)
3340 5541 3516 5596 Monet

1943 5642 1999 5687 et
2024 5632 2286 5701 prasdicit,
2315 5647 2386 5685 ne
2420 5630 2604 5686 facere
2640 5631 2996 5700 compellatur
3016 5649 3138 5702 quae
3178 5633 3232 5686 in
3263 5632 3516 5690 Ninivitis

1945 5721 2253 5791 probamus,
2285 5720 2481 5790 quibus
2508 5727 2591 5773 est
2625 5720 2877 5789 praedicta
2922 5721 3211 5787 sententia,
3237 5731 3295 5776 ut
3335 5723 3515 5777 immi-

1948 5824 2163 5871 nentem
2207 5815 2440 5870 furorem
2471 5811 2801 5868 declinarent
2831 5812 3163 5869 poenitentia.
