4068 6344
522 368 599 429 15
1028 373 1423 431 WALAFRIDI
1464 372 1715 428 STRABI
1757 373 1960 429 FULD.
2003 370 2170 429 ΜΟΝ.
2214 371 2367 429 OPP.
2407 375 2589 432 PARS
2626 375 2667 431 l.
2705 405 2774 417 ο-
2817 374 3271 433 THEOLOGICA.
3742 379 3809 435 16

612 493 772 548 Vens.
825 490 1237 546 7.—Ascendit
1290 489 1391 543 leo.
1431 486 1635 558 (Ηιειι.)
1681 485 1738 541 Si
1776 489 1897 557 quis
1934 486 2115 541 fautor
2141 490 2189 549 Α
2217 485 2415 543 Judzca:
2462 489 2718 559 loquitur.
2776 489 2973 546 Tribus
3009 490 3154 544 enim
3180 491 3295 545 Dan
3338 500 3493 559 juxta
3535 490 3810 549 Libanum

532 592 617 639 est
657 590 749 636 aut
775 589 963 635 auctor
988 593 1365 649 pervcrsorum
1394 576 1728 648 dogmatum,
1755 577 1823 632 de
1846 591 1910 632 eo
1927 585 2111 646 potest

527 677 657 741 dici,
681 674 913 731 ascendit
936 674 1015 729 leo
1039 674 1103 727 de
1131 671 1293 727 cubili
1314 688 1434 736 suo,
1459 681 1567 727 etc.

595 769 666 822 Et
707 767 905 838 prtrdo.
955 766 1029 819 De
1076 781 1185 835 quo
1232 764 1450 829 dicitur,
1500 761 1748 818 Omnium
1780 763 2109 816 inimicorum

523 874 740 912 suorum
761 855 1117 910 dominabitur
1139 852 1312 926 (Psal.
1342 854 1442 923 rx).
1472 852 1575 920 Qui
1603 852 1868 923 gloriatur
1890 851 2107 905 dicens:

524 945 810 1000 Circumivi
873 954 1068 998 terram
1130 952 1178 997 et
1242 940 1600 1014 perambulavi
1663 956 1781 995 eam
1850 938 1974 1011 (Job
2024 939 2105 1010 tt).

521 1036 654 1104 Quis
684 1043 769 1090 est
813 1033 959 1088 enim
1000 1047 1161 1103 quem
1206 1030 1405 1088 diaboli
1454 1045 1662 1086 venena
1708 1044 1816 1084 non
1863 1036 2109 1098 tangunt,

518 1129 625 1183 nisi
652 1126 742 1183 ille
763 1127 856 1197 qui
886 1127 963 1181 ait
987 1140 1002 1180 :
1034 1125 1185 1180 Venit
1214 1125 1351 1179 enim
1380 1124 1616 1195 princeps
1643 1121 1830 1176 mundi
1851 1121 2032 1191 hujus,
2060 1130 2110 1175 et

2217 589 2456 635 montem
2483 592 2538 634 et
2563 580 2753 635 urbem
2794 596 2915 650 qua:
2960 596 3106 635 nunc
3138 580 3344 636 Paneas
3384 583 3601 649 dicitur,
3650 585 3814 656 aqui-

2214 670 2394 725 lonem
2423 672 2678 741 respicit,
2709 671 2851 726 unde
2881 679 3141 726 venturus
3168 671 3681 731 Nabuchodonosor.
3734 675 3811 731 De

2212 772 2404 816 monte.
2432 762 2563 817 Post
2591 763 2786 817 tribum
2817 763 2963 818 enim
2985 764 3099 817 Dan
3122 764 3358 819 succedit
3387 776 3528 820 terra
3545 765 3726 836 Ephra
3738 766 3811 821 im

2212 869 2310 925 per
2337 871 2500 926 quam
2535 857 2751 911 venitur
2790 857 2842 910 in
2867 855 3187 911 Jerusalem.
3227 856 3549 927 Allegorice.
3594 857 3810 929 (litem)

2213 946 2373 1002 Venit
2392 946 2656 1017 judicium
2682 948 2897 1004 Domini
2928 948 2981 1002 in
3008 958 3207 1001 terram
3236 947 3461 1005 Domino
3492 949 3783 1021 delinquen

2214 1046 2322 1092 tetu
2345 1052 2469 1092 cum
2500 1038 2648 1092 omni
2680 1038 2927 1093 ubertate
2950 1036 3222 1109 supplicii.

2284 1126 2447 1182 Vens.
2495 1129 2581 1183 16.
2629 1159 2701 1170 -
2747 1126 3022 1184 Custodes.
3076 1130 3432 1186 Adversarios
3474 1132 3683 1188 scilicet
3709 1134 3800 1202 qui

516 1222 573 1275 in
596 1236 678 1274 me
705 1218 1315 1289 nottltabetquidquami
1342 1215 1485 1287 (Job.
1506 1213 1642 1286 xw.)
1664 1214 1736 1269 De
1758 1213 1870 1269 loco
1885 1231 2001 1268 suo.
2034 1214 2111 1268 De
2199 1229 2322 1275 1am
2373 1221 2658 1292 diligentes
2704 1222 3028 1285 obsideant,
3082 1232 3136 1278 et
3184 1225 3577 1280 munitionibus
3612 1226 3800 1281 urbem

516 1313 734 1382 abysso,
774 1311 827 1365 in
850 1326 954 1379 qua
982 1317 1065 1365 est
1108 1308 1439 1379 religandus,
1472 1307 1528 1361 itt
1569 1321 1732 1376 quam
1769 1319 1838 1361 ne
1862 1305 2111 1360 mittatur

515 1413 729 1475 exorat.

591 1497 753 1551 Vens.
811 1494 864 1550 8.
894 1524 964 1535 —
998 1492 1168 1563 Super
1190 1494 1307 1548 hoc.
1348 1491 1481 1548 Sine
1519 1492 1841 1563 paenitentia
1876 1490 2111 1547 ειενίεεί-

515 1601 659 1641 mam
699 1584 925 1640 bestiam
955 1584 1129 1638 vitare
1151 1597 1255 1638 non
1285 1598 1596 1652 possumus,
1627 1592 1683 1639 ct
1710 1583 1815 1639 nisi
1840 1584 1910 1639 ad
1939 1582 2108 1637 Deum

515 1692 622 1733 non
654 1676 827 1731 solum
873 1683 1072 1739 mente,
1108 1674 1201 1730 sed
1233 1674 1399 1728 etiam
1436 1690 1668 1745 corpore
1702 1684 2107 1730 convertamur.

514 1767 653 1822 Dum
687 1768 830 1821 enim
865 1774 1108 1821 vastatur
1132 1765 1392 1830 Ecclesia,
1437 1766 1518 1819 ira
1551 1766 1645 1820 Dei
1675 1774 1760 1821 est
1787 1774 1997 1835 aperta.

2210 1309 2488 1376 claudant,
2517 1317 2576 1365 ut
2606 1311 2777 1380 magis
2818 1311 3099 1365 vinearum
3128 1327 3491 1383 agrorumque
3528 1315 3799 1377 custodes,

2199 1418 2372 1472 quam
2434 1403 2777 1458 adversarios
2834 1412 3012 1473 putes.
3079 1402 3205 1458 Vult
3248 1403 3507 1461 Dominus
3556 1406 3801 1462 nationes

2208 1506 2397 1548 omnes
2428 1493 2479 1547 in
2526 1494 2815 1549 circumitu
2840 1510 2994 1550 suam
3037 1509 3198 1548 nosse
3222 1496 3578 1561 sententiam,
3624 1504 3678 1550 et
3699 1493 3800 1551 ﬂa-

2210 1583 2402 1654 gellata
2432 1582 2730 1639 Jerusalem
2762 1594 2988 1641 cunctos
3018 1586 3258 1655 recipere
3283 1586 3640 1655 disciplinam.
3770 1584 3775 1590 ’

2283 1672 2447 1728 Vens.
2493 1673 2577 1728 18.
2604 1696 2677 1714 —
2708 1672 2819 1728 Vite
2839 1683 2965 1727 tute.
2994 1673 3200 1744 (Ilten.)
3233 1674 3503 1745 Quidquid
3533 1675 3660 1730 mali
3703 1692 3798 1732 no-

2209 1764 2294 1819 bis
2322 1764 2539 1829 accidit,
2572 1772 2704 1829 etc.,
2736 1781 2899 1835 usque
2925 1764 2992 1818 ad
3014 1773 3218 1834 quanto
3245 1765 3425 1820 minus
3457 1766 3510 1821 in
3549 1766 3799 1823 homines

586 1857 751 1912 Vens.
780 1857 833 1913 9.
865 1887 935 1897 —
967 1854 1293 1926 Principum.
1330 1856 1534 1928 (ιιιιειι.)
1564 1855 1665 1924 Qui
1703 1856 1877 1927 legem
1903 1856 2102 1912 docere
2129 1845 2176 1905 Β
2203 1856 2471 1925 quondam
2501 1855 2741 1910 civitatis
2774 1855 2913 1911 Dei?

514 1950 836 2015 debuerunt,
863 1958 919 2005 et
944 1946 1216 2015 subjectos
1244 1964 1275 2002 a
1298 1948 1455 2004 leone
1480 1948 1788 2004 defendere.

587 2038 920 2095 Sacerdotes.
967 2039 1068 2105 Qui
1117 2047 1377 2109 putantur
1427 2056 1547 2096 esse
1588 2039 1900 2110 sapientes:
1953 2036 2104 2093 Stul-

513 2146 623 2191 tam
656 2135 794 2189 enim
836 2134 954 2203 fecit
988 2134 1127 2188 Deus
1162 2135 1481 2205 sapientiam
1524 2134 1679 2204 hujus
1725 2134 1927 2197 mundi,
1975 2133 2102 2203 quia

516 2240 614 2298 per
633 2226 780 2281 illam
795 2240 900 2281 non
915 2233 1287 2293 cognoverunt
1304 2224 1495 2279 Deum.
1511 2223 1789 2294 Propheta?
1801 2234 2103 2278 consterna—

516 2321 731 2382 buntur,
780 2327 887 2372 etc.
929 2316 1147 2385 Aquila,
1197 2325 1426 2369 amentes
1459 2322 1630 2369 erunt.
1658 2311 1792 2380 Quis
1820 2314 1963 2369 enim
1994 2328 2101 2368 non

512 2409 763 2470 insaniat,
795 2422 902 2461 non
934 2407 1125 2475 perdat
1149 2420 1264 2469 cor,
1305 2420 1428 2459 cunt
1466 2404 1745 2473 principes
1783 2414 1837 2458 et
1866 2418 2021 2474 reges
2048 2411 2105 2458 et

514 2498 826 2556 sacerdotes
852 2494 1124 2566 quondam
1148 2510 1278 2550 suos
1305 2494 1408 2549 sub
1441 2492 1596 2547 leone
1624 2494 1992 2564 conspexerit.

587 2588 751 2643 Vens.
793 2588 880 2644 10.
910 2618 979 2628 ——
1025 2587 1093 2641 Et
1140 2587 1295 2640 dixi:
1343 2584 1483 2651 Heu,
1535 2586 1655 2650 heu,
1701 2585 1822 2650 heu,
1882 2585 2103 2640 Domine

510 2682 674 2737 Deus.
714 2681 850 2748 Quia
882 2696 1043 2750 supra
1078 2679 1234 2742 dixit,
1267 2680 1320 2731 in
1348 2687 1576 2748 tempore
1610 2676 1701 2731 illo
1729 2678 1986 2733 vocabunt
2011 2677 2105 2731 Je-

510 2774 741 2830 rusalem
782 2771 970 2827 saliunt
1000 2770 1236 2835 Domini,
1281 2778 1415 2834 etc.,
1464 2777 1519 2823 et
1545 2784 1692 2823 nunc
1722 2768 1870 2832 dicit,
1914 2768 2099 2839 peribit

511 2881 604 2918 cor
650 2864 803 2933 regis,
849 2873 983 2927 etc.,
1036 2860 1287 2915 turbatur
1327 2859 1614 2929 propheta,
1652 2868 1707 2914 et
1742 2859 1795 2913 in
1845 2874 1904 2914 se
1949 2867 2104 2930 putat

510 2960 681 3015 Deum
707 2959 1015 3022 mentitum,
1047 2972 1146 3010 nec
1176 2954 1427 3025 intelligit
1459 2953 1589 3008 illud
1627 2954 1952 3025 longespost,
1997 2955 2101 3010 hoc

511 3049 847 3119 inproxinto
882 3046 1119 3101 futurum
1153 3054 1415 3116 tempore.

582 3139 744 3193 Vens.
780 3139 867 3193 11.
896 3167 968 3179 -
1009 3135 1199 3191 Ventus
1245 3152 1422 3190 urens.
1467 3136 1671 3205 (litem)
1712 3135 1935 3203 Quando
1955 3137 2101 3193 scili-

2277 1946 2442 2002 Vens.
2476 1946 2562 2002 19.
2595 1977 2667 1988 —
2714 1945 2953 2003 Ventrem
2992 1963 3185 2001 meum.
3233 1947 3357 2020 (ιο.)
3408 1948 3666 2019 Loquitur
3694 1951 3800 2007 hoc

2204 2037 2482 2103 Dominus,
2532 2054 2657 2093 cum
2710 2039 3032 2093 seditionem
3064 2049 3114 2093 et
3161 2039 3483 2094 discordiam
3528 2040 3704 2096 comit
3743 2040 3799 2096 in

2203 2127 2448 2183 Ecclesia
2472 2169 2487 2192 ,
2523 2136 2580 2183 et
2621 2127 2678 2181 in
2735 2126 3123 2182 conventiculis
3178 2127 3290 2182 suis
3341 2127 3578 2182 clamare
3610 2128 3799 2197 perdi-

2203 2235 2341 2285 cem,
2377 2228 2434 2275 et
2481 2220 2535 2276 in
2590 2220 2727 2277 bella
2770 2220 3015 2276 converti
3046 2220 3142 2276 Dei
3194 2222 3457 2292 requiem.
3512 2222 3663 2279 Unde
3714 2236 3799 2280 se-

2205 2313 2392 2381 quitur
2416 2329 2428 2365 :

2278 2400 2438 2456 Vens.
2479 2400 2571 2456 21.
2597 2430 2666 2441 -
2693 2399 2969 2473 Usquequo
2998 2403 3202 2457 videbo.
3261 2399 3373 2459 Vox
3415 2405 3710 2474 propheta,
3742 2413 3800 2461 et

2202 2509 2299 2564 per
2331 2495 2649 2564 prophetam
2681 2494 2797 2558 Dei,
2846 2494 3077 2550 dolentis
3102 2510 3266 2566 super
3291 2497 3672 2552 contritionem
3695 2512 3797 2568 po-

2203 2584 2314 2653 pttli
2345 2585 2447 2648 sui,
2480 2583 2635 2654 cujus
2658 2585 2866 2640 viscera
2899 2586 2967 2641 ad
2997 2586 3169 2641 instar
3196 2588 3430 2644 hominis
3462 2587 3794 2652 lacerantur,

2206 2673 2455 2729 Salvator
2489 2675 2541 2728 in
2572 2686 2744 2729 morte
2771 2676 2995 2740 Lazari,
3029 2686 3081 2732 et
3108 2693 3271 2748 super
3296 2677 3594 2735 Jerusalem
3623 2677 3792 2734 ﬂevit.

2204 2765 2314 2821 Nec
2344 2766 2584 2822 dolorem
2638 2767 2777 2822 celat
2808 2768 3023 2824 silentio
3050 2810 3065 2834 ,
3114 2779 3170 2824 et
3197 2770 3420 2841 clangor
3458 2770 3701 2826 buccinat
3738 2780 3797 2826 et

2205 2859 2467 2929 strepitus
2518 2860 2824 2930 praeliorum
2883 2862 3029 2916 illius
3085 2864 3267 2917 turbat
3317 2863 3609 2930 aﬂ‘ectum,
3666 2864 3795 2919 dum

2203 2950 2344 3005 mala
2372 2951 2525 3005 malis
2549 2952 2913 3016 cumulantur,
2940 2960 2997 3007 et
3015 2952 3266 3008 universa
3294 2953 3524 3008 duarum
3552 2954 3795 3008 tribuum

2204 3053 2349 3100 terra
2377 3054 2640 3100 vastatur.

2276 3133 2440 3189 Vens.
2476 3134 2566 3188 22.
2616 3166 2687 3175 ——
2714 3134 2853 3199 Quia
2902 3133 3093 3189 stultus
3139 3133 3382 3206 populus.
3421 3126 3626 3206 (litem)
3653 3133 3792 3201 Quia

509 3238 597 3286 cet
622 3228 931 3298 pervenerit
959 3226 1166 3297 gladius
1188 3240 1359 3294 usque
1382 3226 1451 3280 ad
1479 3225 1740 3292 animam,
1778 3237 1909 3293 etc.,
1939 3245 2102 3299 usque
2130 3208 2175 3270 (ἷ-
2206 3225 2479 3296 principes
2499 3226 2682 3295 populi
2709 3227 2814 3281 mei
2838 3241 2946 3282 non
2972 3235 3359 3297 cognoverunt,
3386 3235 3515 3292 etc.,
3542 3241 3703 3297 usque
3725 3224 3795 3279 ad

510 3322 580 3375 ad
610 3335 951 3390 nequaquam
997 3318 1217 3388 pOpulo,
1263 3318 1359 3373 sed
1408 3318 1539 3373 mihi
1568 3320 1778 3385 veniet,
1809 3328 1870 3375 ut
1920 3336 2102 3376 meum

511 3411 751 3466 triticum
777 3410 1085 3479 dissipetur.

582 3503 747 3557 Vens.
776 3500 864 3554 12.
893 3529 963 3539 -
984 3496 1211 3569 Spiritus
1238 3496 1443 3569 plenus.
1496 3497 1727 3565 Quidam
1750 3501 1896 3557 hunc
1922 3501 2102 3557 locum

512 3596 591 3651 sic
618 3600 913 3663 exponunt,
944 3599 1005 3645 ut
1032 3598 1317 3661 postquam
1345 3599 1573 3660 purgata
1610 3590 1773 3646 fuerit
1804 3608 1950 3658 area,
1978 3594 2104 3649 reli-

511 3684 653 3754 quiae
679 3681 841 3738 salva:
867 3680 1015 3735 ﬁant.
1073 3680 1225 3735 Unde
1255 3681 1518 3750 scriptum
1566 3690 1684 3736 est:
1735 3680 1965 3752 Spiritus
1993 3684 2102 3753 pte-

515 3778 772 3833 nitudinis
803 3776 965 3830 veniet
1007 3774 1173 3840 mihi;
1201 3774 1347 3830 unde
1389 3775 1744 3846 evangelista,
1773 3775 1853 3830 De
1876 3776 2102 3847 plenitu-

514 3871 635 3924 dine
662 3868 778 3938 ejus
808 3881 985 3920 omnes
1037 3866 1331 3936 accepimus
1382 3863 1565 3937 (Joan.
1591 3866 1655 3938 ι).
1709 3866 1780 3921 Et
1822 3883 1960 3922 nunc
1985 3883 2099 3937 ego.

515 3960 879 4032 Aposiopesis,
911 3958 1051 4015 sicut
1091 3958 1168 4013 ait
1191 3957 1448 4031 Virgilius
1476 3960 1739 4033 (Aineth
1764 3979 1777 4015 :

642 4093 775 4153 Quos
798 4104 930 4156 ego;
955 4092 1043 4142 sed
1070 4097 1225 4144 motos
1248 4098 1448 4157 prestat
1468 4105 1760 4158 componere
1784 4094 1975 4147 ﬂuctus.

515 4227 781 4297 Propheta
809 4227 1051 4283 dicturus
1094 4242 1380 4299 prospera,
1431 4228 1629 4284 retinet
1656 4244 1736 4297 se,
1772 4236 1829 4285 et
1856 4228 2103 4286 tristibus
2139 4269 2153 4283 .

516 4321 692 4385 [unxit
720 4320 915 4375 tristia.
1444 4369 1450 4376 .

589 4410 752 4466 Vens.
796 4410 883 4466 15.
930 4441 1001 4451 —
1032 4409 1167 4465 Ecce
1207 4410 1382 4481 quasi,
1413 4419 1519 4465 etc.
1574 4408 1811 4465 Ventura
1841 4411 2018 4465 cernit
2042 4420 2103 4465 ut

518 4503 807 4574 prmsentia
845 4519 861 4569 ;
915 4511 970 4558 et
1022 4502 1432 4574 babyloniorum
1478 4503 1736 4558 describit
1779 4503 2099 4571 exercitum,

2206 3331 2368 3384 quem
2398 3331 2612 3385 semper
2658 3317 2912 3384 cupiebat
2939 3317 3122 3370 videre
3140 3314 3461 3384 ?.Sapientes
3508 3322 3655 3378 sunt,
3682 3320 3793 3367 etc.

2206 3404 2329 3475 (ln.)
2362 3404 2647 3473 Sapientes
2680 3406 2956 3469 malitiosi,
2988 3415 3118 3471 etc.,
3152 3422 3314 3474 usque
3346 3406 3417 3457 ad
3445 3419 3555 3459 non
3583 3403 3797 3474 sapien-

2206 3491 2300 3557 tia,
2327 3492 2421 3546 sed
2448 3492 2685 3546 versutia
2712 3501 2770 3546 et
2796 3491 3063 3546 calliditas
3092 3502 3332 3546 vocatur.

2276 3584 2438 3639 Vens.
2469 3584 2560 3638 25.
2594 3586 2785 3654 Aspexi
2824 3594 3041 3638 terram.
3086 3582 3356 3653 Propheta
3394 3584 3571 3639 cernit
3603 3583 3657 3637 in
3687 3583 3797 3653 spi-

2204 3674 2311 3728 ritu
2339 3689 2459 3743 qna:
2486 3682 2712 3728 ventura
2744 3681 2891 3738 sunt,
2935 3681 2994 3728 ttt
3014 3672 3237 3728 audiens
3269 3673 3497 3743 populus
3527 3682 3799 3731 terreatur

2203 3773 2260 3820 et
2286 3764 2660 3836 pmnitentiam
2711 3774 2857 3835 agat,
2897 3771 2957 3818 ut
3001 3779 3108 3819 non
3158 3765 3424 3819 sustineat
3461 3780 3580 3835 qua:
3609 3764 3797 3822 formi-

2204 3859 2315 3911 dat.
2348 3854 2618 3925 Quidquid
2668 3856 2962 3911 secundum
2993 3856 3274 3912 historiam
3303 3857 3370 3912 dc
3402 3856 3589 3913 Jndma
3628 3866 3682 3913 et
3706 3856 3797 3913 Je-

2206 3945 2438 4000 rusalem
2471 3946 2685 4007 dicitur,
2734 3945 2804 3999 ad
2829 3944 3123 4000 Ecclesiatn
3163 3947 3257 4002 Dei
3290 3946 3590 4001 referamus
3619 3965 3632 4001 :
3675 3963 3797 4017 quae

2206 4052 2328 4092 cum
2380 4035 2548 4090 Deum
2576 4034 2900 4100 offenderit,
2930 4046 2985 4091 et
3014 4037 3159 4091 vitiis
3183 4046 3238 4091 et
3282 4037 3658 4107 persecutione
3698 4053 3796 4091 va-

2204 4134 2347 4182 stata
2374 4125 2553 4189 fuerit,
2579 4128 2673 4182 ubi
2697 4128 2968 4197 quondam
2991 4128 3246 4182 virtutum
3270 4129 3467 4184 cohors
3493 4137 3550 4185 et
3586 4128 3796 4193 laetitia,

2204 4215 2279 4271 ibi
2304 4214 2598 4271 multitudo
2636 4225 2978 4286 peccatorum
3010 4226 3065 4272 et
3086 4231 3289 4272 mwror
3322 4227 3590 4273 versetur.

2276 4303 2441 4359 Vens.
2471 4304 2561 4359 27.
2586 4334 2659 4344 —
2692 4304 2824 4359 Haec
2871 4307 3008 4360 enim
3050 4306 3194 4359 dicit.
3254 4306 3472 4379 (Ηιειι.)
3519 4305 3677 4361 Mista
3716 4313 3802 4361 est

2208 4396 2420 4452 Domini
2447 4396 2732 4453 clementia
2755 4396 2849 4450 ira:
2873 4414 2886 4449 :
2923 4407 3068 4451 terra
3093 4397 3387 4464 deseritur,
3417 4397 3514 4454 sed
3540 4413 3647 4453 non
3672 4412 3799 4453 con-

2209 4489 2460 4554 sumitur,
2517 4497 2578 4543 ut
2621 4497 2935 4551 remaneant
2980 4490 3073 4559 qui
3109 4489 3413 4561 intelligant
3454 4489 3798 4545 clementiam

518 4551 673 4666 cujus
705 4611 960 4650 curruum
1001 4551 1351 4664 rotatiumque
1382 4593 1642 4663 strepitus
1670 4595 1979 4663 tempestati
2007 4610 2105 4651 ειε-
2130 4551 2185 4613 D
2211 4578 2349 4650 eius-

520 4687 752 4743 vissinta:
777 4696 1151 4756 comparatur,
1205 4692 1262 4739 et
1294 4698 1558 4753 equorum
1587 4682 1844 4740 velocnas
1886 4686 2099 4756 aquilis.

521 4777 802 4832 Exercitus
846 4775 1081 4839 diaboli,
1135 4783 1331 4828 currus
1378 4772 1585 4828 scilicet
1622 4781 1679 4829 et
1723 4774 2104 4845 equites-Pha-

520 4867 728 4932 raonis,
760 4866 904 4936 quod
932 4863 1238 4932 intelligens
1277 4862 1363 4916 vir
1390 4863 1797 4921 ecciesiasticus
1822 4865 1971 4930 dicit,
2012 4865 2104 4923 Va:

520 4957 667 5011 nobis
708 4957 955 5026 quoniam
1010 4955 1198 5008 uastati
1228 4970 1430 5008 sumus.
1470 4954 1714 5011 Credens
1763 4955 1836 5010 illi
1887 4966 2104 5013 senten-

523 5049 629 5101 tize.
656 5048 791 5101 Cum
814 5060 1111 5101 conversus
1141 5045 1485 5114 ingemueris,
1516 5043 1699 5101 salvus
1725 5046 1854 5100 eris.
1895 5045 1987 5103 Vw
2013 5065 2107 5103 no-

521 5139 618 5201 bis,
647 5138 773 5208 quia
799 5136 1059 5206 propheta
1085 5136 1238 5204 quasi
1260 5136 1426 5207 digito
1445 5135 1860 5202 demonstravit,
1881 5139 2109 5208 populus

522 5228 849 5301 ingentiscit.
884 5225 953 5281 Et
989 5241 1097 5282 non
1126 5225 1327 5291 futura,
1363 5226 1460 5282 sed
1504 5229 1619 5299 jam
1644 5227 1785 5285 facta
1830 5230 1995 5285 sentit
2019 5230 2104 5285 di-

523 5332 653 5374 cens
674 5334 689 5371 :
728 5314 823 5370 Va:
848 5315 1014 5370 nobis.

540 5464 547 5469 ,
596 5407 762 5463 Vens.
786 5406 874 5462 14.
903 5436 974 5447 -
1008 5406 1149 5462 Lava
1186 5426 1217 5461 a
1254 5408 1478 5464 malitia.
1514 5410 1823 5481 Respondet
1843 5413 2106 5482 propheta

525 5496 637 5556 imo
657 5498 714 5553 in
762 5498 1024 5569 propheta
1053 5498 1331 5565 Dominus,
1376 5498 1541 5555 Lava.
1577 5500 1730 5558 Unde
1763 5520 1777 5555 :
1807 5501 2107 5569 Lavamini,

525 5591 711 5646 mundi
752 5600 913 5646 estote
965 5590 1098 5663 (lsa.
1134 5591 1173 5663 ι)
1196 5633 1211 5656 ,
1263 5592 1471 5649 scilicet
1500 5607 1639 5663 aqua
1665 5593 1935 5664 baptismi,
1964 5608 2106 5664 aqua

525 5680 859 5751 pmnitentitc
886 5681 1153 5738 salutaris.

604 5770 760 5827 Vens.
796 5772 879 5827 l5.
909 5803 980 5814 —
1014 5772 1124 5828 Vox
1160 5790 1294 5827 enim
1323 5775 1705 5829 unnun.’iantis.
1752 5772 1909 5830 Juxta
1940 5775 2107 5831 situnt

2290 4673 2450 4728 Vens.
2472 4672 2562 4728 28.
2594 4694 2666 4713 ε·-
2702 4672 2938 4744 Cogitavi
2966 4680 3014 4725 et
3045 4688 3149 4726 non
3175 4672 3411 4743 pamituit
3440 4687 3554 4738 me,
3586 4678 3694 4727 etc.
3733 4669 3801 4727 Ut

2213 4762 2522 4833 praedictam
2574 4762 2844 4817 auferrem
2900 4762 3259 4828 sententiam,
3310 4770 3367 4818 et
3408 4763 3494 4817 ira
3530 4761 3802 4816 saevientis

2215 4868 2322 4908 non
2348 4853 2657 4923 perveniret
2699 4854 2767 4908 ad
2805 4852 3006 4918 linem;
3046 4853 3283 4908 minatus
3311 4862 3397 4908 est
3421 4851 3680 4907 Dominus
3704 4867 3803 4923 per

2212 4944 2402 5002 Jonam
2425 4987 2439 5011 ,
2490 4946 2584 5001 sed
2616 4946 3013 5015 impendentem
3049 4945 3286 5015 gladium
3340 4944 3702 5015 lacrymarum
3747 4952 3805 4999 et

2209 5039 2508 5111 getnituutn
2538 5038 2849 5108 magnitudo
2875 5038 3170 5107 superavit.

2286 5136 2447 5190 Vens.
2474 5135 2566 5191 29.
2604 5164 2676 5175 —
2701 5134 2748 5186 Α
2780 5149 2897 5188 voce
2946 5134 3154 5205 equitis.
3186 5132 3453 5189 Describit
3506 5130 3801 5186 furentium

2207 5230 2508 5288 exercitum
2534 5245 2563 5284 a
2603 5230 2758 5300 cujus
2785 5229 2978 5284 timore
3006 5228 3236 5300 populus
3264 5228 3538 5284 civitatem
3563 5225 3800 5296 reliquit,

2208 5332 2265 5378 et
2292 5320 2457 5376 ardua
2489 5319 2804 5375 conscendit
2833 5337 2845 5373 :
2878 5319 2978 5375 sed
3023 5328 3204 5374 tamen
3244 5316 3379 5373 iram
3408 5318 3505 5373 Dei
3532 5317 3805 5373 declinare

2211 5428 2319 5469 non
2343 5412 2537 5482 potuit.
2585 5409 2701 5466 Hoc
2728 5419 2898 5466 totum
2929 5411 2997 5466 ad
3032 5409 3331 5465 Ecclesiam
3383 5417 3561 5478 potest
3585 5408 3800 5472 referri,

2211 5518 2335 5559 cum
2384 5502 2556 5556 Deum
2583 5500 2889 5568 offenderit,
2938 5508 2994 5555 et
3036 5499 3361 5555 adversariis
3390 5507 3629 5569 tempore
3675 5512 3803 5569 per-

2211 5594 2529 5659 secutionis,
2562 5593 2650 5649 vel
2672 5593 2818 5650 vitiis
2845 5603 3010 5664 atque
3035 5593 3273 5664 peccatis
3301 5593 3499 5648 tradita
3523 5591 3704 5646 fuerit.

2284 5685 2449 5739 Vens.
2490 5684 2580 5739 30.
2618 5713 2685 5723 -—
2717 5682 2795 5737 Tu
2826 5693 2999 5738 autem
3024 5691 3247 5738 vastata.
3294 5681 3499 5754 (litem)
3530 5679 3642 5735 Hoc
3661 5679 3800 5737 idem

2212 5774 2496 5832 dicendum
2541 5782 2729 5831 contra
2772 5788 2894 5841 eos,
2944 5773 3037 5845 qui
3084 5771 3392 5847 coniugales
3441 5770 3700 5837 all'ectus,
3745 5781 3799 5825 et
