4068 6344
266 404 344 473 ’Π
439 475 449 481 ,
1097 415 1795 477 GLOSSA‘ORDINARIA.
1834 448 1902 458 -—
1940 415 2324 474 PROPllETlA
2367 419 2704 475 JEREMLE.
3460 423 3527 481 l8

272 540 416 581 verm
464 524 590 582 ﬁdei
632 524 944 597 pudicitiam
989 529 1358 599 perdiderunt.
1410 529 1541 585 Cum
1588 531 1842 585 vestieris.
1872 535 1919 594 Α
1947 544 2198 587 sermone
2222 540 2314 589 tuo
2343 545 2671 598 crementur,
2702 543 2831 600 etc.,
2859 551 3019 606 usque
3039 536 3109 590 ad
3143 536 3190 591 si
3218 536 3379 608 supra
3409 538 3529 594 l‘un-

272 612 400 668 Bmc
446 612 592 670 enim
628 622 684 669 et
727 614 833 670 tuis
862 617 1195 673 amatoribus
1229 633 1527 688 prmparas,
1579 627 1634 672 et
1678 618 1848 675 lectus

271 709 533 774 angustus
586 710 874 774 utrumque
921 720 1115 774 capere
1160 721 1266 761 non
1315 715 1510 777 potest.
1569 705 1679 762 Nec
1706 708 1849 763 Deus

269 800 588 845 ornamenta
648 793 913 864 suscipit,
959 793 1153 865 quibus
1199 802 1324 849 ante
1376 794 1709 851 amatoribus
1743 796 1850 852 tuis

267 880 542 952 placuisti.

342 970 507 1026 Vens.
545 972 634 1028 51.
673 1004 743 1014 -—
776 973 963 1030 Vocem
991 991 1127 1031 enirn
1154 979 1325 1046 quasi,
1362 984 1467 1032 etc.
1495 977 1702 1049 (litem)
1731 977 1849 1034 Duo

265 1065 513 1136 exerupla
549 1066 723 1136 posita
752 1077 897 1134 sunt,
926 1077 982 1124 et
1023 1072 1376 1140 parturientis
1404 1080 1459 1126 et
1488 1072 1738 1145 lugentis,
1788 1081 1848 1127 ut

266 1154 527 1226 quidquid
570 1156 766 1212 mulier
794 1154 999 1228 patitur
1020 1199 1035 1224 ,
1081 1160 1163 1214 vel
1192 1161 1245 1219 in
1278 1160 1385 1219 fetu
1409 1203 1423 1227 ,
1468 1161 1633 1219 velrin
1673 1171 1847 1219 morte

266 1244 521 1314 ﬁliorum,
548 1245 847 1304 Jerusalem
878 1252 1113 1320 patiatur
1139 1252 1191 1307 in
1215 1253 1445 1359 pupulis.

885 1385 1110 1444 CAPUT
1151 1386 1215 1442 V.

331 1516 501 1572 Vsus.
543 1516 592 1572 ις
626 1546 698 1558 -
734 1517 961 1574 Circuite
1000 1522 1129 1577 vias.
1180 1521 1384 1595 (illam)
1421 1524 1654 1583 Grandis
1695 1542 1849 1583 amor

260 1606 481 1677 iustitiae
524 1617 582 1680 ut
629 1626 734 1666 non
760 1611 913 1682 juxta
954 1614 1429 1687 interrogationem
1480 1618 1745 1683 Abrahm,
1790 1629 1847 1676 et

262 1698 667 1768 responsionem
693 1701 808 1767 Dei,
831 1705 972 1773 quod
1000 1718 1099 1775 pro
1113 1706 1298 1762 decem
1317 1707 1449 1764 viris
1468 1709 1628 1779 iustis
1648 1710 1853 1768 liberet

260 1787 401 1844 Deus
431 1790 699 1846 civitatem
718 1833 733 1858 ,
748 1791 1079 1867 iamiamque
1105 1798 1399 1869 perituram
1428 1817 1443 1865 ;
1466 1803 1574 1858 sed
1592 1804 1635 1859 si
1658 1820 1843 1860 unum

257 1879 549 1945 Invenerit,
600 1881 692 1950 qui
745 1881 907 1939 faciat
928 1885 1214 1955 judicium,
1245 1898 1300 1943 et
1323 1900 1531 1959 quaerat
1559 1891 1738 1948 ﬁdem.

331 1988 495 2045 Vsus.
527 1990 581 2045 5.
617 2022 687 2032 —
734 1993 976 2062 Domine,
1010 1998 1150 2052 oculi
1195 2000 1294 2053 tui.
1336 2001 1457 2073 (lo.)
1508 2003 1843 2069 Damnantur

253 2095 421 2152 Opera
449 2080 755 2153 Judzeorum
786 2085 863 2157 (in
890 2089 1095 2169 quibus
1116 2090 1268 2163 juxta
1316 2092 1452 2162 legis
1493 2096 1843 2170 caeremonias

255 2172 618 2245 exsultabant)
640 2191 739 2259 per
764 2177 921 2233 ﬁdem
937 2164 1393 2248 Christianorum,
1422 2199 1517 2253 per
1537 2164 1697 2255 quam
1722 2205 1842 2259 gra-

254 2262 328 2316 tia
352 2263 488 2318 salvi
514 2264 640 2320 facti
666 2254 875 2323 sumus.
918 2267 1231 2325 Percussisti
1254 2288 1361 2343 eos.
1403 2272 1619 2345 (Galam)
1654 2254 1842 2344 Omnis

255 2352 437 2408 divina
476 2357 772 2425 percussio,
806 2365 936 2423 etc.,
974 2374 1136 2429 usque
1158 2360 1227 2413 ad
1271 2369 1325 2415 et
1351 2371 1620 2431 estunam
1654 2364 1839 2436 ﬂagel-

254 2462 365 2500 sum
393 2447 535 2517 quod
558 2450 924 2519 temporaliter
947 2451 1155 2522 incipit,
1186 2461 1240 2506 et
1260 2454 1479 2510 aeternis
1499 2471 1843 2513 consumma-

253 2551 361 2611 tur
374 2537 671 2625 suppliciis.

321 2649 394 2705 Et
420 2669 525 2707 non
573 2652 879 2713 doluerunt.
929 2655 1240 2719 lnleruntur
1291 2659 1549 2729 supplicia
1586 2671 1644 2717 ut
1673 2665 1843 2718 corri-

254 2748 449 2808 gantur
474 2741 628 2808 vitia,
661 2742 757 2798 sed
782 2758 888 2799 non
929 2746 1250 2801 emendatur
1272 2746 1566 2805 Jerusalem
1596 2767 1695 2808 nec
1743 2768 1841 2823 per

254 2843 467 2885 tarmen
474 2837 546 2889 ta.

321 2919 490 2975 γωδ.
521 2918 577 2974 4.
616 2954 686 2962 -
708 2921 960 2980 Forsitan
981 2943 1235 2996 pauperes
1257 2938 1401 2982 sunt.
1435 2928 1641 3001 (HlER.)
1686 2928 1839 2987 Sicut

253 3005 406 3074 .llud,
439 3008 647 3065 Mittam
683 3012 857 3082 ﬁlium
886 3032 1080 3075 meum.
1111 3018 1334 3086 forsitan
1381 3019 1549 3089 ipsum
1590 3021 1838 3076 verebun-

255 3116 336 3154 .ur
359 3100 577 3171 (Matth.
609 3106 746 3176 xxI).
780 3106 962 3161 Utitur
990 3108 1131 3163 Deus
1159 3124 1409 3164 sermone
1439 3111 1750 3179 dubitantis,
1779 3122 1838 3168 ut

252 3204 312 3261 εξ
342 3192 699 3262 ambiguitate
728 3199 1007 3265 sententiae
1051 3206 1106 3252 et
1145 3201 1433 3255 verborum
1482 3204 1835 3273 suspensione
1863 3238 1906 3299 ρ

251 3279 484 3335 liberum
508 3281 743 3338 hominis
759 3293 1101 3341 monstretur
1133 3286 1436 3343 arbitrium.

321 3369 488 3433 Vens.
516 3371 668 3437 5..-—.
698 3373 1044 3447 Eccemagis,
1091 3387 1194 3432 etc.
1246 3378 1405 3437 Juxta
1455 3383 1828 3454 tropulogiam.

248 3460 350 3530 Qui
379 3463 561 3535 magni
595 3473 853 3535 putantur
879 3469 932 3523 in
956 3469 1222 3535 Ecclesia,
1262 3472 1386 3541 quia
1409 3472 1625 3529 solvunt
1640 3474 1830 3547 iugum

248 3558 304 3605 et
322 3560 579 3622 rumpunt
605 3553 836 3625 vincula,
856 3557 1155 3631 traduntur
1191 3559 1243 3613 in
1271 3560 1593 3631 ignominias
1618 3566 1826 3635 passio-

246 3656 416 3704 num,
478 3649 539 3695 ut
586 3640 791 3699 faciant
841 3661 960 3715 qua:
1006 3663 1112 3703 non
1164 3652 1513 3707 conveniunt.
1590 3654 1825 3712 Vincula.

247 3729 454 3809 (lin-2a.)
484 3730 881 3804 Praeceptorum
904 3738 1020 3805 Dei,
1050 3755 1153 3794 non
1177 3740 1594 3811 Pbarismorum,
1621 3748 1686 3801 de
1712 3749 1831 3817 qui-

242 3827 350 3878 bus
378 3824 576 3880 dicitur
603 3843 617 3880 :
654 3826 1031 3899 Dirumpamus
1061 3832 1268 3887 uincula
1294 3851 1472 3889 eorum
1501 3847 1547 3891 et
1574 3839 1828 3908 projicia-

243 3931 365 3969 mus
392 3932 425 3968 a
448 3916 594 3971 nobis
614 3918 807 3988 jugum
832 3921 1062 3991 ipsorum
1094 3920 1264 3994 (Psal.
1303 3925 1366 3999 ι).

319 4023 484 4080 Vens.
516 4026 570 4095 6.
593 4058 664 4098 1-
701 4028 912 4099 Pardus
942 4034 1177 4105 vigilans.
1230 4036 1525 4095 Alexandri
1572 4042 1844 4124 impetum,

232 4114 537 4185 ,signiﬁcat,
568 4119 658 4188 qui
684 4121 916 4177 subditis
946 4124 1046 4179 sibi
1070 4126 1234 4181 variis
1257 4130 1525 4199 gentibus,
1556 4117 1708 4201 quasi
1737 4152 1830 4190 va-

246 4208 419 4270 riatus
458 4211 657 4279 pardus
700 4222 903 4272 contra,
933 4215 1115 4273 Medos
1143 4217 1442 4291 Persasque
1482 4240 1633 4279 arma
1662 4228 1833 4283 corri-

244 4296 381 4366 puit.
415 4296 551 4367 Quia
578 4315 706 4357 vero
729 4318 837 4359 non
867 4306 933 4361 de
954 4306 1156 4375 futuro,
1186 4312 1279 4366 sed
1307 4314 1371 4368 de
1399 4298 1693 4383 praeterito,
1746 4320 1833 4374 vel

239 4386 574 4458 iamiamque
601 4392 667 4447 de
700 4393 896 4450 futuris
943 4396 1228 4454 historiam
1275 4402 1429 4469 texit,
1479 4406 1599 4460 ideo
1628 4408 1692 4462 de
1723 4407 1833 4465 Ro-

247 4493 410 4532 mano
439 4486 579 4533 tacet
603 4480 850 4552 imperio.

322 4566 487 4624 Vens.
517 4570 568 4624 7.
599 4602 669 4612 —
694 4572 942 4629 Saturavi
981 4592 1086 4630 eos.
1133 4577 1353 4651 (Ηιιῖιι.)
1385 4582 1582 4639 Audiat
1609 4587 1828 4658 hocrqui

2006 4606 2170 4664 Vens.

246 4662 487 4731 acceptis
508 4662 710 4741 divitiis
738 4662 964 4720 luxurim
986 4669 1246 4724 serviunt.
1274 4738 1277 4741 Α

322 4772 489 4829 Vens.
517 4736 669 4829 8..—
697 4775 836 4847 Egui
881 4788 1159 4834 «uiatores.
1194 4738 1316 4853 llo.)
1351 4784 1535 4855 Equis,
1580 4803 1701 4843 cum
1726 4806 1835 4845 non

246 4867 436 4922 vident
460 4866 787 4936 iumentum,
822 4879 958 4936 etc.,
992 4888 1153 4942 usque
1183 4876 1252 4927 ad
1279 4875 1614 4934 Assimilatus
1648 4890 1723 4935 est
1744 4882 1839 4951 ju-.

248 4957 435 5011 mauis
478 4957 838 5027 insipientibus
863 4969 911 5013 et
947 4960 1133 5016 similis
1179 4963 1349 5032 factus
1383 4979 1456 5021 est
1481 4968 1609 5025 ,illis
1652 4970 1826 5039 (Psal.

250 5048 464 5119 xum).

322 5139 488 5195 Vsus.
521 5140 608 5196 l0.
660 5173 729 5183 —
769 5141 835 5197 Et
873 5144 1139 5217 dissipate.
1172 5147 1296 5220 (ιο.)
1351 5149 1549 5207 Audiat
1586 5151 1829 5211 Ecclesia

247 5246 417 5299 quam
449 5232 558 5287 cito
582 5235 747 5299 muri,
793 5244 928 5303 etc.,
966 5256 1128 5310 usque
1152 5240 1223 5293 ad
1246 5249 1466 5310 propter
1488 5241 1826 5301 clementiam

240 5322 465 5390 iudicis,
494 5341 601 5381 non
624 5336 847 5397 pr0pter
871 5330 1122 5384 meritum
1145 5332 1507 5405 peccantium.

325 5411 491 5467 Vens.
525 5413 608 5468 l2.
629 5445 701 5455 —
727 5416 1058 5487 Negaverunt
1089 5418 1389 5487 Dominum,
1431 5430 1535 5477 etc.
1564 5422 1687 5495 (ln.)
1713 5424 1825 5478 Au-

248 5501 366 5556 diat
406 5504 512 5559 hoc
561 5505 801 5563 Ecclesia
847 5509 1163 5582 negligens:
1204 5520 1261 5566 et
1305 5514 1697 5583 providentiam
1734 5516 1828 5572 Dei

250 5592 519 5660 refutans,
557 5600 698 5667 quod
721 5608 775 5654 et
795 5600 1032 5670 gladium
1063 5611 1118 5656 et
1159 5601 1358 5660 famem
1387 5607 1671 5664 sustineat.
1726 5610 1830 5666 nisi

250 5696 477 5743 ventura
507 5690 794 5749 crediderit
816 5708 934 5763 quze
961 5694 1233 5751 dicuntur.
1358 5754 1359 5757 η

330 5776 491 5833 Vens.
525 5780 611 5834 l4.
638 5812 708 5823 --
736 5781 871 5837 Ecce
899 5800 988 5854 ego
1018 5785 1105 5853 do,
1154 5795 1257 5843 etc.
1293 5786 1414 5859 (lo.)
1470 5790 1825 5861 Utincrcduli

1949 623 2257 678 damentum
2287 623 2488 680 Christi
2522 626 2986 684 aediﬁcaverimus.
3378 655 3387 663 υ

2019 709 2183 769 VEBS.
2220 712 2307 766 15.
2337 743 2411 755 -
2434 713 2711 785 Ignorabis
2745 715 3000 787 linguam,
3031 726 3137 773 etc.
3169 716 3294 789 (11).)
3322 718 3381 773 1η
3414 718 3526 774 lle-

1944 800 2127 856 braeu:
2161 803 2281 858 Non
2308 804 2562 876 intelliges
2586 807 2712 877 quid
2751 806 3015 878 loquatur.
3053 808 3149 863 Est
3176 808 3323 863 enim
3358 808 3527 864 malo-

1947 904 2067 945 rum
2094 891 2368 958 solatium,
2406 893 2450 948 si
2476 893 2679 950 habeas
2706 896 2910 961 hostes,
2937 911 3075 967 quos
3097 911 3292 967 rogare
3318 896 3523 965 valeas,

1945 982 2038 1052 qui
2063 983 2367 1056 intelligant
2391 1000 2582 1056 preces
2607 995 2750 1042 tuas.

2015 1073 2181 1130 Vsus.
2224 1077 2310 1131 l7.
2362 1107 2434 1117 --
2460 1076 2529 1131 Et
2553 1078 2783 1133 comedet
2806 1088 3034 1150 segetes,
3063 1089 3169 1137 etc.
3201 1080 3525 1138 Vastitatem

1946 1174 2105 1223 teme
2133 1168 2411 1234 describit,
2447 1168 2879 1226 interfectionem
2911 1171 3240 1239 multorum,
3291 1174 3530 1230 abactio—

1945 1271 2069 1311 nem
2113 1272 2386 1327 pecorum,
2436 1258 2843 1315 subversionem
2872 1260 3086 1316 urbium
3138 1270 3195 1317 et
3224 1278 3526 1328 murorum,
3560 1268 3563 1269 ⁷

1945 1349 2087 1419 quod
2113 1348 2287 1419 gladio
2313 1349 2494 1404 hostili
2524 1359 2716 1406 cuncta
2755 1351 3060 1422 capiantur.

2017 1438 2180 1493 Vens.
2214 1439 2297 1493 l8.
2340 1469 2411 1479 —-
2444 1438 2831 1504 Verumtamen,
2885 1450 2989 1496 etc.
3023 1440 3229 1514 (ﬁll-:3.)
3266 1441 3531 1510 Reliquis

1946 1528 2153 1584 scilicet
2186 1528 2346 1584 salvae
2377 1529 2543 1594 ﬁent,
2602 1529 2682 1583 vel
2734 1545 2923 1584 eorum
2964 1532 3056 1599 qui
3102 1530 3156 1584 in
3204 1529 3529 1600 Babylonem

1945 1618 2089 1674 ducti
2117 1627 2263 1683 sunt,
2292 1618 2375 1674 vel
2402 1618 2577 1673 relicti
2608 1619 2675 1674 ad
2701 1618 2966 1674 culturam
2996 1627 3155 1674 terrm
3175 1618 3409 1693 Iudaeae;
3447 1618 3531 1673 vel

1946 1724 2133 1764 eorum
2160 1708 2251 1777 qui
2277 1716 2400 1778 post
2427 1708 2820 1779 persecutionis
2852 1708 3125 1772 ardorem,
3150 1707 3233 1763 vel
3264 1708 3413 1779 fuga,
3442 1707 3531 1762 vel

1945 1796 2296 1856 conleséione.
2315 1798 2473 1856 ﬁdem
2506 1800 2614 1855 Deo
2645 1807 3016 1854 servaverunt.

1867 1886 1919 1945 Β
2012 1888 2181 1951 Vens.
2208 1889 2293 1944 l9.
2326 1919 2397 1928 —
2425 1887 2578 1955 Quod
2615 1890 2660 1943 si
2696 1888 2953 1944 dixeritis.
3004 1889 3124 1961 (ln.)
3151 1890 3525 1962 Tropologice.

1945 1977 2131 2033 Potest
2177 1979 2280 2034 hoc
2308 1992 2473 2048 super
2500 1977 2772 2032 lmreticis
2815 1978 3016 2049 accipi,
3066 1987 3197 2044 etc.,
3250 1996 3412 2051 usque
3458 1980 3528 2034 ad

1943 2073 2202 2139 babitate,
2232 2073 2339 2128 imo
2377 2073 2576 2128 servite
2616 2074 2701 2128 bis
2754 2089 2986 2143 quorum
3016 2074 3147 2129 deos
3173 2074 3375 2130 colitis.

2016 2166 2177 2221 Vens.
2214 2165 2304 2219 2|.
2341 2194 2413 2204 —-
2437 2164 2598 2230 Audi,
2628 2164 2816 2235 popula
2843 2164 3017 2219 stulte.
3068 2165 3292 2236 Proprie
3329 2166 3396 2220 ad
3433 2164 3529 2221 Ju-

1943 2254 2066 2310 dam
2098 2254 2337 2325 loquitur
2361 2262 2416 2310 et
2453 2254 2520 2308 ad
2548 2254 2765 2309 domum
2782 2252 2968 2310 Jacob.
2997 2254 3160 2310 Israel
3183 2255 3326 2309 enim
3357 2255 3528 2311 multo

1936 2345 2048 2415 iam
2087 2356 2329 2415 tempore
2357 2345 2641 2400 exsulabat
2688 2345 2741 2399 in
2772 2344 3032 2416 Assyriis.
3082 2344 3188 2411 Qui
3226 2363 3329 2401 non
3370 2346 3527 2403 habes
3622 2411 3643 2428 .

1942 2454 2049 2491 cor.
2082 2437 2187 2492 Dat
2213 2437 2437 2508 intelligi
2466 2437 2608 2507 quod
2651 2437 2856 2507 absque
2886 2447 3155 2508 przecepto
3203 2438 3526 2494 naturaliter

1941 2529 2199 2584 debemus
2242 2527 2540 2598 intelligere
2574 2543 2693 2598 qua:
2744 2535 2889 2583 recta
2931 2536 3076 2583 sunt.
3127 2529 3231 2593 Qui
3257 2529 3524 2595 habentes,

1941 2629 2044 2675 etc.
2085 2620 2179 2674 Cui
2205 2619 2418 2674 simile:
2451 2618 2627 2673 oculos
2650 2620 2855 2681 habent,
2890 2628 2938 2673 et
2964 2634 3068 2675 non
3089 2620 3352 2684 videbunt,
3388 2630 3523 2686 etc.,

1942 2705 2150 2762 Similes
2180 2708 2284 2762 illis
2336 2708 2468 2777 fiant
2512 2709 2601 2779 qui
2631 2709 2831 2778 faciunt
2873 2726 2954 2776 ea,
2991 2718 3040 2764 et
3080 2728 3256 2765 omnes
3282 2712 3371 2783 qui
3396 2727 3525 2766 con-

1938 2797 2110 2866 ﬁdunt
2142 2798 2193 2852 in
2223 2799 2295 2852 eis
2324 2796 2497 2866 (Psal.
2524 2799 2702 2869 CXIII).

2012 2888 2175 2943 Vens.
2208 2890 2300 2944 25.
2328 2919 2399 2930 -—
2443 2888 2757 2960 Iuiquitates
2797 2900 3017 2958 vestrae,
3056 2901 3163 2949 etc.
3212 2892 3418 2965 (Ηιειι.)
3467 2893 3527 2949 Si

1939 2979 2153 3048 quando
2178 2993 2328 3033 mare
2364 2980 2711 3034 transcendat
2759 2980 3036 3046 terminos,
3067 2993 3208 3045 etc.,
3257 3000 3419 3054 usque
3455 2984 3527 3038 ad

1940 3070 1994 3125 in
2021 3071 2217 3141 quibus
2246 3071 2509 3141 operariis
2559 3072 2726 3126 vinem
2765 3087 2930 3126 unum
2975 3082 3189 3130 aeterna:
3240 3075 3525 3145 praemium

1938 3160 2290 3229 promittitur.

2012 3249 2176 3305 Vens.
2208 3250 2296 3305 27.
2330 3282 2398 3292 —
2432 3250 2580 3308 Sicut
2618 3251 2875 3323 decipula.
2906 3252 3040 3307 Dum
3072 3253 3301 3309 inVIcem
3351 3269 3410 3311 se
3436 3270 3524 3309 ve-

1934 3348 2134 3396 nantur
2157 3341 2225 3395 ad
2253 3349 2504 3405 mortem,
2532 3350 2585 3395 et
2616 3342 2842 3397 aliorum
2873 3342 3085 3396 damnis
3112 3352 3274 3413 atque
3303 3343 3525 3414 dispen-

1933 3429 2036 3485 diis
2070 3429 2258 3485 domos
2284 3445 2411 3485 suas
2440 3432 2733 3501 complent,
2777 3435 3072 3492 secundum
3106 3433 3250 3489 illam
3277 3436 3516 3505 philoso-

1931 3519 2159 3589 phorum
2189 3521 2536 3586 sententiam,
2579 3520 2762 3577 Omnis
2804 3523 2945 3577 dives
2971 3564 2986 3587 ,
3030 3533 3120 3578 aut
3152 3525 3382 3597 iniquus,
3423 3537 3521 3582 aut

1929 3609 2095 3663 Itwres
2134 3610 2318 3681 iniqui.
2343 3611 2518 3681 Atque
2548 3613 2752 3668 utinam
2782 3614 2898 3669 haec
2926 3623 3135 3670 tantum
3184 3619 3253 3673 ab
3279 3620 3359 3674 eis
3385 3619 3525 3675 ﬁant

1930 3700 2022 3770 qui
2062 3699 2195 3757 foris
2237 3711 2400 3769 sunt,
2452 3711 2509 3760 et
2540 3719 2647 3763 non
2690 3720 2721 3759 a
2752 3707 2944 3771 nobis,
2987 3716 3043 3764 et
3083 3710 3416 3768 venientium
3445 3714 3516 3768 ad

1929 3807 2051 3859 nos,
2078 3808 2184 3848 non
2215 3810 2408 3863 manus
2430 3797 2878 3867 oontemplentur,
2910 3801 3004 3855 sed
3025 3816 3143 3857 ora.

2001 3884 2166 3942 Vens.
2192 3884 2302 3955 28..
2324 3916 2392 3926 —
2422 3886 2715 3943 Incrassati
2738 3900 2881 3956 sunt,
2911 3898 3019 3947 etc.
3043 3890 3142 3948 Cui
3163 3893 3341 3951 simile
3371 3913 3384 3949 :
3420 3895 3518 3950 In-

1930 3984 2223 4042 crassatus,
2252 3976 2635 4047 impinguatus,
2687 3978 2942 4036 dilatatus
2966 4023 2982 4045 ,
3023 3983 3300 4050 dereliquit
3342 3985 3514 4040 Deum

1931 4063 2183 4132 factorem
2213 4082 2365 4119 suum
2390 4066 2569 4136 (Deut.
2603 4068 2796 4139 xxx").
2828 4068 2893 4123 Et
2924 4088 2936 4123 :
2972 4069 3305 4128 Incrassatus
3325 4083 3401 4128 est
3430 4074 3517 4128 di-

1929 4153 2092 4208 lectus
2120 4164 2168 4208 et
2199 4155 2542 4210 recalcitravit
2579 4156 2789 4230 (Ibid.).
2839 4159 2907 4212 Et
2937 4160 3275 4232 impinguati,
3320 4174 3425 4220 etc.
3458 4165 3518 4220 In

1932 4245 2132 4301 divinis
2155 4246 2345 4302 Conﬁsi
2372 4265 2386 4301 :
2419 4249 2572 4317 quasi
2602 4250 2748 4316 dicat
2776 4269 2788 4304 :
2826 4251 3038 4318 Anima,
3070 4254 3235 4309 multa
3259 4257 3393 4312 bona
3422 4258 3518 4312 ha-

1933 4336 2018 4390 bes
2044 4336 2213 4406 posita
2251 4339 2306 4392 in
2342 4356 2508 4394 annos
2534 4339 2792 4410 plurimos
2813 4356 2834 4395 .'
2877 4346 3156 4415 requiesce,
3210 4324 3427 4405 coniede‘
3466 4358 3516 4406 st

1936 4427 2047 4482 bibe
2078 4426 2228 4499 (Luc.
2261 4430 2382 4499 ιιι).
2554 4501 2780 4559 CAPUT
2813 4501 2881 4559 Ἣ

2204 4611 2253 4664 l.
2294 4641 2364 4651 --
2400 4610 2805 4682 Confortamini,
2837 4625 2943 4671 etc.
2978 4616 3182 4690 (Ηιειι.)
3215 4619 3348 4689 Quia
3367 4623 3513 4693 iam-

1929 4698 2149 4771 iamque
2176 4702 2246 4757 ab
2279 4704 2533 4775 aquilone
2582 4704 3078 4764 Nabuchodonosor
3120 4721 3377 4768 venturus
3404 4726 3510 4780 est,

1933 4802 2063 4857 etc.,
2113 4809 2273 4863 usque
2320 4793 2389 4848 ad
2430 4795 2571 4850 inter
2608 4796 2708 4852 hos
2737 4796 2874 4852 alius
2913 4797 3066 4854 vicus
3094 4808 3178 4855 est
3209 4803 3299 4871 qui
3332 4804 3513 4877 lingua

1937 4882 2072 4953 Syra
2099 4893 2155 4939 et
2182 4883 2406 4941 Hebraea
2451 4886 2741 4944 Betacaren
2771 4890 3081 4946 nominatur
3102 4908 3158 4949 In
3193 4904 3376 4953 monte
3409 4914 3513 4969 po-

1935 4977 2089 5036 situs.
2712 5050 2725 5051 ί

2008 5064 2170 5122 Vens.
2197 5067 2252 5122 2.
2283 5098 2352 5110 -
2387 5067 2662 5141 Speciem.
2693 5071 3027 5138 Describitur
3055 5077 3396 5145 pulchritudo
3423 5081 3513 5138 Je-

1934 5158 2191 5224 rusalem,
2240 5174 2362 5230 quae
2390 5169 2475 5216 est
2505 5162 2619 5233 ipsa
2647 5161 2777 5219 Sion
2812 5172 2873 5218 ut
2899 5164 3043 5220 aliud
3082 5174 3247 5224 totam
3296 5172 3507 5239 urbem,

1931 5251 2077 5309 aliud
2129 5267 2307 5308 arcem
2362 5255 2513 5310 urbis
2567 5265 2741 5313 sonet.
2794 5255 2924 5319 Sion
2964 5260 3108 5315 enim
3147 5280 3284 5326 arx,
3332 5266 3387 5321 id
3423 5277 3511 5323 est

1928 5339 2158 5411 specula,
2214 5341 2605 5415 interpretatur
2648 5354 2704 5402 et
2746 5349 3003 5417 speciosae
3033 5351 3244 5417 mulieri
3289 5370 3508 5427 compa-

1930 5438 2102 5486 ratur.

2154 5562 2166 5576 .
2207 5522 2258 5576 5.
2291 5504 2361 5562 —¥
2393 5522 2657 5581 Pastores.
2702 5527 2909 5600 (lin-2n.)
2938 5530 3084 5587 Satis
3110 5532 3383 5606 eleganter
3411 5550 3507 5603 po-

1934 5612 2081 5667 nitur
2118 5613 2204 5670 IIic
2241 5614 2485 5681 verbum,
2536 5624 2668 5684 etc.,
2705 5635 2865 5687 usque
2892 5621 2961 5675 ad
2991 5637 3221 5693 quorum
3248 5624 3339 5679 alii
3388 5640 3475 5679 ms

1934 5702 2190 5761 nifestant
2217 5706 2281 5762 ad
2315 5705 2656 5775 polluendum
2686 5719 2922 5768 scortum
2949 5753 2966 5781 ,
3003 5714 3091 5770 alii
3122 5714 3188 5770 ad
3232 5715 3381 5772 urbis
3406 5731 3472 5771 ex
3502 5750 3509 5753 ι

1932 5795 2148 5851 cidium.
3011 5871 3053 5919 .
