4068 6344
544 383 614 446 t9
1037 388 1425 447 WALAFRIDI
1461 386 1709 445 STRABI
1744 385 1951 446 seu).
1989 366 2348 441 ttonfopr.
2387 381 2567 442 rans
2602 384 2750 443 1.-
2785 384 3241 451 mmmam.
3706 356 3781 454 eo

616 503 781 562 Vens.
801 505 856 562 ι.
873 536 943 547 -
968 505 1055 562 Va:
1077 507 1243 573 nobis,
1261 515 1367 561 etc.
1399 503 1604 575 (Ηιειι.)
1635 502 1747 557 Illis
1767 499 2066 558 dicentibus
2090 513 2106 552 :
2133 497 2186 558 Δ
2211 496 2281 551 ad
2309 513 2432 553 cum
2459 498 2735 568 Scriptura
2777 502 2943 567 dicat,
2986 502 3287 575 Redemptio
3324 503 3516 559 animat
3543 504 3641 561 uiri
3657 523 3784 578 pro-

546 593 759 665 Surgite
788 606 837 651 et
882 598 1243 662 ascendamus,
1281 596 1369 661 isti
1399 596 1723 666 reSpondent
1753 609 1769 647 :
1804 588 1895 645 Va:
1938 589 2108 655 nobis,

543 693 650 741 etc.
683 687 751 742 Et
776 694 863 743 est
905 687 992 743 hic
1020 702 1253 743 sensus:
1303 686 1360 741 Si
1390 701 1486 757 per
1526 686 1669 740 diem
1713 684 1817 738 hoc
1849 682 2106 752 patimur,

544 776 674 846 quid
708 792 805 847 per
832 787 1046 839 noctem
1069 778 1376 847 patiemur?

613 866 778 923 Vsus.
804 868 858 924 5.
888 897 962 910 -
990 867 1219 939 Surgite.
1269 868 1370 935 Qui
1415 867 1689 927 dixerunt,
1718 859 2028 930 consurgite
2055 866 2110 915 et

541 958 838 1023 ascendite,
883 967 1012 1026 etc.,
1054 973 1174 1015 sese
1204 958 1309 1014 illis
1350 956 1539 1012 verbis
1569 960 1864 1025 provocant
1902 952 1969 1007 ad
1996 950 2113 1004 bela

538 1047 653 1111 ιυω
679 1067 692 1104 :
731 1049 941 1122 Surgite
964 1061 1013 1106 et
1041 1051 1384 1106 ascendannts
1426 1050 1485 1104 in
1517 1057 1682 1112 nocte,
1714 1055 1773 1101 ut
1809 1045 1985 1101 sciant
2010 1043 2107 1098 ad-

538 1138 765 1194 versarii
820 1154 928 1196 non
982 1140 1238 1211 temporis
1295 1153 1415 1195 esse
1468 1137 1788 1202 victoriam,
1853 1136 1963 1207 sed.
2001 1133 2111 1192 vir-

539 1236 737 1283 tutum.

499 1316 506 1329 '
606 1320 773 1376 Ἶειιε.
810 1322 863 1376 7.
885 1353 954 1365 —-
984 1321 1129 1377 Sicut
1152 1322 1420 1392 frigidam.
1445 1320 1574 1376 Sine
1603 1320 1783 1376 calore
1807 1318 1977 1376 ﬁdei:
2008 1318 2117 1374 an

534 1412 721 1480 clesia,
754 1416 942 1484 spiritu
974 1414 1271 1470 ferventes:
1303 1414 1430 1469 mali
1450 1423 1648 1478 autem,
1673 1411 1903 1481 frigida;
1932 1411 2104 1466 unde:

536 1501 850 1573 Refrigescet
877 1505 1105 1559 charitas
1126 1504 1409 1558 multorum
1437 1503 1650 1575 (Matth.
1674 1506 1807 1571 xtv).
1840 1502 1909 1557 Et
1938 1502 2066 1557 illud
2089 1520 2103 1557 :

434 1605 447 1625 λ
534 1592 876 1649 Assimilabor
915 1596 1334 1650 descendentibus
1381 1596 1437 1650 in
1460 1595 1633 1650 lacum
1685 1592 1859 1666 (Psal.
1890 1595 2107 1666 xxvut).

535 1681 715 1739 Semel
739 1683 969 1741 suliiciat
992 1684 1196 1740 dixisse
1240 1684 1435 1749 lacum,
1480 1701 1587 1743 non
1615 1696 1862 1756 stagnum
1891 1700 2106 1754 sonare,

534 1779 828 1834 secundum
854 1779 1092 1845 Graecos,
1122 1781 1215 1835 sed
1242 1780 1553 1847 cisternam,
1594 1796 1715 1850 qua:
1759 1779 1896 1852 Syro
1923 1786 1978 1836 et
2002 1778 2108 1835 He-

531 1866 679 1924 bra-o
705 1885 952 1933 sermone
987 1870 1103 1926 Gab
1128 1871 1344 1925 dicitur.

606 1958 768 2015 Vens.
808 1960 860 2016 8.
894 1990 955 2004 —-
990 1959 1237 2016 Erudire.
1288 1960 1501 2035 (illam)
1541 1960 1647 2019 Per
1693 1961 1797 2018 hoc
1829 1961 2106 2027 discimus,

532 2050 676 2121 quod
698 2050 924 2122 ﬂagellet
953 2051 1119 2118 Deus,
1161 2060 1292 2117 etc.,
1318 2068 1480 2123 usque
1504 2052 1574 2106 ad
1602 2068 1700 2123 per
1719 2067 1934 2108 omnem
1961 2050 2111 2108 dolo-

533 2155 650 2196 rem
672 2149 726 2197 et
749 2141 1015 2213 flagellum
1043 2142 1335 2209 erudieris,
1356 2142 1674 2201 Jerusalem.

606 2253 768 2310 Vsus.
801 2253 857 2309 9.
884 2285 956 2294 —
991 2251 1165 2320 Usque
1192 2254 1267 2312 ad.
1292 2270 1571 2309 racemum.
1616 2252 1737 2326 (1b.)
1775 2252 1937 2321 Quasi
1985 2269 2110 2311 cum

420 2388 429 2395 .
528 2356 740 2404 vastata
772 2347 936 2403 fuerit
956 2348 1272 2415 Jerusalem,
1295 2359 1424 2416 etc.,
1449 2365 1611 2422 usque
1635 2349 1704 2403 ad
1732 2332 1885 2420 tiuasi
1910 2349 1967 2404 in
1990 2364 2111 2404 car-

530 2441 718 2497 tallum
743 2441 828 2497 vel
850 2443 904 2497 in
932 2443 1188 2499 torcular.

601 2551 767 2609 Vens.
801 2554 885 2609 10.
917 2585 987 2595 -
1032 2553 1423 2610 lncircumciste
1459 2572 1646 2621 aures,
1674 2564 1782 2612 etc.
1806 2555 2108 2614 Notandum

529 2643 671 2714 quod
701 2646 1040 2702 circumcisio
1069 2647 1125 2701 in
1151 2637 1441 2716 Scripturis
1471 2646 1667 2702 dicitur
1697 2647 1868 2701 tribus
1895 2647 2069 2703 modis
2092 2666 2111 2704 :

529 2734 587 2789 in
611 2737 894 2806 praeputio,
925 2737 981 2790 in
1006 2738 1191 2803 corde,
1237 2738 1292 2794 in
1333 2738 1580 2804 auribus,
1607 2740 1747 2795 unde
1774 2756 1789 2792 :
1825 2738 1929 2805 Qui
1958 2740 2109 2794 habet

528 2839 684 2879 aures
713 2826 960 2880 audiendi
991 2827 1172 2881 audiat
1200 2826 1411 2899 (Matth.
1442 2831 1543 2900 ιι).

600 2935 766 2992 Vens.
806 2937 892 2992 11.
923 2967 996 2978 -
1024 2936 1232 2992 Idcirco
1269 2937 1466 3007 furore.
1498 2936 1704 3010 (11mm)
1728 2937 1893 3005 Quasi
1928 2938 2113 2996 dicat:

525 3026 848 3086 Venientetn
897 3028 1033 3084 iram
1082 3028 1183 3084 Dei
1221 3030 1519 3100 prospicio,
1568 3038 1624 3086 et
1665 3029 1847 3086 furore
1894 3028 2011 3099 ejus
2054 3040 2110 3088 et

528 3120 803 3176 iracundia
834 3120 1024 3192 plenus
1054 3135 1173 3176 sum
1198 3162 1214 3187 ,
1260 3130 1317 3176 et
1355 3122 1498 3176 ultra
1546 3123 1815 3178 sustinere
1849 3138 1954 3178 non
1979 3139 2109 3194 pos-

528 3224 649 3264 sum
676 3228 691 3263 :
716 3223 816 3266 nec
841 3223 941 3279 pro
965 3211 1342 3280 peccatoribus
1370 3213 1543 3268 audeo
1564 3212 1847 3282 deprecari
1867 3212 2058 3268 Deum.

599 3320 765 3376 Vsus.
823 3320 911 3376 12.
962 3352 1034 3363 -
1082 3320 1400 3379 Extendunt.
1454 3322 1662 3395 (Ηιεκ.)
1713 3321 2102 3395 Septuaginta:

528 3412 757 3470 Eleuabo
783 3430 803 3470 :
833 3423 1124 3485 utrumque
1150 3424 1329 3471 autem
1364 3414 1720 3484 percutientis
1740 3414 1955 3470 habitus
1980 3422 2102 3480 est;

528 3507 726 3564 unde:
782 3507 855 3563 Et
898 3508 1073 3563 adhuc
1134 3522 1322 3562 manus
1381 3515 1589 3562 extenta
1685 3506 1798 3561 sive
1818 3544 1841 3573 ,
1900 3504 2108 3560 excelsa

529 3592 667 3666 (ιω.
694 3594 771 3667 ν).

599 3684 765 3743 Vens.
795 3686 883 3743 ﬂ.
910 3715 980 3729 —-
1003 3685 1071 3742 Et
1094 3687 1346 3742 curabant
1378 3686 1758 3742 contritionem.
1791 3684 1913 3757 (19.)
1942 3683 2109 3753 Quasi

528 3781 673 3837 dicat
703 3797 720 3839 :
747 3779 881 3837 Cum
906 3789 1057 3836 tanta
1079 3781 1320 3837 facerent
1347 3780 1506 3847 mala,
1545 3788 1681 3847 etc.,
1701 3797 1862 3851 usque
1886 3779 1956 3832 ad
1991 3793 2106 3834 ma-

528 3870 612 3944 gis
636 3870 758 3927 illos
788 3871 1047 3943 supplicio
1065 3881 1123 3929 et
1146 3870 1242 3927 Dei
1268 3871 1560 3927 iracundia
1585 3880 1975 3942 praeparantes.

603 3961 768 4019 Vens.
809 3962 995 4019 15.·--
1038 3959 1258 4033 Confusi
1305 3972 1444 4017 sunt.
1495 3960 1620 4034 (11).)
1650 3961 1968 4034 Expressius
2005 3962 2108 4018 hoc

528 4052 815 4126 legendum
843 4062 949 4122 est,
981 4062 1112 4121 etc.,
1138 4070 1301 4126 usque
1331 4053 1405 4110 ad
1438 4054 1567 4127 quin
1613 4054 1792 4126 potius
1826 4062 2109 4127 peccatum

534 4160 736 4203 auxere
762 4154 1094 4219 contemptu.

603 4237 935 4295 Nescierunt.
987 4237 1323 4305 Noluerunt;
1377 4237 1473 4295 sed
1506 4238 1681 4294 nimio
1713 4245 2024 4308 contemptu
2055 4245 2112 4294 et

532 4326 664 4383 vitio
687 4326 911 4383 violenti
943 4326 1072 4383 mali
1105 4341 1207 4383 nec
1230 4326 1529 4400 intelligere
1558 4327 1773 4397 quidem
1796 4333 2106 4396 potuerunt.

532 4424 768 4481 Grandis
816 4424 1088 4495 impietas,
1136 4438 1243 4479 non
1272 4422 1441 4479 solum
1469 4437 1577 4478 non
1613 4436 1825 4486 cavere,
1869 4422 1963 4476 sed
2010 4435 2110 4476 nec

2208 590 2339 659 prid:
2362 590 2554 645 divitite
2582 590 2909 662 ejus(Prov.
2939 594 3079 664 xm).

2280 679 2446 735 Vens.
2472 682 2563 740 21.
2590 713 2660 722 -
2684 682 2872 739 Patres
2914 694 2964 739 et
3009 683 3125 753 filii.
3165 683 3288 755 (lo.)
3319 683 3438 739 Filii
3462 692 3674 755 patrum
3695 702 3783 744 se-

2210 780 2449 840 quuntur
2472 773 2849 842 blasphemias,
2900 775 3140 844 quotidie
3165 775 3313 829 illam
3339 775 3785 845 imprecationem

2209 861 2561 931 suscipientes
2586 880 2600 916 :
2648 862 2874 932 Sanguis
2917 862 3028 932 ejus
3057 879 3213 933 super
3241 880 3333 918 nos
3360 873 3410 918 et
3452 875 3616 936 super
3644 866 3787 935 ﬁlios

2209 962 2412 1006 nostros
2445 951 2659 1022 (Matth.
2686 951 2881 1023 xxvu).

2281 1042 2444 1098 sts.
2475 1042 2564 1097 22.
2593 1072 2665 1083 —
2689 1041 2822 1096 Ecce
2866 1040 3104 1111 populus,
3135 1049 3243 1097 etc.
3276 1040 3505 1111 Proprie
3525 1044 3629 1099 hoc
3651 1044 3785 1099 dici-

2209 1140 2295 1187 tur
2323 1133 2389 1187 de
2436 1131 2774 1203 Babyloniis,
2807 1130 2899 1202 qui
2947 1130 3158 1185 venturi
3192 1139 3317 1186 sunt
3346 1141 3532 1186 contra
3559 1130 3785 1189 Jerusa-

2207 1223 2333 1279 lem.
2382 1224 2447 1281 Et
2473 1227 2648 1279 omnis
2690 1230 2979 1295 armatura:
3021 1224 3154 1279 ordo
3179 1223 3520 1288 describitur,
3568 1231 3626 1279 et
3647 1238 3789 1295 pm-

2207 1313 2453 1368 liantiutn
2485 1292 2845 1383 impetus,.ut
2870 1323 3077 1369 terrore
3114 1312 3368 1368 commoti
3418 1320 3584 1383 agant
3609 1292 3789 1383 pteni-

2208 1405 2429 1461 tetttiam
2454 1413 2509 1460 et
2534 1405 2699 1459 Deum
2725 1403 3203 1459 clementissimum
3231 1401 3466 1473 placent.

2281 1495 2443 1553 Vens.
2483 1496 2574 1553 23.
2625 1525 2695 1537 -—-
2748 1495 2864 1550 Vox
2910 1495 3025 1567 ejus
3069 1494 3262 1566 quasi,
3308 1501 3414 1548 etc.
3459 1491 3779 1562 Allegorice.

2209 1586 2414 1660 (litem)
2451 1586 2743 1642 Possumus
2770 1585 2874 1642 hoc
2920 1583 3230 1641 testimonio
3253 1582 3423 1649 abuti,
3464 1590 3596 1647 etc.,
3621 1597 3786 1652 usque

2207 1678 2277 1733 ad
2301 1686 2356 1733 et
2385 1677 2539 1747 quasi
2564 1675 3026 1732 vehementissimi
3047 1675 3213 1731 maris
3244 1672 3457 1740 ﬂuctus,
3490 1671 3567 1727 ita
3600 1670 3788 1747 oppri-

2209 1776 2364 1827 munt-
2391 1766 2730 1822 resiStentes.

2133 1837 2187 1927 Β
2281 1855 2447 1911 Vens.
2468 1854 3109 1919 25.-—Noliteea:ire,etc.
3135 1851 3259 1925 (ιη.)
3278 1852 3621 1924 Evangelium
3642 1865 3789 1922 quo-

2210 1959 2315 2017 que
2337 1946 2510 2009 docet,
2545 1955 2682 2012 etc.,.
2704 1961 2866 2017 usque
2885 1944 2954 1998 ad
2980 1944 3075 2000 sed
3097 1942 3404 1999 ﬁrmissime
3447 1957 3506 1999 se
3534 1949 3789 1999 tueantur

2208 2037 2621 2096 munitionibus.

2278 2126 2441 2184 Vens.
2468 2129 2556 2183 27.
2597 2126 2756 2182 —Et
2792 2126 3053 2199 probabis.
3111 2123 3236 2197 (10.)
3263 2124 3426 2192 Quasi
3479 2124 3669 2179 dicat:
3710 2122 3788 2182 Ut

2208 2236 2332 2278 cum
2361 2219 2677 2291 probaveris
2708 2229 2764 2275 et
2791 2217 2979 2273 scieris
3007 2216 3174 2282 viam,
3226 2224 3358 2281 etc.,
3384 2231 3547 2286 usque
3577 2214 3647 2268 ad
3689 2213 3788 2287 qui

2209 2313 2350 2371 sicut
2371 2312 2587 2383 aspides
2614 2309 2791 2367 surda:
2814 2310 3074 2365 obturant
3103 2322 3262 2363 aures
3280 2321 3431 2372 suas,
3464 2319 3534 2360 ne
3562 2304 3788 2360 audiant

2211 2419 2399 2462 vocem
2431 2402 2850 2460 ittcantantium.

2283 2495 2476 2552 Omnes
2499 2496 2607 2549 isti.
2633 2488 2852 2564 (Cat-16.,
2879 2489 3101 2556 Moral.,
3127 2488 3167 2543 1.
3191 2503 3347 2551 ιγιιι,
3378 2501 3429 2541 c.
3474 2484 3585 2555 14).
3628 2482 3789 2539 Prin—

2209 2586 2360 2657 cipes
2378 2594 2506 2640 sunt
2527 2599 2559 2638 a
2574 2582 2800 2639 Domino
2821 2581 3133 2635 recedentes
3153 2586 3208 2634 et
3232 2574 3623 2639 inobedientes,
3652 2584 3783 2638 etc.,

2210 2693 2371 2747 usque
2398 2676 2467 2730 ad
2497 2675 2589 2744 qui
2616 2674 2684 2729 ab
2724 2670 2975 2729 Eccleda:
3013 2668 3221 2724 unitate
3265 2664 3557 2731 discordat,
3603 2663 3789 2734 proxi-

2211 2786 2358 2825 mum
2410 2783 2517 2824 non
2564 2771 2730 2821 amat.

2808 2830 3034 2888 CAPUT
3077 2828 3188 2885 Ἧι.

2286 2949 2446 3006 Ἶειιε.
2493 2947 2548 3002 2.
2580 2943 2771 3001 —-Sta
2826 2944 2882 2997 in
2906 2950 3059 3013 porta
3113 2939 3298 2994 domus
3346 2935 3602 3002 Domini,
3650 2941 3788 3001 etc.,

2212 3039 2416 3114 (Ηιειι.)
2444 3038 2548 3095 Per
2572 3052 2733 3108 quam
2781 3033 3068 3091 multitudo
3131 3029 3312 3103 populi
3363 3028 3431 3082 ad
3490 3024 3789 3097 rogandum

2213 3133 2503 3190 Dominum
2532 3126 2849 3199 ingreditur,
2882 3132 3012 3188 etc.,
3037 3138 3197 3192 usque
3226 3120 3293 3175 ad
3315 3126 3368 3174 et
3410 3132 3506 3188 per
3546 3115 3788 3170 occasio.

2210 3240 2333 3282 nem
2359 3231 2414 3278 et
2432 3220 2794 3278 celebritatem
2814 3217 2919 3272 loci
2943 3213 3132 3271 audire
3151 3220 3414 3283 coguntur
3434 3208 3654 3264 verbum
3679 3205 3788 3261 Do-

2209 3317 2364 3374 mini.
3283 3302 3303 3320 ⁹

2278 3409 2444 3464 Ysas.
2496 3407 2551 3461 li.
2588 3402 2956 3473 —Templum
3007 3399 3238 3455 Domini.
3292 3394 3413 3465 (10,)
3460 3394 3647 3448 Potest
3683 3392 3791 3447 hoc

2206 3500 2496 3560 convenire
2525 3497 2631 3553 illis
2655 3494 2976 3565 virginibus,
3002 3500 3137 3557 etc.,
3157 3505 3319 3560 usque
3345 3488 3414 3541 ad
3435 3487 3487 3540 in
3517 3500 3625 3555 quo
3654 3483 3789 3539 ﬁdes

2207 3607 2355 3657 vera,
2397 3587 2734 3645 conversatio
2768 3592 2953 3639 sancta
2992 3589 3049 3638 et
3085 3579 3325 3637 omnium
3364 3578 3620 3632 virtutum
3657 3573 3791 3631 cho-

2210 3698 2441 3828 minus.
2473 3766 2737 3825 8.—Eece
2766 3782 2851 3821 vos
2873 3762 3205 3833 conﬁditisiu
3235 3759 3393 3815 vobis.
3422 3757 3543 3829 (1a.)
3563 3755 3790 3812 Frustra

2207 3883 2300 3922 eos
2328 3866 2383 3920 in
2418 3861 2615 3932 templo
2643 3860 2840 3915 habere
2873 3856 3125 3911 ﬁduciam
3175 3855 3289 3908 ilch
3318 3858 3536 3921 peccata
3567 3849 3791 3904 demon-

2207 3966 2404 4023 strant,
2426 3965 2557 4020 etc.,
2580 3968 2739 4024 usque
2760 3949 2827 4004 ad
2853 3949 2981 4003 etin
3009 3955 3212 4001 tantam
3228 3949 3585 4014 prorumpunt
3605 3955 3791 3994 amen-

2209 4049 2379 4114 tiam,
2400 4054 2462 4102 ut
2490 4044 2744 4100 liberatos
2777 4053 2835 4096 se
2854 4039 3082 4112 iactent,
3113 4035 3240 4105 quia
3263 4048 3294 4087 a
3315 4031 3460 4087 cultu
3486 4030 3579 4085 Dei
3610 4042 3789 4084 reces-

2210 4147 2446 4289 δεῖξέ.
2486 4226 2574 4282 11.
2607 4250 2680 4269 —-
2707 4220 2966 4294 Spelunca
2987 4218 3270 4281 latronum,
3300 4223 3406 4271 etc.
3430 4211 3556 4285 (1ο.)
3585 4209 3661 4266 De
3679 4210 3787 4266 hoc

2209 4326 2329 4382 loco
2354 4328 2626 4391 sumptum
2662 4323 2792 4388 puto
2822 4311 2965 4382 quod
3007 4308 3204 4365 dicitur
3232 4307 3286 4361 in
3314 4302 3624 4374 Evangelio,
3650 4309 3783 4366 etc.,

2214 4430 2374 4487 usque
2403 4410 2472 4467 ad
2492 4407 2635 4465 oculi
2662 4405 2769 4462 mei
2795 4397 3143 4470 contemplati
3165 4403 3293 4452 sunt
3325 4393 3466 4465 quod
3504 4406 3601 4446 vos
3631 4398 3787 4461 puta-

533 4515 832 4586 intelligere
857 4515 991 4572 velle
1011 4523 1252 4586 peccata,
1274 4522 1330 4571 et
1353 4513 1553 4569 nullam
1574 4512 1774 4569 habere
1792 4511 2103 4567 distantiam
2129 4530 2187 4592 Ι)
2215 4509 2285 4564 tis
2306 4503 2596 4592 occultum.

535 4611 797 4666 bonorum
830 4609 1199 4678 malorumque
1233 4621 1477 4678 operum.

452 4768 455 4771 _
606 4698 773 4777 Vens.
804 4699 893 4757 16.
920 4729 992 4741 -
1024 4696 1173 4755 State
1217 4713 1373 4769 super
1403 4697 1537 4753 vias.
1574 4693 1838 4767 Legamus
1866 4692 2109 4764 Evange-

537 4793 696 4848 licam
734 4789 1074 4864 parabolam,
1118 4789 1171 4844 in
1215 4803 1320 4859 qua
1365 4786 1668 4859 negotiator
1712 4785 1884 4840 bonus
1918 4798 2109 4839 omnes

538 4882 779 4939 vendidit
825 4880 1171 4953 margaritas,
1216 4890 1279 4935 ut
1312 4892 1475 4934 unam
1503 4887 1648 4932 emat
1677 4875 1970 4948 pretiosam
2005 4892 2017 4928 :
2051 4882 2110 4928 ut

539 4974 743 5030 scilicet
765 4986 864 5043 per
904 4970 1241 5042 patriarchas
1288 4976 1345 5025 et
1392 4967 1681 5039 prophetas
1728 4961 2010 5018 veniamus"
2041 4962 2110 5017 ad

538 5080 663 5120 eum
718 5063 810 5135 qui
843 5061 975 5118 dicit
1000 5079 1014 5115 :
1043 5060 1157 5132 Ego
1184 5075 1301 5115 sum
1328 5060 1430 5125 via,
1478 5058 1664 5113 veritas
1710 5064 1756 5109 et
1792 5056 1898 5109 vita
1922 5051 2106 5120 (Joan.

541 5155 680 5229 xw),
707 5154 871 5218 unde,
904 5151 1052 5209 State
1076 5168 1233 5222 super
1256 5150 1387 5216 vias,
1414 5157 1519 5205 etc.

612 5249 778 5303 Vens.
810 5248 897 5303 17.
924 5275 996 5286 —-
1034 5242 1219 5298 Vocem
1246 5242 1402 5298 tuber.
1460 5237 1667 5311 (Ηιειι.)
1703 5237 1901 5294 Vocem
1948 5234 2107 5301 tubae,

542 5339 797 5393 mandata
866 5334 1140 5407 Evangelii
1204 5333 1291 5387 vel
1339 5331 1639 5387 doctrinam
1700 5326 2107 5398 apostolorum:

542 5430 703 5493 unde,
735 5428 802 5483 In
831 5436 1057 5481 montem
1085 5423 1344 5478 excelsum
1382 5421 1602 5476 ascende
1633 5430 1688 5472 tu
1715 5419 1804 5490 qui
1850 5414 2112 5485 evangeli-

543 5536 635 5575 sas
664 5519 807 5581 Sion,
840 5518 1013 5574 exulta
1037 5518 1169 5572 sicut
1190 5514 1311 5569 tuba
1330 5528 1500 5567 vocem
1524 5520 1666 5564 tuam
1681 5548 1696 5575 ,
1719 5509 1810 5576 qui
1830 5505 2113 5561 annuntias

542 5616 857 5672 Jerusalem.

616 5707 781 5761 Vens.
807 5707 895 5760 20.
930 5736 997 5745 —
1024 5702 1089 5757 Ut
1126 5700 1251 5771 quid
1279 5699 1405 5753 mihi
1430 5697 1567 5751 thus.
1603 5693 1725 5766 (ιιι.)
1749 5691 1914 5761 Quasi
1936 5689 2111 5744 dicat:

551 5797 767 5855 Frustra
794 5796 921 5852 mihi
954 5796 1319 5889 st‘ungucnta
1371 5785 1699 5843 conﬁcienda
1724 5824 1738 5850 ,
1787 5790 1915 5846 etc.,
1957 5792 2118 5847 usque

2283 4597 2443 4653 Vens.
2476 4591 2563 4646 12.
2584 4619 2653 4632 -—
2679 4587 2760 4642 Ite
2790 4584 2859 4640 ad
2882 4582 3052 4638 locum
3074 4594 3245 4635 meum
3282 4578 3341 4631 in
3370 4573 3506 4640 Silo,
3529 4580 3632 4627 etc.
3660 4571 3784 4642 (1b.)

2209 4687 2312 4745 Ubi
2351 4681 2560 4739 scilicet
2586 4677 2689 4732 fuit
2719 4675 2950 4752 primum
2976 4666 3382 4726 tabernaculum
3423 4677 3623 4766 nium,
3652 4668 3781 4766 etc.,

2208 4793 2371 4848 usque
2392 4774 2459 4829 ad
2484 4771 2616 4827 Cum
2640 4750 2831 4821 venerit
2858 4762 3030 4817 Filius
3052 4759 3280 4816 hominis
3306 4750 3705 4829 putas—inveniet
3720 4750 3782 4820 ﬁ-

2211 4867 2329 4922 dem
2349 4877 2507 4934 super
2528 4868 2722 4913 terram
2750 4853 2899 4925 (Luc.
2926 4851 3101 4917 xvm).

2282 4924 2446 5009 Vens.
2488 4950 2576 5005 i3.
2613 4976 2684 4989 -—-
2715 4924 2796 4997 Ad
2830 4958 2916 4997 vos
2950 4955 3102 4994 mane
3145 4948 3483 5004 consurgens,
3508 4936 3616 4984 etc.
3660 4924 3783 4995 (1a.)

2208 5048 2326 5103 Non
2352 5044 2496 5115 quod
2523 5042 2571 5097 ei
2600 5049 2814 5107 tempus
2852 5026 3054 5102 absque
3090 5027 3324 5085 diluculo
3351 5025 3439 5090 sit,
3469 5033 3596 5085 etc.,
3624 5034 3787 5115 usque

2212 5137 2281 5193 ad
2303 5111 2396 5191 lilii
2427 5133 2563 5187 lucis
2592 5130 2847 5185 dicuntur
2871 5133 2927 5180 et
2951 5138 3061 5179 non
3086 5119 3263 5176 noctis
3305 5128 3483 5186 neque
3535 5111 3785 5168 tenebra-

2209 5246 2348 5293 rum,
2386 5242 2486 5283 nec
2521 5224 2867 5287 dormientes,
2905 5218 2999 5289 qui
3026 5216 3231 5273 scilicet
3253 5211 3505 5267 mandata
3537 5206 3631 5261 Dei
3657 5218 3787 5262 con-

2213 5327 2425 5377 servant
2436 5357 2449 5371 .

2283 5413 2447 5466 Vens.
2490 5409 2578 5464 14.
2605 5437 2674 5449 -—-
2699 5405 2845 5460 Sicut
2875 5402 2974 5471 feci
2997 5399 3133 5456 Silo.
3158 5394 3342 5466 Abjeci
3381 5389 3513 5454 Silo,
3541 5384 3784 5457 abiectu-

2212 5519 2306 5559 rus
2330 5509 2385 5556 et
2409 5498 2664 5568 templum
2695 5512 2708 5548 :
2733 5491 2905 5561 abjeci
2932 5490 3119 5546 decem
3142 5486 3336 5549 tribus,
3387 5479 3695 5550 abjecturus
3731 5479 3787 5528 et

2216 5592 2349 5648 duas
2371 5590 2561 5644 tribus.
2593 5582 2862 5654 Quidquid
2887 5580 2962 5635 illi
2988 5577 3186 5651 populo
3216 5575 3472 5637 minatur,
3500 5569 3789 5625 timeamus

2215 5695 2272 5740 et
2294 5683 2471 5745 nobis,
2499 5694 2566 5733 ne
2602 5675 2796 5731 similia
2838 5671 3119 5727 faciamus.

2290 5775 2450 5830 Vens.
2503 5768 2581 5823 l6.
2633 5796 2702 5807 -—
2725 5764 2804 5820 Tu
2824 5780 2942 5834 ergo
2977 5760 3104 5829 noli,
3134 5766 3237 5817 etc.
3269 5751 3475 5829 (litem)
3499 5749 3576 5805 Ne
3605 5746 3781 5800 vidca-
