4068 6344
341 361 410 421 21

1165 359 1430 417 GLOSSA
1469 361 1864 419 ORDINARIA.
1905 392 1976 402 —
2013 360 2400 420 PROPHETIA
2431 359 2768 418 JEREMIE.

3511 367 3578 419 2‘2

344 484 438 530 uir
454 467 711 542 p‘ropheta
735 482 932 541 rogans
978 482 1086 525 non
1131 470 1418 542 impet-rare
1465 474 1605 544 quod
1658 475 1910 544 postulat,
1940 474 1991 534 A
2017 483 2260 544 tempore
2279 473 2590 538 Salvatoris,
2617 491 2790 530 omnes
2837 474 3221 529 declinaverunt
3243 515 3257 540 ,
3283 477 3441 529 simul
3463 479 3583 533 ins»

341 562 586 636 praecipit
613 561 888 626 Dominus,
902 567 1032 626 etc.,
1059 577 1224 633 usque
1243 563 1312 616 ad
1341 565 1454 618 haec
1501 564 1909 634 impmnitentia,

343 655 461 709 inec
500 650 850 720 blasphemia,
881 650 966 705 vel
1002 652 1224 706 verbum
1260 653 1314 706 in
1362 651 1618 723 Spiritum
1669 662 1912 709 sanctum

342 742 718 798 remissionem
739 755 844 796 non
870 741 1034 796 habet
1059 741 1112 796 in
1133 749 1416 797 atternum.

412 831 576 886 Vens.
608 831 694 885 17.
717 860 789 873 ——
821 828 1009 885 Nonne
1036 831 1195 885 vides.
1242 831 1319 886 Ne
1347 839 1595 900 putemus
1637 831 1913 888 crudelem

338 921 510 976 Deum
544 937 558 973 ς
585 920 675 990 qui
699 935 797 974 nec
823 921 1000 990 rogari
1019 921 1271 990 patiatur,
1294 936 1514 976 causam
1543 923 1718 978 reddit
1741 938 1936 995 quare.

340 1026 449 1066 non
477 1011 678 1073 audiat,
710 1007 898 1064 Nonne
924 1009 1062 1064 uides
1084 1011 1110 1063 7

408 1102 572 1158 Vens.
600 1101 691 1155 20.
718 1130 789 1140 —
806 1099 1098 1170 Con/tatur.
1131 1101 1335 1173 (Ηιειι.)
1360 1101 1523 1170 Quasi
1546 1101 1690 1157 dicat
1724 1120 1737 1157 :
1763 1103 1916 1170 Quod

339 1193 436 1248 diu
458 1192 637 1249 facere
666 1192 833 1258 nolui,
863 1199 1166 1248 vestrorum
1206 1201 1546 1264 peccatorum
1575 1193 1916 1249 multitudine

337 1283 519 1338 facere
543 1282 835 1352 compellor
860 1295 1021 1352 super
1044 1283 1190 1338 viros
1227 1289 1283 1338 et
1304 1298 1468 1354 super
1482 1282 1750 1352 iumenta.
1781 1283 1916 1339 Cum

337 1371 594 1428 irascitur
622 1369 785 1436 Deus,
825 1371 992 1425 etiam
1031 1371 1296 1438 homines,
1318 1380 1385 1428 et
1429 1387 1550 1444 qua:
1584 1381 1710 1428 sunt
1745 1372 1918 1429 homi-

334 1461 444 1528 nis,
480 1459 716 1528 similem
738 1459 1082 1517 severitatem
1114 1461 1372 1517 sentiunt.

405 1549 570 1606 Vens.
591 1548 684 1617 22.
714 1579 784 1589 —
812 1547 950 1615 Quia
974 1565 1080 1603 non
1111 1566 1228 1604 sum
1256 1549 1487 1605 locutus.
1517 1547 1642 1622 (ln.)
1689 1548 1914 1605 Manife-

334 1647 420 1707 ste
445 1640 701 1702 ostendit,
735 1639 860 1709 quia
893 1639 1466 1712 primumdecalogum
1510 1640 1738 1707 dederit,
1783 1649 1913 1707 etc.,

333 1745 498 1800 usque
523 1730 592 1784 ad
618 1729 924 1784 necessaria
953 1745 1082 1807 ergo
1117 1729 1218 1785 l'uit
1236 1731 1407 1802 gratia
1435 1731 1770 1802 evangelica,
1797 1746 1916 1801 quae

2013 564 2129 618 tiles
2168 563 2295 632 facti
2313 573 2452 626 sunt,
2478 579 2580 619 non
2617 574 2690 618 est
2728 565 2816 636 qui
2837 565 2995 633 faciat
3021 564 3211 617 bonum
3234 561 3404 634 (Psal.
3435 568 3577 638 xm).

2015 653 2168 712 Unde
2201 645 2360 724 ipse:
2398 651 2611 708 Salvum
2650 671 2730 708 me
2755 656 2859 724 fac,
2890 653 3130 718 Domine,
3159 653 3405 723 quoniam
3434 657 3579 726 defc-

2013 743 2082 797 cit
2107 753 2316 798 sanctus
2339 743 2500 815 (Ibid.
2528 744 2625 812 χι).
2677 745 2772 800 Ubi
2797 755 2919 800 sunt
2945 762 3071 816 ergo
3094 745 3186 817 qui
3207 743 3394 801 dicunt
3417 747 3472 801 in
3493 765 3584 804 no-

2013 842 2123 890 stra
2160 835 2394 903 positum
2418 843 2682 904 potestate
2701 838 2847 892 omni
2875 848 3103 908 peccato
3132 856 3321 898 carere
3339 840 3366 894 ?

2082 917 2246 980 Vens.
2279 925 2656 984 7.—Milvus.
2686 929 2742 982 in
2797 929 2943 984 caelo.
2994 931 3114 1003 (ln.)
3178 934 3340 1001 Quasi
3397 935 3579 991 dicat:

2013 1013 2186 1068 Etiam
2210 1029 2337 1070 aves
2362 1030 2460 1069 sua
2487 1026 2685 1072 norunt
2711 1025 2977 1089 tempora,
2998 1030 3060 1076 ut
3089 1023 3261 1078 sciant
3282 1025 3496 1095 quando
3516 1026 3584 1081 ad

2015 1104 2187 1159 calida
2242 1103 2560 1163 festinantes
2615 1106 2730 1162 loca
2777 1109 3008 1178 rigorem
3064 1112 3272 1181 hyemis
3314 1113 3588 1174 declinare

2015 1195 2262 1262 debeant,
2287 1203 2340 1252 et
2359 1198 2500 1252 veris
2521 1199 2782 1269 principio
2801 1202 2868 1256 ad
2907 1202 3091 1257 solitas
3118 1205 3294 1260 redire
3315 1208 3578 1275 regiones.

2087 1285 2248 1342 Vens.
2309 1287 2392 1342 10.
2443 1286 2822 1360 —Propterea
2874 1292 3025 1347 dabo.
3079 1294 3201 1365 (ln.)
3248 1295 3588 1368 Receperunt

2013 1380 2314 1436 mercedem
2363 1396 2534 1449 suam,
2555 1391 2617 1449 et
2639 1385 2732 1454 qui
2752 1385 2976 1442 verbum
3010 1388 3221 1446 Domini
3251 1392 3580 1464 abiecerunt,

2015 1469 2343 1540 ipsiabjecti
2367 1479 2505 1527 sunt.

2084 1557 2246 1613 Vens.
2286 1560 2370 1614 11.
2395 1591 2466 1602 —
2493 1559 2560 1615 Et
2585 1565 2842 1622 sanabant
2869 1569 3252 1624 contritionem.
3279 1570 3402 1644 (ln.)
3423 1572 3588 1641 Quasi

2015 1648 2158 1704 dicat
2186 1665 2201 1704 :
2226 1649 2359 1705 Boni
2385 1651 2578 1707 medici
2603 1648 2776 1709 aliena
2803 1656 3024 1712 vulnera
3050 1660 3231 1715 verbis
3268 1676 3461 1719 sanare
3495 1680 3590 1722 cu-

2014 1739 2249 1810 piebant,
2276 1750 2404 1807 etc.,
2436 1760 2596 1815 usque
2615 1747 2686 1799 ad
2712 1753 2765 1802 et
2789 1748 3136 1818 ignominiam
3166 1767 3356 1810 eorum
3381 1757 3475 1826 qui
3496 1757 3590 1814 de-

331 1835 429 1880 eos
455 1835 562 1876 non
595 1821 793 1878 merito
815 1836 956 1888 suo,
989 1822 1084 1878 sed
1122 1821 1220 1880 Dei
1271 1823 1640 1881 misericordia
1701 1837 1921 1880 conser-
1950 1821 1999 1882 Β
2025 1831 2228 1902 cipiunt
2251 1833 2510 1898 dicentes,
2535 1851 2664 1906 pax,
2710 1853 2837 1907 pax,
2867 1851 2974 1896 etc.

333 1922 506 1970 varet.

405 2003 566 2061 Vens.
596 2005 690 2060 27.
721 2036 786 2046 --
810 2002 880 2058 Et
905 2005 1135 2077 loqueris
1157 2005 1228 2058 ad
1266 2021 1372 2060 eos.
1407 2004 1530 2077 (ιιι.)
1559 2003 1637 2059 Ne
1659 2003 1915 2061 dubitetis

336 2094 596 2151 indurare
641 2096 903 2163 cervices,
951 2104 1084 2163 etc.,
1119 2113 1280 2167 usque
1317 2097 1386 2151 ad
1425 2112 1569 2152 nunc
1594 2096 1783 2154 saltem
1837 2095 1916 2152 lo-

329 2202 499 2259 quere
524 2187 605 2243 eis
644 2188 826 2243 verbis
852 2187 1009 2243 meis.

401 2277 566 2332 Vens.
594 2277 686 2332 28.
711 2305 786 2316 —
808 2275 936 2331 Ηιεσ
975 2286 1052 2332 est
1080 2293 1224 2348 gens.
1248 2275 1362 2332 Hoc
1401 2276 1454 2331 in
1503 2285 1745 2348 tempore
1789 2293 1916 2347 pro-

323 2371 614 2442 phetarum
636 2368 836 2424 iactum
864 2377 967 2434 est,
995 2377 1050 2424 et
1071 2370 1123 2424 in
1148 2370 1337 2424 umbra
1361 2369 1655 2438 praecessit.
1680 2367 1738 2424 In
1759 2369 1917 2424 Chri-

329 2471 416 2518 sto
443 2461 604 2532 plene
638 2460 961 2530 completum
996 2471 1112 2526 est,
1157 2461 1310 2530 cujus
1338 2460 1680 2530 disciplinam
1726 2461 1916 2517 nolue-

331 2563 456 2610 runt
489 2552 699 2618 audire,
733 2553 873 2607 unde
900 2552 1179 2622 eleganter
1199 2551 1432 2607 infertur
1465 2570 1478 2607 :
1512 2551 1688 2606 Periit
1712 2553 1841 2621 ﬁdes
1868 2563 1918 2607 et

329 2646 505 2702 ablata
531 2654 626 2699 est.
658 2643 788 2710 Qua:
811 2643 1029 2714 proprie
1051 2642 1480 2699 Christianorum
1506 2651 1610 2698 cst.

403 2738 568 2792 Vens.
598 2735 685 2790 29.
714 2765 786 2774 —
817 2733 993 2788 Tunde
1032 2735 1298 2805 capillum.
1343 2735 1494 2806 Apud
1540 2743 1751 2790 veteres
1791 2750 1918 2792 con-

327 2825 556 2884 suetudo
589 2824 690 2879 fuit
725 2823 1018 2895 lugentium
1068 2825 1295 2880 tondere
1340 2824 1651 2889 caesariem,
1693 2840 1838 2881 nunc
1886 2839 1920 2880 e

326 2923 519 2974 contra
547 2929 760 2970 comam
786 2913 1058 2969 dimittere
1090 2912 1267 2970 luctus
1308 2914 1563 2970 indicium
1586 2921 1685 2969 est.

399 3004 561 3060 Vens.
586 3005 761 3060 51.—
787 3003 1011 3058 Excelsa
1068 3002 1280 3074 Tophet.
1325 3004 1530 3076 (Ηιιειι.)
1561 3003 1768 3075 T0phet
1813 3003 1918 3059 He.

326 3094 534 3160 braice,
564 3082 791 3148 latitudo
819 3092 1032 3159 Latine,
1055 3093 1146 3163 qui
1175 3093 1325 3150 locus
1347 3103 1450 3158 est,
1478 3102 1609 3158 etc.,
1644 3111 1807 3165 usque
1839 3089 1912 3149 ad

325 3201 503 3256 neque
521 3185 667 3240 enim
692 3185 738 3240 si
761 3185 910 3240 canis
926 3193 1020 3239 aut
1043 3185 1226 3240 asinus
1252 3194 1344 3239 aut
1366 3187 1702 3241 immundum
1725 3185 1899 3255 quod-
1933 3167 1978 3230 (ἶ

325 3278 460 3338 libet
489 3275 686 3331 animal
713 3275 944 3347 primum
993 3275 1322 3340 occurrisset
1342 3275 1576 3340 domino,
1601 3275 1794 3331 olierre
1813 3277 1906 3331 de-

326 3369 554 3424 buisset.

397 3457 562 3514 Vens.
586 3457 676 3514 32.
709 3487 782 3498 —
803 3455 940 3511 Ecce
965 3456 1075 3511 dies
1112 3457 1331 3511 venient.
1367 3454 1493 3526 (10.)
1536 3454 1764 3522 Quando
1815 3469 1906 3510 re-

327 3552 491 3606 cessit
519 3567 549 3605 a
586 3549 846 3604 ﬁdelitate
868 3549 1076 3603 Domini
1101 3547 1208 3614 sui,
1247 3555 1376 3602 tunc
1403 3545 1625 3616 incmpit
1673 3545 1898 3601 obsidio.

327 3639 436 3695 Sed
482 3655 606 3696 cum
667 3653 760 3694 rex
817 3637 1032 3708 Egypti
1073 3638 1280 3694 veniret
1325 3644 1382 3692 et
1444 3635 1704 3692 liberaret
1754 3634 1909 3691 Jeru-

329 3732 516 3798 salem,
549 3731 1040 3786 Nabuchodonosor
1061 3729 1208 3784 illum
1244 3727 1464 3799 fugavit.
1509 3726 1703 3782 Postea
1729 3725 1908 3784 Nabu-

329 3822 528 3877 zardan
571 3820 793 3881 obsedit,
816 3835 958 3885 eam,
984 3828 1040 3875 et
1060 3820 1222 3890 cepit,
1253 3828 1309 3875 et
1347 3818 1500 3874 duxit
1529 3816 1813 3875 Sedeciam
1851 3817 1909 3881 in

329 3912 667 3966 Antiochiam
686 3951 702 3976 ,
727 3919 782 3965 et
813 3909 885 3963 ibi
911 3910 1148 3964 orbatus.

400 4003 561 4057 Vens.
593 4000 824 4055 34.--Et
844 4001 1102 4070 quiescere
1123 3998 1336 4066 faciam.
1359 3998 1494 4053 Cum
1523 3997 1674 4053 locus
1694 3995 1904 4052 idololav

330 4092 448 4150 tria:
481 4105 670 4145 versus
694 4088 854 4143 fuerit
893 4089 944 4142 in
975 4088 1241 4158 sepulcra,
1267 4096 1328 4142 ut
1362 4086 1453 4142 ubi
1482 4088 1652 4142 Deum
1682 4083 1914 4153 offende-

330 4189 468 4247 rant,
513 4180 587 4235 ibi
615 4181 878 4236 cadavera
900 4193 1085 4234 eorum
1117 4178 1392 4234 inhumata
1440 4175 1734 4246 jacerent._

911 4309 1140 4365 CAPUT
1177 4308 1308 4365 Vill.

405 4449 568 4504 Vens.
608 4450 659 4504 1.
686 4479 755 4489 —
783 4447 848 4504 In
885 4457 1113 4519 tempore
1155 4449 1273 4514 illo,
1317 4457 1420 4505 etc.
1454 4447 1680 4522 (Ηιειι.)
1719 4448 1912 4507 Omnia

329 4551 449 4607 quce
475 4537 802 4608 prophetalis
837 4553 1016 4592 sermo
1055 4538 1331 4622 despribit,
1372 4519 1504 4605 etc.,
1540 4519 1675 4610 isque
1695 4540 1766 4594 ad
1809 4554 1906 4594 au-
1931 4519 1984 4592 .D

331 4645 451 4683 rum
482 4637 536 4684 et
559 4637 837 4700 argentum
861 4644 980 4699 qua:
1006 4629 1059 4683 in
1095 4629 1356 4700 sepulcris
1388 4644 1540 4688 more
1562 4631 1784 4701 antiquo
1815 4645 1906 4700 po»

330 4721 614 4783 riebantun
971 4779 974 4782 ,

408 4811 568 4865 Vens.
591 4809 640 4864 4.
674 4840 740 4850 -
763 4809 834 4864 Et
853 4809 1023 4867 dices.
1043 4809 1347 4869 Posttanta
1371 4809 1513 4866 mala
1538 4810 1608 4866 ad
1631 4811 1902 4882 paeniten-

332 4908 464 4955 tiam
508 4906 900 4969 provocateos
940 4899 1032 4969 qui
1083 4907 1476 4966 remanserunt.
1525 4898 1672 4966 Sive,
1724 4900 1938 4972 prius-‘

331 5007 491 5062 quam
514 4991 750 5056 veniant,
781 5005 902 5061 quae
927 4991 1164 5047 minatus
1187 5000 1290 5057 est,
1318 4992 1565 5048 hortatur
1587 4994 1655 5047 ad
1679 5007 1904 5050 conver-

331 5083 559 5147 sionem,
589 5089 645 5136 et
677 5082 1005 5152 paenitentia:
1041 5082 1218 5138 locum
1260 5084 1478 5140 iudicat.
1537 5086 1758 5140 Aversus
1803 5096 1901 5152 est,

331 5173 448 5226 sive
475 5172 676 5226 avertit.
706 5170 870 5238 Quasi
909 5173 1090 5229 dicat:
1121 5173 1426 5232 Conversus
1467 5184 1644 5245 potest
1669 5178 1762 5233 irae
1803 5178 1900 5236 Dei

329 5260 584 5332 precibus
610 5262 862 5342 resistere
885 5272 940 5318 et
968 5272 1229 5319 avertere.

404 5350 563 5406 Vens.
590 5351 639 5406 5.
671 5383 740 5392 —
764 5351 939 5417 Quare
966 5371 1108 5425 ergo,
1137 5364 1238 5410 etc.
1293 5355 1496 5428 (Ηιειι.)
1547 5358 1760 5426 Quanto
1810 5377 1904 5418 eos

333 5442 398 5497 ad
421 5441 792 5511 pmuiteutiam
817 5445 1122 5512 provocavi,
1156 5454 1304 5501 tanto
1341 5449 1512 5518 magis
1541 5461 1901 5522 recesserunt,

334 5547 440 5594 non
469 5542 576 5593 tam
601 5534 777 5613 studio
803 5536 1079 5604 peccandi,
1117 5553 1278 5607 quam
1306 5553 1393 5594 me
1419 5542 1724 5612 superandi.

406 5628 567 5692 Vens.
595 5629 644 5683 6.
691 5661 760 5669 —-
794 5629 961 5684 Nemo
997 5632 1136 5701 quod
1179 5633 1390 5698 bonum,
1427 5641 1533 5688 etc.
1587 5633 1708 5706 (1ο.)
1739 5634 1904 5691 Omne

326 5731 495 5788 genus
525 5718 791 5772 hominum
817 5735 1032 5787 pronum
1069 5729 1142 5776 est
1167 5721 1234 5776 ad
1265 5722 1458 5777 malum
1489 5720 1638 5793 (Gen.
1673 5726 1808 5794 Vill).
1846 5727 1900 5782 In

2088 1923 2253 1980 Vens.
2287 1925 2374 1987 12,
2401 1957 2472 1967 —
2499 1926 2704 1983 Idcirco
2727 1931 2934 1986 cadent.
2968 1931 3092 2004 (Ιυ.)
3144 1935 3216 1992 Ut
3250 1952 3480 2008 quorum
3509 1940 3590 1995 di-

2015 2016 2194 2086 gnitas
2221 2017 2543 2085 excellebat,
2581 2020 2744 2075 etiam
2787 2023 2955 2078 ruina:
3002 2026 3182 2096 populi
3236 2029 3584 2096 misceantur,

2014 2104 2141 2174 quia
2167 2105 2373 2162 scilicet
2391 2125 2422 2162 a
2444 2109 2657 2164 minimo
2679 2127 2840 2181 usque
2860 2114 2928 2167 ad
2953 2117 3240 2172 maximum
3275 2135 3451 2174 omnes
3472 2137 3590 2176 aua-

2012 2201 2150 2256 ritia:
2173 2203 2379 2256 student
2411 2201 2543 2274 (ler.
2594 2203 2691 2277 vr).

2085 2291 2248 2347 Vens.
2277 2293 2360 2347 15.
2394 2323 2464 2332 —
2501 2292 2624 2348 Non
2652 2305 2728 2350 est
2758 2313 2856 2351 uva
2875 2338 2889 2363 ,
2917 2305 3018 2353 etc.
3046 2297 3209 2365 Quasi
3239 2301 3378 2357 dicat
3408 2317 3425 2357 :
3453 2302 3590 2358 Cum

2014 2388 2256 2452 tempora
2288 2390 2632 2452 praetereant,
2659 2392 2714 2439 et
2734 2386 2908 2440 aestati
2933 2389 3183 2444 succedat
3202 2397 3514 2457 autumnus,
3535 2401 3591 2447 et

2015 2473 2208 2545 hyeme
2236 2473 2491 2529 arborum
2522 2477 2717 2531 cadant
2747 2476 2873 2533 folia
2905 2492 2921 2532 :
2956 2479 3022 2535 de
3069 2479 3227 2552 longe
3274 2491 3471 2538 cuncta
3516 2483 3590 2538 vi-

2015 2561 2226 2630 debitis,
2255 2579 2356 2619 nec
2381 2580 2450 2620 ex
2477 2566 2557 2620 eis
2581 2566 2758 2622 cibum
2781 2569 3024 2638 capietis.

2088 2654 2249 2710 Vens.
2288 2656 2370 2710 14.
2404 2687 2474 2696 -
2495 2657 2672 2723 Quare
2692 2660 2943 2714 sedemus.
2974 2659 3088 2716 Vox
3115 2661 3297 2733 populi
3319 2663 3591 2720 inducitur

2018 2749 2414 2818 reSpondentis,
2437 2758 2492 2803 et
2519 2751 2651 2804 vitia
2674 2766 2770 2806 sua
2796 2752 3120 2820 conﬁtentis,
3151 2763 3206 2810 et
3244 2770 3364 2812 sese
3402 2765 3591 2813 mutuo

2018 2839 2368 2896 cohortantis.
2399 2837 2676 2896 Conuenite
2701 2853 2750 2898 et
2788 2845 3147 2914 ingrediamur
3180 2847 3438 2903 civitatem
3477 2865 3592 2902 mu-

2018 2929 2198 2984 nitam.
2230 2929 2322 2984 Vel
2343 2947 2506 2986 unam
2531 2931 2806 2989 civitatem
2819 2932 3114 2992 Jerusalem
3139 2954 3152 2990 :
3175 2935 3288 3007 jam
3307 2938 3452 2993 enim
3471 2938 3593 2994 alia

2020 3029 2188 3090 capta:
2229 3019 2458 3076 fuerant.

2093 3105 2259 3163 Vens.
2291 3110 2374 3164 16.
2407 3141 2479 3151 —
2505 3112 2549 3166 A
2576 3111 2698 3167 Dan
2731 3113 2944 3169 auditus
2980 3125 3074 3169 est.
3101 3114 3204 3171 Ubi
3229 3113 3478 3172 Jordanis
3502 3117 3593 3172 ﬂu-

2011 3197 2134 3252 vius
2158 3200 2335 3254 oritur
2367 3218 2380 3255 :
2413 3199 2911 3259 Nabuchodonosor
2950 3205 3277 3261 describitur
3302 3222 3332 3262 a
3355 3208 3471 3263 Dan
3501 3223 3592 3264 ve-

2008 3287 2165 3342 niens
2194 3303 2290 3358 per
2315 3289 2630 3346 Phoenicem
2653 3307 2774 3348 cum
2810 3293 3048 3349 exercitu
3081 3309 3197 3350 suo.

2080 3371 2240 3430 Vens.
2276 3378 2358 3430 17.
2392 3409 2462 3418 -
2487 3379 2695 3434 Mittam
2723 3382 2862 3437 vobis
2883 3395 3160 3454 serpentes.
3193 3386 3317 3458 (11).)
3346 3385 3419 3443 Ut
3442 3389 3589 3444 insa-

2008 3464 2262 3521 nabiliter
2287 3469 2590 3538 percutiant
2616 3485 2734 3537 vos,
2773 3481 2903 3540 etc.,
2943 3491 3104 3545 usque
3125 3478 3196 3530 ad
3232 3479 3324 3546 qui
3377 3479 3587 3549 eloquia

2008 3554 2222 3612 Domini
2249 3566 2602 3616 contemnunt
2654 3563 2942 3619 traduntur
2967 3565 3294 3623 adversariis
3348 3579 3587 3639 potesta-

2011 3649 2168 3706 tibus.

2081 3739 2240 3796 Vens.
2279 3741 2364 3796 18.
2394 3772 2464 3782 -
2485 3742 2651 3798 Dolor
2668 3760 2831 3800 meus.
2867 3748 2989 3819 (In)
3017 3747 3096 3803 Ex
3122 3765 3350 3820 persona
3374 3753 3586 3810 Domini

2009 3830 2126 3885 haec
2147 3829 2390 3900 legenda,
2416 3833 2751 3890 eversionem
2792 3835 3089 3894 Jerusalem
3143 3842 3468 3914 plangentis,
3533 3857 3589 3902 et

2011 3919 2127 3988 ejus
2145 3921 2417 3976 miseriam
2447 3939 2551 3979 non
2587 3925 2824 3982 ferentis.

2085 4011 2240 4065 Vens.
2277 4012 2360 4066 19.
2390 4043 2462 4053 —
2491 4013 2558 4068 Et
2583 4033 2696 4070 ecce
2721 4034 2831 4073 vox.
2877 4020 3140 4078 Describit
3169 4022 3347 4081 ﬂetum
3379 4036 3434 4083 et
3464 4029 3583 4085 ulu-

2013 4099 2178 4156 latum
2210 4103 2359 4159 urbis
2403 4104 2661 4175 ingressis
2684 4109 2946 4166 hostibus.
2986 4111 3182 4170 Hostes
3217 4117 3492 4174 venientes
3518 4121 3584 4176 de

2013 4200 2160 4246 terra
2185 4191 2475 4262 longinqua
2504 4194 2740 4251 clamant
2763 4208 2949 4255 contra
2987 4203 3258 4260 civitatem
3310 4207 3393 4263 vel
3436 4210 3583 4265 cives

2012 4287 2201 4342 contra
2231 4281 2430 4338 hostes.
3255 4308 3266 4317 ο

2085 4371 2242 4426 Vens.
2276 4372 2448 4427 20.—
2478 4374 2704 4432 Transiit
2729 4382 2924 4437 messis.
2959 4383 3131 4440 Verba
3172 4387 3349 4458 populi
3397 4390 3450 4444 in
3495 4389 3581 4445 Je-

2013 4461 2246 4519 rusalem
2270 4462 2428 4534 longa
2454 4465 2734 4524 obsidione
2759 4472 3016 4538 conclusi,
3059 4476 3182 4546 quia
3206 4487 3406 4535 mutata
3457 4491 3582 4537 sunt

2011 4559 2271 4624 tempora,
2295 4556 2420 4610 anni
2450 4557 2684 4623 circulus
2709 4562 2999 4620 revolutus.
3030 4565 3166 4634 Spes
3193 4578 3370 4625 autem
3395 4580 3578 4628 nostra

2008 4643 2178 4705 irrita.

2078 4733 2241 4794 Vens.
2297 4738 2383 4792 21.
2419 4769 2487 4779 —-
2514 4739 2681 4811 Super
2728 4747 3053 4803 contritione.
3102 4750 3310 4805 Domini
3358 4769 3580 4824 respon-

2007 4823 2110 4891 sio,
2146 4827 2238 4897 qui
2269 4826 2322 4881 iu
2344 4826 2634 4885 afﬂictione
2655 4830 2955 4889 Jerusalem
2986 4835 3198 4892 videtur
3226 4823 3473 4898 amictus.

2621 4961 2848 5020 CAPUT
2881 4965 2973 5020 IX.

2082 5091 2240 5147 Vens.
2279 5093 2326 5146 1.
2353 5124 2422 5134 —
2447 5094 2575 5160 Quis
2603 5097 2765 5150 dabit.
2797 5098 3000 5172 (HlElL)
3032 5101 3142 5158 Rex
3165 5100 3460 5162 Jerusalem
3482 5110 3579 5166 ob-

2010 5197 2156 5238 sessa
2179 5183 2396 5240 divitate
2424 5188 2492 5239 ab
2523 5187 2785 5254 hostibus,
2817 5199 2947 5256 etc.,
2976 5207 3135 5262 usque
3180 5194 3250 5247 ad
3271 5195 3373 5251 hoc
3395 5208 3574 5254 autem

2011 5281 2120 5328 tam
2150 5288 2216 5328 ex
2242 5290 2469 5343 persona
2501 5277 2730 5344 Domini,
2763 5294 2922 5349 quam
2951 5296 3018 5337 ex
3055 5298 3281 5352 persona
3304 5289 3578 5359 propheta

2009 5365 2229 5436 intelligi
2263 5377 2454 5438 potest.
2529 5365 2542 5377 ’

2077 5455 2238 5510 Vens.
2269 5457 2322 5511 2.
2356 5487 2426 5497 -—
2455 5457 2584 5522 Quis
2612 5460 2754 5515 dabit
2782 5478 2879 5529 me,
2916 5472 3019 5519 etc.
3069 5465 3229 5532 Quasi
3266 5468 3446 5524 dicat:
3475 5471 3578 5527 Me-

2000 5542 2108 5624 lius
2131 5555 2214 5602 est
2237 5545 2479 5602 habitare
2502 5548 2554 5604 in
2581 5548 2890 5617 solitudine,
2914 5569 3076 5623 quam
3102 5555 3244 5610 inter
3273 5565 3420 5614 tanta
3463 5575 3576 5615 sce-

2004 5616 2117 5698 lera
2147 5637 2420 5693 hominum
2450 5643 2792 5696 commorari.
2833 5643 2979 5699 Unde
3015 5644 3066 5699 in
3094 5645 3383 5718 Evangelio
3417 5669 3427 5703 :
3479 5650 3576 5705 Us-

2007 5742 2206 5798 quequo
2224 5730 2480 5784 sustinebo
2517 5747 2601 5786 vos
2631 5731 2884 5798 .’(.i!auli.
2926 5735 3079 5790 xvn.)
3133 5737 3200 5792 Et
3258 5739 3383 5793 alibi
3417 5759 3427 5792 :
3473 5740 3574 5800 Οιιὶ

3041 5873 3073 5910 Ὠ
