4068 6344
479 323 551 377 25
976 318 1369 375 WALAFRIDI
1408 317 1656 374 STRABI
1689 316 1894 375 FULD.
1935 315 2102 372 MON.
2140 314 2291 370 ωλι».
2331 314 2510 370 PARS
2545 317 2586 369 l.
2632 345 2694 356 —-
2729 317 3182 376 TH‘EOLOGICA.
3638 319 3710 392 μ

473 433 941 503 intelligitudcbit,
957 434 1204 504 quoniam
1219 443 1417 503 tempus
1435 434 1712 504 pessimum
1734 441 1808 488 est
1825 428 2038 502 (Thren.
2069 430 2125 490 Α
2145 427 2387 483 virorum
2417 427 2656 484 omnium
2695 447 2709 484 :
2759 440 2817 490 ut
2856 430 2962 485 illis
3005 447 3036 485 a
3074 430 3319 488 doctrina
3349 434 3708 500 cessantibus,

473 541 535 581 Ill
562 542 578 590 ;
605 524 768 579 Mich.
802 525 887 596 ll).

542 614 706 670 Vens.
733 614 787 668 5.
814 644 884 654 —
914 613 1050 678 Quia
1069 614 1134 668 de
1154 613 1315 679 malo,
1345 622 1450 674 etc.
1477 613 1680 686 (Ηιειι.)
1707 613 1783 668 De
1816 613 1962 668 malo
1985 613 2040 667 in

469 704 669 760 malum
695 713 976 760 transeunt
1001 715 1330 774 peccatores,
1367 714 1500 771 etc.,
1536 720 1696 776 usque
1719 703 1788 758 ad
1837 712 1894 760 et
1938 702 2040 759 lin-

469 813 575 868 gua
601 797 925 852 armantium
951 799 1004 851 in
1042 797 1449 866 blasphemiam.

542 886 704 942 Vens.
723 888 778 941 4.
799 914 871 926 -
899 885 1283 958 Unusquisque,
1315 894 1420 944 etc.
1446 883 1661 958 (Gnec.)
1685 882 1920 940 Callidus
1943 884 2040 938 bo-

468 977 569 1035 stis
597 994 719 1032 cum
750 992 782 1031 a
817 977 1080 1032 bonorum
1119 978 1369 1032 cordibus
1412 976 1604 1046 expelli
1653 990 1712 1030 se
1755 975 2036 1044 conspicit,

465 1082 561 1121 eos
588 1067 678 1136 qui
703 1067 770 1122 ab
798 1065 904 1122 illis
927 1066 1080 1122 valde
1115 1067 1411 1136 diliguntur
1439 1065 1694 1134 exquirit,
1742 1071 1797 1118 et
1821 1080 1920 1134 per
1942 1077 2037 1117 eo-

467 1172 587 1210 rum
608 1157 771 1211 verba
796 1156 1078 1212 blandiens
1099 1157 1353 1226 loquitur,
1377 1155 1466 1225 qui
1486 1155 1603 1226 plus
1623 1156 1833 1210 caeteris
1855 1170 2040 1208 aman-

467 1255 572 1311 tur,
605 1257 666 1304 ut
689 1250 814 1305 dum
852 1250 934 1304 vis
961 1250 1162 1304 amoris
1187 1265 1281 1303 cor
1317 1247 1578 1317 perforat,
1605 1247 1759 1302 facile
1812 1261 2036 1317 persua-

464 1343 632 1397 sionis
655 1342 862 1414 gladius
884 1344 951 1397 ad
982 1343 1182 1398 intimae
1211 1342 1546 1406 rectitudinis
1601 1341 1788 1396 intima
1841 1340 2040 1394 irrum-

462 1442 574 1502 pat.
612 1433 654 1486 A
680 1435 918 1503 proximo
942 1450 1058 1487 suo.
1091 1432 1294 1504 (Ηιειι.)
1325 1432 1459 1499 Quia
1490 1441 1536 1486 et
1575 1431 1774 1484 mimici
1812 1431 2036 1484 hominis

463 1522 734 1579 domestici
780 1523 893 1591 ejus
942 1521 1127 1594 (Mich.
1155 1522 1250 1594 vi).
1291 1522 1541 1576 Fratrum
1591 1535 1806 1591 quoque
1864 1521 2036 1590 gratia

461 1630 604 1670 rara.
633 1611 700 1668 Et
745 1614 913 1668 tradet
932 1624 1081 1684 pater
1111 1614 1304 1683 lilium,
1342 1623 1390 1666 et
1428 1613 1568 1681 [ilius
1588 1622 1809 1682 patrem.
1846 1609 1914 1665 Et
1932 1611 2036 1664 duo

460 1704 514 1758 in
547 1716 670 1767 tres,
704 1713 748 1755 et
776 1713 877 1757 tres
903 1705 957 1756 in
977 1704 1082 1757 duo
1107 1703 1399 1756 dividentur
1421 1700 1570 1773 (Luc.
1599 1700 1720 1771 xu).

534 1793 695 1848 Vens.
731 1795 784 1847 5.
801 1826 871 1835 —-
893 1793 959 1848 Ut
982 1796 1156 1865 inique
1176 1803 1384 1865 agerent
1407 1793 1791 1847 laboraverunt.
1818 1791 2031 1864 (διες.)
2060 1782 2110 1842 Β

459 1885 538 1939 Ac
572 1887 615 1940 si
647 1894 830 1954 aperte
869 1886 1171 1941 diceretur:
1202 1884 1301 1952 Qui
1325 1883 1482 1938 amici
1512 1897 1631 1938 esse
1652 1883 1892 1938 veritatis
1920 1883 2037 1938 sine

459 1975 644 2032 labore
673 1986 982 2047 potuerunt,
1011 1985 1068 2030 ut
1087 1985 1330 2046 peccent,
1362 1976 1608 2032 laborant
1646 1994 1659 2030 :
1696 1990 1924 2045 cumque
1956 1974 2036 2028 vi-

459 2087 588 2128 vere
613 2071 924 2140 simpliciter
957 2078 1209 2136 renuunt,
1259 2070 1534 2130 laboribus
1566 2071 1787 2141 exigunt
1813 2077 1874 2124 ut
1915 2084 2034 2125 mo-

460 2160 634 2214 riantu
643 2178 687 2214 r.

531 2272 696 2329 Vens.
735 2276 788 2330 7.
813 2307 883 2316 —
914 2275 978 2330 Et
1007 2276 1233 2344 probabo
1259 2293 1366 2330 eos.
1395 2275 1600 2348 alien.)
1624 2275 1681 2330 ln
1704 2274 1922 2330 fornace
1940 2272 2036 2328 tri-

458 2365 766 2421 bulationis.
803 2367 944 2422 Vasa
973 2369 1122 2437 ﬁguli
1150 2369 1330 2438 probat
1375 2369 1566 2438 fornae:
1596 2369 1785 2440 (Eccli.
1815 2368 1985 2438 xxvii)
2015 2387 2027 2421 :

459 2466 520 2511 ut
547 2459 802 2529 quidquid
833 2462 886 2514 in
918 2462 1072 2515 nobis
1103 2457 1416 2516 adulterinae
1443 2461 1682 2516 materiae
1726 2469 1829 2525 est,
1853 2459 2031 2515 exco-

458 2553 993 2624 quatur.Argentum
1039 2554 1183 2608 enim
1230 2553 1440 2607 Domini
1486 2554 1602 2623 igne
1647 2553 2025 2615 examinatum,

455 2644 730 2711 probatum
757 2655 930 2710 terrm,
952 2655 1230 2715 purgatum
1267 2643 1556 2715 septuplum
1582 2642 1754 2714 (Psal.
1784 2641 1882 2713 ιι).

528 2757 691 2812 Vens.
724 2758 776 2812 9.
807 2789 878 2799 —
903 2757 1158 2830 Nunquid
1191 2777 1346 2830 super
1369 2760 1450 2814 liis
1521 2759 1640 2832 (ln.)
1670 2759 1821 2829 Szepe
1864 2762 2034 2817 versi-

456 2847 634 2902 culum
665 2849 826 2904 istum
853 2851 1066 2920 repetit,
1103 2860 1161 2904 ut
1190 2850 1344 2905 malis
1372 2866 1559 2906 eorum
1586 2851 1913 2906 enumeratis
1945 2852 2033 2908 in-

454 2935 594 2992 ferat
623 2937 838 3007 sejuste
872 2939 1050 2996 facere
1077 2941 1219 3011 quod
1258 2940 1404 2998 facit.

528 3049 687 3106 Vens.
715 3050 1043 3122 lO.—Super
1067 3063 1283 3110 montes.
1314 3051 1436 3124 (ln.)
1464 3051 1830 3124 Tropologice.
1860 3049 2034 3121 Super

2140 517 2393 573 mulieres
2417 519 2634 573 audiant
2660 521 2883 575 verbum
2922 522 3152 576 Domini.

2212 607 2374 663 Vens.
2405 609 2496 662 2i.
2531 639 2600 650 —
2623 609 2761 674 Quia
2804 613 3058 667 ascendit.
3105 613 3238 679 Quia
3275 621 3423 670 tanta
3461 615 3567 671 erit
3599 615 3711 672 fon-

2140 702 2344 768 titudo,
2390 711 2443 756 et
2491 702 2750 759 velocitas
2797 705 3032 759 hostium
3061 746 3076 771 ,
3132 715 3192 760 nt
3234 721 3341 761 non
3393 716 3710 780 exspectent

2138 792 2358 857 ostium,
2381 794 2473 847 sed
2493 808 2591 862 per
2617 793 2898 860 fenestras,
2931 804 2984 850 et
3011 803 3148 850 tecta
3175 798 3562 853 conscendant.

2208 882 2369 938 Vens.
2399 885 2487 938 22.
2513 916 2584 925 —
2603 885 2830 956 Loquere
2857 900 2876 939 :
2899 886 3028 941 Haec
3049 888 3206 952 dicit,
3229 897 3331 943 etc.
3361 888 3711 960 (H1en.)Ver-

2137 973 2265 1029 bum
2299 973 2620 1028 Hebraicum
2654 977 2793 1044 quod
2827 976 2996 1030 tribus
3037 975 3232 1031 litteris
3267 978 3546 1045 scribitur,
3575 989 3706 1047 etc.,

2139 1079 2298 1133 usque
2325 1064 2393 1115 ad
2435 1073 2492 1117 ut
2527 1079 2631 1118 non
2671 1065 2740 1119 sit
2781 1066 2870 1134 qui
2903 1066 3127 1135 sepeliat
3156 1078 3494 1124 corruentes.

2210 1154 2370 1209 Vens.
2394 1154 2483 1208 24.
2517 1185 2583 1194 —-
2614 1154 2718 1220 Qui
2766 1156 2902 1232 facio
2947 1158 3384 1214 misericordiam.
3437 1160 3558 1233 (ln.)
3592 1161 3706 1216 Etsi

2137 1244 2380 1312 quaedam
2408 1243 2689 1304 videantur
2711 1243 2928 1312 injuste,
2961 1249 3141 1300 omnia
3170 1253 3370 1312 tamen,
3392 1256 3520 1313 etc.,
3545 1264 3706 1319 usque

2135 1335 2202 1394 ad
2227 1333 2329 1400 Qui
2353 1333 2632 1404 gloriatur,
2664 1337 2719 1391 in
2747 1336 2970 1390 Domino
2991 1337 3243 1406 glorietur
3291 1337 3375 1408 (ll
3400 1337 3522 1398 Cor.
3555 1339 3632 1408 ι).

2208 1425 2370 1482 Vens.
2407 1426 2496 1480 25.
2522 1457 2590 1466 —
2613 1427 2746 1485 Ecce
2773 1430 2881 1483 dies
2919 1431 3137 1484 venient.
3185 1429 3307 1502 (ln.)
3357 1430 3534 1487 Multa:
3578 1447 3706 1500 gen-

2137 1517 2290 1582 tium,
2320 1526 2376 1573 et
2399 1518 2631 1574 maxime
2660 1507 2854 1574 iudica:
2882 1529 2939 1574 et
2964 1519 3263 1574 Palaestinae
3289 1520 3548 1586 contines,
3573 1529 3705 1587 etc.,

2136 1626 2296 1681 usque
2331 1612 2399 1665 ad
2430 1611 2770 1669 circumcisio
2796 1613 2940 1668 enim
2980 1627 3086 1666 non
3122 1613 3371 1683 prodest,
3403 1613 3506 1668 nisi
3533 1613 3708 1684 legem

2136 1701 2409 1758 observes.

2762 1773 2985 1832 CAPUT
3022 1773 3091 1829 Χ.

2204 1861 2370 1919 Vens.
2402 1863 2453 1917 1.
2489 1892 2561 1906 —
2587 1863 2778 1919 Audite
2813 1865 3045 1931 verbum,
3085 1874 3189 1920 etc.
3223 1863 3446 1937 (litem)
3485 1865 3711 1936 Proprie

2134 1955 2392 2011 adversus
2416 1969 2509 2010 eos
2533 1953 2793 2024 loquitur,
2819 1964 2960 2021 etc.,
2997 1971 3157 2026 usque
3202 1956 3271 2009 ad
3319 1965 3376 2011 et
3421 1969 3489 2012 ex
3529 1957 3711 2014 causis

2134 2045 2438 2103 emlestium
2469 2046 2811 2102 moderentur
2833 2056 3067 2102 terrena.

2204 2137 2368 2193 Vens.
2397 2138 2450 2192 '5.
2490 2138 2825 2209 —Lignum.
2871 2139 3016 2204 (ln.)
3059 2137 3209 2205 Quod
3263 2139 3330 2194 de
3371 2139 3526 2195 idolis
3573 2139 3712 2195 dixi-o

2133 2244 2276 2296 mus,
2301 2239 2430 2296 etc.,
2457 2247 2618 2303 usque
2655 2231 2723 2286 ad
2749 2231 2966 2302 propria
3005 2240 3092 2286 est
3131 2238 3185 2285 et
3207 2246 3394 2287 eorum
3433 2232 3524 2302 qui
3559 2233 3710 2303 igno-

2135 2330 2255 2376 rant
2287 2322 2472 2378 Deum.

2205 2413 2368 2469 Vens.
2398 2413 2452 2469 4.
2480 2445 2550 2456 -—
2570 2414 2795 2486 Argento
2817 2424 2867 2470 et
2901 2431 3051 2471 auro.
3073 2413 3195 2486 (ln.)
3233 2414 3302 2471 Ut
3348 2414 3553 2486 fulgore
3589 2429 3708 2470 ma-

2135 2507 2285 2562 teria:
2313 2506 2584 2576 simplices
2605 2517 2830 2578 occupet
2853 2516 2908 2561 et
2932 2508 3186 2577 decipiat.
3217 2508 3314 2563 Hic
3358 2523 3513 2563 error
3535 2523 3709 2578 usque

2135 2597 2203 2652 ad
2232 2611 2330 2651 nos
2352 2598 2621 2667 pervenit,
2644 2606 2705 2652 ut
2723 2598 3032 2668 religionem
3059 2600 3112 2653 in
3135 2599 3336 2655 divitiis
3361 2599 3704 2655 arbitremur.

2204 2687 2368 2743 Vens.
2404 2687 2456 2743 5.
2496 2717 2567 2728 —-
2612 2689 2791 2744 Nolite
2828 2707 2948 2760 ergo
2995 2691 3192 2744 timere.
3236 2691 3421 2746 Solent
3466 2692 3710 2761 plerique

2133 2778 2372 2849 gentium
2419 2779 2692 2833 daemones
2716 2779 2891 2834 colere
2926 2795 2992 2835 ne
3035 2779 3288 2846 olIiciant,
3319 2789 3372 2835 et
3409 2782 3542 2837 alios
3572 2797 3709 2836 exo-

2135 2884 2275 2933 rare,
2309 2877 2368 2922 ut
2389 2870 2676 2939 proficiant
2701 2890 2712 2925 :
2737 2874 2876 2927 unde
2901 2873 3174 2944 Virgilius,
3206 2873 3424 2927 /Eneid.
3458 2891 3517 2930 Ill
3549 2890 3565 2928 :

2226 2966 2427 3029 Nigram
2454 2968 2603 3019 hiemi
2625 2970 2882 3032 pecudem,
2907 2970 3134 3032 zephyris
3157 2970 3380 3021 felicibus
3402 2971 3576 3020 albam.

2208 3068 2372 3126 Vens.
2405 3069 2456 3125 6.
2484 3101 2553 3110 —
2583 3071 2705 3125 Non
2734 3082 2809 3126 est
2830 3073 3015 3127 similis
3039 3074 3133 3127 tui.
3167 3073 3282 3128 Non
3310 3082 3393 3128 est
3415 3074 3606 3128 similis
3629 3077 3708 3129 tui

454 3151 666 3233 Ψοηῐθε
686 3140 842 3202 ηβιυε
872 3143 1186 3209 assumitur:
1216 3152 1346 3209 θίοον
1372 3160 1531 3214 usque
1571 3143 1640 3197 αά
1685 3143 1777 3213 qni
1807 3150 2032 3215 Possum
2060 3122 2104 3186 Ο
2137 3160 2382 3226 Domine,
2409 3160 2652 3225 deorum,
2677 3161 2880 3216 scilicet
2903 3161 2993 3231 qui
3019 3163 3085 3216 ab
3117 3163 3382 3217 haereticis
3415 3166 3707 3233 tinguntur.

453 3231 510 3286 in
552 3232 778 3288 sublime
801 3234 1088 3291 ascendere
1142 3250 1313 3306 usque
1369 3234 1437 3290 ad
1479 3233 1770 3303 simplices,
1798 3248 2033 3289 recesse-

456 3330 582 3378 runt
607 3338 638 3376 a
678 3323 809 3378 Deo.

522 3439 683 3494 Vens.
706 3438 877 3492 ll.—
899 3439 966 3493 Et
995 3439 1128 3494 dabo
1157 3437 1467 3494 lesusalem.
1522 3434 1645 3505 (ln.)
1675 3433 1810 3490 Cum
1857 3433 2032 3489 eccle-

451 3527 657 3582 siastici
692 3527 941 3582 doctores
968 3527 1244 3589 deficiunt,
1277 3534 1405 3589 etc.,
1437 3539 1597 3592 usque
1626 3523 1695 3576 ad
1725 3530 1778 3577 et
1803 3522 1892 3590 qui
1943 3522 2027 3576 di-

451 3617 546 3678 cit,
582 3615 894 3670 lnhabitabo
921 3628 970 3671 et
1014 3615 1348 3670 inambulabo
1383 3615 1438 3667 in
1470 3614 1542 3666 eis
1583 3611 1728 3681 (Lev.
1759 3612 1930 3681 xxv1).

523 3705 686 3763 Vens.
718 3706 805 3762 14.
829 3738 896 3746 -
922 3705 1107 3760 Cordis
1129 3707 1230 3760 sui.
1262 3704 1376 3758 Non
1407 3705 1460 3757 in
1485 3703 1650 3758 corde
1696 3709 1906 3769 nostro,
1933 3704 2029 3757 sed

452 3801 507 3858 in
537 3801 764 3855 Domino
791 3797 1164 3856 conﬁdendum
1189 3806 1289 3854 est.
1318 3797 1548 3850 Pravum
1578 3803 1662 3850 est
1701 3809 1798 3850 cor
1846 3795 2026 3851 homi-

450 3894 556 3958 nis,
589 3894 654 3948 de
686 3907 790 3962 quo
815 3899 1015 3946 exeunt
1043 3907 1221 3960 pravae
1265 3890 1641 3961 cogitationes.

520 3984 683 4038 Vens.
729 3983 816 4038 l5.
855 4012 926 4023 —
987 3982 1193 4036 Idcirco
1229 3983 1339 4036 hinc
1384 3981 1510 4035 dicit
1537 3980 1814 4035 Dominus.
1844 3981 2026 4037 Potest

450 4077 517 4130 de
570 4075 749 4130 vicino
787 4083 1026 4145 tempore
1071 4073 1416 4143 prophetari,
1461 4087 1568 4140 quo
1612 4072 1756 4142 capti
1807 4080 1934 4127 sunt
1995 4088 2025 4127 a

447 4167 714 4224 Chaldmis
742 4185 755 4221 :
787 4176 842 4223 et
874 4167 1087 4238 proprie
1120 4166 1186 4220 de
1215 4165 1336 4229 hoc,
1365 4180 1472 4235 quo
1510 4165 1574 4218 in,
1607 4163 1861 4220 omnibus
1895 4179 2024 4234 gen-

450 4257 594 4313 tibus
621 4265 748 4312 sunt
801 4256 1028 4326 dispersi
1056 4264 1112 4310 et
1139 4263 1250 4308 toto
1275 4253 1404 4309 orbe
1437 4253 1614 4308 divisi.

520 4345 682 4400 Vens.
712 4346 798 4400 l6.
830 4376 899 4386 —
923 4344 1187 4399 Gladium.
1213 4343 1418 4416 (litem)
1452 4342 1547 4399 Vel
1577 4342 1910 4399 materialem
1936 4344 2020 4400 vel

447 4437 805 4508 spiritualem,
837 4452 945 4506 quo
992 4436 1321 4500 dividuntur,
1368 4451 1437 4490 ne
1459 4435 1510 4489 in
1553 4435 1755 4490 malum
1795 4451 2020 4492 consen-

451 4532 608 4594 tiant,
644 4530 737 4588 sed
761 4529 815 4584 in
847 4544 930 4594 eo,
954 4529 1095 4598 quod
1123 4527 1249 4582 mali
1273 4536 1418 4592 sunt,
1449 4527 1770 4597 dispereant.

522 4623 685 4676 Vens.
743 4622 828 4674 17.
877 4650 944 4660 -—
990 4619 1057 4672 Et
1108 4630 1304 4674 vocate.
1360 4617 1562 4676 Vocate
1618 4619 2028 4675 lamentatrices

449 4723 670 4786 propter
710 4712 945 4770 futuram
989 4710 1378 4781 captivitatem,
1421 4721 1549 4776 etc.,
1599 4729 1761 4782 usque
1793 4711 1862 4766 ad
1893 4727 2026 4766 voce

451 4805 722 4860 modulata
751 4802 1005 4874 populum
1041 4802 1416 4858 transfundant
1448 4803 1500 4856 in
1527 4802 1814 4873 lacrymas.

519 4897 685 4951 Vens.
737 4897 819 4950 18.
867 4927 935 4938 —-
975 4894 1127 4950 Oculi
1166 4897 1348 4948 nostri.
1400 4893 1687 4962 Propterea
1725 4911 1738 4947 :
1782 4893 1866 4948 vel
1913 4893 2028 4962 ipse

450 4992 592 5044 Deus
619 4989 862 5058 adjungit
890 5002 948 5042 se
979 4987 1357 5055 compatientis
1378 4985 1613 5048 allectui,
1663 4994 1723 5038 ut
1749 4985 1892 5053 quod
1923 5001 2024 5054 po-

450 5081 606 5151 pulus
633 5080 881 5142 sustinet,
913 5079 1182 5133 sustinere
1206 5085 1260 5131 et
1285 5077 1486 5131 sentire
1515 5076 1627 5144 ipse
1655 5076 1880 5129 dicatur.

521 5173 684 5228 Vens.
715 5171 800 5226 l9.
825 5201 897 5212 —
913 5171 1182 5237 Quomodo
1211 5171 1417 5224 vastati.
1440 5169 1628 5222 Dicant
1655 5168 1828 5222 hocin
1849 5183 2026 5237 perse-

448 5264 665 5320 cutione
687 5263 1021 5318 credentium
1047 5263 1214 5317 turbze
1231 5302 1244 5324 ,
1270 5276 1389 5330 quae
1416 5259 1614 5314 idcirco
1638 5266 1856 5312 vastane
1901 5269 2025 5312 sunt

451 5366 614 5426 atque
643 5354 900 5420 confusa},
928 5355 1052 5423 quia
1083 5353 1484 5420 dereliquerunt
1503 5349 1673 5420 legem
1708 5348 1940 5412 Domini,
1969 5356 2024 5402 et

452 5449 808 5504 deseruerunt
837 5443 1178 5501 tabernacula
1211 5458 1328 5496 sua.

520 5539 684 5596 Vens.
714 5540 804 5595 20.
832 5569 903 5580 —
937 5539 1126 5591 Audite
1155 5550 1296 5605 ergo.
1330 5534 1588 5603 Superius
1629 5535 1760 5588 dixit
1790 5553 1802 5587 :
1850 5545 2029 5588 vocate

451 5631 858 5692 lamentatrices,
888 5637 994 5684 etc.
1026 5628 1176 5682 Nune
1199 5626 1352 5695 quasi
1381 5634 1670 5693 praesentes
1714 5625 2024 5694 alloquitur,

453 5722 509 5778 in
541 5721 966 5789 suggillationem
1001 5718 1370 5783 sacerdotum,
1413 5724 1572 5785 atque
1624 5716 1901 5772 doctorum
1927 5759 1940 5781 ,
1973 5727 2026 5773 ct

2205 3252 2368 3308 Vens.
2404 3251 2456 3307 7.
2480 3281 2552 3300 —
2581 3249 2748 3305 Tuum
2781 3263 2854 3306 est
2885 3253 3040 3308 enim.
3082 3253 3286 3323 (llien.)
3317 3253 3571 3319 Quamvis
3599 3254 3711 3308 ha:-

2133 3342 2287 3397 retici
2307 3341 2459 3413 juxta
2487 3342 2804 3412 sapientiam
2842 3343 3059 3407 mundi,
3099 3351 3236 3406 etc.,
3278 3359 3438 3413 usque
3474 3344 3542 3396 ad
3579 3341 3711 3397 Per-

2131 3435 2255 3488 dam
2295 3434 2605 3504 sapientiam
2640 3434 2984 3502 sapientium,
3023 3442 3070 3487 et
3110 3433 3441 3504 prudentiam
3482 3434 3708 3502 pruden-

2130 3526 2260 3579 tium
2283 3524 2564 3594 reprobabo
2603 3523 2655 3593 (I
2677 3523 2797 3577 Cor.
2831 3539 2850 3578 ι
2870 3523 2909 3593 ).

2200 3611 2366 3668 Vens.
2391 3613 2444 3668 8.
2475 3643 2545 3655 —
2577 3611 2896 3666 Involutum.
2941 3611 3065 3682 (ln.)
3107 3611 3280 3667 Aliter
3317 3629 3424 3668 non
3467 3612 3703 3682 decipit;

2127 3705 2340 3760 falsitas
2369 3705 2677 3768 involvitur,
2707 3703 2929 3766 veritas,
2955 3713 3086 3767 etc.,
3116 3720 3276 3774 usque
3310 3704 3379 3757 ad
3419 3705 3546 3758 dum
3584 3702 3705 3759 οωιί

2127 3798 2232 3854 sibi
2261 3797 2494 3852 colorem
2521 3795 2831 3858 ostendunt,
2863 3805 2917 3849 et
2941 3794 3182 3849 cmlestia
3222 3794 3561 3863 promittunt.

2199 3887 2360 3942 Vens.
2392 3888 2479 3951 ll,
2504 3886 2588 3940 l2.
2616 3917 2687 3925 —
2708 3885 2874 3940 Catos
2905 3895 2953 3939 et
2979 3895 3192 3939 terram.
3225 3884 3355 3950 Quae
3391 3891 3706 3952 cooperato-

2126 3993 2218 4034 res
2237 3977 2459 4041 Cbristi,
2491 3975 2582 4046 qui
2625 3976 2697 4030 dii
2727 3985 2991 4031 vocantur
3017 3984 3071 4030 et
3099 3974 3335 4040 domini,
3374 3987 3472 4044 per
3499 3972 3701 4028 doctri-

2125 4084 2252 4126 nam
2283 4068 2701 4124 ecclesiasticam
2729 4070 2925 4139 partim
2958 4069 3222 4123 fecerunt.

2199 4165 2302 4230 Qui
2332 4165 2477 4234 facit.
2508 4163 2707 4230 (Ome,
2746 4163 2946 4218 Homil.
2980 4165 3034 4216 in
3059 4163 3196 4231 Jer.)
3226 4162 3481 4217 Dominus
3505 4163 3595 4234 qui
3615 4163 3704 4232 {aa-

2129 4256 2200 4309 cit
2253 4265 2447 4311 terram
2487 4259 2542 4311 in
2593 4256 2921 4326 fortitudine,
2971 4263 3076 4310 etc.
3129 4254 3260 4310 Tres
3309 4255 3704 4324 quodammodo

2123 4349 2351 4402 virtutes
2386 4349 2478 4402 Dei
2515 4363 2792 4402 assumens
2832 4347 3115 4419 propheta,
3159 4358 3290 4409 etc.,
3334 4365 3497 4419 usque
3545 4349 3614 4402 ad
3657 4349 3705 4404 si

2121 4456 2253 4497 vero
2281 4439 2542 4504 cmlestia,
2569 4439 3050 4493 tbesaurizatorem
3079 4453 3235 4493 suum
3260 4440 3324 4494 ad
3343 4440 3703 4510 propinquam

2128 4531 2231 4586 sibi
2266 4529 2535 4599 regionem
2561 4528 2899 4593 subvehunt.

2202 4622 2367 4677 Vens.
2413 4621 2499 4675 15.
2538 4649 2609 4660 -—
2658 4618 2912 4674 Nebulas.
2971 4616 3195 4690 (Ηιειι.)
3252 4617 3381 4685 Quae
3440 4629 3706 4676 noverunt

2131 4713 2340 4769 scilicet
2368 4711 2561 4780 quibus
2581 4708 2789 4780 pluvias
2811 4710 3139 4777 suspendant
3165 4717 3221 4763 et
3258 4709 3456 4778 quibus
3500 4710 3703 4778 impen-

2133 4805 2263 4859 dant
2294 4821 2306 4856 :
2339 4801 2548 4873 Moyses
2586 4801 2739 4868 quasi
2770 4800 2940 4854 nubes
2976 4799 3312 4868 loquebatur,
3341 4801 3430 4868 qui
3467 4801 3701 4867 dicebat,

2134 4893 2408 4960 Errspectet
2437 4901 2598 4954 terra,
2629 4897 2686 4940 ut
2705 4887 2932 4958 pluviam
2956 4888 3106 4942 verba
3129 4904 3241 4941 mea
3273 4888 3467 4956 (Exod.
3497 4891 3596 4961 Ix).
3634 4890 3706 4947 Et

2131 4983 2296 5038 lsaias
2324 4999 2335 5033 :
2364 4981 2519 5045 Audi,
2549 4978 2751 5044 caelum,
2780 4989 2826 5032 et
2859 4979 3071 5033 auribus
3108 4981 3327 5050 percipe,
3378 4991 3540 5049 terra,
3579 4984 3702 5054 quia

2131 5073 2384 5126 Dominus
2420 5069 2622 5124 locutus
2646 5079 2720 5123 est
2741 5067 2876 5141 (Isa.
2908 5069 2970 5142 ι).
3011 5069 3090 5124 Ab
3129 5073 3558 5128 extremitatibus.
3599 5074 3701 5141 Qui

2129 5163 2242 5216 vult
2271 5163 2323 5215 in
2353 5161 2502 5215 vobis
2527 5161 2730 5230 primus
2755 5176 2905 5225 esse,
2953 5160 3025 5215 sit
3063 5161 3304 5217 omnium
3353 5165 3694 5220 novissimus.

2127 5255 2298 5308 Aliter
2325 5254 2466 5307 enim
2496 5268 2655 5307 nemo
2687 5254 2744 5307 lit
2769 5254 2958 5308 nubes.
3239 5301 3250 5315 .

2199 5345 2436 5416 Fulgura
2469 5347 2522 5398 in
2565 5346 2786 5415 pluvias.
2826 5344 3026 5417 (Onw.)
3060 5345 3252 5400 Fertur
3295 5347 3435 5416 quod
3487 5347 3698 5420 fulgura

2127 5455 2192 5494 ex
2217 5440 2438 5492 nubium
2476 5437 2557 5492 vel
2589 5437 2838 5492 imbrium
2870 5437 3146 5493 collisione
3176 5449 3520 5509 generantur,
3565 5451 3697 5507 etc.,

2126 5550 2286 5603 usque
2305 5534 2374 5585 ad
2395 5531 2656 5586 Jeremias
2669 5548 2882 5602 quoque
2905 5541 2961 5586 et
2980 5531 3189 5586 Baruch
3209 5531 3312 5587 sibi
3333 5532 3699 5603 colloquentes

2128 5624 2399 5677 rutilantia
2432 5624 2635 5693 fulgura
2666 5624 2900 5677 mittunt.

2203 5715 2265 5774 Et.
2299 5717 2464 5770 educit
2495 5726 2691 5768 rentum
2711 5716 2772 5768 de
2797 5715 3072 5769 thesauris.
3098 5713 3220 5774 (ln.)
3239 5716 3394 5772 Venti
3411 5716 3502 5774 aui
3527 5726 3699 5772 terras
