4068 6344
292 351 365 409 25
931 318 938 329 ’
1096 340 1389 408 cressa
1425 345 1819 406 namnam.
1847 377 1919 391 -
1953 336 2345 405 paupriem
2378 347 2715 405 suam.
3461 353 3531 409 ss

291 466 526 540 perﬂant
548 463 605 521 in
637 461 906 519 thesauris
945 461 1041 518 Dei
1080 478 1188 518 non
1224 470 1374 529 sunt,
1412 470 1542 528 etc.,
1585 478 1746 532 usque
1786 461 1856 516 ad
1882 466 1936 527 Α
2031 457 2194 514 Vens.
2221 458 2279 513 2.
2301 461 2598 523 -Αιιάὶιε,
2643 468 2776 527 etc.,
2810 458 2966 517 Viros
3011 460 3176 527 Iuda,
3200 469 3306 517 etc.
3353 462 3526 535 Alleg.

292 559 422 615 inde
452 556 625 613 oritur
645 562 705 609 ut
725 553 866 609 alius
901 553 973 609 sit
1003 553 1241 623 sapiens,
1287 552 1427 607 alios
1464 552 1641 607 ﬁdelis
1671 559 1730 608 at
1763 552 1865 605 hu-

287 646 553 721 jusmodi.

344 735 529 801 ,Vsns.
570 732 659 790 14.
696 763 768 774 -
802 730 1028 789 Stultus.
1079 730 1284 803 (11mm)
1332 729 1542 786 Stultus
1581 742 1863 799 compara-

293 830 441 882 tione
471 825 589 887 Dei,
616 833 747 890 etc.,
773 840 933 894 usque
974 822 1043 881 ad
1069 822 1249 877 omnia
1295 822 1437 877 enim
1476 820 1748 875 contraria
1775 834 1865 874 as-

290 916 523 985 sumpsit
551 914 712 979 Deus,
745 926 804 969 ut
831 913 1100 969 contraria
1130 911 1405 967 dissolvat.

362 1000 584 1063 Falsum
603 1014 697 1058 est.
721 1002 928 1074 (01:16.)
951 1002 1103 1069 Quod
1126 1001 1313 1056 ordine
1338 1015 1437 1057 suo
1460 999 1629 1068 lingit.
1644 998 1865 1055 Falsum

289 1102 378 1152 est
396 1094 540 1151 enim
566 1095 711 1163 quod
732 1092 1004 1157 conﬂavit,
1029 1092 1168 1147 sicut
1187 1091 1382 1145 stultus
1403 1098 1486 1145 est
1504 1089 1679 1147 omnis
1703 1091 1865 1147 homo

292 1202 323 1242 ι
347 1186 598 1252 scientia,
626 1186 850 1241 stultum
871 1184 1032 1239 etiam
1055 1192 1139 1237 est
1164 1181 1307 1251 quod
1335 1180 1483 1236 facit.
1544 1231 1547 1234 ἠ

362 1276 489 1334 Non
524 1286 601 1331 est
630 1277 859 1346 spiritus.
887 1273 1113 1345 (Ηιειι.)
1138 1271 1441 1327 Notandum
1480 1271 1623 1340 quod
1664 1270 1721 1327 in
1760 1270 1865 1327 hoc

290 1368 469 1438 capite
491 1375 679 1425 ventus
695 1373 750 1421 et
776 1365 998 1436 spiritus
1024 1378 1133 1420 uno
1157 1363 1377 1419 nomine
1424 1362 1568 1432 apud
1610 1361 1867 1418 Hebraeos

290 1458 627 1528 appellantur
648 1455 821 1512 'ruala.

361 1547 527 1603 Vsus.
557 1547 645 1602 15.
671 1577 743 1588 —
777 1546 923 1601 Vana
947 1555 1085 1601 sunt.
1116 1546 1225 1601 Aut
1244 1546 1388 1601 enim
1415 1544 1616 1601 rustica
1639 1551 1783 1609 sunt,
1806 1552 1868 1600 ut

290 1640 520 1711 lignum,
545 1647 640 1694 aut
677 1638 907 1709 pulchro
952 1652 1203 1694 sermone
1236 1637 1541 1702 tinnientia,
1587 1645 1649 1691 ut
1677 1650 1869 1708 argen-

1963 550 2301 607 Cbristianos
2328 552 2555 617 scilicet,
2577 551 2823 608 Christus
2845 552 2989 607 enim
3015 553 3083 609 de
3102 551 3236 608 Juda
3257 562 3408 609 ortus
3421 563 3526 609 est.

1964 640 2040 697 De
2059 657 2168 712 quo
2194 656 2322 697 vere
2349 641 2546 697 dicitur
2574 658 2588 695 :
2617 641 2781 706 Juda,
2808 650 2856 696 te
2883 640 3166 696 laudabam
3195 643 3386 712 fratres
3411 644 3487 698 tui
3507 657 3528 696 :

1963 749 2149 787 manus
2185 743 2289 788 tuae
2330 749 2484 802 super
2526 733 2738 787 dorsum
2777 734 3100 817 inimicorum
3134 743 3341 789 tuorum
3371 732 3529 806 (Gen.

1963 821 2168 893 xum),
2215 830 2322 876 etc.
2362 821 2676 878 Jerusalem.
2720 822 2975 877 Ecclesiae
2999 863 3015 889 ,
3058 838 3178 893 qua
3214 832 3298 880 est
3339 825 3531 880 civitas

1964 912 2107 983 regis
2139 912 2342 983 magni,
2370 921 2425 967 et
2446 913 2581 968 visio
2599 913 2764 983 pacis.
2795 911 2903 967 Pax
2925 914 3067 968 enim
3091 914 3145 968 in
3174 930 3236 969 ea
3270 914 3530 985 multipli-

1964 1012 2121 1058 catur
2148 1011 2205 1057 et
2230 1003 2495 1059 cernitur.
2700 1045 2707 1048 .

2035 1094 2198 1152 Vsus.
2221 1097 2276 1151 5.
2302 1126 2373 1135 —
2397 1095 2733 1151 Maledictus.
2765 1094 2964 1167 (0R10.)
2990 1094 3161 1152 Judaei
3199 1097 3344 1153 enim
3372 1098 3536 1155 male-

1964 1187 2097 1244 dicti
2144 1195 2302 1254 sunt,
2346 1188 2437 1258 qui
2492 1203 2600 1244 non
2645 1187 2929 1243 audierunt
2993 1196 3372 1244 testamentum
3413 1191 3530 1258 Dei,

1963 1280 2177 1350 quando
2203 1281 2388 1339 eduxit
2414 1296 2509 1337 eos
2541 1281 2607 1336 de
2652 1288 2793 1335 terra
2819 1278 3061 1351 Egypti.
3089 1280 3196 1337 Nos
3223 1291 3403 1337 autem
3439 1283 3533 1351 qui

1965 1372 2023 1426 in
2050 1370 2266 1428 Christo
2294 1372 2584 1434 credimus,
2606 1378 2930 1427 testamento
2949 1370 3065 1438 ejus
3091 1371 3369 1426 obedimus
3389 1372 3532 1441 quod

1964 1474 2065 1530 per
2098 1460 2316 1531 Moysen
2347 1461 2577 1516 traditur
2607 1478 2621 1515 :
2655 1468 2710 1515 et
2729 1460 2884 1515 nobis
2922 1461 3025 1515 hoc
3052 1461 3249 1517 dicitur
3274 1475 3343 1516 ne
3368 1461 3534 1517 male-

1966 1550 2097 1605 dicti
2119 1551 2303 1606 simus.

2036 1639 2199 1696 Vsus.
2234 1640 2290 1695 4.
2320 1670 2393 1681 -
2416 1639 2593 1695 Eduxi
2627 1658 2733 1695 eos.
2777 1641 2984 1712 (11:an
3020 1640 3201 1713 Ome.)
3248 1640 3357 1699 Nos
3393 1658 3535 1712 quo-

291 1741 440 1798 tum;
476 1740 570 1785 aut
589 1731 657 1786 de
689 1732 907 1801 proprio
935 1743 1096 1784 sensu
1137 1728 1386 1782 simulata
1423 1727 1774 1794 mentiuntur,
1812 1732 1871 1781 ut
1968 1746 2071 1801 que
2091 1732 2274 1786 eduxit
2306 1733 2449 1788 Deus
2477 1733 2545 1787 de
2568 1731 2803 1803 [Egypto
2831 1742 2888 1788 et
2922 1733 3142 1788 fornace
3175 1733 3372 1799 ferrea,
3398 1742 3532 1800 etc.,

289 1837 502 1878 aurum.
550 1820 619 1875 In
671 1831 900 1891 tempore
947 1819 1277 1874 uisitationis.
1331 1817 1413 1873 Ad
1461 1826 1672 1888 tempus
1724 1816 1864 1872 valet
1890 1823 1939 1883 B
1965 1839 2124 1894 usque
2144 1824 2213 1877 ad
2243 1823 2298 1879 in
2335 1823 2451 1895 lege
2478 1825 2782 1880 obediemia
2808 1826 3204 1892 mandatorum,
3232 1820 3320 1882 hic
3344 1826 3534 1881 simili-

289 1912 532 1979 hteresis,
552 1920 610 1967 ut
629 1912 720 1983 qui
738 1912 939 1983 probati
961 1921 1081 1965 sunt
1102 1910 1363 1980 manifesti
1386 1910 1519 1979 ﬁant
1543 1909 1593 1980 (Ι
1610 1908 1733 1964 Cor.
1758 1907 1861 1979 χι).

289 2002 429 2058 Cum
475 2010 653 2060 autem
699 2003 935 2057 visitatio
979 2002 1074 2057 Dci
1115 2002 1369 2067 venerit,
1417 2009 1472 2057 et
1516 2001 1702 2057 oculus
1747 2000 1866 2072 ejus

287 2103 486 2150 cuncta
513 2094 829 2164 respexerit,
862 2094 1041 2149 omnia
1076 2093 1462 2149 conticescent.

359 2184 646 2241 Vsus.*17.
672 2216 741 2226 —
783 2185 1070 2256 Congrega.
1116 2184 1321 2256 (1113s.)
1368 2183 1684 2252 Prmcipitur
1710 2181 1866 2239 Jeru-

284 2274 457 2331 salem
481 2283 544 2329 ut
576 2275 836 2346 quidquid
861 2275 1175 2330 substantiae
1215 2272 1348 2329 loris
1369 2275 1548 2336 habet,
1584 2274 1639 2327 in
1675 2274 1863 2329 urbem

285 2364 704 2422 munitissimam
728 2372 1036 2436 congreget,
1062 2372 1118 2419 et
1137 2364 1292 2435 longe
1310 2362 1576 2421 obsidioni
1602 2371 1867 2433 praeparet

285 2456 563 2511 alimenta.
605 2455 723 2511 Non
758 2457 904 2511 enim
952 2458 1115 2522 Deus,
1162 2456 1303 2512 sicut
1341 2456 1511 2526 prius,
1543 2456 1699 2527 longe
1742 2465 1864 2526 post

282 2544 465 2600 futura
488 2544 744 2611 minatus,
773 2546 866 2600 sed
898 2547 1080 2601 statim
1113 2545 1312 2600 futura.
1845 2602 1852 2609 ,

354 2635 521 2692 Vsus.
553 2637 639 2692 19.
665 2667 737 2677 —
773 2636 863 2690 Va:
886 2637 1034 2702 mihi,
1065 2646 1171 2693 etc.
1209 2635 1332 2709 (10.)
1376 2636 1739 2705 Conqueritur
1769 2635 1863 2692 Je-

281 2725 521 2781 rusalem
550 2725 693 2795 quod
721 2727 1066 2785 vehementer
1092 2725 1291 2781 alllicta
1322 2726 1394 2782 sit
1434 2734 1489 2781 et
1520 2725 1676 2796 plaga
1717 2727 1862 2782 insa-

281 2808 473 2870 nabili.
1296 2872 1297 2875 η

355 2907 524 2962 Vens.
554 2905 644 2960 20.
676 2936 746 2946 -—
772 2905 1205 2962 Tabernaculum.
1241 2905 1365 2979 (10.)
1409 2906 1621 2977 Plangit
1643 2906 1861 2961 Jerusa-

280 2997 391 3052 lem
432 3005 543 3051 tam
569 2995 779 3053 facilem
826 2997 1024 3052 factam
1054 2998 1457 3054 subversionem
1497 3014 1680 3066 suam,
1725 3008 1853 3062 etc.,

279 3104 448 3160 usque
470 3088 541 3142 ad
573 3103 766 3159 magna
791 3103 919 3158 pars
947 3104 1132 3144 eorum
1167 3088 1450 3146 interfecta
1490 3098 1648 3160 atque
1685 3088 1857 3146 deleta

279 3187 387 3236 εει.

356 3270 525 3325 Vsus.
571 3268 662 3323 21.
708 3298 778 3308 —
814 3265 972 3323 Grex.
1019 3268 1141 3340 (10.)
1187 3269 1539 3340 Septuaginta
1587 3289 1601 3324 :
1650 3288 1858 3340 pecora.

280 3361 440 3430 Quod
456 3360 612 3431 juxta
638 3359 921 3415 historiam
949 3368 1095 3416 stare
1116 3376 1222 3416 non
1251 3370 1429 3431 potest
1453 3379 1467 3415 :
1491 3362 1545 3415 in
1573 3369 1681 3416 tam
1704 3361 1863 3432 longa

280 3453 435 3508 enim
462 3451 740 3507 obsidione
773 3466 970 3520 pecora
996 3466 1104 3506 non
1131 3451 1432 3507 durassent.

353 3544 519 3600 Vens.
542 3542 631 3598 22.
660 3573 732 3583 —
761 3542 873 3597 Vox
891 3543 1197 3597 auditionis.
1230 3543 1352 3615 (10.)
1377 3543 1503 3599 Haec
1528 3559 1709 3600 omnia
1741 3559 1861 3614 quae

280 3635 593 3706 praeteritus
627 3643 685 3690 et
709 3650 948 3705 praesens
981 3650 1160 3690 sermo
1188 3634 1472 3701 describit,
1518 3644 1623 3690 etc.
1647 3675 1662 3700 ,
1698 3652 1859 3705 usque

281 3724 355 3777 ad
385 3724 478 3794 qui
505 3723 660 3778 stulte
686 3733 918 3794 egerunt,
962 3732 1019 3779 et
1045 3724 1332 3780 Dominum
1369 3740 1474 3779 non
1511 3725 1856 3794 quresierunt.

354 3812 676 3867 Draconum.
730 3811 824 3868 Vel
882 3810 1265 3868 Struthionum.
1321 3812 1699 3885 Symmachus,
1751 3813 1857 3883 Sy-

283 3921 554 3969 renarum,
606 3912 666 3959 ut
710 3919 808 3974 pro
862 3905 1170 3960 hominibus
1223 3905 1466 3959 habitent
1494 3905 1697 3959 scilicet
1726 3904 1858 3960 dra-

284 4008 474 4059 cones,
527 4001 583 4048 et
634 3993 815 4048 omnia
850 4003 1115 4048 venenata
1167 4011 1181 4047 :
1231 3993 1316 4048 vel
1345 3994 1700 4058 struthiones,
1736 4008 1859 4062 qua:

283 4085 562 4142 solitudini
612 4084 901 4141 familiares
950 4085 1004 4139 in
1055 4085 1286 4140 desertis
1327 4094 1622 4139 nascuntur
1664 4094 1721 4140 et
1758 4101 1858 4139 nu-

284 4176 543 4234 triuntur.
591 4174 694 4230 Aut
723 4173 978 4246 Syrenes,
1009 4174 1213 4231 scilicet
1236 4175 1482 4245 quoniam
1511 4184 1752 4229 monstra
1802 4183 1858 4230 et

283 4266 585 4325 damonum
606 4266 1001 4336 phantasmata.

1970 1913 2100 1987 tydo
2116 1912 2237 1967 Dei.

2035 2002 2103 2057 Et
2131 2004 2296 2059 eritis.
2331 2003 2447 2059 Non
2471 2011 2553 2059 est
2589 2004 2730 2059 Dens
2766 2005 3025 2070 omnium,
3064 2004 3160 2061 sed
3186 2021 3370 2062 eorum
3409 2015 3532 2061 tan-

1966 2102 2079 2149 tum
2122 2094 2319 2164 quibus
2352 2109 2411 2150 se
2444 2095 2705 2166 largitur;
2752 2098 2894 2152 unde
2923 2114 2936 2151 :
2988 2097 3101 2167 Ego
3134 2115 3250 2153 sum
3279 2098 3532 2153 Dominus

1962 2183 2103 2240 Deus
2134 2195 2253 2238 :uus
2286 2196 2492 2240 sanctus
2519 2185 2688 2240 Israel
2716 2183 2931 2258 (Ezech.
2963 2187 3100 2257 xtv).
3135 2187 3204 2243 Et
3242 2186 3371 2242 alibi
3394 2202 3534 2257 quo-

1963 2289 2067 2344 que
2111 2273 2316 2343 inquit,
2350 2271 2461 2328 Ero
2499 2274 2638 2328 Deus
2676 2291 2854 2329 eorum
2891 2273 3089 2344 (Exod.
3131 2276 3239 2347 ιιι.)
3285 2277 3385 2342 Et,
3416 2276 3531 2346 Ego

1961 2382 2075 2419 sum
2104 2365 2237 2419 Deus
2272 2365 2557 2431 Abraham,
2589 2366 2725 2420 Deus
2750 2366 2905 2421 Isaac
2930 2380 2977 2420 et
3000 2366 3140 2423 Deus
3166 2367 3353 2424 Iacob.
3379 2367 3533 2435 Quod

1960 2470 2233 2523 exponens
2262 2452 2507 2510 Salvator
2539 2456 2615 2509 ait
2645 2472 2661 2509 :
2696 2456 2834 2509 Deus
2874 2466 3049 2510 autem
3077 2473 3182 2512 non
3208 2467 3283 2512 est
3303 2469 3535 2514 mortuo-

1962 2562 2097 2610 rum,
2126 2546 2215 2599 sed
2246 2547 2471 2599 vivorum
2501 2545 2650 2617 (Luc.
2698 2548 2870 2615 xxix).
2912 2545 3155 2603 Mortuus
3186 2556 3292 2615 est,
3327 2548 3536 2604 scilicet

1960 2646 2234 2704 peccator.

2029 2724 2192 2779 Vens.
2224 2726 2278 2781 5.
2308 2756 2380 2766 —-
2402 2725 2560 2781 Lacte
2579 2738 2627 2781 et
2655 2726 2824 2781 melle.
2866 2726 3071 2800 (Ηιειι.)
3114 2728 3268 2785 Melle
3305 2736 3360 2785 et
3396 2730 3533 2786 lacte

1958 2831 2140 2871 rerum
2167 2816 2410 2873 omnium
2450 2818 2831 2873 abundantiam
2872 2818 3161 2889 signiﬁcat,
3202 2829 3344 2885 etc.,
3375 2835 3535 2891 usque

1957 2910 2026 2963 ad
2056 2910 2161 2975 vel,
2212 2908 2329 2978 ﬁat,
2356 2910 2623 2983 _Domine,
2656 2911 2710 2966 id
2751 2920 2856 2976 est,
2896 2925 3109 2981 semper
3146 2922 3360 2967 maneat
3392 2911 3534 2982 quod

1959 3001 2177 3058 dedisti.

2026 3091 2186 3149 Vsus.
2218 3093 2268 3148 7.
2297 3124 2370 3134 —
2394 3093 2531 3160 Quia
2569 3105 2886 3161 contestans,
2932 3104 3034 3149 ctc.
3080 3095 3283 3167 Usque,
3313 3107 3367 3151 ut
3396 3097 3538 3167 face-

1883 3171 1928 3233 C
1960 3193 2073 3237 rent
2101 3184 2233 3249 lucc,
2278 3184 2333 3238 in
2379 3184 2728 3257 Septuaginta
2768 3203 2874 3242 non
2921 3188 3200 3243 habentur.
3251 3189 3403 3256 Quod
3445 3205 3535 3245 sc-

1962 3276 2144 3344 quitur
2169 3294 2182 3330 :
2220 3276 2288 3330 Et
2317 3294 2421 3331 non
2450 3278 2703 3347 fecerunt,
2732 3281 2796 3333 ab
2826 3282 2952 3350 ipsis
2978 3299 2995 3335 :
3028 3282 3083 3335 in
3114 3282 3221 3338 line
3244 3284 3537 3354 superioris

1962 3365 2183 3435 capituli
2208 3367 2439 3437 positum
2465 3377 2563 3422 est.
2601 3370 2788 3424 Audite
2811 3371 2961 3426 verba
2987 3374 3127 3442 pacti
3152 3374 3332 3444 hujus,
3356 3384 3460 3432 etc.

2032 3451 2190 3508 Vsus.
2217 3454 2267 3509 9.
2293 3482 2362 3494 --
2391 3454 2610 3511 Inventa
2641 3470 2715 3512 est
2742 3460 3054 3529 conjuratio.
3092 3461 3295 3534 (Oaxes)
3323 3463 3536 3520 Inventa

1959 3554 2033 3598 est
2059 3543 2324 3615 colligatio
2350 3546 2404 3599 in
2428 3548 2551 3601 uiris
2573 3546 2739 3613 Juda,
2761 3561 2863 3605 etc.
2886 3548 2942 3605 Si
2964 3554 3387 3621 peccaverimus,
3404 3563 3532 3622 etc.,

1959 3649 2116 3705 usque
2141 3634 2210 3687 ad
2233 3642 2289 3690 et
2306 3624 2559 3692 ellicieris
2585 3637 2724 3692 filius
2749 3639 2842 3692 Dei
2880 3640 2935 3693 in
2969 3640 3183 3696 Christo
3206 3640 3353 3699 Jcsu.

2032 3723 2190 3780 Vsus.
2223 3725 2307 3778 11.
2334 3756 2404 3766 —
2434 3724 2763 3782 Clamabunt.
2785 3729 2857 3784 'ln
2887 3732 3318 3799 necessitatibus,
3351 3741 3408 3788 et
3427 3750 3536 3791 non

1957 3816 2265 3882 exaudiam,
2296 3818 2422 3887 quia
2447 3834 2535 3873 me
2557 3821 2746 3875 audire
2789 3823 3095 3878 noluerunt.
3136 3824 3289 3891 Quod
3318 3835 3374 3881 et
3404 3825 3534 3882 Saul

1957 3922 2149 3976 passus
2173 3918 2278 3972 est,
2302 3915 2432 3973 etc.,
2464 3926 2623 3979 usque
2658 3911 2726 3963 ad
2753 3913 2897 3980 quod
2923 3928 3067 3969 nunc
3095 3915 3294 3970 dicitur
3334 3919 3400 3970 ad
3435 3915 3533 3971 Ju-

1958 3998 2080 4052 dam
2108 4006 2157 4053 et
2182 3997 2480 4055 Jerusalem
2509 4002 2744 4069 pertinet
2774 4003 2971 4073 quibus
3005 4005 3172 4061 instat
3217 4009 3521 4079 captivitas.

2028 4091 2190 4146 Vnus.
2231 4092 2317 4146 15.
2355 4123 2427 4133 —
2455 4092 2751 4149 Secundum
2793 4114 3081 4152 numerum.
3128 4100 3254 4173 (10.)
3295 4102 3351 4165 In
3397 4103 3536 4158 libro

1956 4181 2161 4254 Regum
2183 4191 2237 4238 et
2263 4183 2792 4254 Paralipomenorum
2822 4188 3124 4245 invenimus
3156 4191 3347 4247 ludam
3369 4203 3426 4247 et
3446 4194 3536 4248 Je-

1956 4274 2180 4327 remiam
2205 4274 2370 4329 multo
2391 4276 2598 4344 pejora,
2624 4285 2755 4342 etc.,
2783 4295 2943 4349 usque
2978 4281 3047 4334 ad
3074 4290 3153 4336 tot
3187 4282 3241 4335 in
3261 4283 3536 4339 confusio-

357 4357 522 4411 νεεδ.
566 4356 655 4410 23.
686 4385 758 4397 --
803 4354 949 4421 Scio,
1001 4364 1105 4410 etc.
1152 4354 1509 4420 Erubescant,
1562 4355 1654 4425 qui
1704 4356 1856 4411 aiunt

1958 4380 2076 4419 nem
2105 4379 2258 4419 suam
2289 4380 2413 4421 aras
2436 4367 2719 4433 haberent,
2749 4370 2944 4438 quibus
2977 4371 3134 4428 idolis
3164 4374 3525 4431 immolarent.

281 4461 720 4517 unumquemque
764 4461 863 4501 suo
902 4445 1014 4516 regi
1042 4446 1284 4502 arbitrio.
1313 4444 1428 4501 Non
1457 4454 1541 4501 est
1579 4447 1722 4500 enim
1758 4448 1855 4501 ho-

2028 4454 2188 4519 Vrsns.
2221 4455 2303 4510 14.
2334 4487 2406 4497 -—
2432 4456 2506 4510 Tu
2535 4475 2674 4528 ergo.
2720 4461 2846 4531 (10.)
2888 4461 3204 4532 Prmeipitur
3236 4466 3528 4534 prophetae,

283 4538 448 4592 minis
471 4538 556 4595 via
586 4538 721 4608 ejus,
744 4546 849 4595 etc.
872 4555 887 4603 ;
917 4539 1055 4593 unde
1080 4539 1250 4594 David
1281 4555 1296 4592 :
1328 4539 1374 4591 Α
1397 4538 1619 4593 Domino
1646 4555 1853 4607 gressus
1887 4514 1933 4571 θ
1958 4560 2028 4599 ne
2053 4562 2150 4616 pro
2170 4546 2250 4601 cis
2269 4556 2388 4602 oret
2411 4549 2467 4603 in
2489 4563 2643 4618 quos,
2672 4560 2803 4616 etc.,
2827 4514 2993 4621 usque
3027 4514 3096 4606 αἷι
3131 4570 3199 4608 ex
3236 4514 3534 4612 rhisrdisci:

282 4629 511 4683 hominis
529 4629 787 4699 dirigetur
806 4626 979 4701 (Psal.
1010 4630 1221 4696 xxxvi).

356 4717 523 4773 Vnus.
552 4719 643 4774 24.
664 4749 736 4760 -
762 4718 829 4773 In
851 4720 1078 4789 judicio,
1106 4728 1154 4773 et
1185 4736 1290 4773 non
1327 4719 1383 4772 in
1417 4718 1615 4788 furore.
1651 4718 1855 4792 (lima).

285 4813 476 4880 Quasi,
505 4829 627 4883 qua:
648 4814 905 4885 patimur,
921 4813 1064 4884 justa
1085 4822 1232 4877 sunt,
1254 4821 1386 4877 etc.,
1405 4828 1566 4882 usque
1585 4811 1653 4865 ad
1676 4823 1856 4883 gentes

284 4911 490 4968 autem,
514 4917 634 4972 qua:
662 4918 769 4959 non
800 4911 1165 4973 cognoverunt
1202 4912 1276 4968 te,
1306 4917 1412 4957 non
1450 4900 1740 4970 judicium,
1768 4902 1863 4957 sed

284 4992 706 5063 indignationem
730 5001 1026 5048 merentur.

887 5082 1113 5139 CAPUT
1159 5081 1250 5137 XI.

355 5174 524 5232 Vsus.
576 5175 629 5229 1.
683 5202 777 5217 -ι
808 5172 1054 5237 Verbum.
1106 5172 1309 5245 (0mm,
1354 5171 1512 5228 Hom.
1538 5175 1594 5227 in
1644 5173 1860 5246 Eseeh.)

284 5268 441 5336 Quod
466 5267 674 5323 scilicet
698 5267 752 5321 in
775 5267 1041 5337 principio
1067 5266 1208 5336 apud
1237 5266 1425 5334 Deum,
1453 5276 1585 5330 etc.,
1610 5284 1770 5335 usque
1789 5269 1860 5322 ad

281 5368 343 5416 et
366 5359 646 5431 discipulis
670 5358 743 5415 ait
773 5376 787 5412 :
821 5358 1096 5413 Vobiscum
1117 5375 1232 5413 sum
1254 5375 1412 5430 usque
1436 5360 1506 5414 ad
1532 5376 1861 5417 consumma—

284 5456 481 5510 tionem
503 5454 683 5510 swculi
707 5453 920 5528 (Matth.
950 5455 1167 5525 xxvm).

366 5544 592 5600 Verbum
613 5549 750 5616 quod
777 5545 975 5615 factum
1008 5555 1102 5601 est.
1128 5544 1335 5619 (Hii-:3.)
1366 5545 1485 5604 Non
1517 5557 1604 5605 est
1626 5550 1860 5620 positum

286 5635 344 5691 in
372 5635 547 5699 titulo,
575 5650 682 5706 quo
716 5645 972 5706 tempore,
1006 5645 1138 5703 etc.,
1166 5653 1327 5709 usque
1357 5638 1428 5695 ad
1452 5639 1519 5696 ad
1546 5638 1693 5697 viros
1722 5639 1859 5697 Juda

288 5735 347 5785 et
371 5725 672 5785 Jerusalem
701 5744 878 5785 sermo
920 5729 1185 5800 dirigitur.

1960 4653 2099 4703 mus,
2145 4636 2345 4694 frustra
2388 4655 2487 4710 pro
2531 4641 2710 4711 aliquo
2748 4644 2962 4713 rogari,
3003 4645 3093 4713 qui
3141 4660 3246 4699 non
3293 4656 3535 4703 meretur

1960 4729 2226 4799 accipere.

2036 4825 2189 4881 Vrsas.
2224 4825 2309 4879 15.
2342 4855 2414 4866 —-
2436 4825 2575 4891 Quid
2593 4837 2691 4892 est,
2716 4839 2819 4884 etc.
2850 4829 2973 4903 (10.)
2995 4831 3246 4887 Dicamus
3267 4834 3371 4889 hoc
3391 4833 3537 4906 prin-

1961 4918 2170 4987 cipibus
2198 4918 2546 4973 ecclesiarum
2572 4931 2627 4974 et
2655 4921 2929 4984 divitibus,
2953 4938 3077 4978 cum
3118 4924 3291 4979 aliena
3321 4926 3533 4996 rapiant

1962 5016 2016 5061 et
2046 5008 2281 5063 malitias
2308 5010 2488 5064 cordis
2530 5012 2612 5065 sui
2642 5027 2747 5066 non
2784 5012 3062 5081 auferant,
3108 5026 3299 5087 putant
3338 5033 3398 5073 se
3436 5016 3533 5072 Dei

1962 5099 2159 5151 mereri
2182 5097 2541 5155 clementiam.
2577 5101 2831 5173 Nunquid
2856 5120 3037 5160 carnes
3055 5117 3267 5162 sanctae.
3297 5107 3368 5162 At
3390 5124 3534 5165 nunc

1959 5188 2172 5258 publice
2200 5188 2539 5246 oll'erentium
2564 5192 2783 5246 nomina
2814 5195 3127 5260 recitantur,
3155 5205 3213 5251 et
3232 5197 3533 5269 redemptio

1961 5289 2305 5351 peccatorum
2331 5282 2386 5336 in
2416 5282 2627 5337 laudem
2661 5294 2941 5342 mutatur:
2976 5303 3079 5344 nec
3101 5289 3422 5358 evangelicae
3450 5291 3532 5347 vi-

1961 5371 2081 5428 dua:
2114 5373 2376 5428 memoria
2403 5373 2731 5441 celebratur,
2760 5392 2881 5446 quae
2919 5377 3039 5448 plus
3064 5380 3315 5437 omnibus
3340 5381 3400 5438 in
3435 5396 3530 5451 ga-

1960 5461 2335 5534 zophylacium
2374 5464 2538 5520 misit.

2031 5555 2193 5612 Vsus.
2223 5555 2311 5612 16.
2339 5585 2412 5597 —
2441 5557 2523 5612 Ad
2545 5575 2716 5615 uocem
2743 5560 2975 5632 loquele.
3011 5562 3216 5635 (Ηιειι.)
3247 5563 3413 5633 Quasi
3449 5566 3533 5621 di-

1960 5652 2051 5701 cat
2079 5662 2093 5699 :
2120 5642 2401 5703 Exaltatus
2423 5662 2520 5717 per
2547 5650 2997 5719 superbiam,‘non
3024 5652 3301 5710 humiliter
3322 5660 3533 5708 creato-

1964 5752 2075 5792 rem
2103 5747 2159 5793 ct
2181 5737 2572 5796 dominatorem
2626 5751 2773 5797 tuum
2821 5742 3154 5809 intellexisti,
3202 5746 3297 5801 sed
3343 5750 3531 5799 contra
