4068 6344
477 355 547 408 27
981 350 1372 408 WALAFRIDI
1411 349 1657 406 STRABI
1695 347 1899 404 FULD.
1940 346 2069 403 MOI‘

2172 347 2296 402 )PP.
2335 347 2515 404 PARS
2551 347 2593 402 l.
2635 379 2704 389 —
2737 347 3186 407 THEOLOGICA.
3651 349 3720 406 28

485 469 770 524 Dominum
814 464 1087 537 granditer
1127 463 1370 537 loeutus,
1423 462 1546 532 igne
1594 459 1708 530 ejus
1759 474 2051 517 succensus
2080 464 2129 523 Α
2231 458 2387 514 Vens.
2418 457 2850 514 lo.—Pastores
2890 459 3059 524 multi,
3096 467 3200 513 etc.
3237 456 3438 530 (Πιειι.)
3491 459 3724 515 Audiam

486 559 750 629 redigeris
779 557 836 612 in
864 554 1110 610 nihilum.

565 649 720 703 Vens.
758 647 840 702 l7.
872 676 943 688 —-—
969 645 1037 698 Et
1058 643 1328 698 Dominus.
1360 643 1524 710 Quasi
1551 661 1564 697 :
1590 641 1796 698 Olivam
1818 641 2062 706 uberem,

488 740 791 812 pulchram,
815 735 1147 791 fructiferam
1171 734 1384 789 vocavit
1410 744 1463 789 te
1486 735 1733 789 dominus
1760 742 1881 786 tuus
1901 740 2063 800 atque

490 827 781 898 plantavit:
812 824 903 879 sed
927 831 1145 893 propter
1164 837 1348 878 vocem
1368 822 1593 892 loquela}
1613 821 1830 886 grandis
1849 819 2063 874 ﬂamma

495 914 612 984 ejus
631 911 908 967 descendit
932 912 984 964 in
1021 919 1089 965 te.

561 1005 720 1060 Vens.
748 1001 1010 1058 18.-—Tu
1043 1011 1234 1055 autem.
1267 1000 1468 1072 (Ηιειι.)
1501 999 1668 1055 Judaei
1690 1007 1745 1055 et
1771 1000 1940 1054 nostri
1978 998 2064 1068 ju-

479 1095 766 1150 ‘daizantes
791 1093 858 1146 ad
886 1106 1170 1161 personam
1211 1091 1454 1146 Jeremiae
1495 1093 1597 1146 hoc
1640 1090 1900 1155 referunt,
1931 1100 2060 1158 etc.,

491 1203 654 1254 usque
689 1185 758 1239 ad
787 1185 891 1240 nisi
918 1184 1056 1239 forte
1077 1184 1257 1238 dicant
1287 1183 1536 1252 populum
1565 1182 1854 1251 cogitasse,
1881 1190 1935 1236 et
1955 1197 2063 1237 non

491 1276 728 1331 fecisse?
753 1273 957 1346 (ORIG.)
990 1275 1068 1328 Tu
1095 1282 1294 1335 autem,
1332 1272 1574 1334 Domine,
1611 1280 1717 1326 etc.
1758 1269 1849 1325 Vel
1884 1279 2062 1326 notum

497 1368 584 1438 fac
621 1369 764 1431 mihi,
799 1368 1038 1433 Domine,
1065 1376 1114 1421 et
1154 1382 1456 1436 cognoscam
1481 1362 1652 1435 (Psal.
1690 1361 1873 1432 CXLII).
1904 1361 2064 1416 Juxta

491 1461 855 1524 Psalmistam,
896 1460 1147 1514 Dominus
1167 1459 1311 1512 docet
1339 1458 1594 1512 hominem
1610 1458 1875 1511 scientiam
1897 1455 2059 1526 (Ibid.

492 1547 666 1620 1cm).
707 1547 899 1603 Unde:
945 1547 1123 1602 Nolite
1159 1548 1333 1601 vocari
1376 1548 1613 1618 magistri
1655 1563 1810 1617 super
1847 1556 2060 1612 terram,

391 1687 402 1696 ,
492 1653 626 1690 unus
653 1637 840 1707 quippe
867 1646 942 1691 est
962 1636 1208 1706 magister
1221 1644 1381 1690 vester
1403 1637 1504 1706 qui
1521 1637 1576 1689 in
1598 1636 1735 1690 cretis
1755 1645 1828 1690 est
1845 1634 2060 1707 (Matth.

494 1728 676 1797 um),
727 1727 840 1796 qui,
885 1726 1090 1781 scilicet
1131 1726 1309 1781 erudit
1355 1727 1618 1791 homines,
1649 1734 1775 1789 etc.,
1808 1725 2062 1796 usquead

2162 551 2293 612 haec,
2341 552 2429 620 qui
2461 551 2730 620 principes
2777 551 2962 604 volunt
2996 565 3134 616 esse,
3177 556 3308 615 etc.,
3337 565 3496 620 usque
3533 551 3600 603 ad
3631 551 3723 620 qui

2161 638 2412 710 populum
2446 639 2538 693 Dei
2573 638 2988 708 dissipaverunt.

2243 727 2406 783 VEBS.
2447 727 2984 782 il.—Desolatione.
3015 728 3215 800 (Οιιιο.)
3244 728 3506 795 Quoniam
3554 727 3722 783 Judaei

2162 819 2562 888 compleverunt
2591 833 2895 872 mensuram
2920 830 3130 887 patrum
3157 833 3374 873 suorum
3400 826 3454 871 et
3503 817 3723 871 addide-

2164 919 2292 964 runt
2325 912 2391 964 ad
2438 911 2826 979 prophetarum
2875 909 3222 974 occisionem,
3264 909 3428 964 etiam
3478 907 3724 962 Salvato-

2161 1001 2259 1065 ris,
2289 1009 2375 1054 etc
2401 1041 2416 1066 ,
2447 1017 2605 1070 usque
2632 1001 2697 1054 ad
2749 1000 3078 1056 Seminamus
3124 1017 3226 1053 non
3260 999 3315 1052 in
3340 1014 3519 1062 carne,
3549 998 3635 1053 sed
3671 1000 3725 1050 iu

2162 1091 2370 1159 spiritu,
2401 1098 2583 1144 utnon
2610 1099 2860 1142 metamus
2910 1089 3291 1158 corruptionem
3320 1089 3384 1141 de
3417 1103 3598 1153 carne,
3638 1087 3726 1141 sed

2164 1179 2228 1232 de
2256 1178 2443 1247 spiritu
2473 1179 2626 1232 vitam
2657 1185 2905 1230 aeternam
2931 1176 2982 1247 (_l
3011 1175 3133 1230 Cor.
3167 1178 3321 1246 xm).

2236 1268 2399 1324 Vens.
2431 1268 2734 1322 19η-Νοη
2775 1277 2848 1322 est
2893 1284 3015 1338 pax,
3061 1277 3166 1322 etc.
3201 1267 3406 1334 lutea.)
3445 1264 3586 1320 Caro
3628 1280 3732 1335 pa-

2167 1379 2287 1420 cem
2323 1363 2419 1418 Dei
2445 1364 2497 1418 in
2525 1377 2584 1418 se
2627 1363 2865 1432 recipere
2902 1377 3009 1418 non
3037 1369 3230 1430 potest.
3285 1357 3552 1429 Sapientia
3596 1374 3734 1413 enim

2166 1453 2342 1508 carnis
2369 1453 2579 1506 inimica
2620 1461 2694 1506 est
2749 1451 2877 1514 Deo,
2919 1460 2965 1505 et
3001 1451 3088 1521 qui
3142 1451 3197 1502 in
3245 1464 3398 1503 carne
3447 1456 3588 1514 sunt,
3626 1447 3736 1501 Deo

2169 1542 2374 1615 placere
2403 1558 2506 1596 non
2532 1551 2742 1612 possunt
2775 1541 2951 1611 (Rom.
2983 1543 3124 1607 Vill).

2233 1629 2397 1685 Vens.
2429 1629 3020 1684 15.—Seminaverunt.
3055 1628 3167 1683 Hoc
3219 1642 3432 1698 quoque
3478 1626 3740 1684 ecclesia-

2162 1706 2314 1778 sticis
2342 1721 2698 1786 dicitur,etc.,
2727 1736 2886 1790 usque
2905 1719 2974 1772 ad
3001 1727 3086 1773 et:
3126 1716 3222 1774 Cui
3241 1717 3364 1789 plus.
3382 1718 3745 1783 committitur,

492 1831 615 1870 cum
647 1826 824 1870 autem
855 1817 998 1872 venit
1024 1817 1223 1886 lignum
1259 1815 1385 1870 Jesu
1413 1815 1632 1882 Christi,
1660 1825 1716 1871 et
1739 1832 1916 1871 sermo
1944 1814 2062 1871 Sal-
2095 1803 2143 1862 Β·
2166 1811 2282 1882 plus
2314 1811 2378 1864 ab
2411 1827 2470 1864 eo
2515 1811 2742 1879 exigitur
2770 1807 2916 1878 (Sap.
2946 1807 3044 1878 v1).

493 1906 698 1960 vatoris
723 1907 777 1960 in
806 1920 926 1960 eam
959 1906 1250 1969 descendit,
1282 1906 1606 1960 dulcoratur.

563 1995 728 2049 Vsus.
755 1995 1054 2050 20.—Tibt
1094 1997 1248 2049 enim.
1297 1995 1499 2064 (Ηιειι.)
1540 1995 1675 2062 Quia
1720 2011 1826 2050 non
1873 1995 2066 2050 merito

494 2098 638 2148 meo,
685 2084 776 2138 sed
805 2097 992 2138 eorum
1026 2083 1228 2138 scelere
1271 2083 1577 2152 cruciﬁgor.
1638 2082 1788 2137 Venit
1830 2085 2068 2153 princeps

490 2175 674 2230 mundi
695 2174 871 2244 hujus,
895 2176 1014 2229 etin
1035 2191 1115 2229 me
1139 2191 1241 2229 non
1260 2175 1410 2228 habet
1427 2175 1712 2245 quidquam
1741 2173 2063 2244 (Joauauv).

564 2264 1210 2336 Vens.2‘2.—Propterea
1240 2267 1350 2321 lucc
1376 2267 1503 2320 dicit
1535 2267 1811 2321 Dominus.
1842 2265 2068 2320 Videtur

491 2356 596 2412 ltoc
641 2357 906 2425 superiori
946 2357 1226 2412 sententiae
1262 2357 1616 2418 contrarium,
1657 2357 1711 2409 in
1754 2371 1879 2426 qua,
1933 2363 2066 2420 etc.,

492 2462 655 2517 usque
677 2447 747 2500 ad
776 2455 832 2501 et
859 2446 999 2514 quod
1026 2447 1078 2500 in
1104 2447 1348 2514 praesenti
1382 2447 1435 2500 in
1475 2446 1707 2500 Ieremia
1745 2445 2065 2516 completur,

495 2535 601 2592 hoc
638 2537 690 2591 in
719 2536 956 2592 futurum
986 2537 1052 2592 de
1083 2537 1306 2592 Domino
1332 2537 1700 2607 prophetatur.

1089 2687 1312 2744 CAPUT
1351 2689 1460 2744 XII.

562 2819 724 2874 Vens.
751 2821 1074 2878 l.—Justus
1094 2823 1319 2891 quidem,
1350 2832 1454 2878 etc.
1489 2823 1692 2895 (Ηιειι.)
1723 2823 1920 2880 Contra
1963 2839 2077 2880 om-

497 2923 596 2961 nes
624 2909 803 2976 inique
830 2919 1048 2980 agentes
1079 2910 1366 2978 disputatio
1392 2920 1494 2977 est,
1521 2913 1662 2966 sicut
1693 2913 1744 2967 in
1776 2913 1866 2967 illo
1916 2911 2072 2968 Psal-

498 2999 691 3053 tnista:
724 2999 892 3064 Quaut
932 3002 1091 3055 bonus
1141 3002 1310 3056 Israel
1351 3003 1489 3058 Deus
1537 3006 1616 3058 his
1651 3006 1741 3075 qui
1786 3006 1910 3059 recti
1954 3016 2077 3060 sunt

497 3088 665 3160 (Psal.
697 3093 884 3160 um),
917 3102 1020 3146 etc.
1059 3094 1162 3148 Sed
1192 3095 1458 3164 pnecipue
1485 3105 1673 3151 contra
1715 3097 2019 3152 haereticus.

570 3181 730 3236 Vsus.
764 3184 977 3237 5.-Ει
1005 3195 1084 3248 tu,
1133 3186 1367 3241 Domine.
1400 3187 1522 3258 (lo.)
1562 3192 1634 3243 Ac
1663 3189 1706 3243 si
1743 3191 1922 3244 dicat:
1958 3189 2070 3244 Non

502 3279 586 3324 est
633 3272 962 3335 scandalum,
1014 3275 1057 3327 si
1102 3275 1245 3344 impii
1290 3276 1371 3330 vel
1414 3278 1648 3332 lueretici
1685 3293 1782 3347 pro
1831 3287 2073 3349 tempore

504 3361 722 3426 ﬂorent,
748 3372 876 3425 etc.,
911 3381 1070 3434 usque
1091 3367 1159 3418 ad
1189 3381 1309 3419 cum
1339 3365 1557 3433 fuerint,
1575 3369 1799 3433 scilicet,
1819 3368 2073 3423 ecclesia-

510 3453 644 3506 stico
665 3452 891 3522 jugulati
933 3471 1201 3510 mucrone.

573 3541 734 3595 Vens.
760 3542 976 3596 5,—Si
1003 3560 1118 3596 cum
1158 3546 1390 3612 pedibus.
1438 3547 1601 3612 Quasi
1654 3549 1795 3602 dicat
1834 3566 1846 3601 :
1889 3548 1943 3603 Si
1978 3563 2069 3603 ca-

498 3630 717 3698 ptivitas
745 3632 1038 3686 vicinarum
1067 3635 1302 3703 gentium
1326 3645 1377 3692 te
1407 3637 1672 3707 fatigavit,
1715 3638 2070 3694 Moabitarum

502 3719 728 3786 scilicet,
790 3721 1133 3788 Philisthiim,
1188 3725 1637 3793 Ammonitarum,
1699 3731 2069 3795 ldmnteorum,

503 3811 597 3874 qui
637 3821 854 3882 pr0pter
901 3813 1264 3869 dillicultatem
1304 3818 1541 3873 locorum
1579 3837 1682 3874 non
1731 3831 1838 3875 tam
1881 3837 2071 3890 pugna:

505 3914 666 3968 quam
707 3899 991 3957 latrocinio
1047 3905 1152 3973 apti
1195 3915 1336 3960 sunt.
1381 3907 1671 3972 Quomodo.
1721 3911 1774 3964 [tl
1817 3923 1917 3976 est,
1945 3911 2070 3980 quid

503 3987 692 4052 facies,
722 4005 843 4044 cum
872 3992 937 4044 ad
973 3993 1336 4061 captivitatem
1365 3996 1417 4049 in
1465 3996 1768 4052 Cltaldzeam
1817 4000 2073 4067 veneris?

503 4078 735 4134 Chaldaei
766 4081 906 4134 enim
939 4091 992 4135 et
1018 4082 1196 4138 Persae
1223 4086 1376 4153 equis
1411 4087 1664 4156 gaudent.

579 4171 744 4226 Vens.
798 4173 1087 4228 6.-Νωη
1127 4185 1174 4228 et
1225 4176 1433 4246 fratres,
1486 4188 1590 4234 etc.
1637 4180 1841 4250 (Ηιειί.)
1887 4181 2070 4236 Potest

503 4262 606 4316 hoc
635 4261 700 4316 de
729 4261 943 4318 Christo
971 4265 1210 4335 intelligi,
1239 4276 1426 4321 contra
1453 4283 1611 4337 quem
1643 4268 1835 4324 fratres
1865 4271 2067 4325 clama-

502 4361 739 4408 verunt:
781 4353 1040 4425 Cruciﬁge
1081 4373 1236 4414 eum:
1281 4358 1402 4413 Non
1459 4361 1704 4416 habemus
1753 4379 1921 4432 regem
1971 4364 2072 4418 nisi

503 4442 759 4497 Caesarem
794 4443 974 4515 (loan.
995 4446 1128 4518 nx).

576 4531 736 4587 Vens.
759 4534 811 4590 7.
835 4533 1117 4607 —Reliqui
1143 4538 1374 4592 domum.
1416 4539 1587 4607 Unde,
1621 4539 1954 4612 Relinquetur
1982 4559 2072 4596 vo-

507 4622 581 4676 bis
633 4622 815 4676 domus
856 4635 1024 4679 vestra
1075 4626 1273 4682 deserta
1303 4627 1452 4700 (Luc.
1486 4630 1606 4703 xm)
1637 4648 1650 4686 :
1680 4632 1784 4686 Et:
1843 4632 2070 4705 Surgite,

505 4729 682 4766 eamus
717 4714 836 4768 hinc
862 4715 1042 4786 (Joan.
1068 4718 1201 4790 xw).

577 4803 738 4859 Vens.
768 4805 1207 4864 8.—Ha:reditas
1254 4827 1390 4877 mea,
1434 4821 1539 4868 etc.
1573 4813 1773 4886 (Oste.)
1848 4813 1964 4871 Non
1993 4823 2070 4872 est

506 4893 806 4948 mirandum
836 4896 878 4949 si
909 4904 1033 4951 tunc
1065 4900 1198 4953 truci
1229 4899 1416 4955 bellum
1449 4912 1758 4972 comparata
1804 4906 1876 4959 sit
1907 4906 2074 4961 hatre-

508 4983 666 5048 ditas,
709 4999 829 5038 cum
855 5002 1022 5058 usque
1050 4988 1207 5045 hodie
1247 4991 1354 5045 sint
1379 4991 1561 5047 leones
1589 4994 1640 5048 in
1671 4995 1816 5066 sylva
1843 4996 2071 5050 anathe-

512 5077 830 5133 matizantes
864 5080 1155 5148 Christum,
1186 5093 1242 5138 et
1280 5085 1709 5155 blasphemantes
1748 5097 1803 5142 et
1831 5088 2076 5142 ﬁdelibus

513 5167 848 5226 insidiantes.

596 5257 757 5313 Vens.
790 5262 841 5315 9.
870 5293 942 5302 —
967 5263 1221 5336 Nunquid
1255 5270 1366 5323 auis
1391 5269 1655 5323 discolor?
1684 5269 2034 5339 Septuaginta
2063 5285 2080 5324 :

515 5347 766 5419 Nunquid
788 5353 1030 5421 spelunca
1051 5357 1215 5411 hieme
1237 5359 1513 5413 Itwreditas
1540 5377 1651 5414 utea
1680 5361 1806 5413 mihi
1828 5362 1853 5414 ?
1879 5360 2085 5432 (illam)

514 5437 686 5494 Iliena
741 5453 1006 5498 nocturna
1060 5447 1229 5501 bestia
1273 5457 1604 5502 mortuorum
1653 5450 1876 5503 devorat
1919 5451 2086 5504 cada-

513 5545 660 5597 vera,
691 5540 747 5588 et
771 5535 836 5589 de
876 5536 1136 5606 sepulcris
1176 5536 1360 5592 ellodit
1403 5554 1627 5608 corpora
1655 5549 1712 5594 et
1737 5541 1947 5596 cunctis
1993 5559 2086 5598 ve-

515 5624 681 5678 scitur
733 5627 1008 5691 sordibus,
1056 5627 1206 5696 cujus
1256 5627 1603 5683 inmunditia:
1656 5629 1815 5685 Israel
1867 5645 2084 5702 compa-

519 5723 689 5768 ratur.

2232 1901 2276 1954 A
2323 1901 2596 1970 fructibus.
2653 1897 3016 1968 Septuaginta.
3076 1900 3119 1952 Α
3185 1897 3494 1968 gloriatione
3549 1907 3738 1950 uestra.

2166 1992 2368 2066 (Ηιειι.)
2401 1991 2664 2051 Vestibus,
2699 1990 2922 2054 scilicet,
2969 1989 3238 2058 pretiosis,
3295 1989 3540 2044 domibus
3583 2003 3760 2042 exor-_

2164 2081 2343 2145 natis,
2415 2078 2842 2148 possessionibus
2912 2079 3094 2132 multis
3121 2118 3138 2144 ,
3211 2077 3455 2132 saeculari
3524 2077 3741 2146 sapien-

2169 2172 2241 2224 tia
2273 2189 2285 2224 :
2323 2169 2427 2235 Qui
2476 2179 2651 2223 autent
2719 2168 2993 2239 gloriatur,
3037 2169 3093 2222 iu
3141 2167 3362 2222 Domino
3407 2167 3656 2238 glorietur
3685 2165 3738 2237 (1

2168 2260 2289 2315 Cor.
2336 2260 2404 2330 ι).
2450 2260 2547 2325 Et,
2599 2261 2653 2312 in
2701 2275 2852 2312 cruce
2905 2259 3115 2312 Domini
3162 2259 3326 2312 nostri
3370 2257 3496 2312 Jesu
3546 2255 3742 2311 Christi

2169 2351 2311 2424 (Gal.
2343 2359 2441 2422 vn).
2471 2353 2556 2415 Et,
2589 2353 2642 2404 in
2677 2352 3062 2419 inﬁrmitatibus
3087 2353 3220 2405 suis.
3251 2363 3305 2404 ut
3340 2351 3585 2404 inhabitet
3613 2352 3665 2403 iu
3685 2366 3746 2404 eo

2171 2443 2336 2497 virtus
2380 2441 2572 2496 Christi
2607 2441 2690 2512 (ΙΙ
2722 2441 2844 2496 Cor.
2874 2442 2972 2512 x1).

2242 2533 2402 2590 Vsus.
2443 2533 2838 2591 H.—V,iciuo~s.
2858 2533 3156 2605 (HIER.)Ad
3181 2534 3434 2598 litteram,
3463 2533 3750 2598 Idumteos,

2168 2623 2474 2686 Philistiim,
2495 2623 2672 2688 Moab,
2689 2631 2744 2678 et
2766 2623 3012 2678 Ammon.
3029 2623 3342 2695 Allegorice.
3359 2622 3645 2677 Hzereticos
3655 2620 3748 2690 qui

2169 2715 2462 2772 Christiani
2493 2717 2760 2780 dicuntur,
2791 2723 2846 2769 et
2869 2715 3039 2786 magis
3066 2723 3221 2770 terra:
3252 2722 3450 2770 sancta:
3489 2711 3624 2766 ﬁunt
3664 2710 3746 2781 al—

2173 2806 2308 2862 ﬁnes
2333 2822 2492 2876 quam
2525 2807 2874 2870 habitatores.

2764 2955 2989 3012 CAPUT
3027 2955 3164 3011 XIII.

2252 3087 2725 3141 νεκε.1.-11αέ
2769 3088 2896 3142 dicit
2943 3087 3218 3142 Dominus.
3253 3085 3457 3156 (litem)
3485 3083 3580 3146 Vir
3623 3099 3749 3140 san-

2179 3185 2299 3231 ctus
2324 3177 2563 3232 lumbare
2591 3178 2682 3231 Dei
2709 3178 2922 3241 dicitur,
2955 3179 3044 3247 qui
3084 3178 3148 3231 de
3175 3177 3303 3232 limo
3335 3187 3491 3231 terra:
3534 3190 3744 3230 assum-

2177 3274 2298 3336 ptus
2324 3276 2428 3329 est,
2455 3277 2585 3330 etc.,
2616 3283 2775 3337 usque
2804 3267 2873 3320 ad
2901 3267 3241 3327 multitudine
3279 3265 3756 3323 innumerabilium.

2174 3357 2413 3427 gentium
2449 3357 2839 3425 quodammodo
2869 3359 3154 3425 absorptus
3183 3367 3237 3409 et
3270 3356 3400 3409 nihil
3441 3363 3741 3422 reputatus.

2249 3450 2408 3503 Vens.
2439 3448 2643 3502 5.—-Et
2672 3449 2940 3513 abscondi,
2977 3457 3082 3502 etc.
3118 3449 3318 3520 (Οιιιε.)
3346 3447 3510 3502 1υάιεί
3541 3448 3751 3518 indigni

2175 3541 2494 3596 exsti'crunt
2533 3538 2663 3605 Deo,
2697 3551 2750 3593 et
2791 3538 3014 3608 proiecti
3048 3549 3170 3592 sunt
3208 3539 3276 3593 ab
3303 3554 3390 3603 eo,
3424 3548 3554 3603 etc.,
3590 3555 3751 3608 usque

2175 3629 2244 3682 ad
2274 3630 2317 3683 si
2358 3646 2461 3683 non
2502 3629 2781 3683 adhaerens
2813 3628 3068 3691 Domino,
3119 3643 3224 3683 uno
3271 3628 3462 3700 spiritu
3502 3627 3666 3683 fuerit
3693 3629 3747 3682 in

2174 3718 2408 3774 Christo.

2245 3809 2406 3862 Vens.
2438 3805 2646 3861 7—Et
2684 3807 2780 3861 tuli
2801 3805 3048 3864 lumbare.
3086 3806 3288 3880 (Ehem)
3332 3807 3386 3860 In
3425 3807 3749 3876 captivitate.

2175 3899 2453 3970 Signiﬁcat
2482 3909 2663 3953 autem
2704 3902 2845 3970 quod
2878 3903 3153 3972 pr0pbeta,
3191 3913 3318 3962 etc.,
3351 3915 3508 3958 usque
3538 3900 3607 3956 ad
3635 3899 3756 3958 ideo

2175 4000 2376 4046 aeterna
2409 3991 2706 4059 perditione
2731 3993 3084 4049 contabescit.

2244 4079 2403 4134 Vens.
2435 4079 2801 4143 l2._-Ontnis
2838 4083 3136 4153 laguncula.
3167 4084 3290 4155 (ιο.)
3322 4084 3444 4140 Haec
3473 4093 3556 4140 est
3578 4087 3749 4141 ebrie-

2174 4181 2288 4237 tas,
2341 4188 2446 4242 qua
2493 4172 2860 4229 obliviscimur
2905 4184 3293 4247 princeptorum
3340 4176 3470 4241 Dei,
3513 4185 3570 4232 et
3612 4177 3758 4233 vitiis

2172 4272 2334 4332 atque
2363 4266 2616 4333 peccatis,
2649 4274 2780 4331 etc.,
2807 4284 2968 4337 usque
3012 4269 3080 4321 ad
3123 4268 3286 4322 Miser
3321 4285 3412 4340 ego
3435 4270 3610 4335 homo,
3645 4272 3772 4340 quis,

2172 4371 2254 4409 me
2277 4354 2511 4409 liberabit
2535 4357 2818 4426 decerpere
2851 4361 3033 4413 mortis
3066 4360 3223 4428 hujus
3245 4361 3270 4414 i
3291 4359 3466 4431 (Rom.
3502 4361 3622 4431 vti.)

2248 4443 2409 4501 Vens.
2457 4446 2704 4500 M.—Et
2755 4448 3065 4518 dispergant.
3116 4449 3239 4520 (lu.)
3287 4449 3606 4505 Rationabili
3658 4451 3757 4517 ira,

2175 4544 2237 4590 ut
2264 4537 2514 4590 reducam
2537 4537 2604 4593 ab
2628 4553 2832 4602 errore,
2889 4539 3159 4594 doloribus
3189 4551 3244 4594 et
3271 4540 3574 4604 tormentis,
3627 4549 3758 4604 etc.,

2175 4645 2336 4700 usque
2353 4630 2421 4684 ad
2437 4639 2493 4684 et
2511 4631 2687 4686 omnis
2703 4632 2925 4701 populus
2952 4631 3246 4688 Jerusalem
3270 4633 3434 4691 calice
3454 4633 3760 4704 Babylonia:

2173 4725 2244 4778 sit
2266 4723 2610 4778 inebriandus
2642 4732 2696 4778 et
2724 4725 3028 4794 captivitate
3057 4727 3381 4781 ohruendus.

2249 4815 2410 4868 Vens.
2439 4813 2751 4866 I6.—-Date
2797 4813 3039 4879 Domino,
3069 4825 3172 4868 etc.
3209 4815 3328 4884 uo.)
3357 4815 3437 4867 Ad
3491 4814 3761 4884 paeniten-

2181 4903 2312 4956 tiam
2387 4911 2675 4970 provocat,
2744 4913 3030 4971 antequam
3106 4905 3371 4958 ducantur
3420 4905 3474 4958 in
3534 4904 3764 4976 Babylo-

2179 5008 2323 5056 nem,
2355 5000 2486 5056 etc.,
2512 5009 2672 5062 usque
2705 4994 2772 5047 ad
2805 5003 2860 5048 et
2889 4993 3191 5065 Sophonias
3223 5013 3234 5048 :
3278 4994 3400 5050 Dies
3437 4996 3766 5050 tenebrarum

2181 5092 2230 5137 et
2260 5083 2479 5136 turbinis
2507 5082 2690 5154 (Soph.
2725 5083 2786 5153 ι).

2257 5172 2422 5227 Vens.
2448 5172 2782 5238 l7.—Quod
2806 5177 2851 5228 si
2881 5176 2976 5228 hoc
3023 5193 3126 5231 non
3165 5177 3415 5231 audieris.
3450 5177 3573 5247 (Io.)
3614 5177 3768 5232 Dica-

2191 5263 2514 5320 musJudzeis
2527 5275 2578 5317 et
2602 5267 2797 5319 nostris
2810 5264 3236 5332 Judaizantibus,
3253 5270 3343 5338 qui
3361 5268 3614 5331 litteram,
3635 5277 3738 5323 etc.
3751 5308 3766 5331 ,

2193 5372 2354 5426 usque
2382 5357 2450 5410 ad
2483 5356 2715 5426 plorabit
2746 5358 2922 5411 anima
2966 5360 3236 5427 prooheta:
3267 5375 3296 5412 a
3338 5358 3473 5414 facie
3501 5357 3769 5427 superbia

2193 5459 2401 5499 eorum.

2263 5527 2464 5605 Captus
2505 5545 2604 5590 est.
2655 5534 2697 5588 A
2729 5537 2940 5592 diabolo
2988 5539 3071 5592 vel
3122 5537 3636 5602 Nahuchodonosdr,
3682 5537 3767 5591 vel

2192 5627 2472 5680 contritus.
2506 5625 2802 5696 Aliquando
2842 5626 3002 5682 Israel
3055 5628 3334 5697 fuit~grex~
3379 5628 3609 5683 Domini.
3663 5626 3768 5684 Sed

2193 5723 2316 5790 quia
2355 5722 2597 5791 indignos
2627 5736 2685 5775 se
2711 5719 3085 5788 iudicaverunt
3119 5719 3312 5783 salute.
3339 5735 3633 5776 conversus
3679 5729 3766 5777 est
