4068 6344
275 405 336 462 t9

1070 376 1335 435 GLOSSA
1370 368 1764 430 0RD1NARIA.
1801 396 1872 408 —-
1908 359 2294 417 PROPHETIA
2327 361 2664 420 JEREMIA'}.

3414 361 3486 418 50

278 525 440 573 sermo
463 504 532 563 ad
556 502 772 560 Gentes.
812 496 1010 552 Caveat
1035 492 1267 549 oleaster
1295 489 1348 543 in
1386 488 1582 542 bonam
1619 482 1817 536 olivam
1845 483 1896 542 Α
1921 479 2062 535 ditus
2090 493 2195 532 non
2221 486 2322 542 est,
2351 493 2457 533 non
2484 491 2760 547 possessor
2784 475 2916 546 agri,
2959 475 3052 531 sed
3083 474 3322 536 colonus,
3351 481 3483 538 etc.,

278 611 451 663 contra
487 605 732 651 naturam
757 590 1010 650 insertus,
1037 599 1104 639 ne
1131 592 1187 637 et
1209 583 1326 650 ipse
1347 585 1676 634 conteratur.

341 693 497 749 Vens.
523 682 807 742 18.-—Dic
835 679 940 749 regi
987 687 1032 732 et
1061 671 1410 728 dominatrici.
1448 666 1654 739 (llten.)
1684 666 1819 721 Ver-

282 791 393 844 bum
423 781 713 836 Htebrteum
743 772 949 834 Gebira,
976 768 1166 836 Aquila
1193 775 1247 820 et
1269 761 1623 833 Symmachus
1647 758 1825 812 Domi-

281 875 512 933 natricem
528 879 582 924 et
606 867 867 920 dominam
895 857 1226 928 interpretati
1251 864 1394 919 sunt,
1419 861 1547 915 etc.,
1575 866 1736 921 usque
1755 849 1822 902 ad

280 975 326 1021 et
353 962 487 1033 quod
516 958 732 1028 quidam
769 951 939 1022 angeli
983 947 1127 1018 passi
1178 952 1301 1000 sunt
1326 958 1424 1013 pro
1461 938 1826 1008 redemptione

281 1025 586 1111 dzemouum,
625 1055 681 1101 et
718 1051 841 1114 post
877 1039 1137 1111 judicium
1181 1042 1370 1105 portas
1412 1030 1607 1086 inferni
1652 1025 1826 1083 claudi

281 1155 330 1202 et
353 1142 552 1198 nullum
581 1137 653 1192 ibi
678 1132 875 1206 puniri,
902 1130 1044 1200 quod
1068 1126 1326 1198 Origenes
1360 1121 1562 1178 sentire
1595 1119 1828 1182 videtur,

280 1233 408 1305 quod
435 1229 687 1286 frivolum
730 1233 833 1279 est.

341 1323 504 1378 Vens.
524 1319 586 1373 2|
601 1357 613 1370 .
632 1347 700 1358 --
715 1314 790 1369 Tu
811 1313 946 1367 enim
968 1309 1188 1364 docuisti
1209 1322 1314 1366 eos,
1336 1313 1438 1357 etc.
1466 1300 1588 1371 (11).)
1608 1297 1837 1367 Quando.

281 1411 527 1470 Ezechias
550 1404 783 1462 ostendit
810 1404 1117 1457 thesaurum
1140 1395 1327 1451 nuntio
1346 1391 1489 1462 regis
1508 1387 1831 1459 Babyloniae.

282 1506 352 1561 Tu
387 1504 547 1566 enim,
592 1509 697 1553 etc.
748 1495 941 1549 Audiat
979 1494 1078 1546 hoc
1109 1487 1346 1544 Ecclesia
1381 1482 1678 1554 negligens,
1717 1492 1837 1548 quze

279 1595 422 1650 docet
459 1587 797 1645 adversarios
832 1598 957 1638 suos
995 1577 1258 1649 quomodo
1293 1575 1502 1646 possint
1535 1587 1655 1626 eam
1682 1569 1839 1640 spiri-

279 1684 398 1742 tuali
429 1681 740 1751 captivitate
786 1669 1259 1744 comprehendere,
1301 1674 1356 1720 et
1405 1677 1570 1735 pecus
1605 1659 1721 1730 ejus
1746 1660 1836 1714 be-

278 1775 406 1834 stiali
442 1770 759 1828 crudelitate
800 1767 1054 1820 lacerare.

1921 585 2080 640 usque
2108 569 2175 622 ad
2201 577 2256 622 et
2275 568 2494 621 viatoris
2513 566 2908 636 przetereuntis,
2931 566 3022 635 qui
3046 565 3264 636 negligit
3284 579 3347 620 ea
3369 578 3488 634 qua:

1921 667 2209 715 occurrunt
2235 659 2287 711 in
2321 657 2440 712 viis.

1992 749 2061 803 Et
2098 749 2248 820 quasi
2275 749 2460 802 viator.
2497 747 2699 820 (IIIER.)
2729 746 2896 802 Judzei
2925 748 3068 802 hunc
3091 747 3271 802 locum
3294 747 3373 801 sic
3396 762 3490 802 ex-

1921 852 2126 915 ponunt
2158 857 2172 895 :
2202 841 2378 908 Quare
2411 856 2662 911 segregas
2701 848 2774 904 te,
2815 849 2945 904 etc.,
2990 857 3149 910 usque
3190 840 3258 892 ad
3304 839 3491 895 relicto

1923 936 2085 993 Israel
2112 935 2297 991 tendat
2322 935 2388 989 ad
2417 943 2622 1005 gentes,
2647 942 2704 987 ut
2727 935 2792 986 de
2817 933 2930 987 loco
2961 933 3026 986 ad
3056 932 3255 998 locum,
3293 932 3360 987 de
3398 945 3491 1002 po-

1924 1029 2052 1100 pulo
2081 1029 2146 1082 ad
2170 1025 2442 1096 populum,
2477 1026 2542 1080 de
2572 1024 2766 1094 templo
2797 1025 2863 1078 ad
2896 1024 3207 1079 Ecclesiam.

1999 1117 2162 1172 Vens.
2200 1115 2286 1170 10.
2306 1114 2600 1168 -Μουενε
2635 1115 2787 1184 pedes
2818 1131 2958 1179 suos,
2990 1123 3096 1168 etc.
3149 1110 3271 1184 (11).)
3296 1113 3495 1168 Notan-

1928 1209 2055 1264 dum
2085 1208 2140 1264 in
2171 1205 2464 1274 Scripturis
2492 1207 2692 1260 sanctis
2725 1205 2866 1273 quod
2902 1218 3114 1272 semper
3152 1211 3495 1273 peccatorum

1931 1297 2094 1369 pedes
2125 1302 2459 1358 moveantur,
2505 1303 2632 1357 etc.,
2673 1309 2833 1362 usque
2867 1292 2934 1344 ad
2966 1299 3017 1345 et
3045 1291 3137 1361 qui
3166 1291 3355 1344 turrim
3397 1288 3498 1344 Ba-

1934 1386 2145 1458 bylonis
2183 1384 2602 1448 tediticaverunt,
2647 1383 2714 1436 ab
2755 1381 2972 1437 Oriente
3015 1386 3297 1435 moverunt
3337 1380 3500 1450 pedes

1934 1471 2080 1534 suos.
2610 1479 2614 1484 ‘

2009 1568 2170 1624 Vens.
2219 1567 2306 1621 ll.
2331 1594 2406 1608 —
2433 1564 2560 1620 Noli
2599 1580 2769 1619 orare.
2809 1561 2930 1635 (1ο.)
2973 1561 3206 1616 Stultum
3236 1568 3318 1615 est
3345 1572 3503 1615 orare

1937 1676 2036 1732 pro
2074 1674 2139 1714 eo
2183 1659 2273 1729 qui
2308 1657 2612 1729 peccaverit
2652 1657 2718 1712 ad
2757 1665 3012 1716 mortem,
3056 1663 3188 1717 etc.,
3238 1669 3397 1722 usque
3435 1650 3502 1704 ad

1939 1752 2029 1823 qui
2057 1751 2202 1806 enim
2230 1748 2395 1805 semel
2429 1748 2604 1817 gladio
2645 1757 2698 1803 et
2739 1746 2866 1801 fami
2909 1755 2964 1799 et
3007 1747 3142 1814 pesti
3183 1743 3502 1806 destinatur,

773 1856 987 1924 Propter
1006 1847 1533 1910 multitudinem,etc.
1559 1842 1678 1913 (1a.)
1703 1839 1838 1895 Hinc
1865 1821 1913 1879 Β
1941 1821 2100 1898 nullis
2133 1839 2382 1910 precibus
2409 1839 2617 1892 eruitur
2648 1856 2660 1890 :
2694 1837 2850 1900 unde,
2886 1835 3011 1888 Noli
3047 1850 3218 1896 orare,
3254 1843 3359 1886 etc.

277 1957 554 2019 discimus,
577 1949 809 2021 quandiu
834 1953 1051 2016 peccata
1085 1947 1209 1997 sunt
1247 1938 1475 2001 minora,
1509 1943 1640 2000 etc.,
1680 1947 1842 2003 usque

281 2048 347 2103 ad
384 2045 485 2099 Isti
515 2046 777 2109 resurgent
809 2037 860 2088 in
893 2035 1049 2088 vitam
1084 2041 1350 2092 wternam,
1383 2035 1428 2079 et
1467 2023 1548 2079 illi
1576 2025 1631 2077 in
1660 2036 1843 2092 oppro-

279 2138 436 2193 brium
478 2141 527 2188 et
566 2129 918 2197 confusionem
946 2121 1307 2191 sempiternam
1349 2116 1508 2187 (Dan.
1550 2112 1672 2182 x11).

344 2225 512 2281 Vens.
545 2221 634 2276 25.
660 2247 731 2258 ——
757 2215 818 2271 Si
856 2224 1056 2267 mutare
1085 2218 1269 2278 potest,
1299 2217 1403 2261 etc.
1458 2204 1580 2276 (11).)
1614 2203 1727 2258 Hoc
1759 2211 1843 2257 te-

279 2316 530 2374 stimonio
557 2317 798 2372 utuntur,
830 2307 920 2376 qui
948 2303 1194 2359 diversas
1220 2308 1441 2353 naturas
1477 2310 1718 2351 asserere
1752 2308 1845 2349 co-

279 2418 496 2472 nantur,
527 2415 654 2468 etc.,
683 2417 842 2472 usque
863 2398 928 2452 ad
959 2395 1079 2449 Non
1101 2393 1258 2462 igitur
1283 2388 1534 2460 glorietur
1565 2387 1768 2456 sapiens
1790 2386 1845 2438 in

279 2498 676 2570 sapientiasua,
708 2492 782 2546 vel
813 2488 961 2558 fortis
986 2487 1040 2538 in
1061 2483 1364 2554 fortitudine
1387 2497 1483 2533 sua
1507 2477 1638 2549 (Jer.
1669 2477 1770 2547 1x),
1793 2483 1847 2530 et

278 2565 602 2660 huiusmodi,
638 2597 755 2652 quae
793 2579 846 2632 in
881 2575 1127 2630 omnibus
1153 2577 1404 2640 operatur
1427 2568 1597 2621 virtus
1625 2565 1842 2620 Christi.

343 2657 513 2735 Vens.
563 2675 651 2730 26.
682 2704 750 2714 ——
777 2668 1007 2725 Nuduvi.
1071 2663 1190 2733 (10.)
1231 2662 1499 2732 Rogemus
1551 2657 1846 2720 Christum,

279 2785 333 2829 ut
368 2789 471 2828 nec
511 2771 565 2824 in
599 2764 867 2839 praesenti,
895 2775 995 2815 nec
1032 2759 1084 2812 in
1119 2756 1294 2810 futuro
1324 2751 1520 2807 revelet
1550 2748 1848 2820 posteriora

279 2875 485 2926 nostra,
514 2859 606 2916 sed
635 2857 806 2913 deleat
833 2851 1140 2920 iniquitates
1167 2853 1409 2907 nostras,
1438 2849 1495 2898 et
1525 2839 1732 2894 scelera
1759 2853 1849 2892 no-

279 2969 385 3015 stra
410 2967 675 3024 apparere
703 2963 807 3004 non
837 2947 992 3001 sinat.

347 3021 517 3103 Vens.
547 3044 636 3096 ‘27.
668 3071 734 3080 —-
757 3037 922 3106 Super
947 3032 1121 3087 colles.
1173 3027 1492 3098 Allegorice.
1531 3024 1590 3079 1n
1625 3021 1850 3077 collibus

2009 1933 2173 1987 Vens.
2224 1929 2694 1999 15.—Proplietaa
2741 1930 2917 1981 dicunt
2960 1927 3064 1989 eis,
3119 1935 3224 1981 etc.
3273 1923 3506 1977 Audiant

1940 2025 2056 2080 haec
2086 2022 2331 2094 magistri
2355 2021 2446 2091 qui
2475 2019 2821 2090 peccantibus
2851 2027 2903 2072 et
2932 2018 2983 2071 in
3021 2017 3161 2071 vitiis
3189 2027 3509 2084 permanen-

1942 2119 2086 2174 tibus
2113 2130 2364 2186 prospera
2391 2113 2726 2183 pollicentur.
2776 2110 2921 2164 Multi
2970 2109 3101 2163 tales
3149 2107 3304 2161 hodie
3352 2112 3505 2166 sunt,

1942 2209 2031 2279 qui
2060 2223 2165 2262 non
2195 2211 2386 2262 curant
2411 2205 2763 2272 undecunque
2795 2202 2866 2256 sit
2894 2199 3125 2263 oblatio,
3169 2196 3510 2252 consulentes

1942 2313 2052 2354 suae
2078 2295 2351 2361 avaritiae;
2381 2302 2444 2348 ut
2469 2293 2684 2363 quidam
2714 2291 2908 2346 fecisse
2934 2289 3149 2352 dicitur,
3178 2287 3268 2356 qui
3296 2298 3512 2356 persua-

1944 2393 2102 2449 debat
2147 2397 2208 2445 ut
2250 2395 2457 2444 secreta
2496 2385 2883 2441 confiterentur
2919 2389 3136 2452 peccata
3179 2393 3360 2434 coram
3400 2377 3513 2430 Deo

1945 2491 2069 2536 ante
2109 2481 2301 2544 altare,
2351 2485 2406 2531 et
2454 2476 2568 2546 ipse
2616 2491 2680 2530 ex
2737 2474 2962 2527 adverso
3003 2471 3220 2526 sedebat
3263 2487 3276 2522 :
3317 2476 3370 2523 et
3419 2478 3514 2520 au-

1945 2572 2146 2634 diebat,
2174 2577 2226 2624 et
2252 2569 2389 2623 hanc
2417 2565 2757 2621 securitatem
2780 2563 2960 2616 dabat.
2994 2557 3382 2613 Tantummodo
3409 2555 3516 2608 lar-

1947 2676 2042 2730 gas
2061 2659 2428 2727 eleemosynas
2456 2655 2612 2709 facite
2641 2661 2693 2707 et
2722 2651 2932 2706 sullicit.

2019 2748 2184 2802 Vens.
2229 2743 2558 2800 15.-—Ha'c
2596 2743 2720 2796 dicit
2756 2742 3028 2795 Dominus.
3081 2738 3282 2809 (H1en.)
3322 2735 3519 2808 Caveat

1945 2838 2440 2912 pseudoprophetze,
2471 2850 2539 2888 ne
2568 2834 2658 2903 qui
2689 2831 3001 2901 decipienda
3031 2830 3231 2883 lactant
3260 2826 3515 2896 populum

1948 2931 2067 2996 Dei,
2094 2940 2149 2984 et
2178 2929 2274 2998 ipsi
2303 2934 2528 2997 pereant
2555 2940 2674 2980 eum
2703 2924 2940 2993 deceptis
2959 2963 2973 2986 ,
3019 2930 3074 2976 et
3116 2921 3334 2990 jaceant
3383 2918 3520 2970 inse-

1948 3027 2079 3096 pulti
2105 3065 2119 3090 ,
2147 3033 2201 3078 et
2225 3038 2329 3077 non
2360 3021 2429 3074 sit
2454 3021 2545 3090 qui
2569 3019 2778 3088 ‘operiat
2805 3016 3147 3088 ignominiam
3176 3027 3360 3068 eorum
3395 3009 3518 3080 pul-

279 3139 412 3194 etin
457 3133 605 3204 agris
641 3129 952 3189 fornicatur,
1001 3132 1055 3178 et
1098 3133 1368 3189 nunquam
1415 3116 1720 3179 mundatur,
1759 3113 1848 3183 qui
1878 3161 1922 3223 Ο
1951 3132 2078 3172 vere
2101 3112 2447 3184 pmnitentim.

648 3219 658 3223 _
1072 3209 1120 3223 ..
1318 3221 1366 3223 ,ν
1415 3203 1726 3223 Lemn---
1755 3202 1846 3223 ---ι
2025 3208 2069 3223 ..
2242 3205 2301 3223 ,η
2433 3203 2447 3223 ι

277 3236 463 3283 erecta
501 3202 724 3275 icerviee
770 3229 867 3285 per
909 3209 1234 3280 superbiam,
1273 3221 1376 3259 non
1415 3203 1728 3258 humiliatur
1753 3202 1850 3256 sub

278 3312 489 3387 potenti
514 3323 677 3364 manu
710 3305 824 3369 Dei,
862 3301 955 3357 sed
987 3297 1205 3354 conﬁdit
1236 3297 1290 3350 in
1323 3293 1613 3350 sceleribus
1651 3292 1783 3356 suis.

873 3435 1098 3496 CAPUT
1136 3433 1272 3488 XIV.

352 3581 523 3634 Vens.
559 3576 611 3630 1.
637 3603 708 3615 -—
735 3571 799 3626 Et
819 3579 978 3642 porta:
991 3568 1240 3638 ejus,ete.
1281 3561 1485 3636 (l11en.)
1511 3561 1732 3624 Sensus,
1754 3559 1859 3614 sci-

285 3669 431 3732 licet,
461 3679 559 3736 per
582 3677 717 3733 quos
741 3661 919 3714 animo
932 3651 1537 3724 concipiturdisciplina,
1554 3662 1859 3719 etc.,usque

287 3759 353 3812 ad
385 3765 440 3814 et
471 3767 643 3824 usque
668 3752 718 3805 in
744 3757 1057 3820 praesentem
1088 3746 1227 3800 diem
1267 3743 1523 3799 sterilitas
1555 3741 1858 3811 pluviarum

287 3862 392 3900 non
431 3841 606 3898 solum
645 3839 876 3908 frugum,
918 3835 1010 3890 sed
1045 3843 1099 3888 et
1132 3832 1347 3886 bibendi
1379 3831 1508 3886 facit
1533 3831 1785 3900 inopiam.

358 3937 528 3991 Vens.
592 3931 646 3984 4.
682 3959 752 3968 -
784 3926 1060 3998 Agricolae.
1118 3923 1356 3990 Quorum
1404 3939 1542 3976 unus
1589 3921 1664 3974 ait
1706 3939 1720 3975 :
1765 3919 1862 3974 Dei

292 4026 618 4097 agricultura
659 4021 780 4076 estis
827 4018 874 4092 (Ι
933 4016 1054 4072 Cor.
1102 4015 1206 4085 ιιι).
1256 4015 1322 4068 Et
1359 4013 1485 4068 alibi
1514 4030 1527 4066 :
1554 4012 1653 4067 Dei
1687 4028 1865 4082 coope-

294 4129 491 4172 ratores
532 4129 731 4168 sumus.

368 4209 530 4260 Vens.
574 4204 627 4258 5.
653 4231 724 4242 --
750 4199 892 4254 Nam
934 4206 982 4252 et
1023 4213 1191 4261 cerva,
1224 4203 1328 4250 etc.
1379 4192 1592 4264 (Gnec.)
1638 4191 1777 4246 Nam
1811 4199 1864 4246 et

296 4314 441 4352 cerva
480 4293 589 4366 (vel
615 4289 808 4357 cervae)
850 4290 906 4342 in
948 4303 1074 4356 agro
1115 4285 1304 4356 peperit
1351 4283 1452 4352 (vel
1497 4280 1862 4352 pepererunt).

298 4388 421 4444 Haec
445 4384 711 4442 sententia
739 4383 803 4436 de
828 4378 1134 4436 doctoribus
1157 4376 1364 4446 genitos
1386 4375 1522 4430 ﬁlios
1545 4375 1755 4429 incaute
1776 4375 1868 4428 de-

2025 3208 2189 3262 Vens.
2236 3203 2694 3258 l7.—Deducant
2728 3199 2863 3253 oculi
2903 3198 3023 3252 mei.
3073 3196 3192 3267 (11).)
3234 3194 3525 3264 Dupliciter

1955 3297 2044 3350 hic
2075 3295 2220 3348 locus
2247 3291 2578 3359 intelligitur.
2616 3289 2766 3354 Quod
2793 3287 2874 3340 vel
2897 3287 3008 3354 ipse
3029 3286 3187 3349 Deus,
3215 3293 3342 3346 etc.,
3368 3298 3526 3352 usque

1957 3385 2026 3440 ad
2057 3385 2208 3454 virgo
2236 3381 2489 3442 contrita,
2519 3379 2625 3434 ﬁlia
2651 3392 2904 3446 percussa
2924 3417 2937 3438 ,
2967 3375 3192 3444 populus
3228 3374 3452 3428 deletus.

2030 3476 2196 3530 Vens.
2249 3473 2334 3528 18.
2360 3467 2508 3524 —Si
2545 3484 2776 3538 egressus
2804 3508 2818 3530 ,
2855 3476 2958 3520 etc.
3001 3466 3122 3535 (11).)
3157 3465 3390 3518 Andiant
3427 3465 3530 3519 hoc

1957 3566 2233 3637 prophetae
2263 3561 2431 3616 nostri
2469 3568 2523 3615 et
2558 3559 2888 3622 sacerdotes,
2927 3559 3066 3627 quod
3116 3571 3214 3610 nec
3260 3555 3390 3610 foris
3427 3569 3529 3611 nec

1959 3658 2124 3719 intus,
2155 3661 2282 3717 etc.,
2327 3669 2485 3722 usque
2517 3651 2585 3703 ad
2622 3651 2710 3719 qui
2744 3648 3132 3720 prophetabant
3166 3662 3443 3717 prospera,
3478 3655 3533 3702 et

1959 3745 2094 3817 legis
2123 3743 2369 3798 mandata
2401 3742 2610 3812 aperire
2639 3740 2921 3802 debebant,
2960 3739 3197 3792 abierunt
3239 3738 3294 3790 in
3333 3747 3529 3791 terram

1961 3854 2118 3911 quam
2139 3834 2466 3907 ignorabant.
2515 3833 2570 3887 1d
2599 3840 2699 3893 est,
2725 3830 2976 3900 captivati
3007 3837 3148 3883 sunt.

2034 3926 2199 3980 Vens.
2241 3921 2692 3999 I9.—7Nunquid
2731 3919 3028 3989 projiciens,
3074 3927 3177 3974 etc.
3228 3916 3432 3990 (H1en.)
3464 3917 3534 3974 Ut

1963 4017 2056 4073 ubi
2084 4015 2262 4069 fuerat
2283 4013 2459 4068 cultus
2483 4011 2578 4065 Dei
2604 4021 2659 4065 et
2687 4009 3076 4078 tranquillitas,
3122 4008 3194 4062 ibi
3231 4008 3301 4062 sit
3340 4008 3535 4062 seditio

1964 4115 2020 4162 et
2059 4104 2270 4161 hostilis
2309 4103 2570 4156 fremitus.
2623 4099 2679 4154 Si
2712 4101 2924 4169 quando
2955 4107 3136 4153 nostra
3168 4087 3296 4153 Sion
3330 4108 3537 4154 noster-

1965 4211 2070 4267 que
2097 4193 2262 4249 Judas
2292 4189 2666 4246 abominabilis
2700 4188 2970 4256 abjicitur,
3005 4203 3342 4256 nequaquam
3375 4189 3536 4244 mire-

1967 4301 2112 4351 mur,
2150 4285 2247 4339 sed
2281 4283 2520 4338 dicamus
2555 4283 2695 4351 quod
2735 4281 2996 4351 sequitur.

2039 4375 2203 4431 Vens.
2223 4374 2314 4429 20.
2338 4373 2778 4443 -Cognovimus,
2803 4373 3042 4436 Domine,
3066 4381 3168 4428 etc.
3195 4373 3315 4446 (11).)
3336 4373 3532 4442 Quasi:

299 4477 600 4536 serentibus
626 4474 840 4538 dicitur,
869 4480 996 4536 etc.,
1030 4485 1188 4540 usque
1221 4467 1290 4522 ad
1324 4468 1584 4536 scriptum
1629 4475 1731 4530 est,
1767 4465 1864 4520 ln-
1892 4524 1941 4540 ἢ
1969 4466 2036 4521 Et
2066 4482 2165 4521 nos
2194 4467 2248 4520 et
2277 4472 2458 4533 patres
2494 4464 2660 4517 nostri
2697 4464 2884 4517 eadem
2915 4463 3182 4517 dementia
3216 4463 3309 4518 Dei
3341 4479 3538 4534 ρι-ωεε.

301 4572 457 4626 vicem
485 4583 643 4623 onera
676 4573 844 4619 vestra
878 4570 1096 4632 portate,
1134 4568 1181 4614 et
1220 4559 1293 4613 sic
1325 4557 1670 4628 adimplebitis
1706 4556 1868 4627 legem

304 4660 495 4716 Christi
528 4657 667 4730 (Gal.
710 4655 806 4724 v1).

371 4751 536 4806 Vens.
599 4750 651 4803 6.
686 4777 754 4789 —-
790 4745 1080 4798 Traxerunt
1138 4752 1362 4796 ventum.
1433 4738 1576 4811 (11).)
1625 4737 1873 4792 Perversi

306 4842 460 4913 quasi
505 4841 766 4895 dracones
798 4834 1017 4889 trahunt
1049 4839 1288 4887 ventum.
1326 4843 1448 4882 cum
1487 4827 1750 4882 malitiosa
1778 4842 1871 4881 su-

305 4930 492 5002 perbia
539 4926 807 4982 inflantur.

379 5020 684 5089 Defecerunt
733 5013 890 5069 oculi.
937 5010 1160 5083 (111en.)
1201 5009 1410 5065 Claram
1446 5009 1619 5064 lucem
1651 5023 1873 5064 cernere

311 5127 415 5166 non
449 5101 709 5171 valentes,
749 5113 876 5168 etc.,
919 5119 1078 5174 usque
1113 5101 1182 5154 ad
1217 5109 1342 5156 sunt
1379 5101 1470 5170 qui
1503 5101 1731 5165 discant,
1766 5115 1871 5154 non

311 5203 400 5272 qui
445 5203 687 5256 doceant.

381 5291 544 5346 Vens.
585 5292 637 5346 8.
665 5317 736 5327 —
765 5284 1093 5354 Exspectatio
1133 5283 1322 5338 Israel.
1368 5284 1489 5354 (11).)
1529 5285 1782 5339 Dicamus
1817 5291 1874 5339 et

314 5396 412 5435 nos
434 5381 488 5433 in
510 5387 748 5447 tempore
783 5373 1040 5430 siccitatis
1083 5382 1138 5428 et
1166 5388 1317 5444 aqua:
1344 5375 1590 5443 penuria,
1619 5373 1733 5426 Tibi
1751 5389 1873 5443 pec-

315 5471 559 5533 cauimus,
590 5477 636 5521 et
675 5464 869 5520 malum
907 5479 1081 5517 coram
1104 5474 1151 5516 te
1174 5464 1387 5533 fecimus
1413 5463 1585 5535 (Psal.
1617 5463 1695 5534 1.),
1723 5473 1874 5518 tuum

314 5557 680 5627 prmstolamur
723 5555 1027 5618 adventum,
1062 5554 1151 5623 qui
1198 5553 1372 5610 salvas
1413 5553 1598 5620 Israel,
1637 5568 1743 5608 non
1773 5568 1874 5612 suo

319 5651 530 5714 merito,
574 5649 666 5704 sed
716 5657 803 5702 tua
859 5646 1047 5716 gratia.

390 5742 554 5806 Quasi
582 5740 810 5794 colonus.
870 5736 1084 5808 (Gneo)
1113 5737 1211 5804 Qui
1239 5739 1380 5794 enim
1412 5749 1469 5793 ut
1496 5739 1750 5794 Dominus
1779 5755 1873 5793 au-

1892 4524 1945 4582 D

1970 4567 2058 4630 pta
2086 4555 2435 4626 negleximus,
2461 4563 2589 4617 etc.,
2615 4569 2772 4622 usque
2809 4552 2876 4605 ad
2914 4554 3149 4607 nondum
3179 4565 3440 4608 venerant
3470 4554 3538 4608 ad

1971 4649 2273 4719 iniquitatis
2296 4646 2567 4702 cumulum
2599 4661 2612 4699 :
2643 4646 2786 4714 quod
2809 4646 2860 4699 in
2881 4644 3080 4700 Christi
3106 4653 3279 4700 morte
3307 4647 3541 4716 campie.

1973 4750 2084 4796 tum
2115 4748 2217 4794 est.

2043 4831 2204 4886 Vens.
2243 4826 2571 4884 2|.—Solii
2615 4827 2813 4896 glorite.
2862 4826 3087 4896 Templi,
3133 4827 3214 4881 vel
3259 4828 3542 4898 cujuslibet

1972 4923 2163 4985 sancti,
2190 4920 2245 4974 in
2287 4934 2416 4988 quo,
2438 4918 2574 4972 sicut
2611 4918 2868 4986 scriptum
2902 4924 3002 4981 est,
3046 4916 3309 4972 Tltronum
3344 4921 3457 4988 ejus
3486 4921 3542 4974 in

1971 5026 2112 5068 terra
2149 5010 2377 5065 allisisti.
2417 5009 2567 5063 Tunc
2604 5008 2842 5062 alliditur
2876 5017 3040 5077 atque
3073 5009 3385 5073 destruitur,
3419 5027 3538 5065 cum

1973 5105 2041 5159 ab
2070 5119 2135 5157 eo
2161 5101 2500 5156 multitudine
2530 5109 2872 5168 peccatorum
2911 5101 3049 5154 Deus
3086 5099 3394 5155 offenditur.
3433 5101 3541 5157 Sed

1973 5196 2100 5266 quia
2137 5194 2290 5265 culpa
2327 5193 2588 5264 perditur,
2630 5192 2837 5246 Domini
2878 5191 3159 5246 clementia
3189 5200 3538 5259 sustentatur,

1975 5302 2096 5357 quae
2131 5292 2368 5339 mutatur
2404 5283 2688 5338 severitate
2725 5283 3025 5347 sententiae,
3056 5283 3101 5338 si
3136 5282 3347 5337 irritum
3379 5283 3542 5339 faciat

1981 5378 2239 5434 Dominus
2275 5387 2490 5447 pactum
2528 5391 2684 5431 suum
2719 5392 2824 5446 quo
2859 5375 3014 5431 nobis
3047 5373 3314 5445 pollicitus
3350 5383 3434 5432 est
3459 5392 3544 5431 sa~

1978 5467 2164 5523 Iutem.

2051 5559 2215 5613 Vens.
2273 5558 2362 5613 22.
2385 5557 2730 5628 —Nunquid
2774 5566 2894 5612 sunt
2938 5557 2993 5610 in
3039 5555 3360 5626 sculptilibus
3383 5597 3397 5622 ,
3433 5564 3537 5610 etc.

1981 5645 2203 5719 (Ηιειι.)
2247 5647 2374 5702 Post
2421 5645 2613 5702 multos
2661 5646 2944 5716 variosque
2992 5659 3268 5701 sermones
3304 5644 3444 5698 redit
3477 5645 3541 5697 ad

1981 5739 2188 5795 titulum
2216 5737 2526 5806 prophetiae,
2552 5747 2680 5803 etc.,
2713 5753 2872 5804 usque
2900 5736 2969 5790 ad
2997 5743 3051 5790 tu
3076 5734 3220 5791 solus
3246 5748 3304 5790 es
3332 5733 3545 5791 ouipa-
