4068 6344
428 321 492 377 31
928 321 1321 379 WALAFRIDI
1359 322 1607 379 STRABI
1640 323 1844 382 FULD.
1887 318 2052 378 MON.
2094 318 2244 377 OPP.
2286 319 2468 377 PARS
2505 321 2546 377 Ι.
2586 352 2655 363 -
2694 311 3148 381 TIIEOLOGICA.

3610 327 3683 381 32

430 439 612 509 pulum
639 448 788 495 tuum
816 418 970 509 potes
995 440 1281 506 instruere,
1305 447 1361 495 et
1383 438 1675 495 divisiones
1703 438 1998 511 gratiarum
2026 438 2075 497 Α
2103 434 2386 489 thesauros
2412 434 2633 489 abstulit
2654 435 2795 491 Deus
2820 435 3048 503 Iudaeis,
3071 444 3127 492 et
3151 435 3295 493 dedit
3315 434 3471 493 nobis
3486 449 3500 492 ε
3516 438 3680 505 unde,

429 528 866 600 exspectantibus
887 537 959 584 te.

1013 661 1243 719 CAPUT
1304 663 1420 719 XV.

502 792 665 849 Vsus.
728 790 956 848 1.-Ει
997 793 1133 848 dixit
1178 793 1454 849 Dominus.
1510 792 1727 867 (6826.,
1784 792 2004 860 March,

431 884 526 940 lib.
567 901 622 939 ix
647 927 663 950 ,
701 901 750 940 c.
795 883 907 955 Η..)
954 884 1181 940 Omissis
1218 893 1296 940 tot
1334 886 1616 954 patribus,
1652 886 1754 943 soli
1797 884 2008 956 Moyses

431 986 485 1030 et
526 975 740 1030 Samuel
779 975 846 1030 ad
885 975 1121 1029 medium
1159 977 1528 1042 deducuntur,
1567 984 1699 1039 etc.,
1741 993 1902 1046 usque
1937 977 2006 1031 ad

431 1065 567 1121 alter
609 1081 675 1120 ex
720 1065 1022 1136 principatu
1072 1067 1320 1137 ejicitur,
1366 1077 1420 1122 et
1465 1068 1541 1122 ait
1584 1086 1597 1121 :
1650 1066 1794 1121 Absit
1840 1085 1874 1121 a
1925 1083 2007 1121 me

430 1154 526 1208 hoc
550 1165 837 1222 peccatum,
861 1156 981 1226 quia
1003 1172 1194 1210 cessem
1213 1172 1365 1211 orare
1382 1173 1475 1223 pro
1496 1155 1635 1212 vobis
1655 1156 1708 1226 (I
1729 1155 1854 1226 Reg.
1879 1155 2003 1227 xu).

500 1244 664 1300 Vsus.
695 1246 837 1300 5.-
858 1245 924 1300 Ει
956 1247 1171 1301 visitabo
1200 1264 1355 1317 super
1378 1264 1485 1303 eos.
1528 1246 1732 1318 (Iliam)
1764 1247 2007 1313 Quatuor

429 1335 633 1407 plagas,
656 1336 852 1406 quibus
888 1337 1117 1407 populus
1135 1335 1286 1391 Iuda:
1312 1338 1542 1391 traditus
1562 1347 1668 1401 est,
1694 1337 1859 1391 etiam
1880 1337 2010 1391 Eze-

429 1428 570 1483 chiel
598 1429 860 1498 propheta
888 1429 1241 1495 demonstrat,
1284 1427 1550 1500 gladium,
1583 1437 1713 1492 etc.,
1748 1446 1907 1500 usque
1937 1428 2014 1487 ad.

430 1527 491 1572 ut
518 1518 773 1574 Creatore
810 1518 1053 1589 neglecto
1084 1534 1191 1574 non
1221 1520 1472 1575 universa
1501 1528 1754 1576 creatura
1777 1535 2007 1577 consur-

430 1621 580 1683 geret
606 1613 658 1667 in
688 1621 1017 1683 peccatores.

2103 523 2384 593 Auferetur
2400 542 2433 579 a
2457 526 2599 580 vobis
2622 542 2833 597 regnum
2860 527 2980 592 IIei,
3000 537 3048 582 et
3074 527 3287 581 dabitur
3308 528 3446 599 genti
3468 526 3685 597 facienti

2104 611 2307 681 fruetus
2334 614 2448 683 ejus
2480 614 2692 685 (Matth.
2725 616 2861 687 xxi).
2902 616 3143 671 Primum
3181 617 3381 673 credita
3417 627 3539 673 sunt
3576 618 3685 674 illis

2104 702 2308 774 eloquia
2337 706 2436 760 Dei
2462 704 2514 777 (Ι
2541 704 2661 761 Cor.
2697 707 2736 779 ι)
2759 748 2774 772 ,
2803 716 2858 763 et
2884 716 3068 777 postea
3097 708 3222 763 data
3251 708 3428 764 nobis.
3469 707 3688 766 Habent

2106 793 2323 862 quidem
2356 795 2523 865 legem
2553 807 2602 852 et
2636 799 2956 869 prophetas,
2991 802 3084 854 sed
3116 817 3221 856 non
3251 801 3578 873 intelligunt.
3750 860 3759 867 ,

2175 883 2244 939 In
2292 887 2528 942 omnibus
2566 892 2788 959 peccatis
2821 893 2944 945 tuis.
2989 891 3193 964 (Ηιειι.)
3231 892 3289 948 Id
3321 900 3425 960 est,
3466 900 3695 964 propter

2105 986 2325 1046 peccata
2359 988 2471 1044 tua,
2511 994 2630 1049 quae
2666 982 2720 1035 in
2759 998 2947 1038 onmes
2985 984 3243 1040 terminos
3285 993 3404 1040 tuos
3431 998 3690 1053 pervene-

2107 1077 2253 1134 runt,
2289 1078 2416 1135 etc.,
2453 1087 2615 1142 usque
2651 1072 2721 1127 ad
2758 1082 2813 1129 et
2849 1088 3133 1143 resurgens
3168 1073 3415 1129 Christus
3448 1087 3555 1128 non
3591 1086 3691 1142 ap-

2105 1159 2287 1229 paruit
2324 1159 2464 1215 ultra
2512 1160 2947 1219 interfectoribus
2980 1179 3093 1220 suns
3122 1204 3139 1229 ,
3176 1163 3273 1219 sed
3310 1170 3524 1218 tantum
3563 1176 3691 1218 cre-

2107 1248 2378 1304 dentibus.

2142 1388 2147 1391 _
2179 1337 2339 1394 Vens.
2392 1339 2480 1394 14.
2507 1370 2577 1381 -
2604 1342 2839 1397 Ardebit.
2896 1344 3012 1399 Non
3044 1351 3217 1413 potest
3240 1341 3530 1414 exstingui,
3558 1340 3689 1412 quia

2107 1429 2389 1484 materiam
2427 1432 2701 1501 praebuisti
2738 1435 2968 1499 ardoris,
3012 1444 3071 1490 ut
3104 1450 3254 1491 meus
3289 1434 3428 1505 ignis
3452 1442 3542 1489 tua
3569 1448 3690 1503 qua

2109 1518 2167 1573 in
2190 1527 2243 1573 te
2271 1528 2400 1576 sunt
2421 1520 2565 1591 ligna
2593 1536 2877 1578 consumat
2903 1534 2959 1580 et
2985 1526 3166 1580 fenum
3186 1536 3241 1581 et
3264 1524 3537 1595 stipulam.
3568 1522 3690 1578 Non

2109 1618 2194 1665 est
2216 1625 2345 1681 ergo
2374 1626 2537 1667 causa
2557 1615 2777 1679 ardoris
2802 1616 2855 1670 iu
2884 1616 3134 1680 Domino.r
3162 1617 3257 1672 sed
3282 1617 3336 1671 in
3367 1614 3452 1670 his
3497 1612 3591 1684 qui
3614 1610 3694 1668 fo-

506 1705 664 1759 ths.
694 1704 749 1759 4.
770 1734 839 1744 -
861 1704 928 1759 Et
949 1704 1083 1759 dabo
1108 1721 1193 1759 eos
1213 1705 1268 1758 in
1287 1703 1562 1772 fervorem,
1580 1712 1690 1760 etc.
1743 1703 1864 1776 (10.)
1896 1703 2009 1760 Hoc
2044 1781 2067 1783 ξ
2110 1710 2295 1754 menta
2334 1701 2643 1757 ministrant
2673 1704 2939 1783 incendio.

430 1796 530 1851 sub
557 1794 862 1866 Babyloniis
892 1812 956 1850 ex
983 1803 1136 1865 parte
1164 1795 1487 1864 completum
1529 1803 1640 1861 est,
1680 1802 1812 1857 etc.,
1849 1812 2010 1867 usque
2038 1781 2100 1841 Β⁴
2181 1790 2344 1847 Vsus.
2396 1792 2480 1848 15.
2503 1824 2573 1833 --
2596 1794 2725 1849 Noli
2765 1781 2829 1850 in
2866 1798 3118 1867 patientia
3155 1807 3247 1852 tua
3292 1799 3552 1868 suscipere
3586 1813 3701 1854 me.

431 1887 500 1941 ad
534 1887 579 1941 si
614 1886 767 1941 liberi
793 1893 1123 1955 nepotesque
1155 1884 1349 1939 similia
1378 1886 1644 1956 gesserint
1670 1884 1737 1941 ad
1764 1895 2008 1955 posteros

431 1978 772 2049 perveniunt.
822 1975 926 2030 Iste
962 1975 1232 2030 Manasses
1266 1975 1628 2044 nequissimus
1653 1974 1783 2041 fuit,
1814 1975 2009 2031 Isaiam

432 2077 574 2125 serta
602 2068 780 2139 lignea
821 2067 1015 2132 secuit,
1060 2067 1235 2124 Amon
1281 2067 1451 2122 lilium
1490 2083 1647 2123 suum
1691 2083 1790 2139 per
1833 2068 2009 2139 ignem

435 2160 673 2215 traduxit
703 2159 772 2214 ad
805 2159 1066 2214 honorem
1103 2158 1364 2213 idolorum
1400 2167 1456 2215 et
1500 2160 1730 2230 Topbet.

503 2251 667 2307 Vsus.
723 2250 778 2305 5.
807 2279 878 2290 -—
908 2250 1039 2316 Quis
1085 2250 1222 2303 enim
1270 2250 1600 2305 miserebitur
1641 2250 1771 2303 tui?
1826 2249 2013 2307 Nullus

433 2341 637 2397 oll'enso
674 2341 787 2397 Deo
825 2349 1003 2411 potest
1040 2354 1229 2411 mgare
1264 2356 1363 2411 pro
1396 2339 1614 2412 ﬂagitiis
1647 2341 2010 2411 peccantium,

435 2432 562 2502 quia
609 2445 709 2487 nec
752 2438 863 2485 tam
912 2429 1148 2485 clemens
1183 2438 1362 2499 potest
1404 2446 1523 2486 esse
1560 2439 1805 2486 creatura
1852 2446 2013 2501 quam

436 2521 681 2589 Creator,
720 2535 821 2579 nec
859 2528 965 2576 tam
1005 2520 1211 2576 alienus
1247 2522 1518 2588 externis,
1556 2537 1720 2593 quam
1758 2522 2016 2578 Dominus

438 2614 551 2670 suis
598 2615 866 2671 misereri.

511 2707 675 2761 Vens.
708 2707 1179 2764 6.—-Retrorsum
1225 2708 1422 2774 abiisti,
1473 2714 1580 2764 etc.
1634 2706 1843 2778 (Iliam)
1882 2707 2015 2764 Cum

432 2793 586 2865 juxta
628 2797 945 2866 Apostolum
975 2799 1272 2868 posteriora
1306 2798 1629 2853 obliviscens
1657 2798 1724 2851 ad
1753 2797 1931 2868 priora
1959 2814 2018 2853 se

439 2884 730 2940 extendere
758 2886 960 2950 debuit,
989 2886 1268 2957 Egyptias
1292 2901 1486 2941 carnes
1518 2886 1865 2941 desideravit.

516 2971 673 3028 Vsus.
717 2973 768 3028 8.
788 2974 1223 3045 ——Mul.iplicatw
1253 2984 1372 3035 sunt
1412 2974 1559 3037 mihi.
1594 2973 1798 3047 (HlElt.)
1833 2974 2025 3028 Diver—.

2112 1881 2227 1938 Vox
2257 1882 2479 1940 Christi.
2529 1884 2695 1951 Quasi
2727 1904 2740 1940 :
2772 1886 3120 1957 Longanimis
3145 1887 3293 1943 fuisti
3331 1889 3703 1959 semperbuie

2109 1973 2308 2044 pepulo
2337 1973 2667 2043 deliuquenti
2684 2015 2700 2040 ,
2731 1975 2825 2030 sed
2851 1976 2974 2045 quia
3004 1976 3165 2030 etiam
3193 1984 3382 2031 contra
3407 1992 3493 2031 me
3518 1979 3700 2034 erexit

2113 2063 2475 2119 temeritatem
2499 2078 2652 2119 suam
2670 2104 2684 2129 ,
2709 2065 2817 2118 noli
2836 2063 2948 2133 jam
2981 2080 3099 2120 esse
3128 2065 3471 2137 longanimis.
3516 2065 3574 2122 Si
3600 2083 3696 2121 au-

2113 2161 2222 2209 tem
2244 2155 2553 2210 consideres
2587 2167 2827 2226 tempora
2851 2156 3140 2212 Dominica:
3159 2158 3424 2227 passionis
3454 2167 3509 2214 et
3527 2160 3697 2214 ruinae

2112 2244 2428 2312 Jerusalem,
2449 2248 2679 2313 videbis,
2703 2242 2826 2319 quia
2848 2251 3068 2303 omnino
3087 2250 3297 2319 patiens
3318 2248 3439 2305 fuit.
3470 2251 3517 2305 A
3541 2252 3703 2321 quin:

2113 2338 2384 2393 todecimo
2420 2353 2562 2393 anno
2600 2338 2800 2394 Tiberii
2829 2339 3055 2396 CIDS'H‘IS
3090 2357 3259 2411 usque
3291 2342 3358 2397 ad
3394 2341 3704 2398 subversion

2114 2444 2236 2484 nem
2270 2430 2454 2502 templi
2476 2441 2834 2487 numerantur
2856 2433 2982 2487 anni
3009 2433 3364 2504 quadraginta
3388 2435 3512 2489 duo.
3556 2435 3705 2502 Quia.

2116 2519 2348 2589 spatium
2376 2521 2707 2589 poenitentiae
2744 2523 3027 2591 oportebat
3076 2524 3192 2577 dari
3230 2533 3448 2596 propter
3470 2540 3576 2581 {eos
3604 2525 3707 2597 qui

2117 2623 2213 2679 per
2241 2611 2510 2678 apostolos
2539 2623 2693 2672 erant
2717 2615 2997 2669 credituri.

2190 2698 2353 2756 Vens.
2390 2702 2475 2754 l7.
2498 2732 2565 2741 —
2592 2702 2713 2755 Non
2751 2705 2882 2768 sedi,
2925 2716 3028 2759 etc.
3073 2706 3278 2773 (illam)
3314 2705 3522 2762 Hebraei
3552 2708 3703 2763 arbi~
3750 2716 3763 2723 '

2118 2798 2332 2843 trantur
2376 2790 2488 2845 haec
2528 2804 2594 2845 ex
2642 2808 2870 2861 persona
2914 2792 3213 2848 Jerusalem
3249 2794 3377 2861 dici,
3408 2797 3551 2866 quod
3590 2797 3705 2852 sola

2120 2880 2315 2934 sederit
2336 2881 2692 2935 amaritudine
2715 2883 2938 2953 repleta,
2965 2895 3093 2950 etc.,
3118 2903 3279 2956 usque
3299 2886 3369 2940 ad
3389 2902 3510 2956 quae
3540 2901 3713 2955 opere.

2119 2971 2675 3027 monstrabitomucm
2703 2974 3116 3030 amaritudinem
3148 2977 3318 3033 instar
3342 2976 3506 3032 fuisse
3527 2976 3699 3032 ﬂuen-

441 3064 519 3120 sis
552 3066 996 3123 medicaminibus
1030 3069 1176 3139 cupit
1210 3069 1352 3124 Deus
1380 3067 1589 3133 salvare
1618 3077 1926 3139 peccantes,
1960 3077 2025 3123 ut
2064 3135 2090 3139 _
2122 3062 2254 3118 tium
2281 3078 2566 3134 aquarum.

442 3156 534 3226 qui
584 3166 1022 3229 contempserant
1064 3135 1428 3215 blandientem
1466 3201 1480 3226 ,
1528 3135 1755 3215 timeant
1805 3160 2017 3217 minan—
2047 3135 2093 3198 ς·
2193 3154 2238 3207 Α
2273 3154 2407 3223 facie
2446 3170 2634 3208 "mnus
2669 3166 2794 3210 tute.
2829 3156 3031 3229 (Οιιια.)
3062 3157 3250 3215 Facies
3278 3173 3475 3214 manus
3500 3157 3595 3212 Dei
3623 3165 3711 3214 est

444 3257 550 3303 tem
559 3288 572 3301 .

513 3337 674 3392 Vens.
701 3337 1074 3409 9.-—Septem.
1100 3339 1222 3411 (Io.)
1251 3339 1486 3400 Verbum
1510 3341 1832 3400 Hebraicum
1855 3340 2029 3407 Saba,

441 3426 525 3482 vel
566 3438 782 3498 septem,
832 3430 915 3484 vel
950 3429 1344 3499 juramentum,
1395 3432 1481 3487 vel
1530 3432 1783 3501 plurimos
1840 3442 2016 3487 sonat.

442 3516 616 3583 Unde,
656 3525 784 3583 etc.,
817 3535 978 3588 usque
1003 3520 1072 3572 ad
1102 3520 1323 3576 confusa
1354 3530 1437 3577 est
1474 3521 1528 3577 in
1557 3529 1830 3580 aeternum.
1864 3523 2010 3592 spiri-

443 3607 570 3660 tuali
600 3608 775 3678 gladio
803 3609 1036 3678 perdens
1062 3610 1315 3679 populum
1346 3627 1524 3667 stium.

513 3697 678 3754 Vatis.
706 3699 792 3754 10.
815 3730 885 3740 -
910 3698 1003 3756 ναξ
1020 3701 1182 3766 mihi,
1200 3713 1367 3763 mater
1393 3720 1530 3770 mea,
1548 3710 1655 3759 'etc.
1697 3704 1821 3777 (In.)
1841 3706 2024 3763 Potest

441 3790 546 3845 hoc
569 3788 999 3862 Syueedochicos
1036 3792 1103 3849 de
1134 3790 1369 3847 Ieremia
1405 3794 1651 3864 intelligi,
1693 3796 1783 3864 qui
1817 3813 1922 3851 non
1966 3798 2044 3852 in.

443 3887 559 3936 toto
588 3882 717 3936 orbe
756 3889 1214 3947 terrarum,_etc.,.
1237 3900 1397 3951 usque
1431 3884 1501 3938 ad
1531 3886 1626 3938 sed
1653 3885 2021 3941 ctJeremiam

444 3971 893 4044 deprehendimus
913 3987 1052 4041 saepe
1073 3972 1129 4032 in
1150 3973 1254 4032 hoc
1276 3973 1546 4031 volumine
1571 3990 1787 4046 rogasse
1806 3991 1905 4046 pro
1928 3992 2025 4047 po-

444 4063 587 4134 pulo.

514 4154 679 4211 Vens.
726 4152 981 4209 ll.-——Si
1018 4171 1119 4209 non
1160 4154 1412 4227 reliquiis.
1465 4155 1768 4227 Responsio
1809 4159 2026 4225 Domini

445 4247 512 4302 ad
551 4247 606 4301 id
640 4247 782 4317 quod
807 4244 1072 4304 Jeretnias
1102 4248 1508 4321 supradixerat:
1538 4249 1627 4305 Va:
1665 4253 1816 4317 mihi,
1857 4263 2025 4308 mater

447 4357 581 4407 mea,
609 4349 712 4396 etc.
742 4338 907 4407 Quasi
933 4360 947 4395 :
979 4340 1096 4396 Noli
1116 4343 1462 4398 considerare
1482 4344 1765 4413 praesentia
1790 4355 2021 4412 tantum,

447 4432 542 4486 sed
567 4430 764 4486 futura.
798 4430 1053 4502 Reliquiae
1074 4433 1211 4486 enim
1231 4445 1335 4487 tua:
1355 4435 1410 4488 in
1432 4434 1643 4498 bonum,
1663 4442 1769 4490 etc.
1793 4434 1850 4488 In
1881 4451 2020 4505 prte—

447 4522 585 4576 seuti
636 4536 849 4591 quoque
883 4537 1005 4576 cum
1054 4532 1105 4577 te
1147 4530 1405 4592 cuperent
1443 4523 1649 4578 inimici
1695 4524 2024 4594 opprimere,

447 4614 650 4667 occurri
682 4614 806 4681 tibi,
842 4622 897 4669 et
936 4615 1144 4684 protexi
1179 4625 1250 4670 te.
1314 4616 1376 4671 Si
1415 4633 1521 4671 non
1559 4616 1790 4687 reliquie:
1828 4627 1934 4672 tua:
1970 4619 2026 4671 in

448 4706 660 4759 bonum.
704 4707 779 4760 De
817 4705 1032 4761 Christo
1071 4721 1283 4776 quoque
1312 4709 1604 4762 secundum
1636 4707 2041 4762 humanitatem.

447 4806 671 4866 possunt
708 4797 824 4852 ha3c
857 4797 982 4861 dici,
1025 4795 1084 4851 Si
1122 4813 1224 4851 non
1262 4797 1513 4867 reliquiae.
1551 4797 1784 4852 Possunt
1820 4798 2025 4852 haeC'iIe

447 4879 679 4945 Ieremia
718 4890 929 4959 accipi,
966 4890 1057 4960 qui
1096 4891 1330 4961 pessimo
1369 4899 1645 4959 tempore,
1689 4890 2028 4945 imminente-

448 4996 553 5050 que
590 4980 898 5055 captivitate
935 4982 1256 5051 prophetare
1300 4981 1609 5051 compulsus
1644 4990 1726 5037 est
1750 5021 1766 5047 ,
1801 4992 1858 5038 et
1893 4983 2027 5037 dura

450 5074 659 5143 perpeti
697 5089 728 5128 a
766 5074 961 5144 populo
1000 5090 1106 5128 non
1144 5076 1415 5130 credente.

523 5163 685 5219 Vsus.
737 5164 824 5219 12.
854 5193 926 5205 -
955 5165 1207 5236 Nunquid
1250 5166 1587 5235 fmderabitur
1624 5166 1821 5236 ferrum
1867 5165 2026 5235 ferro.

453 5254 658 5325 (litt-1n.)
710 5255 870 5323 Quasi
907 5274 918 5309 :
956 5254 1066 5311 Nec
1109 5256 1294 5312 doleas
1333 5256 1476 5325 quod
1511 5256 1738 5327 populus
1776 5264 1897 5311 tuus
1933 5257 2033 5311 ini-

452 5347 625 5403 micus
663 5347 733 5404 sit
758 5388 773 5412 ,
813 5356 916 5403 etc.
940 5387 956 5412 ,
1000 5364 1160 5419 usque
1206 5348 1275 5402 ad
1322 5347 1412 5418 qui
1452 5348 1506 5402 in
1547 5355 1748 5402 tantam
1787 5347 2029 5417 pervenit

455 5438 740 5505 malitiam,
784 5447 842 5494 ut
877 5439 1082 5495 duriori
1119 5437 1366 5506 metallo,
1406 5438 1458 5493 id
1497 5446 1612 5507 est,
1649 5452 1756 5493 tere
1797 5438 2028 5495 circum-

450 5533 611 5587 datus
646 5533 735 5587 sit.

523 5622 683 5679 Vsus.
724 5624 811 5679 15.
833 5654 902 5663 —-
922 5622 989 5677 Et
1012 5623 1302 5677 thesauros.
1340 5619 1545 5692 (0316.)
1569 5619 1719 5676 Unus
1740 5620 2028 5676 thesaurus

370 5786 381 5801 ἡ
449 5726 530 5770 cst
555 5716 835 5781 leremias,
866 5716 1002 5769 alius
1028 5714 1208 5779 Isaias,
1243 5713 1326 5770 vel
1355 5711 1564 5785 Moyses
1589 5721 1645 5770 et
1687 5711 1885 5769 caeteri.
1915 5710 2025 5767 Hos

2049 4487 2103 4545 D

2123 3244 2236 3315 ipsa
2264 3246 2543 3316 percussio
2571 3245 2704 3313 justi
2728 3247 2943 3317 judicii,
2973 3265 3091 3318 quae
3118 3250 3536 3320 superbientem,
3569 3257 3713 3316 etc.,

2123 3351 2286 3407 usque
2335 3335 2404 3388 ad
2447 3342 2504 3388 et
2541 3334 2588 3388 si
2623 3350 2848 3406 peccare
2873 3352 2979 3392 non
3009 3338 3338 3407 desistimus,
3368 3338 3586 3393 azternis
3611 3337 3709 3392 ad-

2123 3426 2229 3481 huc
2257 3426 2533 3496 suppliciis
2563 3425 2771 3495 adjicit.

2194 3518 2354 3574 Solus
2401 3518 2663 3572 sedebam.
2715 3517 2932 3589 (Cum,
2978 3518 3195 3588 March,
3235 3520 3328 3577 lib.
3383 3537 3458 3587 tv,
3496 3536 3549 3576 c.
3590 3519 3737 3591 55.).

2124 3611 2286 3678 Quasi
2320 3629 2332 3664 :
2365 3611 2501 3665 Dum
2537 3609 2822 3665 considero
2844 3611 2972 3681 quid
2996 3612 3108 3682 jam
3148 3628 3247 3682 per
3273 3611 3461 3681 iudicii
3494 3613 3709 3682 experia

2123 3711 2364 3754 mentum
2389 3700 2566 3769 patior
2583 3714 2613 3753 a
2636 3699 2864 3754 tumultu
2892 3700 3280 3756 desideriorum
3308 3701 3703 3771 temporalium,

2124 3790 2367 3858 trepidus
2405 3790 2603 3844 mentis
2631 3804 2900 3845 secessum
2947 3798 3094 3860 peto,
3139 3792 3266 3860 quia
3311 3791 3489 3846 adhuc
3532 3791 3712 3845 acrius

2124 3878 2238 3943 illa,
2280 3893 2399 3947 qua:
2439 3879 2683 3943 minaris,
2716 3888 2916 3934 :eterna
2951 3879 3210 3950 supplicia
3246 3879 3495 3935 formido.
3557 3930 3563 3937 .

2176 3975 2341 4037 Vsus.
2359 3974 2585 4029 I9.——Si
2597 3976 2936 4045 separaveris,
2952 3985 3056 4030 etc.
3074 3976 3172 4046 (In.
3184 4016 3198 4041 ,
3215 3975 3433 4040 Moral.,
3448 3976 3709 4038 lib.xvm,

2124 4080 2174 4120 c.
2189 4065 2304 4137 25.)
2326 4064 2463 4120 Vilis
2480 4065 2679 4135 quippe
2697 4074 2779 4120 est
2799 4066 2910 4121 Deo
2937 4080 3174 4135 praesens
3197 4066 3446 4131 mundus,
3475 4064 3711 4136 pretiosa

2123 4163 2208 4210 est
2232 4155 2304 4221 ei,
2332 4164 2466 4222 etc.,
2496 4172 2656 4226 usque
2689 4155 2759 4209 ad
2787 4157 2879 4224 qui
2909 4157 2977 4211 ab
3014 4172 3199 4212 amore
3223 4157 3506 4227 praesentis
3529 4156 3711 4211 saeculi

2124 4244 2390 4316 loquendo
2409 4260 2532 4316 quae
2561 4253 2755 4315 potest,
2787 4247 3079 4302 humanam
3108 4248 3343 4302 animam
3370 4247 3568 4304 evellit.

2196 4337 2362 4404 Quasi
2410 4354 2468 4392 os
2507 4354 2699 4391 meum.
2752 4339 2959 4410 (Ηιειι.)
2997 4339 3417 4395 Consideremus
3453 4347 3711 4411 quantam

2125 4427 2430 4482 mercedem
2480 4426 2679 4481 habeat
2735 4442 2914 4483 sermo
2968 4430 3203 4485 doctoris
3235 4472 3249 4496 ,
3304 4431 3348 4484 si
3408 4430 3476 4484 ab
3528 4445 3715 4485 errore

2128 4518 2431 4588 quempiam
2467 4517 2698 4574 liberare
2733 4519 2998 4587 voluerit,
3040 4529 3096 4576 et
3132 4522 3198 4576 de
3230 4520 3572 4591 peccantium
3612 4537 3715 4575 nu-

2128 4623 2279 4663 mero
2314 4622 2590 4663 revocare.

2712 4679 2939 4741 CAPUT
2987 4679 3126 4737 XVI.

2199 4790 2363 4848 Vsus.
2406 4792 2467 4857 1,
2497 4791 2550 4846 2.
2574 4822 2646 4832 —
2666 4790 2733 4847 Et
2761 4794 2959 4862 factum
2986 4802 3060 4846 est
3085 4792 3292 4847 verbum
3312 4832 3327 4857 ,
3357 4798 3461 4847 etc.
3504 4790 3712 4863 (litem)

2127 4879 2367 4935 Instante
2412 4881 2763 4950 captivitate,
2819 4896 2886 4934 ne
2929 4896 3093 4950 super
3139 4882 3411 4951 proprium
3454 4880 3711 4944 dolorem,

2135 4972 2319 5027 uxoris
2369 4988 2584 5043 quoque
2636 4982 2694 5027 et
2744 4971 3034 5027 liberorum
3096 4973 3331 5028 miseriis
3389 4972 3709 5042 torquearis.

2134 5065 2278 5121 Bene
2300 5080 2430 5135 ergo
2456 5063 2746 5135 Aposfolus
2771 5063 2959 5134 jubet,
2992 5064 3130 5131 Quia
3162 5076 3363 5135 tempus
3394 5063 3539 5118 breve
3565 5072 3639 5118 est
3665 5071 3713 5115 et

2135 5146 2509 5217 consummatio
2562 5162 2817 5227 imminet,
2873 5170 2927 5214 ut
2980 5162 3069 5231 qui
3122 5177 3309 5214 uxores
3357 5159 3567 5225 habent,
3611 5158 3715 5211 sint

2134 5253 2286 5323 quasi
2333 5268 2437 5306 non
2488 5252 2733 5306 habentes
2779 5250 2832 5322 (I
2882 5250 3005 5305 Cor.
3064 5250 3183 5321 vn).
3398 5309 3411 5319 η

2207 5340 2370 5397 Vsus.
2417 5342 2472 5397 4.
2502 5372 2574 5383 -—
2603 5342 2859 5398 Mortibus
2911 5341 3328 5411 trgrotationum.
3384 5337 3525 5423 (10.)
3577 5336 3715 5393 Nota

2134 5433 2276 5505 quod
2330 5432 2488 5505 longa
2539 5432 2855 5488 inﬁrmitate
2918 5432 3195 5487 tabescere
3225 5471 3241 5496 ,
3290 5429 3373 5484 ira
3432 5427 3529 5484 Dei
3575 5438 3659 5485 est
3698 5446 3712 5483 :

2137 5528 2275 5583 unde
2328 5526 2514 5583 Joram
2571 5526 2712 5580 illius
2763 5524 3021 5595 Josaphat
3082 5521 3395 5578 infirmitate
3442 5518 3717 5576 consumi-

2136 5628 2241 5675 tur.
2298 5618 2365 5673 Et
2405 5616 2692 5687 Apostolus
2746 5616 2873 5670 ait:
2915 5614 3045 5668 Ideo
3104 5614 3243 5667 inter
3293 5628 3382 5668 vos
3431 5610 3581 5665 multi
3624 5607 3708 5661 in-

2138 5712 2273 5765 ﬁrmi
2322 5721 2367 5764 et
2417 5707 2695 5764 imbecilles
2751 5706 2801 5765 (Ι
2854 5706 2974 5762 Cor.
3023 5705 3117 5762 χι).
3173 5713 3276 5760 etc.
