4068 6344
274 420 338 476 35
1106 411 1370 468 GLOSSA
1411 407 1805 466 ORDINARIA.
1845 438 1917 447 —
1952 407 2341 464 PROPI‘IETIA
2372 406 2707 464 JEREMIE.
3445 406 3511 462 54

340 534 494 588 Vsus.
525 529 579 585 5.
601 559 671 568 —
695 527 777 582 Ne
797 526 1109 598 ingrediaris
1133 527 1365 579 domum.
1398 522 1601 595 (Ηιειι.)
1640 521 1793 577 Unde
1822 538 1835 573 :
1865 521 1916 583 Α
1942 527 2112 575 strum
2130 560 2144 585 ,
2168 521 2257 589 qui
2284 519 2555 575 credimus
2580 521 2633 575 in
2655 520 2928 577 Christum
2950 520 3016 575 de
3039 521 3180 578 tribu
3201 520 3359 589 Iuda,
3385 530 3515 585 etc.,

275 624 396 679 Cum
428 619 727 689 hujusmodi
768 634 859 671 nec
906 618 1077 670 cibum
1117 632 1320 671 sumere
1353 613 1402 683 (1
1443 613 1564 667 Cor.
1602 612 1676 682 v).
1728 610 1839 666 Nec

274 714 427 770 debes
460 710 640 765 dicere
684 708 733 763 ei
783 723 900 762 ave.
952 705 1223 777 Apostolis
1252 717 1465 774 quoque
1496 701 1838 757 interdictum

273 812 365 870 est,
393 810 528 869 etc.,
550 817 713 872 usque
739 801 808 854 ad
837 798 978 853 aliud
1002 798 1145 853 enim
1166 806 1248 852 est
1267 796 1400 849 mori
1430 792 1699 849 communi
1725 792 1840 862 lege

273 904 507 961 natum,
554 891 700 946 aliud
753 890 844 944 Dei
894 887 1208 943 occubuisse
1243 884 1530 941 sententia.
1579 880 1842 936 Jeremias

267 981 466 1053 juvenis
500 980 568 1035 ad
596 977 997 1050 praedicandum
1025 974 1219 1029 missus
1248 981 1331 1028 est
1358 988 1388 1026 a
1414 970 1672 1035 Domino,
1699 969 1841 1023 unde

271 1073 358 1137 ait,
381 1068 425 1122 Α
450 1087 484 1122 a
513 1087 546 1123 α
575 1067 819 1131 Domine,
850 1065 1019 1119 nescio
1048 1062 1210 1133 loqui.
1256 1062 1323 1116 Et
1360 1061 1509 1131 virgo
1538 1059 1639 1113 fuit
1671 1066 1726 1114 et
1752 1072 1843 1112 ca-

270 1172 395 1225 stus.
415 1169 472 1215 et
496 1159 613 1215 sine
643 1157 846 1221 liberis,
878 1164 936 1211 ut
961 1155 1261 1225 expeditius
1285 1152 1515 1223 prmdica
1526 1160 1625 1205 ret.

329 1251 492 1306 Vens.
514 1249 567 1305 6.
582 1280 653 1289 —
667 1248 849 1320 Neque
867 1246 1197 1318 plangentar.
1225 1243 1351 1315 (ln.)
1368 1243 1556 1298 Modus
1582 1243 1679 1297 iuit
1702 1241 1843 1310 apud

268 1352 493 1406 veteres,
521 1349 576 1396 et
600 1354 769 1409 usque
805 1338 963 1393 hodie
998 1344 1312 1406 permanet,
1344 1345 1474 1399 etc.,
1503 1350 1664 1404 usque
1694 1332 1760 1386 ad
1789 1337 1844 1387 et

267 1432 498 1502 quotidie
530 1430 873 1499 deceptorum
902 1427 1087 1481 funera
1112 1433 1459 1496 prosternunt
1482 1425 1533 1478 in
1558 1424 1796 1479 Ecclesia
1820 1423 1843 1478 2

330 1520 494 1574 Vsus.
538 1517 840 1573 9.—Ecce
877 1534 968 1587 ego
1017 1516 1251 1585 auferam
1326 1515 1417 1570 Sic
1460 1531 1674 1585 quoque
1717 1531 1844 1586 pec-

265 1610 399 1666 canti
425 1609 686 1665 Ecclesite
709 1608 884 1664 aufert
920 1609 1058 1663 Deus
1083 1624 1241 1662 omne
1265 1608 1515 1677 gaudium
1546 1616 1599 1662 et
1627 1621 1843 1661 omnem

265 1700 521 1756 laetitiam.
556 1699 632 1753 De
655 1715 761 1770 quo
786 1699 1013 1753 dicitur:
1047 1696 1276 1751 Gaudete
1298 1698 1351 1751 in
1373 1696 1597 1752 Domino
1618 1713 1840 1768 semper,

263 1794 440 1847 iterum
473 1791 592 1845 dico
624 1792 845 1862 gaudete
875 1789 1101 1861 (Philip.
1138 1792 1236 1864 tv).

1941 626 2101 682 usque
2137 612 2206 664 ad
2248 611 2291 665 si
2330 610 2396 665 de
2433 607 2569 664 Juda
2607 610 2880 680 proditore
2907 609 3138 666 volueris
3167 610 3465 683 intelligere
3497 626 3513 663 :

1940 701 2222 757 Peccatum
2246 701 2393 756 Juda
2411 703 2660 772 scriptum
2686 712 2781 769 est,
2814 711 3077 774 repugnat
3104 703 3247 773 quod
3273 702 3518 774 sequitur

1940 808 2068 848 eoru
2078 810 2151 855 m,
2182 801 2289 869 etc.

2009 879 2174 936 Vsus.
2219 878 2624 936 5.—Excelsa.
2681 880 2885 951 (Ηιεῐι.)
2926 880 3055 948 Quae
3103 880 3367 938 Hebraice
3406 881 3517 937 Ra-

1941 971 2102 1027 moth.
2160 971 2228 1026 Et
2268 971 2639 1042 significantur
2666 970 2924 1036 hteretici,
2954 971 3042 1041 qui
3073 979 3278 1041 ponunt
3308 972 3361 1027 in
3398 986 3514 1028 cm-

1940 1060 2050 1116 lum
2081 1076 2142 1117 os
2181 1077 2361 1127 suum,
2394 1071 2525 1128 etc.,
2557 1077 2719 1132 usque
2756 1062 2824 1115 ad
2860 1069 2915 1116 et
2941 1062 3173 1118 servitus
3198 1064 3519 1130 daemonum,

1941 1152 2031 1222 qui
2064 1154 2268 1208 inimici
2298 1162 2354 1209 et
2384 1154 2607 1209 ultores.

2009 1242 2175 1297 Vens.
2200 1242 2255 1298 5.
2279 1273 2349 1283 —
2371 1242 2682 1297 Haledictas
2702 1243 2876 1299 homo.
2915 1244 3037 1316 (10.)
3063 1243 3376 1302 Maledictus
3393 1259 3525 1316 ergo

1940 1332 2137 1389 Paulus
2167 1334 2549 1390 Samosetanus
2586 1342 2641 1389 et
2680 1334 2941 1391 Photinus
2979 1336 3071 1406 qui
3119 1337 3365 1407 quamvis
3399 1351 3528 1392 san—

1942 1433 2105 1491 ctum,
2141 1435 2274 1492 etc.,
2305 1444 2466 1499 usque
2504 1428 2574 1481 ad
2603 1436 2661 1481 ut
2698 1427 2855 1483 ﬁeret
2898 1436 3188 1500 utrumque
3230 1445 3417 1495 unum,
3469 1439 3535 1486 et

1942 1533 2047 1573 non
2082 1519 2369 1574 adoremus
2400 1528 2727 1586 creaturam,
2755 1521 2849 1576 sed
2873 1521 3205 1576 Creatorem.

2012 1610 2177 1666 Vsus.
2220 1611 2270 1664 7.
2294 1611 2697 1667 —-Benedictas
2738 1612 2845 1678 vir,
2884 1622 2991 1668 etc.
3033 1611 3156 1691 (11)..)
3194 1611 3359 1680 Quasi
3389 1627 3404 1667 :
3433 1610 3528 1667 Ju-

1943 1702 2042 1757 daei
2072 1702 2345 1757 maledicti
2381 1710 2435 1757 et
2470 1702 2734 1769 haeretici,
2774 1703 2866 1773 qui
2903 1719 3010 1757 non
3050 1703 3248 1759 habent
3290 1717 3440 1773 spem
3470 1703 3526 1758 in

1942 1792 2172 1848 Domino
2193 1834 2209 1859 ,
2235 1802 2368 1860 etc.,
2394 1809 2557 1864 usque
2580 1793 2650 1847 ad
2675 1793 2765 1863 qui
2794 1793 2962 1848 semel
2986 1809 3083 1863 pro
3104 1794 3262 1849 nobis
3283 1801 3525 1849 mortqu

312 1883 477 1939 Vsus.
514 1884 599 1938 η.
636 1914 706 1924 -
741 1882 845 1938 Sed
884 1894 931 1938 et
970 1900 1078 1949 vos,
1120 1892 1227 1939 etc.
1281 1884 1433 1955 (10.)
1469 1882 1548 1939 Ne
1577 1881 1716 1938 forte
1753 1882 1837 1938 di-
1867 1867 1916 1927 B
1943 1893 2045 1947 est,
2096 1893 2150 1940 et
2198 1885 2336 1940 ultra
2371 1900 2479 1941 non
2526 1885 2756 1940 moritur
2787 1894 2881 1939 :et
2921 1885 3071 1951 dicit,
3114 1883 3228 1955 Ego
3269 1901 3385 1939 sum
3422 1885 3527 1941 vita

261 1984 443 2031 cerent
468 1994 482 2031 :
508 1974 710 2046 lnjusta
739 1976 1004 2030 sententia
1029 1986 1132 2039 est,
1156 1985 1354 2045 patrem
1384 1976 1666 2031 comedisse
1687 1992 1841 2030 uvam

259 2063 520 2128 acerbam,
548 2072 597 2118 et
632 2064 807 2118 dentes
833 2063 1063 2126 ﬁliorum
1093 2065 1465 2135 obstupescere.

326 2153 493 2211 Vsus.
524 2155 612 2210 14.
635 2154 863 2209 —Ecce
888 2155 997 2209 dies
1042 2156 1272 2220 veniant,
1318 2164 1423 2210 etc.
1462 2155 1604 2229 (ιο.)
1647 2156 1844 2212 Praedi-

260 2256 451 2302 cuntur
483 2247 766 2313 miracula,
806 2262 926 2316 qua:
953 2245 1107 2315 juxta
1145 2246 1378 2317 litteram
1417 2248 1518 2303 sub
1545 2248 1843 2304 Zorobahel

258 2347 309 2393 et
343 2337 477 2395 Jesu
510 2340 764 2409 pontifice
803 2338 999 2409 partim
1038 2338 1301 2409 completa
1337 2348 1483 2406 sunt,
1511 2349 1640 2405 etc.,
1682 2358 1843 2412 usque

258 2429 323 2481 ad
363 2429 586 2484 reduxit
628 2444 722 2484 eos
766 2429 819 2483 in
862 2439 1060 2484 terram
1107 2444 1283 2492 suam,
1323 2429 1377 2484 id
1415 2437 1520 2491 est,
1561 2430 1843 2486 ecclesiam

258 2534 413 2589 quam
445 2519 598 2575 dedit
624 2520 870 2590 patribus
893 2534 1104 2586 eorum,
1136 2520 1189 2574 id
1216 2527 1319 2587 est,
1350 2519 1606 2589 apostolis
1636 2528 1692 2576 et
1720 2537 1845 2591 apo-

257 2611 459 2668 stolicis
482 2611 639 2668 viris.

175 2692 183 2697 ι
323 2700 490 2757 Vens.
547 2702 633 2755 16.
661 2700 884 2757 -—Ecce
925 2718 1017 2772 ego
1058 2703 1262 2756 mittam
1307 2704 1609 2772 piscatores.
1672 2701 1844 2758 Judaei

256 2801 441 2861 putant
480 2792 816 2862 piscatorum
858 2794 1075 2847 nomine
1121 2792 1417 2863 significari
1450 2792 1750 2857 Chaldaeos,
1790 2802 1844 2848 et

257 2896 348 2950 per
376 2891 673 2938 venatores
720 2883 1010 2947 Romanos,
1058 2883 1149 2952 qui
1188 2884 1254 2938 de
1284 2883 1556 2938 montibus
1593 2883 1843 2939 collibus-

256 2986 378 3039 que,
415 2981 475 3027 et
514 2973 580 3028 de
618 2974 864 3029 cavernis
893 2982 1171 3044 petrarum
1204 2975 1378 3029 venati
1412 2984 1538 3029 sunt
1574 2974 1842 3029 infelicem

256 3060 534 3129 populum.

320 3148 577 3205 Cavernis
604 3161 868 3221 petrarum
889 3192 906 3218 ,
935 3162 1039 3207 ets.
1106 3153 1313 3224 (illam)
1342 3156 1613 3227 Apostolis
1639 3167 1694 3212 et
1715 3172 1842 3227 apo-

255 3240 466 3295 stolicis
493 3240 626 3295 viris
656 3258 668 3293 :
695 3239 857 3295 Petra
889 3243 1026 3295 enim
1060 3241 1300 3297 Christus
1326 3244 1373 3313 (l
1399 3244 1520 3297 Cor.
1549 3244 1605 3315 Χ)
1632 3285 1646 3309 ,
1670 3246 1763 3299 sed
1784 3252 1839 3299 et
1865 3238 1910 3300 C
2019 3267 2183 3322 vus.

254 3328 415 3384 Petro
453 3329 701 3396 donavit,
731 3338 863 3397 etc.,
904 3346 1063 3402 usque
1104 3333 1173 3386 ad
1208 3342 1262 3387 et
1301 3334 1569 3404 recepisse
1607 3335 1845 3404 duplices

256 3418 576 3489 iniquitates
618 3435 770 3476 suas.

326 3510 494 3568 Vsus.
544 3512 629 3568 18.
658 3514 989 3586 —-Daplices
1030 3516 1327 3586 iniquitates
1351 3557 1365 3581 ,
1396 3524 1503 3571 etc.
1554 3515 1675 3586 (Io.)
1706 3515 1843 3584 Quia

256 3619 435 3659 seruus
456 3603 625 3657 sciens
656 3613 704 3658 et
742 3621 845 3659 non
866 3606 1065 3674 faciens
1093 3605 1406 3661 voluntatem
1430 3605 1662 3672 Domini,
1686 3623 1845 3677 rapu-

258 3697 384 3751 labit
414 3694 598 3750 multis
626 3693 778 3766 (Luc.
812 3697 932 3767 xu).
980 3697 1208 3767 Dignum
1239 3707 1324 3752 est
1351 3697 1492 3752 enim
1527 3712 1621 3752 eos
1650 3698 1741 3768 qui
1779 3698 1851 3752 de

259 3789 512 3859 gentibus
541 3797 691 3853 sunt,
716 3788 980 3857 simplicia
1003 3797 1223 3857 peccata
1252 3788 1513 3863 recipere,
1543 3797 1598 3842 et
1624 3803 1723 3841 nos
1750 3788 1846 3841 du-

258 3879 437 3948 plicia.
488 3877 645 3935 Unde
682 3896 696 3931 :
738 3877 1044 3933 Voluntaria
1085 3880 1230 3934 nobis
1261 3881 1590 3950 peccantibus
1624 3896 1725 3933 non
1767 3895 1848 3933 re-

260 3969 520 4042 linquitur
553 3971 725 4025 hostia
756 3987 851 4041 pro
884 3973 1109 4040 peccatis
1144 3970 1331 4042 (Ilebr.
1375 3974 1471 4042 vi).

327 4058 498 4116 Vsus.
529 4060 616 4115 19.
663 4090 733 4100 -
767 4061 849 4114 Ad
876 4071 925 4117 te
943 4071 1116 4132 gentes
1137 4061 1359 4126 venient,
1395 4071 1500 4117 etc.
1535 4061 1659 4134 (Ιυ.)
1692 4061 1847 4118 Post-

259 4167 418 4222 quam
457 4150 668 4222 ejectus
701 4159 783 4207 est
811 4151 1011 4219 Israel,
1038 4162 1094 4207 et
1120 4169 1152 4206 a
1180 4153 1542 4223 piscatoribus
1569 4154 1845 4209 venatori-

258 4243 468 4314 busque
508 4243 835 4309 translatus,
872 4244 1114 4314 gentium
1143 4243 1429 4300 multitudo
1454 4254 1848 4318 consequenter

259 4341 511 4400 vocatur,
540 4342 597 4388 et
627 4333 915 4404 pristinum
943 4333 1234 4389 confitetur
1260 4350 1524 4392 errorem.

332 4430 408 4483 Ab
457 4430 725 4485 extremis.
763 4429 931 4484 Primi
978 4438 1135 4484 teme
1176 4441 1301 4485 sunt
1335 4431 1605 4501 sapientes
1640 4431 1844 4501 saeculi,

260 4521 465 4577 nobiles
490 4561 507 4588 ,
554 4521 747 4577 divites
772 4561 787 4588 ,
828 4522 1136 4592 optimates.
1188 4521 1295 4578 Sed
1346 4534 1610 4591 extrema,
1648 4526 1701 4580 id
1737 4536 1843 4592 est,

263 4614 425 4669 stulta
455 4615 643 4670 mundi
666 4615 830 4686 elegit
850 4615 1009 4680 Deus,
1032 4623 1091 4669 ut
1112 4614 1266 4670 fortia
1287 4631 1513 4687 quaeque
1532 4618 1842 4673 confundat.

271 4703 486 4761 Venient
525 4716 721 4777 gentes,
750 4705 803 4760 id
831 4714 932 4770 est,
957 4707 1026 4760 ah
1047 4705 1153 4770 his,
1188 4706 1277 4774 qui
1306 4714 1430 4759 sunt
1457 4708 1734 4762 novissimi
1758 4723 1849 4763 su-

262 4813 358 4870 per
386 4805 613 4863 terram,
643 4795 776 4851 fatui
799 4804 853 4851 et
878 4795 1138 4865 ignobiles
1158 4804 1213 4850 et
1232 4794 1450 4865 abjecti.

331 4889 500 4945 Vsus.
525 4887 847 4943 20.-Deos.
888 4885 1095 4958 (Hii-1n.)
1127 4885 1243 4941 Non
1271 4887 1443 4942 solum
1475 4886 1541 4942 de
1572 4886 1848 4956 corporeis

265 4982 571 5039 simulacris
596 4982 804 5037 faciunt
838 4980 941 5036 sibi
967 4979 1213 5035 homines
1242 4980 1392 5046 deos,
1421 4987 1554 5046 etc.,
1587 4996 1747 5051 usque
1776 4982 1846 5035 ad

264 5087 320 5132 et
349 5078 710 5134 adoraverunt
739 5091 876 5146 opus
895 5090 1152 5130 manuum
1181 5090 1420 5139 suarum,
1448 5082 1699 5145 putantes
1717 5089 1844 5130 vera

267 5183 384 5226 esse
406 5184 529 5241 quae
551 5170 842 5224 ﬁnxerunt.

830 5297 1058 5355 CAPUT
1110 5297 1271 5353 XVII.

331 5435 500 5492 Vsus.
533 5435 584 5491 1.
597 5465 670 5476 -
681 5431 962 5489 Peccatum
973 5431 1117 5487 Juda
1129 5433 1377 5502 scriptum
1389 5441 1483 5498 est,
1500 5440 1604 5488 etc.
1632 5431 1838 5506 (Ηιειι.)

263 5524 428 5592 Quasi
454 5525 598 5582 dicat
626 5544 640 5580 :
663 5524 916 5581 Gentium
935 5530 1158 5593 peccata
1184 5521 1358 5578 deleta
1382 5530 1529 5590 sunt,
1556 5525 1622 5580 de
1646 5525 1840 5595 quibus

263 5616 329 5671 ad
366 5614 586 5687 Moysen
619 5616 836 5681 dicitur,
859 5613 1069 5668 Dimitte
1099 5629 1210 5679 me,
1241 5621 1370 5680 etc.,
1397 5629 1559 5683 usque
1583 5613 1651 5668 ad
1682 5612 1841 5680 Quie-

265 5709 388 5762 scite
412 5707 481 5762 ab
504 5709 709 5764 homine
734 5707 883 5777 cujus
906 5706 1117 5777 spiritus
1138 5706 1193 5759 in
1218 5706 1430 5762 naribus
1450 5707 1566 5777 ejus
1596 5704 1731 5780 (lsa.
1754 5707 1840 5779 ιι).

331 5798 536 5861 (Och
582 5798 828 5855 Forsitan
879 5809 1158 5867 peccatum
1206 5797 1339 5855 Juda
1367 5839 1383 5865 ,
1426 5808 1705 5869 peccaturo
1747 5814 1843 5857 no-

1945 1972 2129 2045 (Joan.
2156 1976 2293 2046 xxv).

2016 2061 2181 2119 Vsus.
2220 2065 2272 2119 8.
2296 2095 2367 2104 —-
2405 2065 2559 2131 Quod
2585 2065 2653 2120 ad
2677 2066 2967 2121 humorem.
3022 2064 3143 2137 (11).)
3192 2065 3358 2133 Quasi
3383 2066 3531 2125 dice-

1943 2165 2031 2212 ret
2064 2173 2078 2209 :
2108 2156 2176 2212 de
2219 2156 2467 2213 siccitate
2494 2155 2719 2213 Judaica
2762 2158 2957 2213 transit
2986 2157 3054 2212 ad
3103 2158 3358 2229 baptismi
3405 2174 3529 2230 gra-

1944 2247 2098 2302 tiam.

2017 2339 2181 2395 Vsus.
2211 2340 2301 2395 11.
2332 2370 2404 2380 -
2438 2338 2514 2394 In‘
2539 2340 2760 2394 dimidio
2795 2340 3017 2396 dierum.
3071 2341 3196 2415 (ln.)
3238 2342 3366 2399 Dies
3412 2339 3530 2412 eiul

1946 2429 2109 2495 hujus
2135 2430 2315 2486 saeculi
2339 2439 2482 2486 sunt.
2515 2430 2671 2485 Eruit
2703 2446 2800 2486 nos
2826 2431 3076 2489 Christus
3106 2434 3170 2488 de
3204 2433 3306 2488 hoc
3333 2433 3533 2490 saecqu

1947 2535 2180 2591 nequam
2206 2562 2221 2588 ,
2276 2530 2332 2577 et
2379 2522 2806 2593 derelinquimus
2843 2539 2942 2593 per
2974 2524 3139 2578 diem.
3171 2524 3530 2579 Nouissimam

1944 2612 2061 2681 ejus
2090 2615 2188 2666 erit
2216 2613 2485 2682 insipiens,
2509 2628 2632 2668 cum
2664 2613 2843 2667 omnia
2872 2612 3112 2682 subjecta
3144 2614 3346 2670 fuerint
3372 2613 3531 2671 Chri-

1946 2710 2051 2758 sto.
2087 2696 2419 2758 Nouissimas
2447 2704 2692 2758 inimicus
2718 2704 3013 2758 destruetur
3040 2721 3202 2759 mors.

2018 2800 2183 2854 Vsus.
2215 2800 2302 2854 14.
2332 2830 2403 2843 --—
2434 2801 2582 2855 Sana
2606 2817 2708 2867 me,
2740 2802 2981 2856 Domine.
3009 2799 3134 2874 (lo.)
3156 2802 3305 2858 Multi
3335 2804 3529 2861 medici

1944 2900 2313 2956 curaverunt,
2358 2899 2464 2945 etc.
2495 2931 2512 2956 ,
2552 2908 2716 2961 usque
2752 2891 2823 2945 ad
2852 2893 3033 2948 curari
3065 2902 3121 2948 et
3148 2894 3330 2948 sanari
3360 2895 3529 2965 cupit,

1944 2980 2099 3050 cujus
2127 2998 2255 3038 vera
2285 2984 2403 3039 laus
2431 2990 2487 3036 et
2518 2998 2647 3038 vera
2675 2984 2962 3039 medicina.

2017 3073 2182 3128 Vsus.
2217 3074 2306 3129 15.
2329 3104 2398 3114 -
2421 3071 2558 3128 Ecce
2585 3073 2684 3145 ipsi
2706 3074 2888 3128 dicunt
2919 3078 2987 3129 ad
3011 3092 3094 3130 me
3130 3091 3150 3131 :
3183 3073 3283 3130 Ubi
3319 3086 3395 3133 est
3416 3094 3529 3133 ver-

1947 3161 2092 3228 bum,
2122 3170 2227 3218 etc.

2234 3268 2320 3323 16.
2352 3300 2423 3309 -
2451 3268 2565 3340 Ego
2594 3286 2697 3324 non
2728 3287 2843 3324 sum
2889 3271 3126 3327 turbatus
3167 3281 3216 3328 te
3267 3283 3530 3344 pastorem

1948 3373 2187 3429 sequens.
2217 3358 2340 3429 (Ιυ.)
2371 3359 2586 3426 Quanto
2613 3359 2735 3430 plus
2760 3359 3035 3416 Christum
3066 3364 3342 3434 sequeris,
3393 3375 3529 3435 etc.,

1947 3463 2112 3517 usque
2153 3447 2224 3502 ad
2257 3448 2373 3504 dies
2410 3444 2602 3516 iudicii
2654 3449 2829 3505 malus
2871 3450 2956 3506 his
2985 3451 3076 3521 qui
3112 3460 3382 3509 tormenta
3429 3469 3528 3527 pa—

1949 3537 2177 3593 tiuntur.

2019 3631 2184 3687 Vens.
2214 3631 2301 3688 19.
2323 3662 2394 3673 --
2423 3628 2569 3686 Vade
2588 3641 2636 3687 et
2670 3642 2772 3697 sta,
2800 3641 2906 3689 etc.
2937 3633 3100 3701 Quasi
3128 3635 3331 3691 diceret
3353 3651 3369 3690 :
3391 3634 3530 3705 Quia

1947 3721 2114 3778 verba
2158 3733 2251 3777 tua
2282 3723 2468 3779 audire
2495 3733 2869 3789 contemnunt,
2915 3733 3044 3792 etc.,
3068 3743 3231 3798 usque
3272 3728 3341 3782 ad
3373 3730 3531 3800 quasi

1947 3829 2057 3870 non
2081 3813 2379 3881 audierint,
2410 3814 2505 3871 sed
2531 3815 2752 3870 audiant
2780 3815 2948 3871 velint
2980 3817 3171 3872 nolint.

2017 3927 2184 3983 Vsus.
2233 3927 2325 3983 21.
2370 3955 2442 3967 -
2481 3924 2749 3982 Custodite
2800 3928 3023 3982 animos.
3075 3927 3153 3984 Ne
3200 3938 3528 4002 praiceptum

1946 4017 2158 4074 sabbati
2203 4017 2564 4073 instauratum
2618 4032 2715 4087 per
2764 4016 3057 4073 Jeremiam
3110 4020 3479 4091 discerpemus
3508 4061 3527 4091 ,

1947 4116 2119 4164 totum
2146 4108 2305 4164 simul
2333 4109 2604 4179 ponimus,
2637 4109 2799 4164 simul
2834 4111 3015 4166 omnia
3042 4128 3451 4184 cognoscamus.

2020 4198 2089 4253 Ut
2130 4217 2233 4254 non
2261 4199 2499 4270 inferatis
2546 4216 2707 4254 onera
2751 4216 2845 4270 per
2876 4210 3055 4269 portas
3096 4203 3322 4258 civitatis
3368 4204 3528 4274 hujus

1944 4289 2003 4344 in
2023 4288 2109 4343 die
2136 4288 2359 4344 sabbati.
2390 4286 2513 4361 (ln.)
2541 4286 2598 4344 Si
2628 4289 2801 4344 nostri
2825 4287 3333 4359 judaizantes,etc.,
3364 4308 3530 4365 usque

1944 4380 2016 4433 ad
2043 4380 2137 4435 sed
2162 4388 2218 4435 et
2242 4387 2451 4450 patrem
2480 4394 2636 4434 suum
2658 4378 2873 4434 dicebat
2898 4379 3086 4435 Deum.

2020 4491 2195 4546 Vsus.
2210 4491 2302 4545 27.
2343 4520 2413 4531 —
2443 4488 2506 4545 Si
2534 4498 2708 4544 autem
2733 4506 2837 4544 non
2866 4488 3142 4543 audieritis
3175 4505 3276 4556 me,
3324 4500 3379 4545 ut
3404 4508 3529 4547 san-

1871 4580 1923 4641 D
1949 4584 2185 4653 ctiﬁcetis
2218 4583 2354 4638 diem
2379 4581 2582 4637 sabbati
2606 4622 2622 4647 ,
2671 4591 2720 4636 et
2751 4598 2812 4636 ne
2836 4581 3050 4652 portetis
3075 4598 3224 4644 onus,
3265 4590 3314 4636 et
3355 4599 3418 4637 ne
3445 4585 3528 4639 in-

1946 4675 2128 4745 feratis
2161 4691 2254 4746 per
2288 4683 2467 4743 portas
2496 4672 2812 4736 Jerusalem,
2849 4680 2957 4726 etc.
2989 4670 3153 4738 Quasi
3181 4671 3326 4727 dicat
3357 4691 3371 4726 :
3401 4671 3528 4730 [iam

1945 4775 2073 4822 sunt
2109 4765 2331 4837 praemia
2361 4780 2552 4819 eorum
2579 4764 2672 4834 qui
2713 4762 3055 4818 sanctificant
3091 4754 3382 4821 sabbatum
3407 4806 3423 4833 ,
3471 4774 3527 4822 et
3602 4749 3614 4769 ’

1943 4855 2092 4912 nullo
2128 4855 2369 4927 pondere
2406 4862 2719 4926 gravantur.
2754 4853 2818 4909 Si
2845 4864 3039 4921 autem,
3071 4862 3175 4910 etc.
3525 4864 3531 4897 ι

2499 5006 2727 5064 CAPUT
2757 5005 2955 5075 ⁸ΧῩΙΙΙ.

2016 5144 2184 5200 Vsus.
2216 5144 2268 5198 1.
2295 5172 2366 5184 -
2400 5141 2627 5198 Verbum
2652 5142 2792 5212 quod
2813 5142 3010 5211 factum
3032 5152 3107 5197 est
3138 5143 3207 5196 ad
3239 5143 3523 5201 Jersmiam

1943 5253 1977 5292 a
2013 5235 2236 5291 Domino
2268 5236 2467 5290 dicens.
2499 5232 2707 5305 (HIEB.)
2754 5233 2859 5287 Per
2900 5248 3090 5289 omnes
3126 5248 3316 5289 sensus
3342 5235 3408 5290 ad
3428 5236 3520 5307 ju-

1943 5329 2165 5395 dicium,
2188 5336 2294 5384 etc.
2320 5366 2337 5393 ,
2368 5341 2529 5397 usque
2567 5325 2635 5378 ad
2673 5333 2731 5381 et
2765 5324 2837 5379 ibi
2875 5325 3063 5380 audire
3108 5336 3376 5397 prazcepta
3412 5325 3520 5381 Do-

1942 5419 2097 5476 mini.

2016 5513 2181 5570 Vsus.
2220 5511 2274 5566 4.
2304 5540 2375 5552 --
2402 5507 2472 5564 Et
2518 5508 2826 5578 dissipatum
2871 5517 2947 5562 est
2976 5546 2991 5573 ,
3035 5516 3140 5562 etc.
3194 5505 3519 5576 Dissipatum

1945 5609 2125 5666 divina
2154 5604 2511 5678 providentia,
2544 5611 2602 5659 ut
2631 5602 2846 5658 nescius
2875 5599 3067 5655 artifex
3090 5613 3275 5654 errore
3303 5613 3402 5652 suo
3425 5612 3520 5666 pa-

1946 5705 2187 5762 rabolam
2217 5703 2488 5776 ﬁguraret.

2018 5796 2179 5851 Vens.
2206 5795 2257 5849 7.
2291 5823 2357 5836 -—
2398 5792 2623 5863 Repente
2668 5789 2869 5860 loquar.
2916 5784 3038 5858 (In.)
3091 5783 3339 5838 Liberum
3377 5777 3520 5835 arbi-
