4068 6344
468 411 541 469 55
972 399 1361 458 WALAFRIDI
1399 397 1643 453 STRABI
1682 395 1885 453 FULD.
1927 391 2094 447 MON.
2133 391 2287 448 OPP.
2328 388 2508 447 PARS
2544 387 2588 445 1.
2627 418 2711 430 —--
2740 385 3198 444 THEOLOGICA.
3639 387 3709 443 36

469 528 633 582 trium
658 520 944 594 signiﬁcat,
990 529 1095 573 etc.
1116 556 1131 581 ,
1162 529 1322 584 usque
1350 513 1418 567 ad
1453 520 1511 567 ut
1555 513 1607 567 in
1652 510 1903 567 omnibus
1946 520 2039 560 ει·
2064 507 2118 567 Α
2214 504 2372 559 Vens.
2405 503 2489 557 15.
2512 531 2582 542 ——
2611 498 2681 555 Et
2723 508 2875 554 erunt
2921 500 3105 553 domus
3133 496 3428 553 Jerusalem
3452 506 3501 553 ct
3524 496 3711 555 domus

471 615 632 672 cellat
652 612 821 681 gratia
845 606 1131 679 largitoris.

543 705 705 760 Vens.
752 695 1075 755 1-1.——Ecce
1119 711 1231 765 ego.
1263 693 1467 763 (litem)
1497 690 1687 762 Implet
1730 685 2043 759 parabolam

473 813 636 869 quam
664 806 717 849 et
746 800 964 862 aspectu
996 787 1181 843 docuit
1205 794 1257 840 et
1286 799 1553 839 sermone.

549 887 707 939 Vens.
741 882 828 936 12.
856 909 928 919 —
962 876 1089 931 Post
1119 874 1476 944 cogitationes.
1508 868 1630 941 (11).)
1668 867 1771 925 Ubi
1792 875 1879 923 est
1919 865 2043 921 abs-

473 992 577 1047 que
605 973 778 1046 gratia
812 969 931 1035 Dei,
957 977 1064 1023 etc.
1083 1007 1098 1032 ,
1158 980 1320 1035 usque
1350 963 1418 1017 ad
1456 976 1644 1018 omnes
1676 962 1729 1015 in
1758 959 2043 1016 circumitu

472 1067 587 1135 ejus
617 1063 881 1117 nationes.

544 1155 708 1209 Vens.
736 1153 820 1207 14.
862 1182 933 1193 -
970 1146 1223 1219 Nunquid
1270 1145 1336 1199 de
1381 1152 1527 1216 petra
1562 1160 1581 1197 :
1609 1140 1761 1212 quasi
1794 1139 1995 1195 diceret
2024 1153 2040 1191 :

476 1249 627 1305 Sicut
654 1248 721 1302 de
748 1244 937 1300 Libani
965 1238 1383 1301 summitatibus,
1411 1244 1543 1302 etc.,
1570 1249 1731 1305 usque
1766 1231 1834 1286 ad
1876 1245 2047 1301 popu-

476 1339 558 1402 lus
580 1351 732 1391 meus
759 1333 954 1389 oblitus
987 1337 1069 1385 est
1096 1326 1220 1382 mei.

555 1429 710 1482 Vens.
739 1425 911 1480 16.-
943 1421 1010 1475 Ut
1034 1420 1177 1489 ﬁeret
1205 1426 1365 1470 terra.
1396 1412 1519 1487 (11).)
1545 1412 1659 1468 Hoc
1685 1411 1896 1481 plemus
1922 1416 2046 1479 post

477 1513 762 1572 adventum
806 1511 1020 1569 Domini
1068 1508 1280 1564 videtur
1304 1520 1423 1561 esse
1450 1502 1798 1574 completum,
1831 1498 2046 1570 quando

474 1606 652 1664 nulus
676 1604 983 1671 Iudaeorum
1014 1611 1210 1654 terram
1248 1603 1304 1651 et
1349 1595 1535 1650 urbem
1567 1601 1807 1647 sanctam
1837 1588 2046 1661 ingredi

494 1714 591 1769 ege
613 1694 957 1768 permittitur.
974 1690 1080 1746 Sed
1108 1703 1229 1743 cum
1258 1685 1323 1741 ad
1351 1684 1621 1754 planctuum
1652 1680 1917 1743 venerint,
1946 1675 2047 1731 mi-

478 1768 670 1843 rantur
695 1794 751 1839 et
774 1781 971 1839 deﬂent
999 1777 1254 1833 vaticinia
1281 1774 1666 1845 praphetarum
1694 1768 1981 1839 completa.

2143 610 2343 665 regum.
2365 593 2554 650 Omnis
2572 592 2762 649 domus
2780 606 2965 662 regum
2977 589 3006 644 J
3012 591 3112 644 uda
3129 590 3268 646 sicut
3280 589 3430 646 locus
3442 588 3709 660 Topheth.

2141 684 2257 740 Hoc
2286 686 2341 740 in
2371 683 2594 740 Hebrzeo
2624 698 2727 739 non
2766 681 2997 738 habetur
3022 721 3038 748 ,
3086 680 3181 736 sed
3223 696 3256 735 a
3300 679 3446 736 LXX
3483 680 3716 738 interse-

2144 773 2305 828 ritur.

2726 838 2953 899 CAPUT
2993 838 3113 895 XX.

2212 979 2372 1035 Vens.
2389 981 2438 1034 1.
2450 1009 2522 1020 —
2534 977 2601 1032 Et
2619 977 2815 1032 audivit
2845 974 3099 1030 Phassur.
3117 973 3323 1047 (1111111.)
3337 974 3437 1032 Hic
3449 983 3568 1032 erat
3579 989 3714 1048 pon-

2145 1071 2272 1127 tifex
2290 1071 2494 1142 templi,
2510 1081 2613 1125 etc.
2624 1112 2638 1135 ,
2654 1087 2813 1141 usque
2826 1070 2894 1123 ad
2914 1069 3007 1123 sed
3020 1068 3322 1123 considerat
3339 1068 3709 1137 imperantem.

2212 1163 2379 1220 Vens.
2404 1166 2455 1219 5.
2485 1193 2561 1205 -
2581 1161 2814 1231 Cumque
2844 1161 3121 1214 illuxisset.
3164 1158 3406 1214 Notanda
3436 1160 3714 1230 prophetae

2141 1255 2405 1326 patientia
2436 1262 2597 1323 atque
2616 1252 2918 1322 prudentia.
2948 1250 3142 1305 Missus
3169 1249 3225 1304 in
3250 1264 3522 1306 carcerem
3545 1258 3712 1316 tacet,

2141 1355 2198 1402 et
2247 1345 2459 1401 silentio
2496 1344 2666 1399 vincit
2715 1342 2995 1413 iniuriam,
3032 1355 3133 1396 nec
3189 1348 3368 1395 tamen
3412 1339 3727 1396 dissimulat

2144 1440 2288 1509 quod
2341 1437 2446 1493 scit
2493 1450 2616 1491 esse
2656 1442 2962 1497 venturum,
3014 1442 3075 1487 ut
3110 1431 3298 1488 saltem
3339 1431 3436 1487 Dei
3471 1429 3716 1502 pontifex

2142 1543 2368 1599 peccare
2406 1527 2670 1593 desistat,
2697 1534 2753 1582 et
2781 1524 2874 1580 Dei
2899 1524 3238 1580 clementiam
3267 1525 3606 1593 deprecetur.

2214 1615 2340 1671 Non
2392 1613 2650 1670 Phassur.
2696 1612 2854 1668 Juxta
2923 1614 3253 1684 superiorem
3318 1610 3718 1684 interpretatio—

2142 1726 2287 1776 nem,
2320 1718 2450 1776 etc.,
2490 1725 2651 1779 usque
2695 1708 2765 1761 ad
2804 1708 2911 1762 huc
2952 1707 3183 1776 illucque
3215 1704 3621 1776 circumspicias
3659 1710 3717 1759 et

2143 1800 2427 1857 venientes
2452 1799 2792 1854 adversarios
2825 1796 3161 1852 reformides.

548 1877 711 1933 Vens.
744 1875 829 1931 17.
859 1903 931 1914 -
955 1870 1101 1927 Sicut
1123 1878 1321 1923 ventus.
1365 1865 1489 1937 (11).)
1529 1862 1713 1953 usque
1754 1859 1913 1956 hodie
1932 1859 2048 1956 btec

2161 1851 2876 1947 —--—:isedu:cisti
2906 1903 3006 1951 me,
3036 1884 3276 1940 Domine.
3310 1883 3432 1956 (11).)
3478 1883 3620 1940 Dicit
3657 1897 3717 1940 se

478 1966 743 2025 sententia
769 1968 1072 2034 permanet,
1094 1966 1225 2021 etc.,
1257 1971 1417 2025 usque
1444 1953 1512 2007 ad
1540 1945 1661 2005 tunc
1688 1950 1852 2005 omnis
1878 1946 2047 2002 Israel

476 2058 650 2113 salvus
676 2055 785 2124 ﬁet.

548 2150 709 2205 Vens.
768 2145 854 2200 18.
900 2172 973 2183 -
1028 2139 1202 2195 Venit.
1255 2137 1374 2209 (11).)
1424 2135 1532 2191 Ista
1577 2141 1704 2188 tunc
1740 2129 2047 2186 Judmorum

477 2249 663 2295 contra
705 2234 993 2290 Jeremiam
1028 2231 1113 2285 vel
1148 2229 1444 2292 Christum,
1476 2234 1605 2289 etc.,
1636 2239 1794 2290 usque
1824 2221 1892 2273 ad
1922 2234 2049 2290 pro-

476 2330 718 2402 phetiam
739 2326 887 2382 omni
916 2325 1204 2380 verborum
1227 2327 1282 2375 ct
1308 2332 1563 2374 sensuum
1585 2312 1905 2370 conﬁdentia
1926 2324 2050 2380 per-

477 2428 786 2489 sequentes.
836 2467 857 2475 -

549 2510 711 2564 Vens.
747 2506 832 2560 19.
861 2534 933 2544 —
957 2501 1195 2564 Attende,
1220 2498 1461 2558 Domine,
1505 2494 1573 2549 ad
1602 2509 1706 2558 me,
1736 2502 1782 2547 et
1814 2490 1941 2545 audi
1963 2505 2051 2544 eo-

480 2614 588 2653 cem
636 2595 1053 2650 adversariorum
1100 2605 1351 2645 meorum.
1393 2584 1516 2657 (10.)
1560 2585 1619 2638 In
1659 2592 1783 2654 typo
1810 2581 2053 2636 Salvato-

482 2690 580 2753 ris,
612 2694 742 2747 etc.,
763 2701 923 2755 usque
945 2683 1012 2736 ad
1036 2681 1251 2750 sanguis
1276 2678 1390 2749 ejus
1416 2692 1569 2747 super
1580 2692 1674 2730 nos
1688 2684 1735 2728 et
1749 2662 2052 2744 superﬁlios

480 2786 684 2832 nostros
707 2774 920 2846 (Matth.
956 2769 1149 2839 xxvn).

550 2865 713 2918 Vens.
742 2863 831 2917 25.
854 2892 925 2902 -—
951 2860 1033 2914 Ne
1060 2858 1377 2930 propitieris-
1396 2856 1659 2926 iniquitati
1687 2870 1863 2909 eorum
1881 2893 1896 2918 ,
1944 2861 2051 2909 etc.

482 2955 598 3011 Non
624 2961 707 3009 est
727 2952 1061 3008 contrarium
1089 2946 1351 3019 superiori
1387 2946 1684 3011 sententiae,
1725 2953 1854 3008 etc.,
1894 2958 2056 3014 usque

483 3046 553 3101 ad
582 3061 652 3102 ne
690 3043 917 3099 inultum
950 3049 1231 3113 peccatum
1255 3038 1361 3095 illis
1386 3037 1541 3091 ﬁeret
1573 3036 1629 3090 in
1661 3033 1984 3102 exemplum.

1050 3170 1275 3228 CAPUT
1319 3167 1462 3224 XIX.

552 3308 718 3363 Vens.
750 3306 800 3360 1.
822 3335 893 3344 -
934 3302 1061 3358 Htrc
1106 3302 1231 3356 dicit
1280 3301 1536 3355 Dominus
1563 3310 1582 3349 :
1620 3296 1765 3351 Vade
1789 3303 1837 3349 et
1882 3294 2056 3361 accipe

481 3394 834 3468 lagunculam.
858 3392 1060 3465 (litt-zu.)
1080 3390 1204 3446 Vult
1230 3390 1409 3445 divina
1440 3386 1717 3456 Scriptura
1748 3400 1854 3438 non
1881 3382 2055 3437 solum

482 3486 702 3541 auribus
746 3484 940 3538 docere
984 3479 1261 3551 p0pulum,
1310 3477 1405 3532 sed
1450 3476 1612 3530 etiam
1656 3472 1847 3527 oculis.
1890 3471 2057 3542 Magis

480 3575 623 3631 enim
664 3582 846 3627 mente
890 3570 1153 3625 retinetur
1198 3568 1341 3638 quod
1386 3567 1505 3621 visu
1554 3564 1850 3636 percipitur
1893 3577 2054 3632 quam

481 3666 627 3737 quod
656 3663 859 3718 auditu.

554 3754 910 3827 Lngunculam
942 3751 1092 3823 ﬁguli
1136 3766 1235 3823 pro
1254 3747 1536 3821 laguncula
1559 3745 1729 3820 ﬁguli,
1750 3754 2059 3817 etc.,usquc

484 3849 553 3904 ad
579 3857 635 3904 et
658 3862 753 3919 pro
776 3846 1032 3901 Hieriboh
1069 3844 1331 3900 Chiricho.

554 3941 720 3995 Vens.
749 3938 803 3991 4.
839 3967 910 3978 -
933 3934 1013 3991 Εο
1040 3936 1198 4008 quod.
1231 3932 1354 4007 (11).)
1394 3933 1581 3991 Omnis
1625 3933 1914 3989 haereticus
1960 3931 2056 3988 de-

485 4030 744 4100 relinquit
782 4028 976 4095 Deum,
1007 4035 1136 4093 etc.,
1185 4043 1348 4098 usque
1375 4024 1444 4079 ad
1471 4034 1525 4082 et
1551 4026 1878 4081 comburunt
1903 4020 2059 4077 idolis

489 4123 629 4179 ﬁlios
660 4136 785 4177 suos
810 4136 944 4192 quos
974 4120 1027 4174 in
1054 4118 1247 4174 haeresi
1274 4124 1596 4190 genuerunt.

557 4211 721 4267 Vens.
760 4208 813 4264 5.
837 4238 908 4250 —-
933 4207 1062 4274 Qum
1108 4223 1211 4261 non
1256 4207 1497 4276 prwcepi.
1544 4205 1659 4260 Non
1707 4203 1938 4275 praecepi
1977 4201 2062 4257 vel

486 4303 741 4375 cogitavi.
768 4310 896 4367 etc.,
922 4316 1081 4370 usque
1110 4299 1178 4352 ad
1202 4299 1318 4353 lucc
1346 4298 1413 4353 de
1440 4296 1553 4353 Deo
1579 4295 1888 4366 accipienda
1912 4301 2061 4360 sunt,

489 4394 630 4448 sicut
669 4391 795 4445 alia.
2025 4391 2029 4395 ·

563 4480 724 4534 Vens.
757 4479 811 4534 6.
841 4509 910 4519 -—
941 4476 1170 4547 Tophetlt
1196 4517 1213 4544 ,
1258 4485 1306 4531 et
1346 4475 1496 4530 vallis
1539 4475 1638 4545 ﬁlii
1678 4472 1884 4530 Ennom
1907 4515 1923 4541 ,
1952 4481 2059 4531 etc.

490 4571 613 4644 (11).)
639 4568 767 4636 Quae
813 4568 886 4623 sit
926 4568 1084 4623 vallis
1126 4565 1218 4622 ﬁlii
1248 4566 1457 4621 Ennom
1477 4607 1490 4633 ,
1522 4575 1650 4634 etc.,
1686 4583 1847 4637 usque
1879 4565 1949 4620 ad
1977 4581 2009 4619 v

491 4650 844 4718 historialiter
870 4659 1168 4730 Babylonio
1197 4667 1466 4714 vastante.

560 4754 727 4808 Vens.
757 4752 810 4806 7.
834 4781 904 4791 ——
940 4748 1011 4803 Et
1054 4750 1189 4804 dabo
1239 4749 1514 4806 cadavera.
1558 4748 1816 4817 Quamvis
1858 4749 1975 4805 haec
2006 4750 2061 4804 in

490 4839 817 4910 Babylonica
854 4838 1166 4908 captivitate
1185 4839 1384 4908 populo
1404 4839 1721 4904 acciderint,
1743 4847 1874 4906 etc.,
1902 4855 2065 4911 usque

493 4934 562 4988 ad
589 4943 805 4987 ventres
832 4948 958 4988 suos
983 4932 1227 5002 sepulcra
1256 4931 1498 4988 facerent
1524 4933 1838 5006 liberorum.

563 5023 728 5079 Vens.
765 5024 851 5078 11.
880 5055 949 5064 ——
993 5021 1080 5078 Sic
1130 5034 1394 5079 conteram
1443 5024 1694 5095 populum
1725 5024 1902 5078 istum.
1952 5022 2064 5079 Sub

493 5113 640 5170 IEIio
676 5115 915 5169 Adriano
944 5115 1156 5180 civitas,
1181 5122 1238 5169 et
1262 5131 1456 5170 nomen
1481 5116 1737 5184 perdidit,
1759 5124 1813 5171 et
1838 5124 2062 5181 statum,

494 5205 565 5258 ad
603 5202 955 5274 frangendam
992 5205 1297 5273 superbiam
1325 5203 1715 5259 habitatorum.
1738 5205 1949 5260 Sanctae
1970 5220 2064 5259 au-

496 5304 603 5350 tem
643 5296 819 5351 crucis
864 5304 921 5351 et
974 5295 1387 5352 resurrectionis
1438 5295 1699 5351 vocabula
1730 5312 1837 5351 non
1877 5295 2062 5351 urbem

494 5383 817 5455 signiﬁcant,
843 5383 937 5439 sed
966 5384 1164 5440 locum.
1931 5377 1950 5390 ’

567 5476 689 5548 (10.)
748 5475 918 5534 Judaei
970 5491 1188 5531 auream
1257 5484 1420 5548 atque
1490 5483 1813 5549 gemmatam
1851 5474 2068 5530 Jerusa-

497 5568 767 5635 lem,etc.,
783 5586 943 5640 usque
965 5569 1033 5623 ad
1056 5576 1111 5624 et
1132 5584 1260 5625 vero
1281 5568 1453 5638 judici
1480 5579 1672 5627 cuncta
1700 5576 2065 5626 reserventur.

570 5659 638 5715 Et
663 5662 717 5717 in
748 5660 975 5733 Tcpltcth
1009 5662 1339 5731 sepelientur,
1365 5670 1496 5728 etc.,
1524 5679 1685 5735 usque
1709 5662 1779 5717 ad
1804 5675 1923 5731 quae
1944 5660 2069 5716 huic

498 5752 745 5808 imminet
764 5752 903 5820 loco,
929 5754 1019 5807 ﬁat
1044 5752 1185 5809 sicut
1208 5753 1473 5821 Tophcth.

2012 4554 2140 4621 elD

2144 1982 2409 2054 propheta
2456 1993 2487 2032 a
2532 1976 2761 2032 Domino
2787 1976 3091 2045 deceptum,
3121 1982 3248 2039 etc.,
3298 1989 3459 2044 usque
3504 1973 3573 2027 ad
3592 1988 3719 2043 per-

2147 2070 2451 2126 secutiones
2496 2074 2551 2120 et
2582 2064 2858 2133 angustias
2897 2065 3181 2119 sustineat.

2218 2156 2416 2211 Factus
2444 2171 2559 2209 sum
2588 2155 2642 2206 in
2673 2152 2923 2206 derisum.
2974 2150 3094 2221 (10.)
3132 2150 3398 2220 Propheta
3438 2157 3721 2221 putaverat

2147 2247 2328 2303 statim
2372 2243 2613 2299 futurum
2665 2242 2810 2312 quod
2845 2241 3106 2296 Dominus
3148 2239 3485 2305 minabatur;
3527 2249 3584 2295 et
3622 2254 3721 2310 po-

2147 2338 2306 2407 pulus
2329 2335 2630 2390 aestimabat
2679 2332 2820 2402 quod
2855 2332 3038 2387 statim
3067 2346 3175 2387 non
3201 2338 3442 2398 venerat,
3468 2346 3575 2387 non
3596 2344 3721 2387 esse

2147 2437 2457 2485 venturum.

2220 2516 2384 2571 Vens.
2406 2516 2566 2570 11—
2581 2513 2649 2569 Et
2680 2523 2756 2579 tu,
2789 2513 3012 2568 Domine
3056 2513 3400 2578 exercituum,
3434 2520 3540 2567 etc.
3573 2511 3593 2582 (
3604 2507 3721 2584 11).)

2152 2607 2310 2662 Solus
2338 2606 2481 2661 Deus
2504 2613 2607 2670 est,
2643 2611 2773 2669 etc.,
2798 2618 2961 2674 usque
2982 2601 3048 2655 ad
3084 2616 3213 2673 ergo
3238 2603 3291 2656 in
3315 2602 3551 2672 peccatis
3575 2615 3724 2657 mor-

2151 2707 2296 2752 tuus.

2230 2788 2472 2842 Videam.
2505 2786 2640 2842 Cum
2687 2784 2824 2840 sciat
2861 2784 3039 2855 justus
3077 2797 3136 2838 se
3175 2782 3344 2838 Deum
3369 2783 3568 2838 habere
3591 2797 3722 2854 pro-

2152 2888 2526 2950 pugnatorem,
2568 2878 2620 2932 in
2656 2876 2916 2947 patientia
2943 2884 3122 2930 tamen
3146 2874 3453 2946 fragilitatis
3475 2875 3725 2929 humana:

2154 2972 2296 3041 quod
2326 2970 2479 3024 novit
2510 2983 2630 3024 esse
2675 2977 2984 3034 venturum,
3006 2965 3121 3036 jam
3161 2983 3306 3022 nunc
3351 2967 3535 3022 videre
3578 2965 3722 3021 desi-

2155 3060 2328 3115 derat.

2229 3147 2347 3202 Tibi
2384 3149 2540 3202 enim.
2569 3146 2672 3215 Qui
2702 3147 2836 3202 dicis
2865 3165 2877 3200 :
2911 3145 3042 3201 Mihi
3068 3146 3348 3201 vindictam
3370 3155 3417 3201 et
3440 3161 3531 3216 ego
3568 3144 3725 3198 retri-

2157 3239 2312 3293 buam
2345 3237 2503 3310 (Heb.
2544 3236 2600 3309 χ)
2620 3279 2634 3302 ,
2661 3246 2765 3293 etc.
2790 3238 2937 3293 Felix
2962 3238 3289 3293 conscientia
3313 3278 3329 3303 ,
3375 3236 3527 3307 cujus
3563 3249 3728 3292 causa

2154 3327 2384 3384 Domino
2438 3327 2712 3383 revelatur
2757 3346 2771 3381 :
2814 3327 2968 3383 Unde
3010 3327 3330 3397 apostolus:
3384 3325 3550 3381 Omne
3587 3325 3728 3398 quod

2156 3418 2527 3487 manifestatur
2547 3418 2640 3473 lux
2660 3428 2733 3474 est
2759 3416 2973 3490 (Ephes.
2995 3417 3073 3489 v).
3517 3411 3522 3415 ’

2234 3506 2396 3562 Vens.
2445 3509 2532 3563 1'5.
2571 3538 2643 3549 ——
2684 3508 2822 3575 Quia
2857 3507 3108 3561 liberavit.
3141 3504 3263 3577 (11).)
3301 3504 3512 3577 Pauper
3537 3503 3731 3573 spiritu

2155 3600 2451 3656 vindictam
2499 3616 2530 3655 a
2583 3599 2811 3655 Domino
2856 3606 3176 3654 consecutus
3224 3597 3428 3664 laudat,
3456 3605 3513 3652 et
3563 3611 3626 3654 se
3661 3595 3732 3652 de

2157 3709 2322 3750 manu
2354 3694 2710 3766 pessimorum
2731 3701 2945 3747 erutum
2975 3690 3253 3763 gloriatur.
3278 3689 3393 3746 Hoc
3417 3700 3595 3745 autem
3616 3703 3728 3744 non

2118 3844 2127 3855 ,
2158 3785 2221 3839 ﬁt
2244 3784 2461 3850 merito,
2506 3784 2599 3839 sed
2642 3782 2759 3852 ejus
2785 3782 2957 3854 gratia
2986 3782 3080 3853 qui
3122 3796 3411 3852 pauperem
3441 3778 3729 3844 liberavit,

2159 3874 2251 3946 qui
2278 3889 2382 3929 non
2414 3882 2561 3929 amat
2591 3873 2808 3928 divitias
2837 3873 3104 3943 superbia:
3124 3872 3449 3940 corruentis,
3497 3872 3591 3930 sed
3622 3871 3728 3927 hu-

2160 3966 2445 4021 militatem
2475 3965 2728 4036 pauperis
2752 3965 2985 4020 liberati.

2233 4053 2397 4109 Vens.
2423 4054 2509 4109 11-.
2537 4084 2609 4094 —
2635 4053 2939 4109 Maledicta.
2988 4052 3047 4108 1n
3088 4051 3278 4123 quinto
3321 4066 3538 4116 mense,
3568 4049 3622 4106 id
3648 4057 3729 4106 est

2158 4146 2400 4217 Augusto
2427 4153 2587 4201 natus
2622 4153 2706 4200 est
2727 4143 3009 4209 Jeremias,
3038 4151 3166 4211 etc.,
3214 4159 3376 4215 usque
3400 4142 3470 4197 ad
3504 4150 3559 4197 et
3598 4140 3737 4197 vati-

2162 4238 2365 4294 cinium
2392 4236 2586 4293 futura:
2618 4236 2987 4292 subversionis
3015 4236 3198 4307 templi
3233 4232 3557 4290 autument?

2230 4322 2398 4384 Vens.
2432 4327 2521 4382 15.
2546 4356 2621 4367 —
2661 4326 2975 4381 Maledictus
3008 4327 3105 4393 vir,
3139 4335 3245 4382 etc.
3272 4325 3373 4393 Qui
3399 4330 3593 4395 putant
3618 4322 3736 4378 ani-

2054 4426 2058 4430 “
2158 4434 2280 4478 mas
2327 4419 2494 4476 fuisse
2537 4421 2593 4475 in
2635 4420 2961 4484 caelestibus,
3006 4427 3137 4484 etc.,
3179 4435 3341 4490 usque
3365 4417 3435 4472 ad
3461 4425 3538 4481 et,
3576 4414 3737 4471 Redi-

2162 4517 2356 4564 mentes
2379 4517 2600 4580 tempus,
2629 4509 2875 4581 quoniam
2900 4509 3011 4563 dies
3037 4516 3159 4563 sunt
3183 4505 3395 4579 (Ephcs.
3419 4504 3502 4576 v),
3523 4513 3627 4562 etc.

2759 4635 2987 4693 CAPUT
3022 4635 3166 4692 XXI.

2233 4751 2401 4808 Vens.
2443 4752 2494 4806 1.
2543 4781 2614 4791 -—
2660 4750 2886 4806 Verbum
2916 4749 3054 4821 quod
3079 4789 3095 4815 ,
3140 4756 3245 4804 etc.
3296 4747 3521 4815 Quando
3575 4746 3734 4803 misit.

2165 4842 2371 4914 (Hii-2n.)
2395 4841 2695 4897 Notandum
2732 4840 2877 4911 quod
2920 4840 2975 4894 in
3001 4838 3301 4909 prophetis,
3327 4844 3459 4904 etc.,
3480 4852 3642 4908 usque
3667 4834 3738 4891 ad

2166 4933 2232 4988 de
2256 4932 2452 5000 quibus
2473 4931 2670 4986 dicitur
2694 4930 2748 4984 in
2776 4928 3144 4998 sequentibus.

2237 5022 2478 5078 Phassur
2504 5022 2695 5093 ﬁlium,
2724 5029 2829 5077 etc.
2863 5019 3035 5091 Supra
3063 5018 3307 5091 pontifex
3345 5016 3585 5074 Phassur
3624 5015 3740 5071 sive

2164 5115 2404 5171 Phascor
2448 5116 2538 5186 qui
2595 5114 2865 5184 percussit
2910 5110 3200 5168 Jeremiam
3228 5152 3244 5179 ,
3296 5117 3507 5180 patrem
3552 5106 3741 5163 habuit

2167 5207 2388 5261 Emmer
2421 5223 2434 5259 :
2477 5205 2567 5260 hic
2606 5213 2785 5259 autem
2815 5203 3052 5258 Phassur
3082 5201 3222 5257 ﬁlius
3249 5209 3333 5256 est
3354 5197 3614 5264 Melchiae,
3632 5211 3742 5251 non

2169 5309 2251 5356 est
2276 5298 2418 5353 enim
2453 5298 2613 5352 idem.

2243 5389 2403 5445 Vens.
2450 5388 2503 5443 4.
2531 5419 2603 5429 —-
2630 5385 2763 5442 Ecce
2808 5403 2902 5458 ego
2926 5425 2943 5452 ,
2981 5393 3087 5441 etc.
3124 5383 3287 5451 Quasi
3343 5381 3564 5453 diceret.
3616 5375 3741 5449 (11).)

2170 5482 2394 5537 Frustra
2424 5496 2722 5551 repugnare
2746 5479 2925 5541 vultis,
2953 5485 3007 5533 et
3026 5491 3175 5532 arma
3196 5474 3383 5530 bellica
3405 5472 3740 5547 pmparatis,

2174 5586 2403 5643 quorum
2456 5571 2508 5624 in
2560 5571 2736 5625 media
2788 5570 2920 5622 urbe
2947 5581 3104 5621 usum
3131 5571 3340 5618 tantum
3366 5561 3656 5624 habebitis,
3682 5571 3746 5617 ut

2176 5661 2364 5717 armati
2393 5675 2511 5715 esse
2537 5659 2844 5715 videamini.
2871 5656 2986 5711 Non
3016 5655 3171 5710 enim
3216 5653 3521 5709 habuerunt
3562 5653 3744 5719 hostes

2176 5767 2313 5823 quos
2342 5750 2642 5813 vincerent,
2670 5749 2764 5805 sed
2789 5756 2995 5803 tantum
3019 5760 3154 5816 quos
3182 5753 3458 5818 caperent.
