4068 6344
289 387 354 443 57
842 340 845 341 ν
1142 385 1405 442 GLOSSA
1443 382 1834 440 οιωιΝΑωΑ.
1875 411 1943 420 —
1976 379 2364 435 PROPHETIA
2401 379 2734 437 JEREMIIE.
3454 377 3524 435 58

361 495 534 555 Vens.
569 498 623 553 7.
652 528 723 538 —
748 497 893 553 Dabo
918 497 1211 555 Sedeciam.
1237 498 1478 552 Primum
1510 496 1576 550 de
1602 494 1851 548 universa
1879 492 1932 551 Α
1956 490 2187 556 dicatur,
2216 499 2344 555 etc.,
2374 491 2627 562 usquead
2669 490 2758 560 qui
2788 491 3101 562 projiciatur
3129 491 3195 546 de
3223 505 3385 548 manu
3420 490 3526 548 Do-

290 591 428 647 urbe
446 589 829 660 prophetatum
853 598 959 655 est,
981 597 1110 654 etc.,
1141 605 1302 658 usque
1334 589 1402 642 ad
1431 602 1531 641 nec
1557 585 1717 640 ullam
1738 598 1861 653 spe-

292 687 379 734 ret
412 678 838 734 misericordiam
863 719 879 743 ,
906 693 1029 733 cum
1056 678 1232 733 foedus
1259 676 1496 748 periurio
1520 674 1820 729 violaverit.

362 768 431 822 In
463 785 640 823 manu.
660 761 725 823 in
746 784 907 824 manu
946 768 1434 824 Nabuchodonosor
1468 767 1609 837 regis
1638 763 1862 836 Babylo-

294 861 381 915 nis
411 871 469 916 et
499 862 553 915 in
592 878 754 916 manu
779 857 1119 929 inimicorum
1142 858 1275 930 ejus.

370 950 534 1006 Vens.
558 951 610 1005 8.
636 981 708 991 -
730 950 796 1004 Et
824 951 892 1004 ad
913 950 1178 1021 populum.
1219 948 1430 1004 Nuntiis
1451 948 1620 1019 regis,
1653 946 1744 1016 qui
1771 960 1862 1002 ve-

293 1050 509 1107 nerant,
559 1050 690 1106 etc.,
722 1056 883 1112 usque
927 1040 995 1094 ad
1034 1040 1216 1095 dicens
1260 1053 1277 1095 :
1329 1036 1611 1092 Maledicta
1651 1037 1761 1091 dies
1806 1037 1862 1090 in

291 1150 396 1201 qua
428 1140 584 1185 natus
608 1146 747 1184 sum.

367 1220 503 1276 Ecce
537 1238 630 1293 ego
682 1222 749 1275 do
818 1237 992 1275 coram
1054 1221 1217 1277 vobis.
1290 1219 1427 1277 Sunt
1466 1220 1559 1291 qui
1608 1220 1749 1275 hunc
1784 1218 1864 1273 lo.

293 1326 414 1364 cum
468 1310 762 1365 secundum
818 1309 1163 1380 tropologiam
1208 1310 1289 1366 sic
1323 1317 1637 1380 exponunt:
1675 1304 1864 1363 Melius

290 1406 376 1452 est
400 1413 459 1452 se
485 1398 694 1452 tradere
723 1397 1066 1452 saecularibus
1088 1398 1401 1468 disciplinis,
1426 1397 1658 1452 maxime
1692 1396 1864 1467 philo-

292 1486 553 1555 sophicis,
582 1501 742 1554 quam
789 1484 842 1539 in
887 1484 1126 1541 Ecclesia
1171 1486 1645 1557 illa.permanere;
1678 1485 1730 1540 in
1755 1499 1863 1554 qua

292 1575 468 1632 fames
492 1577 563 1631 sit
588 1577 853 1631 sermonis
882 1577 997 1639 Dei,
1026 1585 1080 1631 et
1105 1577 1281 1632 omnis
1318 1576 1545 1647 populus
1584 1576 1863 1631 haeretico-

291 1683 414 1721 rum
449 1666 626 1736 gladio
666 1674 720 1722 et
762 1666 1021 1722 doctrinae
1046 1667 1297 1736 penuria,
1340 1677 1391 1722 et
1430 1675 1580 1737 peste
1611 1666 1864 1723 haeretica

292 1755 579 1809 moriatur.

1958 580 2088 633 mini
2122 589 2177 635 et
2200 582 2440 635 tradatur
2464 576 2757 651 Babylonio
2778 583 2922 652 regi?

2042 669 2130 725 Vir
2154 672 2266 725 iste.
2292 672 2412 741 (10.)
2435 670 2723 727 Jechonias
2748 673 3129 740 interpretatur
3156 672 3364 728 Domini
3391 691 3527 745 pra:-

1957 760 2185 828 paratio,
2207 760 2292 814 cui
2330 762 2380 814 in
2412 761 2660 829 pncsenti
2689 760 2807 816 loco
2830 762 3002 830 prima
3025 761 3225 831 syllaba
3249 762 3318 830 ie,
3351 763 3405 818 id
3446 773 3530 821 est

1959 866 2153 906 nomen
2173 852 2379 907 Domini
2395 852 2656 916 aufertur,
2678 860 2733 906 et
2755 852 2947 906 dicitur
2972 853 3218 919 Chonias,
3242 862 3300 909 ut
3331 854 3531 911 subau-

1960 943 2138 996 diatur
2161 943 2444 1013 perditioni
2473 951 2528 996 et
2548 942 2787 996 interitui
2818 952 3169 1012 praeparatus.

2031 1033 2192 1088 Vens.
2217 1032 2304 1086 30.
2335 1063 2406 1071 —
2429 1031 2626 1086 Scribe.
2653 1031 2774 1103 (10.)
2797 1032 3041 1087 Christus
3063 1035 3128 1088 de
3149 1032 3305 1102 hujus
3321 1036 3527 1091 semine

1961 1131 2121 1178 natus
2147 1131 2250 1188 est,
2278 1130 2402 1185 etc.,
2434 1138 2592 1190 usque
2611 1123 2680 1175 ad
2706 1122 2814 1176 imo
2849 1123 2999 1193 regni
3030 1123 3399 1192 simulacrum,
3436 1140 3531 1196 pe-

1961 1216 2106 1268 nitus
2138 1213 2299 1267 fuisse
2324 1212 2576 1268 deletum.

2035 1301 2297 1367 Sterilem,
2329 1312 2433 1356 etc.
2462 1301 2669 1371 Aquilze
2693 1301 2864 1371 prima
2905 1302 3091 1369 editio,
3152 1303 3399 1369 sterilem,
3440 1318 3529 1360 se-

1962 1392 2156 1458 cunda,
2180 1409 2281 1447 non
2305 1403 2632 1447 crescentem.
2689 1392 3046 1464 Symmachus
3101 1410 3339 1461 vacuum,
3387 1393 3532 1450 LXX

1955 1493 2019 1538 et
2045 1481 2362 1549 Theodotio,
2393 1480 2791 1536 abominabilem
2817 1491 2864 1535 et
2891 1481 3209 1535 abdicatum.

2521 1609 2746 1666 CAPUT
2774 1611 2959 1666 XXIII.

2033 1737 2197 1792 Vens.
2227 1737 2276 1791 l.
2299 1768 2372 1777 —
2407 1735 2495 1792 Vw
2511 1738 2827 1806 pastoribus,
2852 1747 2956 1795 etc.
2981 1740 3333 1813 (Hien.)Quia
3360 1744 3537 1801 omnis

363 1844 527 1899 Vens.
567 1843 1007 1899 12.-—Judtcate
1054 1862 1225 1899 mane.
1270 1830 1476 1918 (Hilam)
1513 1844 1569 1899 ln
1601 1845 1702 1900 hoc
1743 1858 1860 1900 1000

1963 1842 2086 1899 spes
2111 1826 2322 1883 Iudaici
2350 1828 2498 1899 regni
2521 1828 2735 1894 defecit,
2795 1831 2987 1885 transit
3013 1833 3079 1886 ad
3108 1834 3378 1903 principes
3432 1835 3534 1888 Ec-

291 1931 579 1988 clementia
607 1933 699 1988 Dei
731 1933 1149 1997 demonstratur,
1170 1942 1299 1998 etc.,
1324 1950 1486 2004 usque
1507 1933 1576 1988 ad
1595 1934 1730 1989 vitio
1763 1949 1862 1990 suo

290 2025 564 2079 accideret
593 2027 692 2090 eis,
723 2041 827 2079 non
855 2026 1050 2079 duritia
1082 2027 1476 2081 comminantis.

366 2114 534 2167 Vens.
568 2114 738 2167 15.—
757 2113 892 2168 Ecce
906 2130 1005 2184 ego
1031 2115 1100 2169 ad
1120 2124 1168 2169 te
1193 2116 1569 2171 habitatricem.
1601 2116 1865 2186 Loquitur

295 2210 489 2256 contra
515 2202 835 2268 Jerusalem,
866 2219 983 2272 qua:
1008 2205 1225 2260 obsessa
1253 2213 1338 2260 est
1367 2218 1382 2260 :
1406 2205 1491 2260 vel
1516 2207 1653 2261 sicut
1689 2206 1864 2277 Tyrus

298 2291 467 2357 nari,
499 2290 571 2344 ita
599 2290 890 2362 Babylonio
928 2292 1158 2363 cingitur
1201 2294 1441 2349 exercitu
1469 2334 1485 2361 ,
1533 2303 1587 2350 et
1634 2295 1864 2351 evadere

294 2398 400 2437 non
434 2391 640 2453 potest;
668 2383 751 2439 vel
774 2383 925 2453 quasi
952 2393 1104 2453 petra
1129 2384 1413 2439 durissima
1439 2401 1497 2441 se
1534 2386 1866 2457 inexpugna-

294 2474 454 2529 bilem
493 2484 548 2529 et
579 2476 852 2529 robustam
886 2483 1063 2545 putat,
1094 2490 1193 2545 pro
1238 2476 1510 2531 soliditate
1546 2485 1608 2531 et
1656 2477 1865 2548 magni-

296 2562 479 2617 tudine
502 2580 797 2619 murorum.

365 2654 532 2710 Vens.
562 2656 649 2710 14.
673 2686 743 2696 —-
762 2655 827 2708 In
854 2654 1013 2710 saltu.
1048 2654 1172 2728 (10.)
1213 2655 1509 2712 Jerusalem
1536 2665 1591 2712 et
1619 2657 1866 2728 adjacen-

294 2754 404 2798 tem
446 2746 718 2816 regionem
769 2746 909 2817 (quae
952 2745 1264 2802 fructiferas
1316 2746 1537 2803 arbores
1598 2746 1864 2804 bonorum

292 2850 519 2905 operum
560 2852 663 2890 non
692 2837 926 2892 habebat
950 2878 965 2902 ,
1002 2846 1057 2891 et
1081 2838 1201 2894 ideo
1228 2838 1474 2893 incendio
1493 2838 1673 2912 digna)
1700 2856 1863 2910 quam

289 2924 518 2995 pulchre
557 2925 748 2981 vallem
784 2936 1140 2998 campestrem
1167 2927 1416 2998 appellat,
1441 2930 1591 2999 quasi
1623 2931 1864 2998 perviam

291 3015 573 3086 hostibus;
601 3032 709 3072 non
736 3027 970 3074 montem
995 3019 1287 3088 excelsum,
1313 3020 1404 3091 qui
1435 3018 1645 3079 diilicile
1666 3038 1862 3080 ascen-

286 3106 474 3161 datur.

857 3177 1080 3233 CAPUT
1109 3176 1271 3232 XXII.

360 3286 532 3342 Vens.
559 3286 612 3342 l.
640 3316 701 3328 -—
732 3286 862 3343 Ha’c
886 3288 1031 3342 dicit.
1059 3287 1262 3359 (Ηιειι.)
1303 3288 1402 3344 Hic
1451 3302 1627 3345 sermo
1649 3291 1861 3347 Domini

286 3377 469 3433 factus
491 3384 597 3441 est,
630 3385 762 3442 etc.,
792 3394 952 3448 usque
979 3376 1048 3430 ad
1075 3377 1243 3447 fugiat
1266 3377 1360 3433 Dei
1387 3379 1731 3433 sententiam.

360 3465 530 3520 Vens.
551 3466 606 3519 5.
628 3496 700 3506 —-
719 3464 903 3519 Facite
928 3465 1210 3535 judicium.
1260 3465 1527 3536 Quidquid
1578 3468 1735 3538 regiae
1770 3466 1866 3523 do-

288 3558 404 3612 mui
454 3557 657 3613 dictum
699 3566 783 3612 est
819 3557 1167 3627 intelligant,
1216 3566 1357 3624 etc.,
1414 3575 1577 3629 usque
1626 3558 1695 3613 ad
1723 3568 1778 3615 et
1807 3560 1863 3616 in

288 3648 536 3705 Ecclesia
556 3649 852 3720 composito
891 3649 1142 3702 incedunt
1166 3650 1351 3717 gradu.

360 3740 523 3794 Vens.
549 3740 601 3793 6.
622 3768 694 3779 --
721 3739 781 3795 Si
816 3757 917 3793 non
942 3755 1181 3809 posuero.
1207 3738 1329 3811 (10.)
1363 3739 1736 3796 Comminatur
1763 3742 1860 3798 do-

289 3829 408 3883 mui
431 3830 614 3900 regiae,
642 3837 774 3895 etc.,
818 3845 979 3900 usque
1004 3828 1072 3881 ad
1104 3836 1159 3883 et
1192 3843 1377 3884 eorum
1426 3830 1517 3901 qui
1558 3830 1865 3886 ministrant

289 3920 541 3975 Domino.
1399 3933 1414 3943 '

363 4009 526 4064 Vens.
551 4009 637 4064 10.
657 4039 729 4050 —
759 4008 937 4066 Nolite
955 4012 1080 4081 ﬂere
1112 4020 1392 4076 mortuum,
1423 4019 1527 4067 etc.
1570 4012 1691 4085 (10.)
1735 4013 1864 4071 Mihi

286 4098 508 4168 proprie
529 4099 633 4155 dici
659 4099 871 4177 videtur
889 4101 955 4156 de
974 4100 1216 4168 Sedecia,
1264 4110 1395 4168 etc.,
1446 4119 1607 4173 usque
1630 4105 1699 4159 ad
1747 4121 1863 4161 om-

288 4189 381 4244 nia
405 4187 475 4244 de
499 4189 721 4246 Sedecia
752 4191 1129 4261 intelligamus.

360 4279 525 4336 Vens.
551 4281 639 4335 Η.
661 4280 833 4335 -Αά
864 4279 1084 4349 Sellum,
1124 4291 1230 4339 etc.
1259 4281 1380 4355 (10.)
1424 4281 1600 4340 Josias
1645 4299 1739 4342 rex
1771 4285 1860 4358 ju-

288 4378 415 4426 stus
441 4378 551 4427 tres
578 4371 718 4427 ﬁlios
757 4372 967 4438 habuit,
995 4382 1123 4439 etc.,
1155 4390 1316 4446 usque
1340 4374 1411 4429 ad
1459 4376 1578 4432 ideo
1614 4378 1755 4447 quod
1800 4377 1854 4434 in

286 4459 372 4514 eis
392 4474 616 4532 regnum
645 4461 779 4517 Iuda
811 4462 1016 4518 finitum
1048 4464 1138 4519 sit.

366 4547 525 4605 Vens.
542 4550 629 4605 15.
654 4581 722 4591 -
742 4550 833 4606 Vae
844 4554 932 4622 qui
944 4554 1311 4622 ardiﬁcat,etc.
1345 4554 1467 4628 (10.)
1497 4555 1737 4614 Joachim
1753 4559 1862 4617 lilio

285 4635 472 4703 Josite,
501 4654 659 4708 quem
693 4641 968 4696 substituit
986 4641 1216 4708 Pharao,
1237 4651 1368 4703 etc..
1394 4661 1553 4715 usque
1583 4648 1654 4701 ad
1683 4656 1867 4704 narrat

290 4736 564 4783 mortuum
593 4736 777 4785 etnon
805 4729 1091 4799 sepultum.
1133 4730 1201 4786 de
1242 4746 1349 4802 quo
1389 4732 1630 4789 dicemus
1676 4736 1731 4791 in
1768 4752 1864 4808 po-

287 4817 626 4874 sterioribus.
704 4838 711 4845 π

362 4907 526 4962 Vens.
556 4907 642 4963 18.
673 4938 743 4948 -
773 4906 895 4962 Non
916 4907 1158 4980 plangent
1183 4926 1321 4976 eum,
1349 4920 1453 4969 etc.
1476 4913 1597 4986 (10.)
1621 4912 1771 4981 Quod
1794 4917 1859 4973 de

292 4994 518 5051 Hebraeo
548 4998 846 5068 posuimus,
875 5007 1004 5066 etc.,
1036 5015 1195 5071 usque
1229 5002 1298 5055 ad
1322 5003 1536 5058 tandem
1573 5004 1861 5063 latrunculi

291 5083 678 5140 interfecerunt
711 5101 853 5141 eum.

360 5171 527 5229 Vens.
546 5173 637 5229 24.
667 5206 736 5215 -
763 5174 886 5230 Vivo
911 5192 1003 5247 ego
1023 5176 1168 5244 dicit,
1199 5187 1304 5235 etc.
1330 5180 1453 5251 (10.)
1495 5181 1668 5253 Supra
1715 5184 1861 5241 dixe-

294 5271 381 5317 rat
408 5264 589 5319 domui
610 5265 770 5335 regis,
796 5275 925 5332 etc.,
952 5283 1113 5338 usque
1132 5269 1201 5322 ad
1224 5270 1523 5342 intelligere
1544 5274 1609 5329 de
1632 5274 1857 5331 Domino

291 5355 603 5426 maiestatis.

364 5448 503 5515 Quia
531 5450 577 5504 si
592 5450 765 5519 fuerit,
789 5459 892 5508 etc.
921 5451 1041 5524 (10.)
1062 5451 1435 5510 Miserabiliter
1454 5453 1853 5526 Grunius,etc.,

1964 1916 2171 1982 clesizc;
2200 1924 2254 1970 et
2276 1931 2544 1987 synagoga
2570 1932 2692 1971 cum
2720 1918 2831 1973 suis
2850 1920 3155 1989 pastoribus
3179 1920 3432 1976 derelicta
3454 1931 3535 1974 at-

1868 2041 1874 2049 -
1963 2022 2069 2077 que
2091 2007 2363 2071 damnata,
2402 2008 2468 2060 ad
2491 2008 2760 2076 apostolos
2789 2024 2967 2063 sermo
2992 2008 3072 2075 fit,
3096 2010 3162 2065 de
3210 2011 3405 2081 quibus
3451 2012 3534 2067 di-

1958 2096 2121 2161 citur,
2148 2094 2314 2165 Super
2336 2112 2422 2149 eos
2445 2096 2701 2149 suscitabo
2719 2105 2951 2163 pastores
2967 2097 3180 2166 (Ezech.
3201 2100 3408 2171 xxxiv),
3427 2109 3533 2155 etc.

2033 2189 2198 2243 Vens.
2222 2186 2274 2240 5.
2300 2217 2375 2229 -—
2399 2187 2534 2240 Ecce
2561 2188 2670 2240 dies
2695 2187 2920 2251 veniunt,
2951 2188 3096 2253 dicit,
3126 2197 3232 2243 etc.
3266 2189 3387 2261 (10.)
3428 2190 3538 2245 Ab-

1957 2276 2117 2345 jectis
2136 2277 2434 2347 pastoribus
2455 2292 2752 2347 synagogas,
2796 2276 3023 2344 Scribis,
3059 2280 3267 2334 scilicet
3292 2287 3346 2334 et
3391 2279 3535 2334 Pha-

1965 2366 2160 2431 risaeis,
2191 2372 2246 2420 et
2282 2365 2541 2435 apostolis
2564 2365 2617 2418 in
2645 2364 2759 2419 loco
2779 2380 2965 2420 eorum
2996 2368 3324 2436 substitutis,
3371 2368 3533 2425 indu-

1960 2457 2104 2512 citur
2126 2458 2370 2513 Christus
2393 2468 2577 2528 pastor
2604 2466 2901 2526 pastorum.

2033 2551 2198 2606 Vens.
2228 2551 2280 2604 7.
2312 2581 2384 2590 —
2422 2549 2645 2619 Propter
2696 2551 2812 2616 hoc,
2862 2560 2966 2606 etc.
3024 2553 3147 2625 (10.)
3200 2552 3313 2609 Hoc
3362 2562 3534 2609 totum

1964 2651 2125 2711 caput
2148 2642 2201 2695 in
2229 2640 2370 2697 LXX
2393 2657 2497 2696 non
2526 2644 2776 2709 habetur,
2807 2644 2960 2714 cujus
3013 2644 3101 2699 hic
3152 2660 3344 2701 sensus
3402 2655 3483 2701 est
3515 2664 3529 2701 :

1964 2728 2100 2798 Quia
2129 2747 2233 2786 non
2258 2746 2358 2800 per
2384 2731 2598 2803 Moysen
2638 2733 2864 2804 populus
2883 2732 2978 2791 Dei
3001 2734 3067 2792 de
3112 2733 3347 2808 Ailgypto
3399 2735 3534 2794 libe-

1964 2831 2134 2888 ratur,
2162 2823 2254 2878 sed
2275 2838 2371 2891 per
2398 2821 2667 2881 Christum
2690 2828 2755 2882 de
2791 2836 2904 2881 toto
2934 2828 3093 2893 orbe;
3122 2827 3265 2900 quod
3307 2844 3373 2884 ex
3421 2837 3534 2885 toto

1964 2912 2341 2984 contplelritur,
2353 2916 2571 2985 quando
2585 2916 2652 2971 ab
2665 2916 2872 2972 oriente
2884 2924 2939 2973 et
2951 2918 3229 2973 occidente
3242 2925 3296 2973 et
3319 2928 3535 2990 septen-

1965 3005 2140 3060 trione
2162 3013 2217 3061 et
2237 3004 2460 3060 meridie
2478 3005 2694 3060 venient
2730 3012 2785 3061 et
2823 3008 3139 3063 recumbeut
3182 3023 3307 3063 cum
3356 3008 3531 3064 Abra-

1966 3097 2117 3162 ham,
2145 3095 2295 3151 lsaac
2307 3093 2629 3161 etJacob,ut
2649 3104 2920 3167 postquam
2948 3097 3235 3162 intraverit,
3266 3096 3532 3167 plenitudo

1886 3164 1931 3227 (ἶ
1962 3190 2212 3258 gentium,
2244 3197 2366 3241 tunc
2388 3187 2555 3240 omnis
2583 3164 2751 3240 Israel
2776 3164 2955 3241 salvus
2977 3188 3073 3255 ﬁat
3100 3164 3276 3258 (Rom;
3300 3189 3399 3258 xl).

2036 3276 2197 3331 Vens.
2222 3278 2274 3331 9.
2302 3307 2372 3317 —
2399 3277 2563 3341 Quasi
2609 3277 2760 3330 homo
2802 3277 3047 3331 madidus
3077 3296 3109 3331 a
3138 3278 3272 3332 vino.
3325 3276 3533 3332 Nullius

1965 3367 2349 3438 intelligentia},
2380 3367 2577 3420 nullius
2606 3367 2902 3434 sapientia,
2928 3376 3062 3433 etc.,
3093 3383 3255 3437 usque
3282 3367 3352 3421 ad
3384 3367 3535 3425 Iere—

1962 3455 2101 3510 mias
2126 3455 2268 3509 enim
2288 3448 2668 3523 interpretatur
2687 3455 2917 3509 excelsus
2945 3455 3177 3509 Domini.

2032 3544 2075 3596 Α
2105 3545 2238 3614 facie
2265 3542 2496 3609 Domini,
2528 3552 2632 3599 etc.
2659 3543 2782 3615 (10.)
2801 3543 3153 3599 Considerata
3186 3544 3334 3599 vultu
3363 3546 3537 3601 omni-

1962 3637 2197 3706 potentis
2225 3635 2338 3699 Dei,
2365 3637 2418 3690 id
2460 3643 2561 3701 est,
2593 3634 2775 3691 Patris
2811 3644 2866 3691 et
2914 3635 3062 3691 vultu
3118 3636 3261 3702 Filii,
3309 3637 3400 3707 qui
3448 3647 3535 3694 est

1964 3728 2214 3797 Splendor
2239 3727 2441 3796 gloria),
2478 3735 2532 3780 et
2563 3726 2730 3796 figura
2760 3726 3077 3782 substantiae
3106 3725 3244 3796 ejus,
3271 3729 3535 3799 pr0phela

1963 3828 2017 3873 et
2039 3819 2217 3872 anima
2247 3826 2302 3872 et
2329 3832 2554 3888 corpore
2586 3818 2972 3887 perhorrescit,
3029 3827 3085 3875 et
3129 3834 3189 3875 se
3236 3820 3370 3875 nihil
3416 3834 3536 3876 esse

1962 3907 2231 3979 intelligit,
2257 3907 2397 3962 unde
2421 3922 2436 3962 :
2460 3904 2529 3960 Ut
2548 3908 2846 3977 jumentum
2868 3908 3037 3977 factus
3063 3925 3176 3963 sum
3204 3913 3343 3980 apud
3371 3918 3440 3964 te.

2031 4004 2193 4060 Vens.
2222 4002 2308 4055 10.
2331 4031 2403 4041 —
2424 3999 2581 4055 Luxit
2604 4010 2763 4055 terra:
2789 4001 3058 4071 Quidquid
3083 4002 3148 4056 de
3177 4009 3317 4057 terra
3351 4001 3533 4057 Judaaa

1956 4091 2112 4161 juxta
2140 4091 2379 4145 litteram
2405 4088 2676 4160 intelligis,
2709 4090 2775 4146 ad
2796 4091 3265 4160 congregationem
3311 4092 3534 4151 creden-

1962 4182 2094 4237 tium
2145 4180 2348 4235 referre
2394 4179 2614 4249 poteris.
2675 4178 2899 4248 Propter
2950 4181 3213 4235 adulteria
3265 4181 3429 4245 enim,
3478 4191 3534 4237 et

1958 4272 2261 4337 mendacia,
2294 4280 2350 4327 et
2372 4270 2632 4342 periuria,
2658 4270 2918 4326 virtutum
2945 4278 3000 4327 et
3030 4271 3323 4342 gratiarum
3377 4273 3533 4329 steri-

1957 4364 2083 4421 litas
2106 4364 2470 4434 consequitur.

2029 4456 2191 4511 Vens.
2220 4455 2304 4509 ll.
2326 4485 2398 4496 —
2418 4453 2679 4524 Propheta
2702 4470 2944 4524 namque,
2967 4464 3072 4509 etc.
3105 4452 3328 4522 Quando
3356 4454 3409 4509 in
3432 4454 3533 4511 Ec-

1967 4547 2129 4604 clesia
2169 4547 2264 4601 Dei
2299 4555 2353 4602 et
2377 4546 2609 4601 maxime
2630 4547 2681 4600 in
2710 4545 3043 4616 principibus
3072 4545 3206 4614 ejus,
3256 4547 3534 4602 inveniun-

1968 4652 2057 4696 tur
2084 4640 2246 4705 mala,
2271 4640 2472 4694 scimus
2498 4653 2617 4693 esse
2636 4637 2980 4707 completum,
3013 4637 3273 4709 Propheta
3311 4653 3533 4709 namque

1962 4744 2011 4785 et
2032 4730 2323 4785 sacerdotes
2346 4728 2532 4799 polluti
2554 4738 2693 4782 sunt.

2031 4820 2259 4890 Afferam
2283 4836 2438 4889 super
2461 4834 2548 4873 eos
2573 4816 2734 4871 mala.
2758 4815 2875 4872 Non
2901 4817 3041 4887 quod
3064 4817 3203 4871 mala
3232 4818 3360 4883 sint,
3397 4826 3527 4885 etc.,

1964 4927 2124 4981 usque
2144 4910 2212 4963 ad
2232 4909 2429 4964 dicitur
2460 4908 2723 4963 correctio
2746 4916 2800 4963 et
2821 4908 3092 4963 cruciatus
3115 4908 3406 4976 peccantis.

2040 5003 2203 5058 Vens.
2261 5002 2345 5057 14.
2403 4998 2471 5054 Et
2524 5001 2578 5055 in
2618 4999 2899 5070 prophetis.
2943 4998 3220 5066 Quomodo
3254 5001 3529 5070 prophetae

1968 5094 2248 5158 Samaria},
2283 5091 2539 5162 quidquid
2590 5081 2899 5159 loquuntur,
2927 5091 3250 5160 prophetam
3289 5091 3340 5144 in
3367 5090 3524 5156 Baal;

1964 5185 2042 5240 sic
2065 5182 2300 5237 hmretici
2347 5181 2399 5235 in
2441 5179 2702 5243 Ecclesia,
2732 5177 2844 5232 sive
2892 5188 3067 5243 extra,
3103 5188 3155 5233 ut
3184 5178 3529 5250 supplantent

1960 5274 2215 5345 populum
2259 5271 2420 5326 lsrael
2440 5312 2454 5336 ,
2501 5270 2591 5340 qui
2621 5269 2769 5338 prius
2797 5270 3052 5324 cernebat
3082 5268 3265 5332 Deum,
3300 5268 3526 5339 loquun-
3546 5320 3559 5331 κ

1958 5372 2047 5420 tur
2072 5364 2126 5419 in
2148 5362 2495 5418 daemonibus.

2025 5455 2189 5511 Vens.
2231 5454 2315 5509 l5.
2345 5451 2477 5504 -Α
2502 5451 2781 5522 praphetis.
2836 5447 2958 5522 (10.)
2997 5448 3212 5505 Utimur
3236 5448 3378 5504 enim
3422 5450 3526 5505 hoc

294 5553 456 5607 usque
474 5539 543 5592 ad
561 5539 606 5593 si
632 5539 854 5596 voluerit
891 5540 1065 5605 legere
1090 5542 1230 5611 legat
1252 5551 1310 5598 ut
1330 5543 1726 5615 philosophum,
1749 5564 1854 5604 non
1954 5546 2280 5611 testimonio,
2309 5553 2435 5608 etc.,
2466 5559 2624 5614 usque
2648 5542 2716 5596 ad
2739 5551 3004 5598 conantur
3021 5539 3283 5596 infamare
3305 5549 3361 5595 et
3401 5539 3512 5595 nhi-

292 5637 349 5679 ut
368 5628 809 5684 ecclesiasticum.

367 5718 526 5775 Vens.
550 5721 638 5775 28.
670 5753 740 5762 —-
768 5723 1057 5795 Nunquid?
1077 5725 1199 5797 (10.)
1230 5727 1360 5782 Cum
1389 5729 1489 5785 hoc
1515 5745 1580 5785 ne
1599 5731 1852 5787 aecnonia

1953 5652 2059 5709 que
2086 5635 2444 5707 blaSphemias
2474 5634 2759 5690 seminare.

2028 5728 2186 5784 Vens.
2216 5728 2299 5783 18.
2330 5758 2398 5767 —-
2424 5724 2555 5792 Quis
2577 5727 2751 5780 enim?
2774 5724 2947 5780 Nolite
2977 5725 3197 5779 credere
3226 5724 3376 5780 falsis
3395 5738 3521 5794 pro-
