  <div class='ocr_page' id='page_1' title='image "/cluster/home/n/w/nwhite01/storage/ocr_20150623/114/hvd.32044018909580/025.png"; bbox 0 0 4068 6344; ppageno 0'>
   <div class='ocr_carea' id='block_1_1' title="bbox 502 386 3750 447">
    <p class='ocr_par' dir='ltr' id='par_1_1' title="bbox 502 386 3750 447">
     <span class='ocr_line' id='line_1_1' title="bbox 502 386 3750 447; baseline 0 -3"><span class='ocrx_word' id='word_1_1' title='bbox 502 393 571 446; x_wconf 69' lang='lat'><strong>59</strong></span> <span class='ocrx_word' id='word_1_2' title='bbox 1001 390 1387 446; x_wconf 78' lang='lat' dir='ltr'><strong>WALAFBIDI</strong></span> <span class='ocrx_word' id='word_1_3' title='bbox 1431 388 1676 445; x_wconf 75' lang='lat' dir='ltr'><strong>STRABI</strong></span> <span class='ocrx_word' id='word_1_4' title='bbox 1717 388 1919 445; x_wconf 82' lang='lat' dir='ltr'><strong>FULD.</strong></span> <span class='ocrx_word' id='word_1_5' title='bbox 1959 386 2123 445; x_wconf 81' lang='grc' dir='ltr'>ΜΟΝ.</span> <span class='ocrx_word' id='word_1_6' title='bbox 2167 386 2319 445; x_wconf 84' lang='lat' dir='ltr'><strong>OPP.</strong></span> <span class='ocrx_word' id='word_1_7' title='bbox 2361 386 2543 443; x_wconf 72' lang='lat' dir='ltr'><strong>PARS</strong></span> <span class='ocrx_word' id='word_1_8' title='bbox 2579 387 2623 444; x_wconf 81' lang='grc' dir='ltr'>Ι.</span> <span class='ocrx_word' id='word_1_9' title='bbox 2663 406 2735 429; x_wconf 85' lang='lat'><strong>—&#39;-</strong></span> <span class='ocrx_word' id='word_1_10' title='bbox 2772 387 3227 447; x_wconf 83' lang='lat' dir='ltr'><strong>THEOLOGICA.</strong></span> <span class='ocrx_word' id='word_1_11' title='bbox 3676 388 3750 445; x_wconf 72' lang='grc'><strong>40</strong></span> 
     </span>
    </p>
   </div>
   <div class='ocr_carea' id='block_1_2' title="bbox 505 495 3754 572">
    <p class='ocr_par' dir='ltr' id='par_1_2' title="bbox 505 495 3754 572">
     <span class='ocr_line' id='line_1_2' title="bbox 505 495 3754 572; baseline 0.001 -15"><span class='ocrx_word' id='word_1_12' title='bbox 505 501 681 572; x_wconf 80' lang='lat' dir='ltr'><strong>phetis</strong></span> <span class='ocrx_word' id='word_1_13' title='bbox 707 501 820 556; x_wconf 75' lang='lat' dir='ltr'><strong>tunc</strong></span> <span class='ocrx_word' id='word_1_14' title='bbox 834 499 1138 557; x_wconf 79' lang='lat' dir='ltr'><strong>dicentibus</strong></span> <span class='ocrx_word' id='word_1_15' title='bbox 1172 516 1186 552; x_wconf 89' lang='lat'>:</span> <span class='ocrx_word' id='word_1_16' title='bbox 1219 499 1359 554; x_wconf 91' lang='lat' dir='ltr'><strong>unde</strong></span> <span class='ocrx_word' id='word_1_17' title='bbox 1395 498 1535 554; x_wconf 89' lang='lat' dir='ltr'><strong>scire</strong></span> <span class='ocrx_word' id='word_1_18' title='bbox 1578 506 1803 567; x_wconf 89' lang='lat' dir='ltr'><strong>possunt</strong></span> <span class='ocrx_word' id='word_1_19' title='bbox 1844 496 2070 552; x_wconf 90' lang='lat' dir='ltr'><strong>consilia</strong></span> <span class='ocrx_word' id='word_1_20' title='bbox 2098 504 2147 563; x_wconf 77' lang='grc' dir='ltr'><strong>Α</strong></span> <span class='ocrx_word' id='word_1_21' title='bbox 2174 511 2316 551; x_wconf 91' lang='lat' dir='ltr'><strong>anno</strong></span> <span class='ocrx_word' id='word_1_22' title='bbox 2356 496 2506 568; x_wconf 98' lang='lat' dir='ltr'><strong>regni</strong></span> <span class='ocrx_word' id='word_1_23' title='bbox 2548 495 2732 565; x_wconf 62' lang='lat' dir='ltr'><strong>Josiae,</strong></span> <span class='ocrx_word' id='word_1_24' title='bbox 2769 508 2903 565; x_wconf 90' lang='lat' dir='ltr'><strong>etc.,</strong></span> <span class='ocrx_word' id='word_1_25' title='bbox 2951 515 3113 571; x_wconf 80' lang='lat' dir='ltr'><strong>usque</strong></span> <span class='ocrx_word' id='word_1_26' title='bbox 3145 499 3217 553; x_wconf 73' lang='lat' dir='ltr'><strong>ad</strong></span> <span class='ocrx_word' id='word_1_27' title='bbox 3252 497 3607 557; x_wconf 65' lang='lat' dir='ltr'><strong>nisimesidne</strong></span> <span class='ocrx_word' id='word_1_28' title='bbox 3651 501 3754 559; x_wconf 89' lang='lat' dir='ltr'><strong>Do-</strong></span> 
     </span>
    </p>
   </div>
   <div class='ocr_carea' id='block_1_3' title="bbox 505 583 1626 656">
    <p class='ocr_par' dir='ltr' id='par_1_3' title="bbox 505 583 1626 656">
     <span class='ocr_line' id='line_1_3' title="bbox 505 583 1626 656; baseline -0.006 -13"><span class='ocrx_word' id='word_1_29' title='bbox 505 588 737 653; x_wconf 86' lang='lat' dir='ltr'><strong>Domini,</strong></span> <span class='ocrx_word' id='word_1_30' title='bbox 767 587 891 656; x_wconf 85' lang='lat' dir='ltr'><strong>quis</strong></span> <span class='ocrx_word' id='word_1_31' title='bbox 915 588 1045 641; x_wconf 89' lang='lat' dir='ltr'><strong>vidit</strong></span> <span class='ocrx_word' id='word_1_32' title='bbox 1068 594 1124 640; x_wconf 91' lang='lat' dir='ltr'><strong>et</strong></span> <span class='ocrx_word' id='word_1_33' title='bbox 1149 584 1485 639; x_wconf 88' lang='lat' dir='ltr'><strong>annuntiavit</strong></span> <span class='ocrx_word' id='word_1_34' title='bbox 1510 583 1626 638; x_wconf 78' lang='lat' dir='ltr'><strong>eis?</strong></span> 
     </span>
    </p>
   </div>
   <div class='ocr_carea' id='block_1_4' title="bbox 576 675 2080 744">
    <p class='ocr_par' dir='ltr' id='par_1_4' title="bbox 576 675 2080 744">
     <span class='ocr_line' id='line_1_4' title="bbox 576 675 2080 744; baseline -0.007 -5"><span class='ocrx_word' id='word_1_35' title='bbox 576 681 740 739; x_wconf 78' lang='lat' dir='ltr'><strong>Vens.</strong></span> <span class='ocrx_word' id='word_1_36' title='bbox 770 680 857 735; x_wconf 83' lang='grc'>19.</span> <span class='ocrx_word' id='word_1_37' title='bbox 881 709 949 720; x_wconf 94' lang='grc'><strong><em>-</em></strong></span> <span class='ocrx_word' id='word_1_38' title='bbox 972 679 1109 734; x_wconf 85' lang='lat' dir='ltr'><strong>Ecce</strong></span> <span class='ocrx_word' id='word_1_39' title='bbox 1137 677 1307 731; x_wconf 89' lang='lat' dir='ltr'><strong>turbo.</strong></span> <span class='ocrx_word' id='word_1_40' title='bbox 1338 676 1502 743; x_wconf 84' lang='lat' dir='ltr'><strong>Quasi</strong></span> <span class='ocrx_word' id='word_1_41' title='bbox 1532 675 1677 730; x_wconf 96' lang='lat' dir='ltr'><strong>dicat</strong></span> <span class='ocrx_word' id='word_1_42' title='bbox 1718 689 1817 744; x_wconf 88' lang='lat' dir='ltr'><strong>per</strong></span> <span class='ocrx_word' id='word_1_43' title='bbox 1860 682 2080 729; x_wconf 87' lang='lat' dir='ltr'><strong>contra-</strong></span> 
     </span>
    </p>
   </div>
   <div class='ocr_carea' id='block_1_5' title="bbox 504 765 2079 843">
    <p class='ocr_par' dir='ltr' id='par_1_5' title="bbox 504 765 2079 843">
     <span class='ocr_line' id='line_1_5' title="bbox 504 765 2079 843; baseline -0.006 -13"><span class='ocrx_word' id='word_1_44' title='bbox 504 775 643 830; x_wconf 88' lang='lat' dir='ltr'><strong>rium</strong></span> <span class='ocrx_word' id='word_1_45' title='bbox 669 779 818 843; x_wconf 88' lang='lat' dir='ltr'><strong>patet</strong></span> <span class='ocrx_word' id='word_1_46' title='bbox 838 771 1126 842; x_wconf 79' lang='lat' dir='ltr'><strong>prophetas</strong></span> <span class='ocrx_word' id='word_1_47' title='bbox 1156 769 1385 833; x_wconf 91' lang='lat' dir='ltr'><strong>nescire,</strong></span> <span class='ocrx_word' id='word_1_48' title='bbox 1410 767 1555 837; x_wconf 87' lang='lat' dir='ltr'><strong>quod</strong></span> <span class='ocrx_word' id='word_1_49' title='bbox 1584 765 1802 821; x_wconf 85' lang='lat' dir='ltr'><strong>dicunt:</strong></span> <span class='ocrx_word' id='word_1_50' title='bbox 1822 781 1921 836; x_wconf 92' lang='lat' dir='ltr'><strong>pro</strong></span> <span class='ocrx_word' id='word_1_51' title='bbox 1946 780 2079 835; x_wconf 83' lang='lat' dir='ltr'><strong>pace</strong></span> 
     </span>
    </p>
   </div>
   <div class='ocr_carea' id='block_1_6' title="bbox 503 857 2079 933">
    <p class='ocr_par' dir='ltr' id='par_1_6' title="bbox 503 857 2079 933">
     <span class='ocr_line' id='line_1_6' title="bbox 503 857 2079 933; baseline -0.008 -8"><span class='ocrx_word' id='word_1_52' title='bbox 503 868 649 925; x_wconf 84' lang='lat' dir='ltr'><strong>enim</strong></span> <span class='ocrx_word' id='word_1_53' title='bbox 675 873 729 922; x_wconf 90' lang='lat' dir='ltr'><strong>et</strong></span> <span class='ocrx_word' id='word_1_54' title='bbox 751 864 1041 919; x_wconf 74' lang='lat' dir='ltr'><strong>securitate</strong></span> <span class='ocrx_word' id='word_1_55' title='bbox 1061 877 1224 933; x_wconf 91' lang='lat' dir='ltr'><strong>quam</strong></span> <span class='ocrx_word' id='word_1_56' title='bbox 1247 859 1589 932; x_wconf 87' lang='lat' dir='ltr'><strong>promittunt,</strong></span> <span class='ocrx_word' id='word_1_57' title='bbox 1622 857 1769 912; x_wconf 92' lang='lat' dir='ltr'><strong>venit</strong></span> <span class='ocrx_word' id='word_1_58' title='bbox 1788 864 2079 928; x_wconf 80' lang='lat' dir='ltr'><strong>tempestas</strong></span> 
     </span>
    </p>
   </div>
   <div class='ocr_carea' id='block_1_7' title="bbox 504 956 814 1027">
    <p class='ocr_par' dir='ltr' id='par_1_7' title="bbox 504 956 814 1027">
     <span class='ocr_line' id='line_1_7' title="bbox 504 956 814 1027; baseline -0.016 -15"><span class='ocrx_word' id='word_1_59' title='bbox 504 956 814 1027; x_wconf 85' lang='lat' dir='ltr'><strong>Babylonia.</strong></span> 
     </span>
    </p>
   </div>
   <div class='ocr_carea' id='block_1_8' title="bbox 581 1039 2078 1115">
    <p class='ocr_par' dir='ltr' id='par_1_8' title="bbox 581 1039 2078 1115">
     <span class='ocr_line' id='line_1_8' title="bbox 581 1039 2078 1115; baseline -0.005 -15"><span class='ocrx_word' id='word_1_60' title='bbox 581 1045 739 1100; x_wconf 88' lang='lat' dir='ltr'><strong>Vens.</strong></span> <span class='ocrx_word' id='word_1_61' title='bbox 755 1041 1121 1100; x_wconf 75' lang='lat' dir='ltr'><strong>25.—&#39;Audivi</strong></span> <span class='ocrx_word' id='word_1_62' title='bbox 1132 1057 1248 1112; x_wconf 77' lang='lat' dir='ltr'><strong>qua:</strong></span> <span class='ocrx_word' id='word_1_63' title='bbox 1261 1042 1523 1096; x_wconf 76' lang='lat' dir='ltr'><strong>dixerunt.</strong></span> <span class='ocrx_word' id='word_1_64' title='bbox 1541 1040 1743 1115; x_wconf 67' lang='lat' dir='ltr'><strong>(Brem)</strong></span> <span class='ocrx_word' id='word_1_65' title='bbox 1759 1041 1897 1097; x_wconf 88' lang='lat' dir='ltr'><strong>Sunt</strong></span> <span class='ocrx_word' id='word_1_66' title='bbox 1908 1039 2078 1094; x_wconf 90' lang='lat' dir='ltr'><strong>multa</strong></span> 
     </span>
    </p>
   </div>
   <div class='ocr_carea' id='block_1_9' title="bbox 504 1128 2081 1206">
    <p class='ocr_par' dir='ltr' id='par_1_9' title="bbox 504 1128 2081 1206">
     <span class='ocr_line' id='line_1_9' title="bbox 504 1128 2081 1206; baseline -0.004 -18"><span class='ocrx_word' id='word_1_67' title='bbox 504 1149 702 1206; x_wconf 79' lang='lat' dir='ltr'><strong>genera</strong></span> <span class='ocrx_word' id='word_1_68' title='bbox 730 1130 1114 1203; x_wconf 87' lang='lat' dir='ltr'><strong>prophetandi,</strong></span> <span class='ocrx_word' id='word_1_69' title='bbox 1145 1139 1280 1196; x_wconf 90' lang='lat' dir='ltr'><strong>etc.,</strong></span> <span class='ocrx_word' id='word_1_70' title='bbox 1305 1147 1467 1201; x_wconf 87' lang='lat' dir='ltr'><strong>usque</strong></span> <span class='ocrx_word' id='word_1_71' title='bbox 1494 1130 1563 1184; x_wconf 90' lang='lat' dir='ltr'><strong>ad</strong></span> <span class='ocrx_word' id='word_1_72' title='bbox 1584 1140 1639 1186; x_wconf 90' lang='lat' dir='ltr'><strong>et</strong></span> <span class='ocrx_word' id='word_1_73' title='bbox 1664 1130 1826 1185; x_wconf 90' lang='lat' dir='ltr'><strong>corda</strong></span> <span class='ocrx_word' id='word_1_74' title='bbox 1841 1128 2081 1184; x_wconf 89' lang='lat' dir='ltr'><strong>indoma-</strong></span> 
     </span>
    </p>
   </div>
   <div class='ocr_carea' id='block_1_10' title="bbox 504 1218 2079 1294">
    <p class='ocr_par' dir='ltr' id='par_1_10' title="bbox 504 1218 2079 1294">
     <span class='ocr_line' id='line_1_10' title="bbox 504 1218 2079 1294; baseline -0.004 -15"><span class='ocrx_word' id='word_1_75' title='bbox 504 1225 630 1279; x_wconf 66' lang='lat' dir='ltr'><strong>Lilia</strong></span> <span class='ocrx_word' id='word_1_76' title='bbox 656 1232 1007 1294; x_wconf 83' lang='lat' dir='ltr'><strong>tyrannorum</strong></span> <span class='ocrx_word' id='word_1_77' title='bbox 1038 1225 1252 1292; x_wconf 89' lang='lat' dir='ltr'><strong>propria</strong></span> <span class='ocrx_word' id='word_1_78' title='bbox 1281 1221 1608 1276; x_wconf 78' lang='lat' dir='ltr'><strong>conscientia</strong></span> <span class='ocrx_word' id='word_1_79' title='bbox 1657 1219 1868 1275; x_wconf 87' lang='lat' dir='ltr'><strong>Domini</strong></span> <span class='ocrx_word' id='word_1_80' title='bbox 1915 1218 2079 1289; x_wconf 85' lang='lat' dir='ltr'><strong>maje-</strong></span> 
     </span>
    </p>
   </div>
   <div class='ocr_carea' id='block_1_11' title="bbox 503 1317 1001 1372">
    <p class='ocr_par' dir='ltr' id='par_1_11' title="bbox 503 1317 1001 1372">
     <span class='ocr_line' id='line_1_11' title="bbox 503 1317 1001 1372; baseline -0.006 0"><span class='ocrx_word' id='word_1_81' title='bbox 503 1326 696 1372; x_wconf 83' lang='lat' dir='ltr'><strong>statem</strong></span> <span class='ocrx_word' id='word_1_82' title='bbox 721 1317 1001 1372; x_wconf 86' lang='lat' dir='ltr'><strong>sentirent.</strong></span> 
     </span>
    </p>
   </div>
   <div class='ocr_carea' id='block_1_12' title="bbox 577 1402 2079 1475">
    <p class='ocr_par' dir='ltr' id='par_1_12' title="bbox 577 1402 2079 1475">
     <span class='ocr_line' id='line_1_12' title="bbox 577 1402 2079 1475; baseline -0.005 -12"><span class='ocrx_word' id='word_1_83' title='bbox 577 1409 741 1463; x_wconf 83' lang='lat' dir='ltr'><strong>Vens.</strong></span> <span class='ocrx_word' id='word_1_84' title='bbox 764 1407 853 1461; x_wconf 74' lang='lat'><strong>27.</strong></span> <span class='ocrx_word' id='word_1_85' title='bbox 870 1438 941 1447; x_wconf 97' lang='lat'><strong>—</strong></span> <span class='ocrx_word' id='word_1_86' title='bbox 961 1406 1174 1461; x_wconf 86' lang='lat' dir='ltr'><strong>Somnia</strong></span> <span class='ocrx_word' id='word_1_87' title='bbox 1197 1421 1373 1459; x_wconf 86' lang='lat' dir='ltr'><strong>eorum</strong></span> <span class='ocrx_word' id='word_1_88' title='bbox 1400 1420 1535 1475; x_wconf 69' lang='lat' dir='ltr'><strong>qum.</strong></span> <span class='ocrx_word' id='word_1_89' title='bbox 1581 1402 1718 1458; x_wconf 90' lang='lat' dir='ltr'><strong>Sunt</strong></span> <span class='ocrx_word' id='word_1_90' title='bbox 1741 1402 1899 1458; x_wconf 86' lang='lat' dir='ltr'><strong>hodie</strong></span> <span class='ocrx_word' id='word_1_91' title='bbox 1936 1415 2079 1456; x_wconf 88' lang='lat' dir='ltr'><strong>som-</strong></span> 
     </span>
    </p>
   </div>
   <div class='ocr_carea' id='block_1_13' title="bbox 508 1496 2078 1569">
    <p class='ocr_par' dir='ltr' id='par_1_13' title="bbox 508 1496 2078 1569">
     <span class='ocr_line' id='line_1_13' title="bbox 508 1496 2078 1569; baseline -0.005 -12"><span class='ocrx_word' id='word_1_92' title='bbox 508 1503 746 1558; x_wconf 91' lang='lat' dir='ltr'><strong>niatores</strong></span> <span class='ocrx_word' id='word_1_93' title='bbox 769 1502 822 1556; x_wconf 92' lang='lat' dir='ltr'><strong>in</strong></span> <span class='ocrx_word' id='word_1_94' title='bbox 854 1501 1117 1565; x_wconf 83' lang='lat' dir='ltr'><strong>Ecclesia,</strong></span> <span class='ocrx_word' id='word_1_95' title='bbox 1149 1500 1241 1569; x_wconf 89' lang='lat' dir='ltr'><strong>qui</strong></span> <span class='ocrx_word' id='word_1_96' title='bbox 1271 1514 1487 1554; x_wconf 88' lang='lat' dir='ltr'><strong>errores</strong></span> <span class='ocrx_word' id='word_1_97' title='bbox 1516 1514 1643 1553; x_wconf 89' lang='lat' dir='ltr'><strong>suos</strong></span> <span class='ocrx_word' id='word_1_98' title='bbox 1692 1496 1902 1551; x_wconf 87' lang='lat' dir='ltr'><strong>Domini</strong></span> <span class='ocrx_word' id='word_1_99' title='bbox 1953 1508 2078 1564; x_wconf 85' lang='lat' dir='ltr'><strong>pro-</strong></span> 
     </span>
    </p>
   </div>
   <div class='ocr_carea' id='block_1_14' title="bbox 504 1588 2077 1662">
    <p class='ocr_par' dir='ltr' id='par_1_14' title="bbox 504 1588 2077 1662">
     <span class='ocr_line' id='line_1_14' title="bbox 504 1588 2077 1662; baseline -0.005 -15"><span class='ocrx_word' id='word_1_100' title='bbox 504 1593 718 1662; x_wconf 89' lang='lat' dir='ltr'><strong>phetias</strong></span> <span class='ocrx_word' id='word_1_101' title='bbox 746 1591 973 1657; x_wconf 80' lang='lat' dir='ltr'><strong>faciunt,</strong></span> <span class='ocrx_word' id='word_1_102' title='bbox 1021 1590 1212 1646; x_wconf 86' lang='lat' dir='ltr'><strong>crebro</strong></span> <span class='ocrx_word' id='word_1_103' title='bbox 1258 1590 1521 1654; x_wconf 86' lang='lat' dir='ltr'><strong>dicentes,</strong></span> <span class='ocrx_word' id='word_1_104' title='bbox 1566 1588 1860 1643; x_wconf 85' lang='lat' dir='ltr'><strong>somniavi:</strong></span> <span class='ocrx_word' id='word_1_105' title='bbox 1889 1594 2077 1642; x_wconf 89' lang='lat' dir='ltr'><strong>contra</strong></span> 
     </span>
    </p>
   </div>
   <div class='ocr_carea' id='block_1_15' title="bbox 503 1681 1934 1754">
    <p class='ocr_par' dir='ltr' id='par_1_15' title="bbox 503 1681 1934 1754">
     <span class='ocr_line' id='line_1_15' title="bbox 503 1681 1934 1754; baseline -0.002 -19"><span class='ocrx_word' id='word_1_106' title='bbox 503 1698 638 1754; x_wconf 82' lang='lat' dir='ltr'><strong>quos</strong></span> <span class='ocrx_word' id='word_1_107' title='bbox 665 1682 881 1748; x_wconf 87' lang='lat' dir='ltr'><strong>dicitur,</strong></span> <span class='ocrx_word' id='word_1_108' title='bbox 907 1698 1169 1752; x_wconf 79' lang='lat' dir='ltr'><strong>usquequo</strong></span> <span class='ocrx_word' id='word_1_109' title='bbox 1204 1681 1364 1745; x_wconf 88' lang='lat' dir='ltr'><strong>istud,</strong></span> <span class='ocrx_word' id='word_1_110' title='bbox 1396 1689 1499 1734; x_wconf 89' lang='lat' dir='ltr'><strong>etc.</strong></span> <span class='ocrx_word' id='word_1_111' title='bbox 1925 1724 1934 1732; x_wconf 92' lang='lat'><strong>.</strong></span> 
     </span>
    </p>
   </div>
   <div class='ocr_carea' id='block_1_16' title="bbox 580 1769 2077 1841">
    <p class='ocr_par' dir='ltr' id='par_1_16' title="bbox 580 1769 2077 1841">
     <span class='ocr_line' id='line_1_16' title="bbox 580 1769 2077 1841; baseline -0.002 -14"><span class='ocrx_word' id='word_1_112' title='bbox 580 1773 742 1827; x_wconf 82' lang='lat' dir='ltr'><strong>Vens.</strong></span> <span class='ocrx_word' id='word_1_113' title='bbox 773 1772 864 1827; x_wconf 75' lang='lat'><strong>28.</strong></span> <span class='ocrx_word' id='word_1_114' title='bbox 889 1802 960 1812; x_wconf 89' lang='lat'><strong>—</strong></span> <span class='ocrx_word' id='word_1_115' title='bbox 990 1770 1131 1838; x_wconf 85' lang='lat' dir='ltr'><strong>Quid</strong></span> <span class='ocrx_word' id='word_1_116' title='bbox 1151 1770 1358 1841; x_wconf 83' lang='lat' dir='ltr'><strong>paleis?</strong></span> <span class='ocrx_word' id='word_1_117' title='bbox 1386 1769 1616 1825; x_wconf 81' lang='lat' dir='ltr'><strong>Pulchre</strong></span> <span class='ocrx_word' id='word_1_118' title='bbox 1638 1769 1882 1825; x_wconf 76' lang='lat' dir='ltr'><strong>doctrina</strong></span> <span class='ocrx_word' id='word_1_119' title='bbox 1906 1769 2077 1824; x_wconf 58' lang='lat' dir='ltr'><strong>hatre-</strong></span> 
     </span>
    </p>
   </div>
   <div class='ocr_carea' id='block_1_17' title="bbox 2176 586 3046 645">
    <p class='ocr_par' dir='ltr' id='par_1_17' title="bbox 2176 586 3046 645">
     <span class='ocr_line' id='line_1_17' title="bbox 2176 586 3046 645; baseline 0.006 -6"><span class='ocrx_word' id='word_1_120' title='bbox 2176 586 2309 640; x_wconf 89' lang='lat' dir='ltr'><strong>mini</strong></span> <span class='ocrx_word' id='word_1_121' title='bbox 2345 587 2712 645; x_wconf 87' lang='lat' dir='ltr'><strong>admonitione</strong></span> <span class='ocrx_word' id='word_1_122' title='bbox 2741 599 3046 645; x_wconf 83' lang='lat' dir='ltr'><strong>revocetur.</strong></span> 
     </span>
    </p>
   </div>
   <div class='ocr_carea' id='block_1_18' title="bbox 2247 676 3750 739">
    <p class='ocr_par' dir='ltr' id='par_1_18' title="bbox 2247 676 3750 739">
     <span class='ocr_line' id='line_1_18' title="bbox 2247 676 3750 739; baseline 0.005 -7"><span class='ocrx_word' id='word_1_123' title='bbox 2247 676 2410 732; x_wconf 85' lang='lat' dir='ltr'><strong>Vens.</strong></span> <span class='ocrx_word' id='word_1_124' title='bbox 2434 676 2576 732; x_wconf 75' lang='grc'><strong>4.-</strong></span> <span class='ocrx_word' id='word_1_125' title='bbox 2609 676 2681 732; x_wconf 87' lang='lat' dir='ltr'><strong>Et</strong></span> <span class='ocrx_word' id='word_1_126' title='bbox 2703 679 2840 733; x_wconf 86' lang='lat' dir='ltr'><strong>misit</strong></span> <span class='ocrx_word' id='word_1_127' title='bbox 2869 678 3125 734; x_wconf 82' lang='lat' dir='ltr'><strong>Dominus</strong></span> <span class='ocrx_word' id='word_1_128' title='bbox 3153 680 3223 734; x_wconf 90' lang='lat' dir='ltr'><strong>ad</strong></span> <span class='ocrx_word' id='word_1_129' title='bbox 3245 696 3341 736; x_wconf 74' lang='lat' dir='ltr'><strong>vos</strong></span> <span class='ocrx_word' id='word_1_130' title='bbox 3357 698 3532 738; x_wconf 86' lang='lat' dir='ltr'><strong>omnes</strong></span> <span class='ocrx_word' id='word_1_131' title='bbox 3553 699 3750 739; x_wconf 82' lang='lat' dir='ltr'><strong>servos.</strong></span> 
     </span>
    </p>
   </div>
   <div class='ocr_carea' id='block_1_19' title="bbox 2175 765 3750 847">
    <p class='ocr_par' dir='ltr' id='par_1_19' title="bbox 2175 765 3750 847">
     <span class='ocr_line' id='line_1_19' title="bbox 2175 765 3750 847; baseline 0.008 -27"><span class='ocrx_word' id='word_1_132' title='bbox 2175 765 2293 820; x_wconf 84' lang='lat' dir='ltr'><strong>Non</strong></span> <span class='ocrx_word' id='word_1_133' title='bbox 2319 783 2406 838; x_wconf 70' lang='lat' dir='ltr'><strong>per</strong></span> <span class='ocrx_word' id='word_1_134' title='bbox 2439 784 2605 824; x_wconf 91' lang='lat' dir='ltr'><strong>unum</strong></span> <span class='ocrx_word' id='word_1_135' title='bbox 2626 771 2969 841; x_wconf 88' lang='lat' dir='ltr'><strong>prophetam,</strong></span> <span class='ocrx_word' id='word_1_136' title='bbox 3001 772 3098 827; x_wconf 86' lang='lat' dir='ltr'><strong>sed</strong></span> <span class='ocrx_word' id='word_1_137' title='bbox 3138 787 3238 843; x_wconf 91' lang='lat' dir='ltr'><strong>per</strong></span> <span class='ocrx_word' id='word_1_138' title='bbox 3257 788 3465 842; x_wconf 91' lang='lat' dir='ltr'><strong>omnes,</strong></span> <span class='ocrx_word' id='word_1_139' title='bbox 3496 776 3750 847; x_wconf 90' lang='lat' dir='ltr'><strong>populum</strong></span> 
     </span>
    </p>
   </div>
   <div class='ocr_carea' id='block_1_20' title="bbox 2176 857 3752 932">
    <p class='ocr_par' dir='ltr' id='par_1_20' title="bbox 2176 857 3752 932">
     <span class='ocr_line' id='line_1_20' title="bbox 2176 857 3752 932; baseline 0.006 -20"><span class='ocrx_word' id='word_1_140' title='bbox 2176 871 2334 912; x_wconf 87' lang='lat' dir='ltr'><strong>suum</strong></span> <span class='ocrx_word' id='word_1_141' title='bbox 2356 857 2654 924; x_wconf 85' lang='lat' dir='ltr'><strong>admonuit,</strong></span> <span class='ocrx_word' id='word_1_142' title='bbox 2667 867 2723 912; x_wconf 89' lang='lat' dir='ltr'><strong>et</strong></span> <span class='ocrx_word' id='word_1_143' title='bbox 2745 859 2900 930; x_wconf 89' lang='lat' dir='ltr'><strong>quasi</strong></span> <span class='ocrx_word' id='word_1_144' title='bbox 2927 860 2983 915; x_wconf 90' lang='lat' dir='ltr'><strong>in</strong></span> <span class='ocrx_word' id='word_1_145' title='bbox 3000 860 3198 932; x_wconf 77' lang='lat' dir='ltr'><strong>vigiliis</strong></span> <span class='ocrx_word' id='word_1_146' title='bbox 3216 870 3272 917; x_wconf 90' lang='lat' dir='ltr'><strong>et</strong></span> <span class='ocrx_word' id='word_1_147' title='bbox 3289 863 3530 920; x_wconf 81' lang='lat' dir='ltr'><strong>excubiis</strong></span> <span class='ocrx_word' id='word_1_148' title='bbox 3551 868 3752 921; x_wconf 86' lang='lat' dir='ltr'><strong>consti-</strong></span> 
     </span>
    </p>
   </div>
   <div class='ocr_carea' id='block_1_21' title="bbox 2177 946 3753 1021">
    <p class='ocr_par' dir='ltr' id='par_1_21' title="bbox 2177 946 3753 1021">
     <span class='ocr_line' id='line_1_21' title="bbox 2177 946 3753 1021; baseline 0.008 -21"><span class='ocrx_word' id='word_1_149' title='bbox 2177 953 2343 1012; x_wconf 87' lang='lat' dir='ltr'><strong>tutus,</strong></span> <span class='ocrx_word' id='word_1_150' title='bbox 2385 946 2621 1003; x_wconf 75' lang='lat' dir='ltr'><strong>surrexit</strong></span> <span class='ocrx_word' id='word_1_151' title='bbox 2643 949 2897 1015; x_wconf 89' lang='lat' dir='ltr'><strong>diluculo,</strong></span> <span class='ocrx_word' id='word_1_152' title='bbox 2923 960 2982 1006; x_wconf 93' lang='lat' dir='ltr'><strong>ut</strong></span> <span class='ocrx_word' id='word_1_153' title='bbox 3005 964 3398 1021; x_wconf 87' lang='lat' dir='ltr'><strong>commoneret,</strong></span> <span class='ocrx_word' id='word_1_154' title='bbox 3427 963 3485 1011; x_wconf 88' lang='lat' dir='ltr'><strong>et</strong></span> <span class='ocrx_word' id='word_1_155' title='bbox 3519 971 3627 1011; x_wconf 93' lang='lat' dir='ltr'><strong>non</strong></span> <span class='ocrx_word' id='word_1_156' title='bbox 3650 971 3753 1011; x_wconf 87' lang='lat' dir='ltr'><strong>au-</strong></span> 
     </span>
    </p>
   </div>
   <div class='ocr_carea' id='block_1_22' title="bbox 2177 1036 3749 1112">
    <p class='ocr_par' dir='ltr' id='par_1_22' title="bbox 2177 1036 3749 1112">
     <span class='ocr_line' id='line_1_22' title="bbox 2177 1036 3749 1112; baseline 0.005 -19"><span class='ocrx_word' id='word_1_157' title='bbox 2177 1036 2424 1102; x_wconf 86' lang='lat' dir='ltr'><strong>dierunt;</strong></span> <span class='ocrx_word' id='word_1_158' title='bbox 2452 1048 2511 1092; x_wconf 90' lang='lat' dir='ltr'><strong>ut</strong></span> <span class='ocrx_word' id='word_1_159' title='bbox 2536 1047 2739 1109; x_wconf 89' lang='lat' dir='ltr'><strong>quanto</strong></span> <span class='ocrx_word' id='word_1_160' title='bbox 2766 1040 3013 1096; x_wconf 83' lang='lat' dir='ltr'><strong>crebrior</strong></span> <span class='ocrx_word' id='word_1_161' title='bbox 3059 1042 3377 1112; x_wconf 87' lang='lat' dir='ltr'><strong>admonitio,</strong></span> <span class='ocrx_word' id='word_1_162' title='bbox 3425 1053 3577 1102; x_wconf 90' lang='lat' dir='ltr'><strong>tanto</strong></span> <span class='ocrx_word' id='word_1_163' title='bbox 3616 1061 3749 1103; x_wconf 87' lang='lat' dir='ltr'><strong>con-</strong></span> 
     </span>
    </p>
   </div>
   <div class='ocr_carea' id='block_1_23' title="bbox 2177 1127 2636 1196">
    <p class='ocr_par' dir='ltr' id='par_1_23' title="bbox 2177 1127 2636 1196">
     <span class='ocr_line' id='line_1_23' title="bbox 2177 1127 2636 1196; baseline 0.007 -16"><span class='ocrx_word' id='word_1_164' title='bbox 2177 1134 2411 1195; x_wconf 89' lang='lat' dir='ltr'><strong>temptus</strong></span> <span class='ocrx_word' id='word_1_165' title='bbox 2445 1127 2636 1196; x_wconf 88' lang='lat' dir='ltr'><strong>major.</strong></span> 
     </span>
    </p>
   </div>
   <div class='ocr_carea' id='block_1_24' title="bbox 2246 1216 3750 1292">
    <p class='ocr_par' dir='ltr' id='par_1_24' title="bbox 2246 1216 3750 1292">
     <span class='ocr_line' id='line_1_24' title="bbox 2246 1216 3750 1292; baseline 0.005 -21"><span class='ocrx_word' id='word_1_166' title='bbox 2246 1216 2431 1288; x_wconf 86' lang='lat' dir='ltr'><strong>Neque</strong></span> <span class='ocrx_word' id='word_1_167' title='bbox 2480 1217 2790 1273; x_wconf 83' lang='lat' dir='ltr'><strong>inclinastis.</strong></span> <span class='ocrx_word' id='word_1_168' title='bbox 2828 1218 2952 1290; x_wconf 67' lang='lat' dir='ltr'><strong>(IDJ</strong></span> <span class='ocrx_word' id='word_1_169' title='bbox 2993 1220 3166 1276; x_wconf 87' lang='lat' dir='ltr'><strong>Tanta</strong></span> <span class='ocrx_word' id='word_1_170' title='bbox 3203 1221 3306 1279; x_wconf 78' lang='lat' dir='ltr'><strong>fuit</strong></span> <span class='ocrx_word' id='word_1_171' title='bbox 3347 1224 3568 1290; x_wconf 86' lang='lat' dir='ltr'><strong>duritia,</strong></span> <span class='ocrx_word' id='word_1_172' title='bbox 3616 1234 3750 1292; x_wconf 88' lang='lat' dir='ltr'><strong>etc.,</strong></span> 
     </span>
    </p>
   </div>
   <div class='ocr_carea' id='block_1_25' title="bbox 2178 1306 3677 1384">
    <p class='ocr_par' dir='ltr' id='par_1_25' title="bbox 2178 1306 3677 1384">
     <span class='ocr_line' id='line_1_25' title="bbox 2178 1306 3677 1384; baseline 0.007 -25"><span class='ocrx_word' id='word_1_173' title='bbox 2178 1320 2338 1377; x_wconf 83' lang='lat' dir='ltr'><strong>usque</strong></span> <span class='ocrx_word' id='word_1_174' title='bbox 2358 1306 2577 1376; x_wconf 72' lang='lat' dir='ltr'><strong>ad-qua:</strong></span> <span class='ocrx_word' id='word_1_175' title='bbox 2610 1322 2716 1362; x_wconf 88' lang='lat' dir='ltr'><strong>non</strong></span> <span class='ocrx_word' id='word_1_176' title='bbox 2746 1308 3064 1379; x_wconf 87' lang='lat' dir='ltr'><strong>supplicium</strong></span> <span class='ocrx_word' id='word_1_177' title='bbox 3091 1326 3191 1380; x_wconf 91' lang='lat' dir='ltr'><strong>pro</strong></span> <span class='ocrx_word' id='word_1_178' title='bbox 3219 1311 3424 1369; x_wconf 87' lang='lat' dir='ltr'><strong>scelere</strong></span> <span class='ocrx_word' id='word_1_179' title='bbox 3449 1312 3677 1384; x_wconf 84' lang='lat' dir='ltr'><strong>irrogat.</strong></span> 
     </span>
    </p>
   </div>
   <div class='ocr_carea' id='block_1_26' title="bbox 2196 1386 3754 1467">
    <p class='ocr_par' dir='ltr' id='par_1_26' title="bbox 2196 1386 3754 1467">
     <span class='ocr_line' id='line_1_26' title="bbox 2196 1386 3754 1467; baseline 0.006 -18"><span class='ocrx_word' id='word_1_180' title='bbox 2196 1454 2201 1459; x_wconf 31' lang='grc' dir='ltr'><strong><em>λ</em></strong></span> <span class='ocrx_word' id='word_1_181' title='bbox 2250 1395 2415 1451; x_wconf 89' lang='lat' dir='ltr'><strong>Vens.</strong></span> <span class='ocrx_word' id='word_1_182' title='bbox 2444 1396 2498 1450; x_wconf 86' lang='lat'><strong>6.</strong></span> <span class='ocrx_word' id='word_1_183' title='bbox 2520 1386 2741 1452; x_wconf 16' lang='lat' dir='ltr'><strong>-—&#39;Post</strong></span> <span class='ocrx_word' id='word_1_184' title='bbox 2762 1399 2905 1465; x_wconf 87' lang='lat' dir='ltr'><strong>deos,</strong></span> <span class='ocrx_word' id='word_1_185' title='bbox 2929 1409 3035 1455; x_wconf 91' lang='lat' dir='ltr'><strong>etc.</strong></span> <span class='ocrx_word' id='word_1_186' title='bbox 3063 1400 3229 1467; x_wconf 86' lang='lat' dir='ltr'><strong>Quasi</strong></span> <span class='ocrx_word' id='word_1_187' title='bbox 3257 1402 3402 1457; x_wconf 84' lang='lat' dir='ltr'><strong>dicat</strong></span> <span class='ocrx_word' id='word_1_188' title='bbox 3430 1418 3444 1456; x_wconf 89' lang='lat'>:</span> <span class='ocrx_word' id='word_1_189' title='bbox 3476 1401 3605 1458; x_wconf 82' lang='lat' dir='ltr'><strong>Haec</strong></span> <span class='ocrx_word' id='word_1_190' title='bbox 3628 1417 3754 1459; x_wconf 91' lang='lat' dir='ltr'><strong>cum</strong></span> 
     </span>
    </p>
   </div>
   <div class='ocr_carea' id='block_1_27' title="bbox 2180 1489 3750 1558">
    <p class='ocr_par' dir='ltr' id='par_1_27' title="bbox 2180 1489 3750 1558">
     <span class='ocr_line' id='line_1_27' title="bbox 2180 1489 3750 1558; baseline 0.003 -15"><span class='ocrx_word' id='word_1_191' title='bbox 2180 1489 2545 1558; x_wconf 87' lang='lat' dir='ltr'><strong>superioribus</strong></span> <span class='ocrx_word' id='word_1_192' title='bbox 2599 1490 2908 1556; x_wconf 88' lang='lat' dir='ltr'><strong>monebam,</strong></span> <span class='ocrx_word' id='word_1_193' title='bbox 2952 1505 3020 1546; x_wconf 91' lang='lat' dir='ltr'><strong>ne</strong></span> <span class='ocrx_word' id='word_1_194' title='bbox 3061 1490 3164 1547; x_wconf 91' lang='lat' dir='ltr'><strong>diis</strong></span> <span class='ocrx_word' id='word_1_195' title='bbox 3205 1490 3401 1548; x_wconf 90' lang='lat' dir='ltr'><strong>alienis</strong></span> <span class='ocrx_word' id='word_1_196' title='bbox 3445 1491 3750 1557; x_wconf 88' lang='lat' dir='ltr'><strong>serviretis,</strong></span> 
     </span>
    </p>
   </div>
   <div class='ocr_carea' id='block_1_28' title="bbox 2179 1579 3751 1651">
    <p class='ocr_par' dir='ltr' id='par_1_28' title="bbox 2179 1579 3751 1651">
     <span class='ocr_line' id='line_1_28' title="bbox 2179 1579 3751 1651; baseline 0.002 -18"><span class='ocrx_word' id='word_1_197' title='bbox 2179 1592 2279 1633; x_wconf 88' lang='lat' dir='ltr'><strong>nec</strong></span> <span class='ocrx_word' id='word_1_198' title='bbox 2309 1593 2397 1633; x_wconf 89' lang='lat' dir='ltr'><strong>me</strong></span> <span class='ocrx_word' id='word_1_199' title='bbox 2424 1580 2489 1633; x_wconf 91' lang='lat' dir='ltr'><strong>ad</strong></span> <span class='ocrx_word' id='word_1_200' title='bbox 2512 1579 2848 1636; x_wconf 88' lang='lat' dir='ltr'><strong>iracundiam</strong></span> <span class='ocrx_word' id='word_1_201' title='bbox 2884 1582 3255 1651; x_wconf 86' lang='lat' dir='ltr'><strong>provocaretis</strong></span> <span class='ocrx_word' id='word_1_202' title='bbox 3290 1590 3347 1637; x_wconf 89' lang='lat' dir='ltr'><strong>et</strong></span> <span class='ocrx_word' id='word_1_203' title='bbox 3381 1582 3653 1638; x_wconf 88' lang='lat' dir='ltr'><strong>nolentem</strong></span> <span class='ocrx_word' id='word_1_204' title='bbox 3682 1582 3751 1637; x_wconf 89' lang='lat' dir='ltr'><strong>ad</strong></span> 
     </span>
    </p>
   </div>
   <div class='ocr_carea' id='block_1_29' title="bbox 2176 1672 2962 1742">
    <p class='ocr_par' dir='ltr' id='par_1_29' title="bbox 2176 1672 2962 1742">
     <span class='ocr_line' id='line_1_29' title="bbox 2176 1672 2962 1742; baseline 0.006 -21"><span class='ocrx_word' id='word_1_205' title='bbox 2176 1682 2393 1739; x_wconf 65' lang='lat' dir='ltr'><strong>poenam</strong></span> <span class='ocrx_word' id='word_1_206' title='bbox 2415 1678 2646 1723; x_wconf 87' lang='lat' dir='ltr'><strong>vestram</strong></span> <span class='ocrx_word' id='word_1_207' title='bbox 2677 1672 2962 1742; x_wconf 89' lang='lat' dir='ltr'><strong>cogeretis.</strong></span> 
     </span>
    </p>
   </div>
   <div class='ocr_carea' id='block_1_30' title="bbox 2250 1758 3756 1827">
    <p class='ocr_par' dir='ltr' id='par_1_30' title="bbox 2250 1758 3756 1827">
     <span class='ocr_line' id='line_1_30' title="bbox 2250 1758 3756 1827; baseline 0.005 -13"><span class='ocrx_word' id='word_1_208' title='bbox 2250 1758 2412 1814; x_wconf 88' lang='lat' dir='ltr'><strong>Vens.</strong></span> <span class='ocrx_word' id='word_1_209' title='bbox 2444 1759 2498 1814; x_wconf 89' lang='lat'><strong>9.</strong></span> <span class='ocrx_word' id='word_1_210' title='bbox 2514 1789 2583 1798; x_wconf 90' lang='lat'>—</span> <span class='ocrx_word' id='word_1_211' title='bbox 2598 1758 2666 1813; x_wconf 87' lang='lat' dir='ltr'><strong>Et</strong></span> <span class='ocrx_word' id='word_1_212' title='bbox 2688 1777 2975 1827; x_wconf 72' lang='lat' dir='ltr'><strong>assumant,</strong></span> <span class='ocrx_word' id='word_1_213' title='bbox 2999 1771 3125 1825; x_wconf 90' lang='lat' dir='ltr'><strong>etc.,</strong></span> <span class='ocrx_word' id='word_1_214' title='bbox 3145 1760 3756 1822; x_wconf 74' lang='lat' dir='ltr'><strong>Nabuchodonosorser-</strong></span> 
     </span>
    </p>
   </div>
   <div class='ocr_carea' id='block_1_31' title="bbox 504 1846 3753 1933">
    <p class='ocr_par' dir='ltr' id='par_1_31' title="bbox 504 1846 3753 1933">
     <span class='ocr_line' id='line_1_31' title="bbox 504 1846 3753 1933; baseline 0.002 -17"><span class='ocrx_word' id='word_1_215' title='bbox 504 1863 733 1918; x_wconf 88' lang='lat' dir='ltr'><strong>ticorum</strong></span> <span class='ocrx_word' id='word_1_216' title='bbox 753 1862 923 1933; x_wconf 85' lang='lat' dir='ltr'><strong>paleis</strong></span> <span class='ocrx_word' id='word_1_217' title='bbox 941 1868 1306 1931; x_wconf 81' lang='lat' dir='ltr'><strong>comparatur,</strong></span> <span class='ocrx_word' id='word_1_218' title='bbox 1339 1875 1456 1930; x_wconf 73' lang='lat' dir='ltr'><strong>qua:</strong></span> <span class='ocrx_word' id='word_1_219' title='bbox 1481 1857 1765 1914; x_wconf 89' lang='lat' dir='ltr'><strong>medullam</strong></span> <span class='ocrx_word' id='word_1_220' title='bbox 1813 1873 1922 1914; x_wconf 88' lang='lat' dir='ltr'><strong>non</strong></span> <span class='ocrx_word' id='word_1_221' title='bbox 1983 1859 2080 1913; x_wconf 87' lang='lat' dir='ltr'><strong>ha-</strong></span> <span class='ocrx_word' id='word_1_222' title='bbox 2110 1850 2156 1911; x_wconf 90' lang='grc' dir='ltr'><strong>Β</strong></span> <span class='ocrx_word' id='word_1_223' title='bbox 2185 1863 2302 1915; x_wconf 59' lang='lat' dir='ltr'><strong>&quot;ﬁt?&quot;</strong></span> <span class='ocrx_word' id='word_1_224' title='bbox 2331 1864 2525 1901; x_wconf 68' lang='lat' dir='ltr'><strong>memn-</strong></span> <span class='ocrx_word' id='word_1_225' title='bbox 2557 1846 2674 1903; x_wconf 76' lang='grc' dir='ltr'><strong>Νοιι</strong></span> <span class='ocrx_word' id='word_1_226' title='bbox 2710 1850 2851 1903; x_wconf 63' lang='lat' dir='ltr'><strong>Sim“</strong></span> <span class='ocrx_word' id='word_1_227' title='bbox 2888 1852 3162 1920; x_wconf 54' lang='lat' dir='ltr'><strong>Propheta?</strong></span> <span class='ocrx_word' id='word_1_228' title='bbox 3186 1859 3241 1907; x_wconf 72' lang='grc' dir='ltr'><strong>θί</strong></span> <span class='ocrx_word' id='word_1_229' title='bbox 3283 1851 3375 1907; x_wconf 58' lang='lat' dir='ltr'><strong>alii</strong></span> <span class='ocrx_word' id='word_1_230' title='bbox 3417 1855 3613 1921; x_wconf 63' lang='lat'><strong>530°“:</strong></span> <span class='ocrx_word' id='word_1_231' title='bbox 3644 1857 3753 1925; x_wconf 72' lang='grc' dir='ltr'><strong>Ὠυί</strong></span> 
     </span>
    </p>
   </div>
   <div class='ocr_carea' id='block_1_32' title="bbox 504 1951 1753 2020">
    <p class='ocr_par' dir='ltr' id='par_1_32' title="bbox 504 1951 1753 2020">
     <span class='ocr_line' id='line_1_32' title="bbox 504 1951 1753 2020; baseline -0.004 -13"><span class='ocrx_word' id='word_1_232' title='bbox 504 1953 653 2017; x_wconf 87' lang='lat' dir='ltr'><strong>bent,</strong></span> <span class='ocrx_word' id='word_1_233' title='bbox 683 1968 783 2008; x_wconf 89' lang='lat' dir='ltr'><strong>nec</strong></span> <span class='ocrx_word' id='word_1_234' title='bbox 812 1951 1157 2007; x_wconf 81' lang='lat' dir='ltr'><strong>refectionem</strong></span> <span class='ocrx_word' id='word_1_235' title='bbox 1183 1951 1439 2020; x_wconf 75' lang='lat' dir='ltr'><strong>praebent.</strong></span> <span class='ocrx_word' id='word_1_236' title='bbox 1744 2009 1753 2012; x_wconf 17' lang='lat' dir='ltr'><em>O</em></span> 
     </span>
    </p>
   </div>
   <div class='ocr_carea' id='block_1_33' title="bbox 574 2037 2078 2114">
    <p class='ocr_par' dir='ltr' id='par_1_33' title="bbox 574 2037 2078 2114">
     <span class='ocr_line' id='line_1_33' title="bbox 574 2037 2078 2114; baseline -0.004 -16"><span class='ocrx_word' id='word_1_237' title='bbox 574 2042 738 2099; x_wconf 87' lang='lat' dir='ltr'><strong>Vens.</strong></span> <span class='ocrx_word' id='word_1_238' title='bbox 769 2043 857 2098; x_wconf 76' lang='lat'><strong>29.</strong></span> <span class='ocrx_word' id='word_1_239' title='bbox 884 2074 955 2086; x_wconf 79' lang='lat'><strong>——-</strong></span> <span class='ocrx_word' id='word_1_240' title='bbox 980 2041 1234 2114; x_wconf 85' lang='lat' dir='ltr'><strong>Nunquid</strong></span> <span class='ocrx_word' id='word_1_241' title='bbox 1280 2058 1383 2097; x_wconf 85' lang='lat' dir='ltr'><strong>non</strong></span> <span class='ocrx_word' id='word_1_242' title='bbox 1436 2041 1587 2095; x_wconf 89' lang='lat' dir='ltr'><strong>verba</strong></span> <span class='ocrx_word' id='word_1_243' title='bbox 1633 2038 1788 2095; x_wconf 80' lang='lat' dir='ltr'><strong>mea?</strong></span> <span class='ocrx_word' id='word_1_244' title='bbox 1823 2037 1974 2106; x_wconf 80' lang='lat' dir='ltr'><strong>Quod</strong></span> <span class='ocrx_word' id='word_1_245' title='bbox 2023 2038 2078 2092; x_wconf 92' lang='lat' dir='ltr'><strong>in</strong></span> 
     </span>
    </p>
   </div>
   <div class='ocr_carea' id='block_1_34' title="bbox 503 2127 2079 2207">
    <p class='ocr_par' dir='ltr' id='par_1_34' title="bbox 503 2127 2079 2207">
     <span class='ocr_line' id='line_1_34' title="bbox 503 2127 2079 2207; baseline -0.006 -17"><span class='ocrx_word' id='word_1_246' title='bbox 503 2135 672 2207; x_wconf 91' lang='lat' dir='ltr'><strong>priori</strong></span> <span class='ocrx_word' id='word_1_247' title='bbox 698 2134 895 2205; x_wconf 92' lang='lat' dir='ltr'><strong>populo</strong></span> <span class='ocrx_word' id='word_1_248' title='bbox 924 2135 1200 2205; x_wconf 69' lang='lat' dir='ltr'><strong>prepheta:</strong></span> <span class='ocrx_word' id='word_1_249' title='bbox 1221 2132 1635 2197; x_wconf 86' lang='lat' dir='ltr'><strong>mentiebantur,</strong></span> <span class='ocrx_word' id='word_1_250' title='bbox 1672 2138 1801 2195; x_wconf 91' lang='lat' dir='ltr'><strong>etc.,</strong></span> <span class='ocrx_word' id='word_1_251' title='bbox 1820 2145 1983 2200; x_wconf 85' lang='lat' dir='ltr'><strong>usque</strong></span> <span class='ocrx_word' id='word_1_252' title='bbox 2010 2127 2079 2181; x_wconf 88' lang='lat' dir='ltr'><strong>ad</strong></span> 
     </span>
    </p>
   </div>
   <div class='ocr_carea' id='block_1_35' title="bbox 502 2217 2080 2295">
    <p class='ocr_par' dir='ltr' id='par_1_35' title="bbox 502 2217 2080 2295">
     <span class='ocr_line' id='line_1_35' title="bbox 502 2217 2080 2295; baseline -0.006 -15"><span class='ocrx_word' id='word_1_253' title='bbox 502 2226 742 2280; x_wconf 81' lang='lat' dir='ltr'><strong>minatur</strong></span> <span class='ocrx_word' id='word_1_254' title='bbox 771 2239 901 2295; x_wconf 88' lang='lat' dir='ltr'><strong>ergo</strong></span> <span class='ocrx_word' id='word_1_255' title='bbox 927 2224 1187 2279; x_wconf 90' lang='lat' dir='ltr'><strong>Dominus</strong></span> <span class='ocrx_word' id='word_1_256' title='bbox 1207 2230 1393 2278; x_wconf 90' lang='lat' dir='ltr'><strong>contra</strong></span> <span class='ocrx_word' id='word_1_257' title='bbox 1441 2217 1747 2290; x_wconf 74' lang='lat' dir='ltr'><strong>huiusmodi</strong></span> <span class='ocrx_word' id='word_1_258' title='bbox 1792 2217 2080 2288; x_wconf 85' lang='lat' dir='ltr'><strong>magistros</strong></span> 
     </span>
    </p>
   </div>
   <div class='ocr_carea' id='block_1_36' title="bbox 506 2324 1035 2373">
    <p class='ocr_par' dir='ltr' id='par_1_36' title="bbox 506 2324 1035 2373">
     <span class='ocr_line' id='line_1_36' title="bbox 506 2324 1035 2373; baseline -0.008 -1"><span class='ocrx_word' id='word_1_259' title='bbox 506 2332 564 2373; x_wconf 74' lang='lat' dir='ltr'><strong>SC</strong></span> <span class='ocrx_word' id='word_1_260' title='bbox 585 2331 706 2371; x_wconf 91' lang='lat' dir='ltr'><strong>esse</strong></span> <span class='ocrx_word' id='word_1_261' title='bbox 730 2324 1035 2371; x_wconf 88' lang='lat' dir='ltr'><strong>venturum.</strong></span> 
     </span>
    </p>
   </div>
   <div class='ocr_carea' id='block_1_37' title="bbox 580 2401 2075 2475">
    <p class='ocr_par' dir='ltr' id='par_1_37' title="bbox 580 2401 2075 2475">
     <span class='ocr_line' id='line_1_37' title="bbox 580 2401 2075 2475; baseline -0.005 -15"><span class='ocrx_word' id='word_1_262' title='bbox 580 2406 744 2472; x_wconf 83' lang='lat' dir='ltr'><strong>Quasi</strong></span> <span class='ocrx_word' id='word_1_263' title='bbox 767 2406 919 2475; x_wconf 86' lang='lat' dir='ltr'><strong>ignis.</strong></span> <span class='ocrx_word' id='word_1_264' title='bbox 961 2406 1037 2460; x_wconf 90' lang='lat' dir='ltr'><strong>De</strong></span> <span class='ocrx_word' id='word_1_265' title='bbox 1060 2403 1438 2459; x_wconf 88' lang='lat' dir='ltr'><strong>ecclesiasticis</strong></span> <span class='ocrx_word' id='word_1_266' title='bbox 1475 2403 1609 2458; x_wconf 89' lang='lat' dir='ltr'><strong>viris</strong></span> <span class='ocrx_word' id='word_1_267' title='bbox 1663 2401 1920 2471; x_wconf 89' lang='lat' dir='ltr'><strong>scriptum</strong></span> <span class='ocrx_word' id='word_1_268' title='bbox 1972 2405 2075 2463; x_wconf 90' lang='lat' dir='ltr'><strong>est,</strong></span> 
     </span>
    </p>
   </div>
   <div class='ocr_carea' id='block_1_38' title="bbox 503 2490 2079 2570">
    <p class='ocr_par' dir='ltr' id='par_1_38' title="bbox 503 2490 2079 2570">
     <span class='ocr_line' id='line_1_38' title="bbox 503 2490 2079 2570; baseline -0.008 -15"><span class='ocrx_word' id='word_1_269' title='bbox 503 2498 647 2570; x_wconf 86' lang='lat' dir='ltr'><strong>quod</strong></span> <span class='ocrx_word' id='word_1_270' title='bbox 678 2497 903 2553; x_wconf 90' lang='lat' dir='ltr'><strong>malleus</strong></span> <span class='ocrx_word' id='word_1_271' title='bbox 925 2504 979 2552; x_wconf 88' lang='lat' dir='ltr'><strong>et</strong></span> <span class='ocrx_word' id='word_1_272' title='bbox 1010 2496 1217 2552; x_wconf 88' lang='lat' dir='ltr'><strong>securis</strong></span> <span class='ocrx_word' id='word_1_273' title='bbox 1260 2511 1366 2549; x_wconf 90' lang='lat' dir='ltr'><strong>non</strong></span> <span class='ocrx_word' id='word_1_274' title='bbox 1419 2504 1545 2549; x_wconf 90' lang='lat' dir='ltr'><strong>sunt</strong></span> <span class='ocrx_word' id='word_1_275' title='bbox 1599 2492 1781 2548; x_wconf 89' lang='lat' dir='ltr'><strong>audita</strong></span> <span class='ocrx_word' id='word_1_276' title='bbox 1824 2492 1879 2546; x_wconf 92' lang='lat' dir='ltr'><strong>in</strong></span> <span class='ocrx_word' id='word_1_277' title='bbox 1920 2490 2079 2544; x_wconf 88' lang='lat' dir='ltr'><strong>domo</strong></span> 
     </span>
    </p>
   </div>
   <div class='ocr_carea' id='block_1_39' title="bbox 502 2587 735 2643">
    <p class='ocr_par' dir='ltr' id='par_1_39' title="bbox 502 2587 735 2643">
     <span class='ocr_line' id='line_1_39' title="bbox 502 2587 735 2643; baseline -0.004 0"><span class='ocrx_word' id='word_1_278' title='bbox 502 2587 735 2643; x_wconf 85' lang='lat' dir='ltr'><strong>Domini.</strong></span> 
     </span>
    </p>
   </div>
   <div class='ocr_carea' id='block_1_40' title="bbox 578 2667 2079 2746">
    <p class='ocr_par' dir='ltr' id='par_1_40' title="bbox 578 2667 2079 2746">
     <span class='ocr_line' id='line_1_40' title="bbox 578 2667 2079 2746; baseline -0.009 -12"><span class='ocrx_word' id='word_1_279' title='bbox 578 2678 740 2734; x_wconf 86' lang='lat' dir='ltr'><strong>Vens.</strong></span> <span class='ocrx_word' id='word_1_280' title='bbox 767 2672 857 2733; x_wconf 77' lang='grc'>50.</span> <span class='ocrx_word' id='word_1_281' title='bbox 886 2708 959 2717; x_wconf 90' lang='lat'><strong>——</strong></span> <span class='ocrx_word' id='word_1_282' title='bbox 988 2676 1091 2743; x_wconf 86' lang='lat' dir='ltr'><strong>Qui</strong></span> <span class='ocrx_word' id='word_1_283' title='bbox 1111 2675 1377 2746; x_wconf 81' lang='lat' dir='ltr'><strong>furantur.</strong></span> <span class='ocrx_word' id='word_1_284' title='bbox 1403 2674 1629 2744; x_wconf 88' lang='lat' dir='ltr'><strong>Semper</strong></span> <span class='ocrx_word' id='word_1_285' title='bbox 1666 2668 1810 2727; x_wconf 87' lang='lat' dir='ltr'><strong>enim</strong></span> <span class='ocrx_word' id='word_1_286' title='bbox 1861 2667 2079 2724; x_wconf 85' lang='lat' dir='ltr'><strong>menda-</strong></span> 
     </span>
    </p>
   </div>
   <div class='ocr_carea' id='block_1_41' title="bbox 503 2757 2079 2832">
    <p class='ocr_par' dir='ltr' id='par_1_41' title="bbox 503 2757 2079 2832">
     <span class='ocr_line' id='line_1_41' title="bbox 503 2757 2079 2832; baseline -0.008 -9"><span class='ocrx_word' id='word_1_287' title='bbox 503 2769 646 2823; x_wconf 91' lang='lat' dir='ltr'><strong>cium</strong></span> <span class='ocrx_word' id='word_1_288' title='bbox 676 2766 919 2820; x_wconf 87' lang='lat' dir='ltr'><strong>imitatur</strong></span> <span class='ocrx_word' id='word_1_289' title='bbox 943 2766 1246 2830; x_wconf 86' lang='lat' dir='ltr'><strong>veritatem,</strong></span> <span class='ocrx_word' id='word_1_290' title='bbox 1287 2765 1443 2820; x_wconf 85' lang='lat' dir='ltr'><strong>aliter</strong></span> <span class='ocrx_word' id='word_1_291' title='bbox 1461 2764 1610 2817; x_wconf 87' lang='lat' dir='ltr'><strong>enim</strong></span> <span class='ocrx_word' id='word_1_292' title='bbox 1645 2778 1751 2817; x_wconf 92' lang='lat' dir='ltr'><strong>non</strong></span> <span class='ocrx_word' id='word_1_293' title='bbox 1788 2766 1965 2832; x_wconf 89' lang='lat' dir='ltr'><strong>potest</strong></span> <span class='ocrx_word' id='word_1_294' title='bbox 1989 2757 2079 2812; x_wconf 90' lang='lat' dir='ltr'><strong>de-</strong></span> 
     </span>
    </p>
   </div>
   <div class='ocr_carea' id='block_1_42' title="bbox 502 2848 1993 2927">
    <p class='ocr_par' dir='ltr' id='par_1_42' title="bbox 502 2848 1993 2927">
     <span class='ocr_line' id='line_1_42' title="bbox 502 2848 1993 2927; baseline 0 -15"><span class='ocrx_word' id='word_1_295' title='bbox 502 2858 704 2927; x_wconf 89' lang='lat' dir='ltr'><strong>cipere.</strong></span> <span class='ocrx_word' id='word_1_296' title='bbox 918 2921 925 2927; x_wconf 10' lang='grc' dir='ltr'><strong><em>ἱ</em></strong></span> <span class='ocrx_word' id='word_1_297' title='bbox 1990 2848 1993 2853; x_wconf 55' lang='grc'><strong>”</strong></span> 
     </span>
    </p>
   </div>
   <div class='ocr_carea' id='block_1_43' title="bbox 577 2944 2079 3016">
    <p class='ocr_par' dir='ltr' id='par_1_43' title="bbox 577 2944 2079 3016">
     <span class='ocr_line' id='line_1_43' title="bbox 577 2944 2079 3016; baseline -0.005 -14"><span class='ocrx_word' id='word_1_298' title='bbox 577 2947 742 3003; x_wconf 87' lang='lat' dir='ltr'><strong>Vens.</strong></span> <span class='ocrx_word' id='word_1_299' title='bbox 792 2947 972 3004; x_wconf 78' lang='lat'><strong>59.—-</strong></span> <span class='ocrx_word' id='word_1_300' title='bbox 1016 2945 1085 3001; x_wconf 86' lang='lat' dir='ltr'><strong>Et</strong></span> <span class='ocrx_word' id='word_1_301' title='bbox 1140 2946 1517 3016; x_wconf 82' lang='lat' dir='ltr'><strong>derelinquam.</strong></span> <span class='ocrx_word' id='word_1_302' title='bbox 1564 2944 1678 3000; x_wconf 87' lang='lat' dir='ltr'><strong>lloc</strong></span> <span class='ocrx_word' id='word_1_303' title='bbox 1732 2944 1785 2998; x_wconf 89' lang='lat' dir='ltr'><strong>in</strong></span> <span class='ocrx_word' id='word_1_304' title='bbox 1841 2951 2079 3014; x_wconf 89' lang='lat' dir='ltr'><strong>tempore</strong></span> 
     </span>
    </p>
   </div>
   <div class='ocr_carea' id='block_1_44' title="bbox 504 3034 2078 3110">
    <p class='ocr_par' dir='ltr' id='par_1_44' title="bbox 504 3034 2078 3110">
     <span class='ocr_line' id='line_1_44' title="bbox 504 3034 2078 3110; baseline -0.006 -15"><span class='ocrx_word' id='word_1_305' title='bbox 504 3039 846 3110; x_wconf 59' lang='lat' dir='ltr'><strong>Babylonica;</strong></span> <span class='ocrx_word' id='word_1_306' title='bbox 876 3037 1206 3105; x_wconf 83' lang='lat' dir='ltr'><strong>captivitatis</strong></span> <span class='ocrx_word' id='word_1_307' title='bbox 1248 3034 1450 3091; x_wconf 83' lang='lat' dir='ltr'><strong>factum</strong></span> <span class='ocrx_word' id='word_1_308' title='bbox 1480 3051 1599 3091; x_wconf 89' lang='lat' dir='ltr'><strong>esse</strong></span> <span class='ocrx_word' id='word_1_309' title='bbox 1625 3035 1893 3098; x_wconf 89' lang='lat' dir='ltr'><strong>novimus,</strong></span> <span class='ocrx_word' id='word_1_310' title='bbox 1943 3042 2078 3099; x_wconf 88' lang='lat' dir='ltr'><strong>etc.,</strong></span> 
     </span>
    </p>
   </div>
   <div class='ocr_carea' id='block_1_45' title="bbox 503 3123 2072 3199">
    <p class='ocr_par' dir='ltr' id='par_1_45' title="bbox 503 3123 2072 3199">
     <span class='ocr_line' id='line_1_45' title="bbox 503 3123 2072 3199; baseline -0.002 -18"><span class='ocrx_word' id='word_1_311' title='bbox 503 3145 665 3199; x_wconf 84' lang='lat' dir='ltr'><strong>usque</strong></span> <span class='ocrx_word' id='word_1_312' title='bbox 699 3128 768 3181; x_wconf 87' lang='lat' dir='ltr'><strong>ad</strong></span> <span class='ocrx_word' id='word_1_313' title='bbox 797 3127 940 3198; x_wconf 90' lang='lat' dir='ltr'><strong>quod</strong></span> <span class='ocrx_word' id='word_1_314' title='bbox 966 3128 1181 3198; x_wconf 88' lang='lat' dir='ltr'><strong>proprie</strong></span> <span class='ocrx_word' id='word_1_315' title='bbox 1226 3128 1543 3196; x_wconf 88' lang='lat' dir='ltr'><strong>mysterium</strong></span> <span class='ocrx_word' id='word_1_316' title='bbox 1584 3124 1863 3181; x_wconf 83' lang='lat' dir='ltr'><strong>Trinitatis</strong></span> <span class='ocrx_word' id='word_1_317' title='bbox 1906 3123 2072 3194; x_wconf 86' lang='lat' dir='ltr'><strong>signi-</strong></span> 
     </span>
    </p>
   </div>
   <div class='ocr_carea' id='block_1_46' title="bbox 507 3219 655 3273">
    <p class='ocr_par' dir='ltr' id='par_1_46' title="bbox 507 3219 655 3273">
     <span class='ocr_line' id='line_1_46' title="bbox 507 3219 655 3273; baseline 0 0"><span class='ocrx_word' id='word_1_318' title='bbox 507 3219 655 3273; x_wconf 84' lang='lat' dir='ltr'><strong>licat.</strong></span> 
     </span>
    </p>
   </div>
   <div class='ocr_carea' id='block_1_47' title="bbox 1057 3306 1526 3365">
    <p class='ocr_par' dir='ltr' id='par_1_47' title="bbox 1057 3306 1526 3365">
     <span class='ocr_line' id='line_1_47' title="bbox 1057 3306 1526 3365; baseline -0.006 0"><span class='ocrx_word' id='word_1_319' title='bbox 1057 3307 1281 3365; x_wconf 83' lang='lat' dir='ltr'><strong>CAPUT</strong></span> <span class='ocrx_word' id='word_1_320' title='bbox 1337 3306 1526 3363; x_wconf 78' lang='lat' dir='ltr'><strong>XXIV.</strong></span> 
     </span>
    </p>
   </div>
   <div class='ocr_carea' id='block_1_48' title="bbox 576 3407 2079 3488">
    <p class='ocr_par' dir='ltr' id='par_1_48' title="bbox 576 3407 2079 3488">
     <span class='ocr_line' id='line_1_48' title="bbox 576 3407 2079 3488; baseline -0.004 -17"><span class='ocrx_word' id='word_1_321' title='bbox 576 3418 736 3476; x_wconf 80' lang='lat' dir='ltr'><strong>Vens.</strong></span> <span class='ocrx_word' id='word_1_322' title='bbox 773 3421 821 3474; x_wconf 93' lang='grc'><strong>1.</strong></span> <span class='ocrx_word' id='word_1_323' title='bbox 845 3451 917 3461; x_wconf 92' lang='grc'><strong><em>-</em></strong></span> <span class='ocrx_word' id='word_1_324' title='bbox 939 3419 1195 3475; x_wconf 75' lang='lat' dir='ltr'><strong>Ostendit.</strong></span> <span class='ocrx_word' id='word_1_325' title='bbox 1236 3407 1453 3488; x_wconf 28' lang='lat' dir='ltr'><strong>(Hum)-</strong></span> <span class='ocrx_word' id='word_1_326' title='bbox 1481 3416 1783 3471; x_wconf 83' lang='lat' dir='ltr'><strong>Notandum</strong></span> <span class='ocrx_word' id='word_1_327' title='bbox 1835 3416 1975 3469; x_wconf 89' lang='lat' dir='ltr'><strong>hanc</strong></span> <span class='ocrx_word' id='word_1_328' title='bbox 2004 3413 2079 3466; x_wconf 87' lang='lat' dir='ltr'><strong>vi-</strong></span> 
     </span>
    </p>
   </div>
   <div class='ocr_carea' id='block_1_49' title="bbox 503 3503 2081 3580">
    <p class='ocr_par' dir='ltr' id='par_1_49' title="bbox 503 3503 2081 3580">
     <span class='ocr_line' id='line_1_49' title="bbox 503 3503 2081 3580; baseline -0.007 -12"><span class='ocrx_word' id='word_1_329' title='bbox 503 3513 711 3568; x_wconf 85' lang='lat' dir='ltr'><strong>sionem</strong></span> <span class='ocrx_word' id='word_1_330' title='bbox 739 3513 938 3567; x_wconf 84' lang='lat' dir='ltr'><strong>l&#39;actam</strong></span> <span class='ocrx_word' id='word_1_331' title='bbox 972 3526 1091 3565; x_wconf 89' lang='lat' dir='ltr'><strong>esse</strong></span> <span class='ocrx_word' id='word_1_332' title='bbox 1124 3520 1363 3580; x_wconf 85' lang='lat' dir='ltr'><strong>tempore</strong></span> <span class='ocrx_word' id='word_1_333' title='bbox 1392 3508 1628 3563; x_wconf 64' lang='lat' dir='ltr'><strong>Sedcciaa</strong></span> <span class='ocrx_word' id='word_1_334' title='bbox 1662 3516 1944 3577; x_wconf 77' lang='lat' dir='ltr'><strong>postquam</strong></span> <span class='ocrx_word' id='word_1_335' title='bbox 1993 3503 2081 3559; x_wconf 85' lang='lat' dir='ltr'><strong>Je-</strong></span> 
     </span>
    </p>
   </div>
   <div class='ocr_carea' id='block_1_50' title="bbox 507 3599 2083 3670">
    <p class='ocr_par' dir='ltr' id='par_1_50' title="bbox 507 3599 2083 3670">
     <span class='ocr_line' id='line_1_50' title="bbox 507 3599 2083 3670; baseline -0.004 -15"><span class='ocrx_word' id='word_1_336' title='bbox 507 3601 732 3656; x_wconf 88' lang='lat' dir='ltr'><strong>chonias</strong></span> <span class='ocrx_word' id='word_1_337' title='bbox 765 3601 957 3655; x_wconf 88' lang='lat' dir='ltr'><strong>ductus</strong></span> <span class='ocrx_word' id='word_1_338' title='bbox 982 3608 1065 3655; x_wconf 91' lang='lat' dir='ltr'><strong>est</strong></span> <span class='ocrx_word' id='word_1_339' title='bbox 1089 3599 1143 3654; x_wconf 94' lang='lat' dir='ltr'><strong>in</strong></span> <span class='ocrx_word' id='word_1_340' title='bbox 1171 3599 1722 3670; x_wconf 86' lang='lat' dir='ltr'><strong>transmigrationem.</strong></span> <span class='ocrx_word' id='word_1_341' title='bbox 1754 3612 1863 3653; x_wconf 88' lang='lat' dir='ltr'><strong>non</strong></span> <span class='ocrx_word' id='word_1_342' title='bbox 1904 3599 1957 3652; x_wconf 88' lang='lat' dir='ltr'><strong>in</strong></span> <span class='ocrx_word' id='word_1_343' title='bbox 1988 3612 2083 3651; x_wconf 83' lang='lat' dir='ltr'><strong>ca-</strong></span> 
     </span>
    </p>
   </div>
   <div class='ocr_carea' id='block_1_51' title="bbox 504 3687 1515 3761">
    <p class='ocr_par' dir='ltr' id='par_1_51' title="bbox 504 3687 1515 3761">
     <span class='ocr_line' id='line_1_51' title="bbox 504 3687 1515 3761; baseline -0.002 -18"><span class='ocrx_word' id='word_1_344' title='bbox 504 3690 828 3761; x_wconf 85' lang='lat' dir='ltr'><strong>ptivitatem,</strong></span> <span class='ocrx_word' id='word_1_345' title='bbox 865 3689 990 3759; x_wconf 90' lang='lat' dir='ltr'><strong>quia</strong></span> <span class='ocrx_word' id='word_1_346' title='bbox 1023 3688 1163 3744; x_wconf 88' lang='lat' dir='ltr'><strong>ultro</strong></span> <span class='ocrx_word' id='word_1_347' title='bbox 1191 3704 1249 3744; x_wconf 90' lang='lat' dir='ltr'><strong>se</strong></span> <span class='ocrx_word' id='word_1_348' title='bbox 1278 3687 1515 3743; x_wconf 86' lang='lat' dir='ltr'><strong>tradidit.</strong></span> 
     </span>
    </p>
   </div>
   <div class='ocr_carea' id='block_1_52' title="bbox 574 3776 2078 3847">
    <p class='ocr_par' dir='ltr' id='par_1_52' title="bbox 574 3776 2078 3847">
     <span class='ocr_line' id='line_1_52' title="bbox 574 3776 2078 3847; baseline -0.003 -12"><span class='ocrx_word' id='word_1_349' title='bbox 574 3781 695 3842; x_wconf 84' lang='lat' dir='ltr'><strong>Duo</strong></span> <span class='ocrx_word' id='word_1_350' title='bbox 734 3780 951 3835; x_wconf 84' lang='lat' dir='ltr'><strong>calathi.</strong></span> <span class='ocrx_word' id='word_1_351' title='bbox 978 3779 1123 3836; x_wconf 91' lang='lat' dir='ltr'><strong>Duos</strong></span> <span class='ocrx_word' id='word_1_352' title='bbox 1146 3778 1388 3835; x_wconf 85' lang='lat' dir='ltr'><strong>calathos</strong></span> <span class='ocrx_word' id='word_1_353' title='bbox 1411 3778 1493 3833; x_wconf 90' lang='lat' dir='ltr'><strong>vel</strong></span> <span class='ocrx_word' id='word_1_354' title='bbox 1523 3777 1787 3847; x_wconf 87' lang='lat' dir='ltr'><strong>cophinos</strong></span> <span class='ocrx_word' id='word_1_355' title='bbox 1813 3776 2078 3832; x_wconf 89' lang='lat' dir='ltr'><strong>malarum</strong></span> 
     </span>
    </p>
   </div>
   <div class='ocr_carea' id='block_1_53' title="bbox 508 3870 2081 3943">
    <p class='ocr_par' dir='ltr' id='par_1_53' title="bbox 508 3870 2081 3943">
     <span class='ocr_line' id='line_1_53' title="bbox 508 3870 2081 3943; baseline 0 -17"><span class='ocrx_word' id='word_1_356' title='bbox 508 3880 564 3926; x_wconf 88' lang='lat' dir='ltr'><strong>et</strong></span> <span class='ocrx_word' id='word_1_357' title='bbox 585 3872 847 3927; x_wconf 90' lang='lat' dir='ltr'><strong>bonarum</strong></span> <span class='ocrx_word' id='word_1_358' title='bbox 878 3872 1125 3936; x_wconf 82' lang='lat' dir='ltr'><strong>ﬁcorum,</strong></span> <span class='ocrx_word' id='word_1_359' title='bbox 1148 3881 1277 3938; x_wconf 91' lang='lat' dir='ltr'><strong>etc.,</strong></span> <span class='ocrx_word' id='word_1_360' title='bbox 1302 3888 1464 3943; x_wconf 87' lang='lat' dir='ltr'><strong>usque</strong></span> <span class='ocrx_word' id='word_1_361' title='bbox 1482 3871 1551 3926; x_wconf 86' lang='lat' dir='ltr'><strong>ad</strong></span> <span class='ocrx_word' id='word_1_362' title='bbox 1580 3871 1650 3927; x_wconf 90' lang='lat' dir='ltr'><strong>ad</strong></span> <span class='ocrx_word' id='word_1_363' title='bbox 1673 3872 1842 3929; x_wconf 87' lang='lat' dir='ltr'><strong>bonas</strong></span> <span class='ocrx_word' id='word_1_364' title='bbox 1871 3870 2005 3927; x_wconf 81' lang='lat' dir='ltr'><strong>licus</strong></span> <span class='ocrx_word' id='word_1_365' title='bbox 2024 3880 2081 3926; x_wconf 85' lang='lat' dir='ltr'><strong>et</strong></span> 
     </span>
    </p>
   </div>
   <div class='ocr_carea' id='block_1_54' title="bbox 506 3963 1419 4033">
    <p class='ocr_par' dir='ltr' id='par_1_54' title="bbox 506 3963 1419 4033">
     <span class='ocr_line' id='line_1_54' title="bbox 506 3963 1419 4033; baseline -0.001 -13"><span class='ocrx_word' id='word_1_366' title='bbox 506 3963 781 4020; x_wconf 83' lang='lat' dir='ltr'><strong>calathum</strong></span> <span class='ocrx_word' id='word_1_367' title='bbox 810 3964 1073 4033; x_wconf 88' lang='lat' dir='ltr'><strong>optimum</strong></span> <span class='ocrx_word' id='word_1_368' title='bbox 1095 3964 1419 4020; x_wconf 77' lang='lat' dir='ltr'><strong>referantur.</strong></span> 
     </span>
    </p>
   </div>
   <div class='ocr_carea' id='block_1_55' title="bbox 577 4056 2080 4135">
    <p class='ocr_par' dir='ltr' id='par_1_55' title="bbox 577 4056 2080 4135">
     <span class='ocr_line' id='line_1_55' title="bbox 577 4056 2080 4135; baseline 0.005 -24"><span class='ocrx_word' id='word_1_369' title='bbox 577 4056 746 4112; x_wconf 87' lang='lat' dir='ltr'><strong>Positi</strong></span> <span class='ocrx_word' id='word_1_370' title='bbox 783 4068 904 4113; x_wconf 87' lang='lat' dir='ltr'><strong>ante</strong></span> <span class='ocrx_word' id='word_1_371' title='bbox 932 4059 1199 4131; x_wconf 82' lang='lat' dir='ltr'><strong>templum.</strong></span> <span class='ocrx_word' id='word_1_372' title='bbox 1244 4060 1362 4117; x_wconf 83' lang='lat' dir='ltr'><strong>Non</strong></span> <span class='ocrx_word' id='word_1_373' title='bbox 1401 4060 1534 4118; x_wconf 82' lang='lat' dir='ltr'><strong>foris</strong></span> <span class='ocrx_word' id='word_1_374' title='bbox 1564 4071 1697 4129; x_wconf 92' lang='lat' dir='ltr'><strong>etc.,</strong></span> <span class='ocrx_word' id='word_1_375' title='bbox 1727 4079 1888 4135; x_wconf 85' lang='lat' dir='ltr'><strong>usque</strong></span> <span class='ocrx_word' id='word_1_376' title='bbox 1925 4062 1995 4117; x_wconf 90' lang='lat' dir='ltr'><strong>ad</strong></span> <span class='ocrx_word' id='word_1_377' title='bbox 2023 4072 2080 4118; x_wconf 89' lang='lat' dir='ltr'><strong>et</strong></span> 
     </span>
    </p>
   </div>
   <div class='ocr_carea' id='block_1_56' title="bbox 504 4148 1244 4208">
    <p class='ocr_par' dir='ltr' id='par_1_56' title="bbox 504 4148 1244 4208">
     <span class='ocr_line' id='line_1_56' title="bbox 504 4148 1244 4208; baseline 0.003 -4"><span class='ocrx_word' id='word_1_378' title='bbox 504 4148 640 4204; x_wconf 84' lang='lat' dir='ltr'><strong>ﬁcus</strong></span> <span class='ocrx_word' id='word_1_379' title='bbox 668 4149 837 4205; x_wconf 89' lang='lat' dir='ltr'><strong>malas</strong></span> <span class='ocrx_word' id='word_1_380' title='bbox 864 4150 1034 4206; x_wconf 90' lang='lat' dir='ltr'><strong>malas</strong></span> <span class='ocrx_word' id='word_1_381' title='bbox 1070 4150 1244 4208; x_wconf 88' lang='lat' dir='ltr'><strong>valde.</strong></span> 
     </span>
    </p>
   </div>
   <div class='ocr_carea' id='block_1_57' title="bbox 574 4238 2080 4316">
    <p class='ocr_par' dir='ltr' id='par_1_57' title="bbox 574 4238 2080 4316">
     <span class='ocr_line' id='line_1_57' title="bbox 574 4238 2080 4316; baseline 0.005 -22"><span class='ocrx_word' id='word_1_382' title='bbox 574 4238 739 4294; x_wconf 88' lang='lat' dir='ltr'><strong>Vens.</strong></span> <span class='ocrx_word' id='word_1_383' title='bbox 763 4239 818 4294; x_wconf 75' lang='grc'>2.</span> <span class='ocrx_word' id='word_1_384' title='bbox 839 4271 911 4280; x_wconf 90' lang='grc'><strong><em>-</em></strong></span> <span class='ocrx_word' id='word_1_385' title='bbox 954 4240 1023 4295; x_wconf 87' lang='lat' dir='ltr'><strong>Et</strong></span> <span class='ocrx_word' id='word_1_386' title='bbox 1051 4241 1290 4297; x_wconf 79' lang='lat' dir='ltr'><strong>calathus</strong></span> <span class='ocrx_word' id='word_1_387' title='bbox 1315 4260 1474 4310; x_wconf 85' lang='lat' dir='ltr'><strong>unus,</strong></span> <span class='ocrx_word' id='word_1_388' title='bbox 1500 4243 1621 4316; x_wconf 83' lang='lat' dir='ltr'><strong>(ln.)</strong></span> <span class='ocrx_word' id='word_1_389' title='bbox 1659 4243 1769 4301; x_wconf 84' lang='lat' dir='ltr'><strong>Nos</strong></span> <span class='ocrx_word' id='word_1_390' title='bbox 1809 4245 2080 4316; x_wconf 89' lang='lat' dir='ltr'><strong>simplices</strong></span> 
     </span>
    </p>
   </div>
   <div class='ocr_carea' id='block_1_58' title="bbox 505 4331 2078 4407">
    <p class='ocr_par' dir='ltr' id='par_1_58' title="bbox 505 4331 2078 4407">
     <span class='ocr_line' id='line_1_58' title="bbox 505 4331 2078 4407; baseline 0.006 -25"><span class='ocrx_word' id='word_1_391' title='bbox 505 4339 811 4400; x_wconf 61' lang='lat' dir='ltr'><strong>quaerentes</strong></span> <span class='ocrx_word' id='word_1_392' title='bbox 848 4331 1123 4396; x_wconf 86' lang='lat' dir='ltr'><strong>historias,</strong></span> <span class='ocrx_word' id='word_1_393' title='bbox 1148 4341 1278 4397; x_wconf 90' lang='lat' dir='ltr'><strong>etc.,</strong></span> <span class='ocrx_word' id='word_1_394' title='bbox 1311 4350 1471 4404; x_wconf 86' lang='lat' dir='ltr'><strong>usque</strong></span> <span class='ocrx_word' id='word_1_395' title='bbox 1493 4335 1562 4389; x_wconf 87' lang='lat' dir='ltr'><strong>ad</strong></span> <span class='ocrx_word' id='word_1_396' title='bbox 1591 4344 1646 4390; x_wconf 95' lang='lat' dir='ltr'><strong>et</strong></span> <span class='ocrx_word' id='word_1_397' title='bbox 1668 4336 1725 4391; x_wconf 92' lang='lat' dir='ltr'><strong>in</strong></span> <span class='ocrx_word' id='word_1_398' title='bbox 1750 4335 2078 4407; x_wconf 82' lang='lat' dir='ltr'><strong>Babylonem</strong></span> 
     </span>
    </p>
   </div>
   <div class='ocr_carea' id='block_1_59' title="bbox 506 4420 1158 4477">
    <p class='ocr_par' dir='ltr' id='par_1_59' title="bbox 506 4420 1158 4477">
     <span class='ocr_line' id='line_1_59' title="bbox 506 4420 1158 4477; baseline 0.002 -1"><span class='ocrx_word' id='word_1_399' title='bbox 506 4422 700 4476; x_wconf 90' lang='lat' dir='ltr'><strong>ductus</strong></span> <span class='ocrx_word' id='word_1_400' title='bbox 724 4430 778 4475; x_wconf 91' lang='lat' dir='ltr'><strong>et</strong></span> <span class='ocrx_word' id='word_1_401' title='bbox 800 4420 873 4477; x_wconf 90' lang='lat' dir='ltr'><strong>ibi</strong></span> <span class='ocrx_word' id='word_1_402' title='bbox 896 4432 1158 4477; x_wconf 87' lang='lat' dir='ltr'><strong>mortuus.</strong></span> 
     </span>
    </p>
   </div>
   <div class='ocr_carea' id='block_1_60' title="bbox 578 4510 2153 4595">
    <p class='ocr_par' dir='ltr' id='par_1_60' title="bbox 578 4510 2153 4595">
     <span class='ocr_line' id='line_1_60' title="bbox 578 4510 2153 4595; baseline 0.006 -31"><span class='ocrx_word' id='word_1_403' title='bbox 578 4510 744 4565; x_wconf 87' lang='lat' dir='ltr'><strong>Vens.</strong></span> <span class='ocrx_word' id='word_1_404' title='bbox 782 4511 838 4565; x_wconf 67' lang='grc'>4.</span> <span class='ocrx_word' id='word_1_405' title='bbox 866 4542 938 4552; x_wconf 94' lang='grc'><strong>-</strong></span> <span class='ocrx_word' id='word_1_406' title='bbox 967 4512 1033 4566; x_wconf 87' lang='lat' dir='ltr'><strong>Et</strong></span> <span class='ocrx_word' id='word_1_407' title='bbox 1071 4514 1269 4583; x_wconf 78' lang='lat' dir='ltr'><strong>factum</strong></span> <span class='ocrx_word' id='word_1_408' title='bbox 1299 4523 1395 4569; x_wconf 86' lang='lat' dir='ltr'><strong>est.</strong></span> <span class='ocrx_word' id='word_1_409' title='bbox 1421 4513 1544 4587; x_wconf 79' lang='grc' dir='ltr'>(1ο.)</span> <span class='ocrx_word' id='word_1_410' title='bbox 1572 4515 1774 4571; x_wconf 88' lang='lat' dir='ltr'><strong>Delirat</strong></span> <span class='ocrx_word' id='word_1_411' title='bbox 1814 4515 1915 4572; x_wconf 91' lang='lat' dir='ltr'><strong>hoc</strong></span> <span class='ocrx_word' id='word_1_412' title='bbox 1957 4516 2076 4573; x_wconf 89' lang='lat' dir='ltr'><strong>loco</strong></span> <span class='ocrx_word' id='word_1_413' title='bbox 2100 4535 2153 4595; x_wconf 76' lang='grc' dir='ltr'><strong>ι)</strong></span> 
     </span>
    </p>
   </div>
   <div class='ocr_carea' id='block_1_61' title="bbox 507 4602 2077 4679">
    <p class='ocr_par' dir='ltr' id='par_1_61' title="bbox 507 4602 2077 4679">
     <span class='ocr_line' id='line_1_61' title="bbox 507 4602 2077 4679; baseline 0.006 -23"><span class='ocrx_word' id='word_1_414' title='bbox 507 4602 829 4673; x_wconf 75' lang='lat' dir='ltr'><strong>allegoricus</strong></span> <span class='ocrx_word' id='word_1_415' title='bbox 858 4604 1142 4675; x_wconf 87' lang='lat' dir='ltr'><strong>interpres,</strong></span> <span class='ocrx_word' id='word_1_416' title='bbox 1175 4614 1304 4672; x_wconf 90' lang='lat' dir='ltr'><strong>etc.,</strong></span> <span class='ocrx_word' id='word_1_417' title='bbox 1333 4624 1493 4679; x_wconf 82' lang='lat' dir='ltr'><strong>usque</strong></span> <span class='ocrx_word' id='word_1_418' title='bbox 1513 4609 1582 4663; x_wconf 90' lang='lat' dir='ltr'><strong>ad</strong></span> <span class='ocrx_word' id='word_1_419' title='bbox 1628 4609 1682 4664; x_wconf 93' lang='lat' dir='ltr'><strong>in</strong></span> <span class='ocrx_word' id='word_1_420' title='bbox 1718 4619 1865 4666; x_wconf 86' lang='lat' dir='ltr'><strong>terra</strong></span> <span class='ocrx_word' id='word_1_421' title='bbox 1893 4610 1995 4666; x_wconf 90' lang='lat' dir='ltr'><strong>hac</strong></span> <span class='ocrx_word' id='word_1_422' title='bbox 2021 4619 2077 4666; x_wconf 91' lang='lat' dir='ltr'><strong>et</strong></span> 
     </span>
    </p>
   </div>
   <div class='ocr_carea' id='block_1_62' title="bbox 502 4692 1608 4764">
    <p class='ocr_par' dir='ltr' id='par_1_62' title="bbox 502 4692 1608 4764">
     <span class='ocr_line' id='line_1_62' title="bbox 502 4692 1608 4764; baseline 0.005 -16"><span class='ocrx_word' id='word_1_423' title='bbox 502 4693 559 4748; x_wconf 81' lang='lat' dir='ltr'><strong>in</strong></span> <span class='ocrx_word' id='word_1_424' title='bbox 587 4693 725 4747; x_wconf 84' lang='lat' dir='ltr'><strong>valle</strong></span> <span class='ocrx_word' id='word_1_425' title='bbox 760 4692 1121 4764; x_wconf 89' lang='lat' dir='ltr'><strong>laerymarum</strong></span> <span class='ocrx_word' id='word_1_426' title='bbox 1152 4711 1273 4751; x_wconf 90' lang='lat' dir='ltr'><strong>esse</strong></span> <span class='ocrx_word' id='word_1_427' title='bbox 1300 4700 1608 4755; x_wconf 89' lang='lat' dir='ltr'><strong>morituros.</strong></span> 
     </span>
    </p>
   </div>
   <div class='ocr_carea' id='block_1_63' title="bbox 577 4781 2073 4860">
    <p class='ocr_par' dir='ltr' id='par_1_63' title="bbox 577 4781 2073 4860">
     <span class='ocr_line' id='line_1_63' title="bbox 577 4781 2073 4860; baseline 0.003 -21"><span class='ocrx_word' id='word_1_428' title='bbox 577 4784 741 4839; x_wconf 83' lang='lat' dir='ltr'><strong>Vens.</strong></span> <span class='ocrx_word' id='word_1_429' title='bbox 770 4781 823 4838; x_wconf 87' lang='lat'><strong>6.</strong></span> <span class='ocrx_word' id='word_1_430' title='bbox 853 4814 925 4824; x_wconf 97' lang='lat'><strong><em>—</em></strong></span> <span class='ocrx_word' id='word_1_431' title='bbox 957 4784 1024 4838; x_wconf 86' lang='lat' dir='ltr'><strong>Et</strong></span> <span class='ocrx_word' id='word_1_432' title='bbox 1049 4802 1241 4855; x_wconf 84' lang='lat' dir='ltr'><strong>ponam</strong></span> <span class='ocrx_word' id='word_1_433' title='bbox 1267 4786 1445 4843; x_wconf 85' lang='lat' dir='ltr'><strong>oculos</strong></span> <span class='ocrx_word' id='word_1_434' title='bbox 1475 4806 1632 4844; x_wconf 82' lang='lat' dir='ltr'><strong>meos.</strong></span> <span class='ocrx_word' id='word_1_435' title='bbox 1674 4789 1732 4844; x_wconf 82' lang='lat' dir='ltr'><strong>In</strong></span> <span class='ocrx_word' id='word_1_436' title='bbox 1766 4788 2073 4860; x_wconf 86' lang='lat' dir='ltr'><strong>captivitate</strong></span> 
     </span>
    </p>
   </div>
   <div class='ocr_carea' id='block_1_64' title="bbox 507 4874 2069 4951">
    <p class='ocr_par' dir='ltr' id='par_1_64' title="bbox 507 4874 2069 4951">
     <span class='ocr_line' id='line_1_64' title="bbox 507 4874 2069 4951; baseline 0.004 -24"><span class='ocrx_word' id='word_1_437' title='bbox 507 4874 689 4943; x_wconf 89' lang='lat' dir='ltr'><strong>posuit</strong></span> <span class='ocrx_word' id='word_1_438' title='bbox 714 4875 900 4931; x_wconf 90' lang='lat' dir='ltr'><strong>oculos</strong></span> <span class='ocrx_word' id='word_1_439' title='bbox 925 4891 1053 4931; x_wconf 92' lang='lat' dir='ltr'><strong>suos</strong></span> <span class='ocrx_word' id='word_1_440' title='bbox 1081 4891 1243 4947; x_wconf 90' lang='lat' dir='ltr'><strong>super</strong></span> <span class='ocrx_word' id='word_1_441' title='bbox 1273 4877 1412 4944; x_wconf 88' lang='lat' dir='ltr'><strong>illos,</strong></span> <span class='ocrx_word' id='word_1_442' title='bbox 1437 4888 1568 4947; x_wconf 88' lang='lat' dir='ltr'><strong>etc.,</strong></span> <span class='ocrx_word' id='word_1_443' title='bbox 1599 4896 1759 4951; x_wconf 86' lang='lat' dir='ltr'><strong>usque</strong></span> <span class='ocrx_word' id='word_1_444' title='bbox 1782 4880 1852 4935; x_wconf 90' lang='lat' dir='ltr'><strong>ad</strong></span> <span class='ocrx_word' id='word_1_445' title='bbox 1876 4894 2069 4951; x_wconf 87' lang='lat' dir='ltr'><strong>magna</strong></span> 
     </span>
    </p>
   </div>
   <div class='ocr_carea' id='block_1_65' title="bbox 518 4964 1421 5038">
    <p class='ocr_par' dir='ltr' id='par_1_65' title="bbox 518 4964 1421 5038">
     <span class='ocr_line' id='line_1_65' title="bbox 518 4964 1421 5038; baseline 0.003 -19"><span class='ocrx_word' id='word_1_446' title='bbox 518 4976 634 5038; x_wconf 63' lang='lat' dir='ltr'><strong>pars</strong></span> <span class='ocrx_word' id='word_1_447' title='bbox 660 4978 877 5020; x_wconf 88' lang='lat' dir='ltr'><strong>reversa</strong></span> <span class='ocrx_word' id='word_1_448' title='bbox 909 4974 995 5021; x_wconf 89' lang='lat' dir='ltr'><strong>est</strong></span> <span class='ocrx_word' id='word_1_449' title='bbox 1023 4965 1077 5021; x_wconf 92' lang='lat' dir='ltr'><strong>in</strong></span> <span class='ocrx_word' id='word_1_450' title='bbox 1098 4964 1421 5022; x_wconf 83' lang='lat' dir='ltr'><strong>Jerusalem.</strong></span> 
     </span>
    </p>
   </div>
   <div class='ocr_carea' id='block_1_66' title="bbox 1068 5098 1479 5159">
    <p class='ocr_par' dir='ltr' id='par_1_66' title="bbox 1068 5098 1479 5159">
     <span class='ocr_line' id='line_1_66' title="bbox 1068 5098 1479 5159; baseline 0.012 -5"><span class='ocrx_word' id='word_1_451' title='bbox 1068 5098 1294 5157; x_wconf 82' lang='lat' dir='ltr'><strong>CAPUT</strong></span> <span class='ocrx_word' id='word_1_452' title='bbox 1333 5101 1479 5159; x_wconf 72' lang='lat' dir='ltr'><strong>XXV</strong></span> 
     </span>
    </p>
   </div>
   <div class='ocr_carea' id='block_1_67' title="bbox 578 5207 2073 5289">
    <p class='ocr_par' dir='ltr' id='par_1_67' title="bbox 578 5207 2073 5289">
     <span class='ocr_line' id='line_1_67' title="bbox 578 5207 2073 5289; baseline 0.007 -25"><span class='ocrx_word' id='word_1_453' title='bbox 578 5207 742 5265; x_wconf 88' lang='lat' dir='ltr'><strong>Vens.</strong></span> <span class='ocrx_word' id='word_1_454' title='bbox 800 5210 850 5264; x_wconf 93' lang='grc'><strong>1.</strong></span> <span class='ocrx_word' id='word_1_455' title='bbox 881 5241 952 5253; x_wconf 92' lang='grc'><strong><em>--</em></strong></span> <span class='ocrx_word' id='word_1_456' title='bbox 997 5210 1241 5269; x_wconf 81' lang='lat' dir='ltr'><strong>Verbum.</strong></span> <span class='ocrx_word' id='word_1_457' title='bbox 1286 5213 1516 5287; x_wconf 77' lang='lat' dir='ltr'><strong>(llten.)</strong></span> <span class='ocrx_word' id='word_1_458' title='bbox 1567 5216 1693 5273; x_wconf 61' lang='lat' dir='ltr'><strong>Haec</strong></span> <span class='ocrx_word' id='word_1_459' title='bbox 1726 5219 1906 5289; x_wconf 87' lang='lat' dir='ltr'><strong>priora</strong></span> <span class='ocrx_word' id='word_1_460' title='bbox 1948 5228 2073 5275; x_wconf 92' lang='lat' dir='ltr'><strong>sunt</strong></span> 
     </span>
    </p>
   </div>
   <div class='ocr_carea' id='block_1_68' title="bbox 509 5301 2073 5377">
    <p class='ocr_par' dir='ltr' id='par_1_68' title="bbox 509 5301 2073 5377">
     <span class='ocr_line' id='line_1_68' title="bbox 509 5301 2073 5377; baseline 0.006 -23"><span class='ocrx_word' id='word_1_461' title='bbox 509 5301 779 5370; x_wconf 64' lang='lat' dir='ltr'><strong>praeterita</strong></span> <span class='ocrx_word' id='word_1_462' title='bbox 808 5301 1037 5369; x_wconf 87' lang='lat' dir='ltr'><strong>visione,</strong></span> <span class='ocrx_word' id='word_1_463' title='bbox 1075 5312 1204 5370; x_wconf 92' lang='lat' dir='ltr'><strong>etc.,</strong></span> <span class='ocrx_word' id='word_1_464' title='bbox 1234 5320 1395 5376; x_wconf 84' lang='lat' dir='ltr'><strong>usque</strong></span> <span class='ocrx_word' id='word_1_465' title='bbox 1423 5307 1492 5359; x_wconf 90' lang='lat' dir='ltr'><strong>ad</strong></span> <span class='ocrx_word' id='word_1_466' title='bbox 1514 5307 1658 5377; x_wconf 91' lang='lat' dir='ltr'><strong>quod</strong></span> <span class='ocrx_word' id='word_1_467' title='bbox 1685 5323 1792 5363; x_wconf 92' lang='lat' dir='ltr'><strong>non</strong></span> <span class='ocrx_word' id='word_1_468' title='bbox 1818 5310 2073 5364; x_wconf 84' lang='lat' dir='ltr'><strong>observat</strong></span> 
     </span>
    </p>
   </div>
   <div class='ocr_carea' id='block_1_69' title="bbox 507 5390 1011 5462">
    <p class='ocr_par' dir='ltr' id='par_1_69' title="bbox 507 5390 1011 5462">
     <span class='ocr_line' id='line_1_69' title="bbox 507 5390 1011 5462; baseline 0.002 -17"><span class='ocrx_word' id='word_1_469' title='bbox 507 5406 725 5447; x_wconf 86' lang='lat' dir='ltr'><strong>carmen</strong></span> <span class='ocrx_word' id='word_1_470' title='bbox 763 5390 1011 5462; x_wconf 87' lang='lat' dir='ltr'><strong>lyricum.</strong></span> 
     </span>
    </p>
   </div>
   <div class='ocr_carea' id='block_1_70' title="bbox 576 5478 2072 5556">
    <p class='ocr_par' dir='ltr' id='par_1_70' title="bbox 576 5478 2072 5556">
     <span class='ocr_line' id='line_1_70' title="bbox 576 5478 2072 5556; baseline 0.005 -24"><span class='ocrx_word' id='word_1_471' title='bbox 576 5478 727 5533; x_wconf 85' lang='lat' dir='ltr'><strong>Anno</strong></span> <span class='ocrx_word' id='word_1_472' title='bbox 750 5493 959 5551; x_wconf 87' lang='lat' dir='ltr'><strong>quarto.</strong></span> <span class='ocrx_word' id='word_1_473' title='bbox 1016 5480 1220 5549; x_wconf 80' lang='lat' dir='ltr'><strong>Quarto</strong></span> <span class='ocrx_word' id='word_1_474' title='bbox 1260 5497 1405 5538; x_wconf 91' lang='lat' dir='ltr'><strong>anno</strong></span> <span class='ocrx_word' id='word_1_475' title='bbox 1463 5486 1605 5556; x_wconf 83' lang='lat' dir='ltr'><strong>regis</strong></span> <span class='ocrx_word' id='word_1_476' title='bbox 1648 5484 1913 5552; x_wconf 84' lang='lat' dir='ltr'><strong>Joachim,</strong></span> <span class='ocrx_word' id='word_1_477' title='bbox 1941 5496 2072 5555; x_wconf 92' lang='lat' dir='ltr'><strong>etc.,</strong></span> 
     </span>
    </p>
   </div>
   <div class='ocr_carea' id='block_1_71' title="bbox 507 5571 2074 5639">
    <p class='ocr_par' dir='ltr' id='par_1_71' title="bbox 507 5571 2074 5639">
     <span class='ocr_line' id='line_1_71' title="bbox 507 5571 2074 5639; baseline 0.009 -17"><span class='ocrx_word' id='word_1_478' title='bbox 507 5586 665 5639; x_wconf 82' lang='lat' dir='ltr'><strong>usque</strong></span> <span class='ocrx_word' id='word_1_479' title='bbox 705 5571 773 5624; x_wconf 91' lang='lat' dir='ltr'><strong>ad</strong></span> <span class='ocrx_word' id='word_1_480' title='bbox 806 5571 1049 5627; x_wconf 90' lang='lat' dir='ltr'><strong>Joachim</strong></span> <span class='ocrx_word' id='word_1_481' title='bbox 1092 5581 1271 5628; x_wconf 89' lang='lat' dir='ltr'><strong>autem</strong></span> <span class='ocrx_word' id='word_1_482' title='bbox 1306 5573 1623 5634; x_wconf 81' lang='lat' dir='ltr'><strong>interfectus</strong></span> <span class='ocrx_word' id='word_1_483' title='bbox 1660 5586 1744 5633; x_wconf 87' lang='lat' dir='ltr'><strong>est</strong></span> <span class='ocrx_word' id='word_1_484' title='bbox 1788 5577 2074 5636; x_wconf 88' lang='lat' dir='ltr'><strong>undecimo</strong></span> 
     </span>
    </p>
   </div>
   <div class='ocr_carea' id='block_1_72' title="bbox 505 5660 954 5730">
    <p class='ocr_par' dir='ltr' id='par_1_72' title="bbox 505 5660 954 5730">
     <span class='ocr_line' id='line_1_72' title="bbox 505 5660 954 5730; baseline 0.004 -17"><span class='ocrx_word' id='word_1_485' title='bbox 505 5673 647 5713; x_wconf 67' lang='grc' dir='ltr'><strong>(ιιιηο</strong></span> <span class='ocrx_word' id='word_1_486' title='bbox 671 5660 819 5730; x_wconf 90' lang='lat' dir='ltr'><strong>regni</strong></span> <span class='ocrx_word' id='word_1_487' title='bbox 850 5661 954 5715; x_wconf 88' lang='lat' dir='ltr'><strong>sui.</strong></span> 
     </span>
    </p>
   </div>
   <div class='ocr_carea' id='block_1_73' title="bbox 581 5751 2072 5817">
    <p class='ocr_par' dir='ltr' id='par_1_73' title="bbox 581 5751 2072 5817">
     <span class='ocr_line' id='line_1_73' title="bbox 581 5751 2072 5817; baseline 0.006 -10"><span class='ocrx_word' id='word_1_488' title='bbox 581 5752 753 5809; x_wconf 58' lang='lat' dir='ltr'><strong>Vens.</strong></span> <span class='ocrx_word' id='word_1_489' title='bbox 787 5751 840 5806; x_wconf 76' lang='grc' dir='ltr'>ὅ.</span> <span class='ocrx_word' id='word_1_490' title='bbox 878 5782 949 5795; x_wconf 89' lang='grc'><strong><em>-</em></strong></span> <span class='ocrx_word' id='word_1_491' title='bbox 991 5753 1028 5804; x_wconf 78' lang='grc' dir='ltr'><em>Λ</em></span> <span class='ocrx_word' id='word_1_492' title='bbox 1074 5755 1223 5809; x_wconf 83' lang='lat' dir='ltr'><strong>tertio</strong></span> <span class='ocrx_word' id='word_1_493' title='bbox 1258 5756 1453 5811; x_wconf 72' lang='lat' dir='ltr'><strong>dormio</strong></span> <span class='ocrx_word' id='word_1_494' title='bbox 1492 5775 1647 5813; x_wconf 84' lang='lat' dir='ltr'><strong>anno.</strong></span> <span class='ocrx_word' id='word_1_495' title='bbox 1702 5759 1746 5813; x_wconf 84' lang='lat' dir='ltr'><strong>A</strong></span> <span class='ocrx_word' id='word_1_496' title='bbox 1778 5759 2072 5817; x_wconf 79' lang='lat' dir='ltr'><strong>tredecimo</strong></span> 
     </span>
    </p>
   </div>
   <div class='ocr_carea' id='block_1_74' title="bbox 2185 1935 3754 2007">
    <p class='ocr_par' dir='ltr' id='par_1_74' title="bbox 2185 1935 3754 2007">
     <span class='ocr_line' id='line_1_74' title="bbox 2185 1935 3754 2007; baseline 0.006 -17"><span class='ocrx_word' id='word_1_497' title='bbox 2185 1935 2297 1991; x_wconf 91' lang='lat' dir='ltr'><strong>Deo</strong></span> <span class='ocrx_word' id='word_1_498' title='bbox 2322 1937 2566 1991; x_wconf 88' lang='lat' dir='ltr'><strong>serviunt</strong></span> <span class='ocrx_word' id='word_1_499' title='bbox 2591 1953 2606 2003; x_wconf 93' lang='lat'><strong>;</strong></span> <span class='ocrx_word' id='word_1_500' title='bbox 2639 1937 2734 1992; x_wconf 88' lang='lat' dir='ltr'><strong>sed</strong></span> <span class='ocrx_word' id='word_1_501' title='bbox 2760 1938 2886 2007; x_wconf 89' lang='lat' dir='ltr'><strong>quia</strong></span> <span class='ocrx_word' id='word_1_502' title='bbox 2919 1938 2976 1993; x_wconf 92' lang='lat' dir='ltr'><strong>in</strong></span> <span class='ocrx_word' id='word_1_503' title='bbox 3007 1940 3289 1995; x_wconf 84' lang='lat' dir='ltr'><strong>eversione</strong></span> <span class='ocrx_word' id='word_1_504' title='bbox 3314 1939 3612 1998; x_wconf 80' lang='lat' dir='ltr'><strong>Jerusalem</strong></span> <span class='ocrx_word' id='word_1_505' title='bbox 3648 1943 3754 2001; x_wconf 84' lang='lat' dir='ltr'><strong>Do-</strong></span> 
     </span>
    </p>
   </div>
   <div class='ocr_carea' id='block_1_75' title="bbox 2180 2024 3239 2095">
    <p class='ocr_par' dir='ltr' id='par_1_75' title="bbox 2180 2024 3239 2095">
     <span class='ocr_line' id='line_1_75' title="bbox 2180 2024 3239 2095; baseline -0.001 -15"><span class='ocrx_word' id='word_1_506' title='bbox 2180 2024 2314 2080; x_wconf 90' lang='lat' dir='ltr'><strong>mini</strong></span> <span class='ocrx_word' id='word_1_507' title='bbox 2336 2026 2535 2081; x_wconf 88' lang='lat' dir='ltr'><strong>serviat</strong></span> <span class='ocrx_word' id='word_1_508' title='bbox 2572 2025 2859 2080; x_wconf 88' lang='lat' dir='ltr'><strong>voluntati.</strong></span> <span class='ocrx_word' id='word_1_509' title='bbox 3235 2092 3239 2095; x_wconf 23' lang='grc' dir='ltr'>λ</span> 
     </span>
    </p>
   </div>
   <div class='ocr_carea' id='block_1_76' title="bbox 2253 2117 3755 2192">
    <p class='ocr_par' dir='ltr' id='par_1_76' title="bbox 2253 2117 3755 2192">
     <span class='ocr_line' id='line_1_76' title="bbox 2253 2117 3755 2192; baseline 0.004 -19"><span class='ocrx_word' id='word_1_510' title='bbox 2253 2118 2324 2173; x_wconf 85' lang='lat' dir='ltr'><strong>Et</strong></span> <span class='ocrx_word' id='word_1_511' title='bbox 2362 2119 2623 2174; x_wconf 85' lang='lat' dir='ltr'><strong>adducam</strong></span> <span class='ocrx_word' id='word_1_512' title='bbox 2651 2136 2758 2186; x_wconf 83' lang='lat' dir='ltr'><strong>eos,</strong></span> <span class='ocrx_word' id='word_1_513' title='bbox 2807 2128 2916 2175; x_wconf 92' lang='lat' dir='ltr'><strong>etc.</strong></span> <span class='ocrx_word' id='word_1_514' title='bbox 2945 2117 3071 2176; x_wconf 70' lang='lat' dir='ltr'><strong>Hmc</strong></span> <span class='ocrx_word' id='word_1_515' title='bbox 3099 2131 3226 2177; x_wconf 89' lang='lat' dir='ltr'><strong>sunt</strong></span> <span class='ocrx_word' id='word_1_516' title='bbox 3262 2124 3481 2192; x_wconf 86' lang='lat' dir='ltr'><strong>praemia</strong></span> <span class='ocrx_word' id='word_1_517' title='bbox 3509 2133 3755 2180; x_wconf 84' lang='lat' dir='ltr'><strong>contem-</strong></span> 
     </span>
    </p>
   </div>
   <div class='ocr_carea' id='block_1_77' title="bbox 2179 2209 3759 2284">
    <p class='ocr_par' dir='ltr' id='par_1_77' title="bbox 2179 2209 3759 2284">
     <span class='ocr_line' id='line_1_77' title="bbox 2179 2209 3759 2284; baseline 0.004 -22"><span class='ocrx_word' id='word_1_518' title='bbox 2179 2216 2396 2278; x_wconf 89' lang='lat' dir='ltr'><strong>ptorum</strong></span> <span class='ocrx_word' id='word_1_519' title='bbox 2440 2217 2496 2264; x_wconf 89' lang='lat' dir='ltr'><strong>et</strong></span> <span class='ocrx_word' id='word_1_520' title='bbox 2532 2209 2699 2265; x_wconf 89' lang='lat' dir='ltr'><strong>Deum</strong></span> <span class='ocrx_word' id='word_1_521' title='bbox 2747 2210 2935 2265; x_wconf 85' lang='lat' dir='ltr'><strong>audire</strong></span> <span class='ocrx_word' id='word_1_522' title='bbox 2978 2210 3295 2266; x_wconf 88' lang='lat' dir='ltr'><strong>nolentium.</strong></span> <span class='ocrx_word' id='word_1_523' title='bbox 3320 2211 3589 2284; x_wconf 79' lang='lat' dir='ltr'><strong>Quidquid</strong></span> <span class='ocrx_word' id='word_1_524' title='bbox 3628 2227 3759 2283; x_wconf 80' lang='lat' dir='ltr'><strong>ergo</strong></span> 
     </span>
    </p>
   </div>
   <div class='ocr_carea' id='block_1_78' title="bbox 2180 2300 3752 2372">
    <p class='ocr_par' dir='ltr' id='par_1_78' title="bbox 2180 2300 3752 2372">
     <span class='ocr_line' id='line_1_78' title="bbox 2180 2300 3752 2372; baseline 0 -16"><span class='ocrx_word' id='word_1_525' title='bbox 2180 2300 2307 2356; x_wconf 89' lang='lat' dir='ltr'><strong>mali</strong></span> <span class='ocrx_word' id='word_1_526' title='bbox 2338 2315 2501 2371; x_wconf 85' lang='lat' dir='ltr'><strong>super</strong></span> <span class='ocrx_word' id='word_1_527' title='bbox 2529 2316 2630 2357; x_wconf 90' lang='lat' dir='ltr'><strong>nos</strong></span> <span class='ocrx_word' id='word_1_528' title='bbox 2655 2301 2956 2364; x_wconf 86' lang='lat' dir='ltr'><strong>adducitur,</strong></span> <span class='ocrx_word' id='word_1_529' title='bbox 2989 2310 3173 2356; x_wconf 91' lang='lat' dir='ltr'><strong>nostra</strong></span> <span class='ocrx_word' id='word_1_530' title='bbox 3199 2311 3418 2372; x_wconf 88' lang='lat' dir='ltr'><strong>peccata</strong></span> <span class='ocrx_word' id='word_1_531' title='bbox 3447 2311 3752 2370; x_wconf 88' lang='lat' dir='ltr'><strong>merentur;</strong></span> 
     </span>
    </p>
   </div>
   <div class='ocr_carea' id='block_1_79' title="bbox 2180 2390 3759 2462">
    <p class='ocr_par' dir='ltr' id='par_1_79' title="bbox 2180 2390 3759 2462">
     <span class='ocr_line' id='line_1_79' title="bbox 2180 2390 3759 2462; baseline 0.002 -17"><span class='ocrx_word' id='word_1_532' title='bbox 2180 2399 2235 2446; x_wconf 93' lang='lat' dir='ltr'><strong>et</strong></span> <span class='ocrx_word' id='word_1_533' title='bbox 2264 2391 2404 2446; x_wconf 91' lang='lat' dir='ltr'><strong>sicut</strong></span> <span class='ocrx_word' id='word_1_534' title='bbox 2431 2402 2618 2462; x_wconf 87' lang='lat' dir='ltr'><strong>gentes</strong></span> <span class='ocrx_word' id='word_1_535' title='bbox 2662 2401 2849 2446; x_wconf 89' lang='lat' dir='ltr'><strong>contra</strong></span> <span class='ocrx_word' id='word_1_536' title='bbox 2884 2390 3180 2446; x_wconf 80' lang='lat' dir='ltr'><strong>Jerusalem</strong></span> <span class='ocrx_word' id='word_1_537' title='bbox 3220 2392 3463 2447; x_wconf 70' lang='lat' dir='ltr'><strong>adducta:</strong></span> <span class='ocrx_word' id='word_1_538' title='bbox 3482 2401 3627 2459; x_wconf 89' lang='lat' dir='ltr'><strong>sunt,</strong></span> <span class='ocrx_word' id='word_1_539' title='bbox 3678 2391 3759 2448; x_wconf 90' lang='lat' dir='ltr'><strong>sic</strong></span> 
     </span>
    </p>
   </div>
   <div class='ocr_carea' id='block_1_80' title="bbox 2179 2484 3547 2557">
    <p class='ocr_par' dir='ltr' id='par_1_80' title="bbox 2179 2484 3547 2557">
     <span class='ocr_line' id='line_1_80' title="bbox 2179 2484 3547 2557; baseline -0.001 -15"><span class='ocrx_word' id='word_1_540' title='bbox 2179 2485 2342 2542; x_wconf 86' lang='lat' dir='ltr'><strong>hodie</strong></span> <span class='ocrx_word' id='word_1_541' title='bbox 2364 2494 2549 2542; x_wconf 90' lang='lat' dir='ltr'><strong>contra</strong></span> <span class='ocrx_word' id='word_1_542' title='bbox 2573 2485 2932 2557; x_wconf 79' lang='lat' dir='ltr'><strong>negligentem</strong></span> <span class='ocrx_word' id='word_1_543' title='bbox 2960 2484 3255 2541; x_wconf 75' lang='lat' dir='ltr'><strong>Ecclesium</strong></span> <span class='ocrx_word' id='word_1_544' title='bbox 3286 2486 3547 2540; x_wconf 90' lang='lat' dir='ltr'><strong>serviunt.</strong></span> 
     </span>
    </p>
   </div>
   <div class='ocr_carea' id='block_1_81' title="bbox 2250 2578 3758 2650">
    <p class='ocr_par' dir='ltr' id='par_1_81' title="bbox 2250 2578 3758 2650">
     <span class='ocr_line' id='line_1_81' title="bbox 2250 2578 3758 2650; baseline 0.001 -15"><span class='ocrx_word' id='word_1_545' title='bbox 2250 2579 2414 2635; x_wconf 82' lang='lat' dir='ltr'><strong>Vens.</strong></span> <span class='ocrx_word' id='word_1_546' title='bbox 2442 2579 2527 2634; x_wconf 85' lang='grc'>10.</span> <span class='ocrx_word' id='word_1_547' title='bbox 2554 2579 2991 2650; x_wconf 84' lang='lat' dir='ltr'><strong>—Perdamque,</strong></span> <span class='ocrx_word' id='word_1_548' title='bbox 3028 2588 3133 2634; x_wconf 89' lang='lat' dir='ltr'><strong>etc.</strong></span> <span class='ocrx_word' id='word_1_549' title='bbox 3170 2579 3282 2635; x_wconf 86' lang='lat' dir='ltr'><strong>Hoc</strong></span> <span class='ocrx_word' id='word_1_550' title='bbox 3310 2579 3364 2634; x_wconf 92' lang='lat' dir='ltr'><strong>in</strong></span> <span class='ocrx_word' id='word_1_551' title='bbox 3403 2578 3758 2637; x_wconf 89' lang='lat' dir='ltr'><strong>conciliabqu</strong></span> 
     </span>
    </p>
   </div>
   <div class='ocr_carea' id='block_1_82' title="bbox 2180 2671 3758 2743">
    <p class='ocr_par' dir='ltr' id='par_1_82' title="bbox 2180 2671 3758 2743">
     <span class='ocr_line' id='line_1_82' title="bbox 2180 2671 3758 2743; baseline 0.001 -17"><span class='ocrx_word' id='word_1_552' title='bbox 2180 2671 2591 2742; x_wconf 85' lang='lat' dir='ltr'><strong>malignantium</strong></span> <span class='ocrx_word' id='word_1_553' title='bbox 2636 2672 3039 2740; x_wconf 84' lang='lat' dir='ltr'><strong>comprobatur,</strong></span> <span class='ocrx_word' id='word_1_554' title='bbox 3078 2679 3137 2725; x_wconf 92' lang='lat' dir='ltr'><strong>ut</strong></span> <span class='ocrx_word' id='word_1_555' title='bbox 3169 2672 3412 2743; x_wconf 84' lang='lat' dir='ltr'><strong>magistri</strong></span> <span class='ocrx_word' id='word_1_556' title='bbox 3439 2686 3625 2727; x_wconf 90' lang='lat' dir='ltr'><strong>eorum</strong></span> <span class='ocrx_word' id='word_1_557' title='bbox 3650 2686 3758 2727; x_wconf 88' lang='lat' dir='ltr'><strong>non</strong></span> 
     </span>
    </p>
   </div>
   <div class='ocr_carea' id='block_1_83' title="bbox 2181 2760 3754 2825">
    <p class='ocr_par' dir='ltr' id='par_1_83' title="bbox 2181 2760 3754 2825">
     <span class='ocr_line' id='line_1_83' title="bbox 2181 2760 3754 2825; baseline 0.001 -10"><span class='ocrx_word' id='word_1_558' title='bbox 2181 2760 2413 2817; x_wconf 89' lang='lat' dir='ltr'><strong>doceant</strong></span> <span class='ocrx_word' id='word_1_559' title='bbox 2438 2762 2661 2816; x_wconf 84' lang='lat' dir='ltr'><strong>verbum</strong></span> <span class='ocrx_word' id='word_1_560' title='bbox 2691 2761 2807 2825; x_wconf 88' lang='lat' dir='ltr'><strong>Dei,</strong></span> <span class='ocrx_word' id='word_1_561' title='bbox 2838 2761 2932 2816; x_wconf 89' lang='lat' dir='ltr'><strong>sed</strong></span> <span class='ocrx_word' id='word_1_562' title='bbox 2969 2760 3185 2817; x_wconf 90' lang='lat' dir='ltr'><strong>sibilent</strong></span> <span class='ocrx_word' id='word_1_563' title='bbox 3208 2763 3275 2816; x_wconf 88' lang='lat' dir='ltr'><strong>ad</strong></span> <span class='ocrx_word' id='word_1_564' title='bbox 3309 2763 3480 2816; x_wconf 90' lang='lat' dir='ltr'><strong>instar</strong></span> <span class='ocrx_word' id='word_1_565' title='bbox 3500 2761 3706 2818; x_wconf 90' lang='lat' dir='ltr'><strong>colubri</strong></span> <span class='ocrx_word' id='word_1_566' title='bbox 3739 2778 3754 2816; x_wconf 90' lang='lat'><strong>:</strong></span> 
     </span>
    </p>
   </div>
   <div class='ocr_carea' id='block_1_84' title="bbox 2182 2849 3761 2921">
    <p class='ocr_par' dir='ltr' id='par_1_84' title="bbox 2182 2849 3761 2921">
     <span class='ocr_line' id='line_1_84' title="bbox 2182 2849 3761 2921; baseline 0.001 -17"><span class='ocrx_word' id='word_1_567' title='bbox 2182 2850 2237 2904; x_wconf 92' lang='lat' dir='ltr'><strong>in</strong></span> <span class='ocrx_word' id='word_1_568' title='bbox 2266 2850 2461 2921; x_wconf 90' lang='lat' dir='ltr'><strong>quibus</strong></span> <span class='ocrx_word' id='word_1_569' title='bbox 2484 2864 2588 2903; x_wconf 83' lang='lat' dir='ltr'><strong>vox</strong></span> <span class='ocrx_word' id='word_1_570' title='bbox 2615 2849 2794 2921; x_wconf 83' lang='lat' dir='ltr'><strong>gaudii</strong></span> <span class='ocrx_word' id='word_1_571' title='bbox 2822 2858 2875 2904; x_wconf 91' lang='lat' dir='ltr'><strong>et</strong></span> <span class='ocrx_word' id='word_1_572' title='bbox 2896 2850 3095 2906; x_wconf 78' lang='lat' dir='ltr'><strong>laetitiae</strong></span> <span class='ocrx_word' id='word_1_573' title='bbox 3120 2851 3282 2920; x_wconf 91' lang='lat' dir='ltr'><strong>periit</strong></span> <span class='ocrx_word' id='word_1_574' title='bbox 3302 2861 3361 2917; x_wconf 80' lang='lat' dir='ltr'><strong>ut</strong></span> <span class='ocrx_word' id='word_1_575' title='bbox 3390 2867 3496 2907; x_wconf 89' lang='lat' dir='ltr'><strong>non</strong></span> <span class='ocrx_word' id='word_1_576' title='bbox 3536 2852 3761 2908; x_wconf 85' lang='lat' dir='ltr'><strong>audiant</strong></span> 
     </span>
    </p>
   </div>
   <div class='ocr_carea' id='block_1_85' title="bbox 2182 2938 3760 3015">
    <p class='ocr_par' dir='ltr' id='par_1_85' title="bbox 2182 2938 3760 3015">
     <span class='ocr_line' id='line_1_85' title="bbox 2182 2938 3760 3015; baseline 0.002 -20"><span class='ocrx_word' id='word_1_577' title='bbox 2182 2939 2312 2995; x_wconf 90' lang='lat' dir='ltr'><strong>illud</strong></span> <span class='ocrx_word' id='word_1_578' title='bbox 2354 2941 2595 3011; x_wconf 88' lang='lat' dir='ltr'><strong>Apostoli</strong></span> <span class='ocrx_word' id='word_1_579' title='bbox 2632 2955 2646 2994; x_wconf 88' lang='lat'><strong>:</strong></span> <span class='ocrx_word' id='word_1_580' title='bbox 2680 2938 2914 2997; x_wconf 84' lang='lat' dir='ltr'><strong>Gaudete</strong></span> <span class='ocrx_word' id='word_1_581' title='bbox 2947 2943 3003 2995; x_wconf 89' lang='lat' dir='ltr'><strong>in</strong></span> <span class='ocrx_word' id='word_1_582' title='bbox 3042 2941 3273 2999; x_wconf 79' lang='lat' dir='ltr'><strong>Domino</strong></span> <span class='ocrx_word' id='word_1_583' title='bbox 3302 2960 3521 3015; x_wconf 85' lang='lat' dir='ltr'><strong>semper,</strong></span> <span class='ocrx_word' id='word_1_584' title='bbox 3568 2944 3760 3000; x_wconf 84' lang='lat' dir='ltr'><strong>iterum</strong></span> 
     </span>
    </p>
   </div>
   <div class='ocr_carea' id='block_1_86' title="bbox 2180 3029 2876 3104">
    <p class='ocr_par' dir='ltr' id='par_1_86' title="bbox 2180 3029 2876 3104">
     <span class='ocr_line' id='line_1_86' title="bbox 2180 3029 2876 3104; baseline 0.007 -21"><span class='ocrx_word' id='word_1_585' title='bbox 2180 3029 2320 3096; x_wconf 88' lang='lat' dir='ltr'><strong>dico,</strong></span> <span class='ocrx_word' id='word_1_586' title='bbox 2345 3031 2565 3102; x_wconf 85' lang='lat' dir='ltr'><strong>gaudete</strong></span> <span class='ocrx_word' id='word_1_587' title='bbox 2589 3029 2755 3103; x_wconf 81' lang='lat' dir='ltr'><strong>(Phil.</strong></span> <span class='ocrx_word' id='word_1_588' title='bbox 2777 3033 2876 3104; x_wconf 69' lang='grc' dir='ltr'><strong>ιν).</strong></span> 
     </span>
    </p>
   </div>
   <div class='ocr_carea' id='block_1_87' title="bbox 2254 3120 3777 3194">
    <p class='ocr_par' dir='ltr' id='par_1_87' title="bbox 2254 3120 3777 3194">
     <span class='ocr_line' id='line_1_87' title="bbox 2254 3120 3777 3194; baseline 0.005 -19"><span class='ocrx_word' id='word_1_589' title='bbox 2254 3120 2418 3175; x_wconf 87' lang='lat' dir='ltr'><strong>Vens.</strong></span> <span class='ocrx_word' id='word_1_590' title='bbox 2443 3122 2531 3175; x_wconf 83' lang='grc'><strong>11.</strong></span> <span class='ocrx_word' id='word_1_591' title='bbox 2566 3148 2637 3161; x_wconf 86' lang='grc'><strong>-</strong></span> <span class='ocrx_word' id='word_1_592' title='bbox 2675 3121 2741 3175; x_wconf 88' lang='lat' dir='ltr'><strong>Et</strong></span> <span class='ocrx_word' id='word_1_593' title='bbox 2793 3124 3033 3178; x_wconf 83' lang='lat' dir='ltr'><strong>servient.</strong></span> <span class='ocrx_word' id='word_1_594' title='bbox 3063 3123 3216 3183; x_wconf 87' lang='lat' dir='ltr'><strong>Sicut</strong></span> <span class='ocrx_word' id='word_1_595' title='bbox 3266 3123 3583 3191; x_wconf 87' lang='lat' dir='ltr'><strong>Jerusalem,</strong></span> <span class='ocrx_word' id='word_1_596' title='bbox 3622 3134 3777 3194; x_wconf 87' lang='lat' dir='ltr'><strong>etc.,.-</strong></span> 
     </span>
    </p>
   </div>
   <div class='ocr_carea' id='block_1_88' title="bbox 2103 3199 3363 3284">
    <p class='ocr_par' dir='ltr' id='par_1_88' title="bbox 2103 3199 3363 3284">
     <span class='ocr_line' id='line_1_88' title="bbox 2103 3199 3363 3284; baseline 0.006 -19"><span class='ocrx_word' id='word_1_597' title='bbox 2103 3199 2150 3262; x_wconf 86' lang='lat' dir='ltr'><strong>C</strong></span> <span class='ocrx_word' id='word_1_598' title='bbox 2183 3229 2344 3284; x_wconf 85' lang='lat' dir='ltr'><strong>usque</strong></span> <span class='ocrx_word' id='word_1_599' title='bbox 2375 3214 2444 3267; x_wconf 90' lang='lat' dir='ltr'><strong>ad</strong></span> <span class='ocrx_word' id='word_1_600' title='bbox 2475 3215 2792 3284; x_wconf 87' lang='lat' dir='ltr'><strong>prophetico</strong></span> <span class='ocrx_word' id='word_1_601' title='bbox 2815 3230 3065 3273; x_wconf 89' lang='lat' dir='ltr'><strong>sermone</strong></span> <span class='ocrx_word' id='word_1_602' title='bbox 3087 3219 3363 3274; x_wconf 83' lang='lat' dir='ltr'><strong>describit.</strong></span> 
     </span>
    </p>
   </div>
   <div class='ocr_carea' id='block_1_89' title="bbox 2252 3303 3760 3377">
    <p class='ocr_par' dir='ltr' id='par_1_89' title="bbox 2252 3303 3760 3377">
     <span class='ocr_line' id='line_1_89' title="bbox 2252 3303 3760 3377; baseline 0.004 -18"><span class='ocrx_word' id='word_1_603' title='bbox 2252 3304 2418 3359; x_wconf 87' lang='lat' dir='ltr'><strong>Vens.</strong></span> <span class='ocrx_word' id='word_1_604' title='bbox 2461 3305 2548 3358; x_wconf 74' lang='grc'>12.</span> <span class='ocrx_word' id='word_1_605' title='bbox 2578 3336 2646 3345; x_wconf 90' lang='grc'><strong><em>-</em></strong></span> <span class='ocrx_word' id='word_1_606' title='bbox 2674 3303 2807 3360; x_wconf 88' lang='lat' dir='ltr'><strong>Cum</strong></span> <span class='ocrx_word' id='word_1_607' title='bbox 2859 3306 3076 3375; x_wconf 86' lang='lat' dir='ltr'><strong>impleti.</strong></span> <span class='ocrx_word' id='word_1_608' title='bbox 3116 3307 3250 3363; x_wconf 86' lang='lat' dir='ltr'><strong>Nota</strong></span> <span class='ocrx_word' id='word_1_609' title='bbox 3281 3309 3425 3377; x_wconf 84' lang='lat' dir='ltr'><strong>quod</strong></span> <span class='ocrx_word' id='word_1_610' title='bbox 3451 3324 3559 3364; x_wconf 88' lang='lat' dir='ltr'><strong>non</strong></span> <span class='ocrx_word' id='word_1_611' title='bbox 3584 3310 3760 3371; x_wconf 82' lang='lat' dir='ltr'><strong>solum</strong></span> 
     </span>
    </p>
   </div>
   <div class='ocr_carea' id='block_1_90' title="bbox 2186 3395 3759 3467">
    <p class='ocr_par' dir='ltr' id='par_1_90' title="bbox 2186 3395 3759 3467">
     <span class='ocr_line' id='line_1_90' title="bbox 2186 3395 3759 3467; baseline 0.003 -17"><span class='ocrx_word' id='word_1_612' title='bbox 2186 3403 2374 3450; x_wconf 84' lang='lat' dir='ltr'><strong>contra</strong></span> <span class='ocrx_word' id='word_1_613' title='bbox 2416 3395 2741 3466; x_wconf 83' lang='lat' dir='ltr'><strong>Babylonem</strong></span> <span class='ocrx_word' id='word_1_614' title='bbox 2781 3399 3067 3467; x_wconf 86' lang='lat' dir='ltr'><strong>prophetat</strong></span> <span class='ocrx_word' id='word_1_615' title='bbox 3106 3397 3391 3464; x_wconf 80' lang='lat' dir='ltr'><strong>Jeremias,</strong></span> <span class='ocrx_word' id='word_1_616' title='bbox 3434 3399 3530 3454; x_wconf 89' lang='lat' dir='ltr'><strong>sed</strong></span> <span class='ocrx_word' id='word_1_617' title='bbox 3568 3408 3759 3455; x_wconf 89' lang='lat' dir='ltr'><strong>contra</strong></span> 
     </span>
    </p>
   </div>
   <div class='ocr_carea' id='block_1_91' title="bbox 2181 3489 3759 3561">
    <p class='ocr_par' dir='ltr' id='par_1_91' title="bbox 2181 3489 3759 3561">
     <span class='ocr_line' id='line_1_91' title="bbox 2181 3489 3759 3561; baseline 0.003 -20"><span class='ocrx_word' id='word_1_618' title='bbox 2181 3501 2369 3542; x_wconf 85' lang='lat' dir='ltr'><strong>omnes</strong></span> <span class='ocrx_word' id='word_1_619' title='bbox 2396 3496 2582 3556; x_wconf 86' lang='lat' dir='ltr'><strong>gentes</strong></span> <span class='ocrx_word' id='word_1_620' title='bbox 2610 3503 2728 3557; x_wconf 69' lang='lat' dir='ltr'><strong>qua:</strong></span> <span class='ocrx_word' id='word_1_621' title='bbox 2768 3489 2822 3542; x_wconf 91' lang='lat' dir='ltr'><strong>in</strong></span> <span class='ocrx_word' id='word_1_622' title='bbox 2865 3489 3105 3543; x_wconf 82' lang='lat' dir='ltr'><strong>exercitu</strong></span> <span class='ocrx_word' id='word_1_623' title='bbox 3133 3490 3418 3561; x_wconf 84' lang='lat' dir='ltr'><strong>Babylonis</strong></span> <span class='ocrx_word' id='word_1_624' title='bbox 3446 3491 3759 3548; x_wconf 81' lang='lat' dir='ltr'><strong>fueruntet</strong></span> 
     </span>
    </p>
   </div>
   <div class='ocr_carea' id='block_1_92' title="bbox 2180 3576 3207 3646">
    <p class='ocr_par' dir='ltr' id='par_1_92' title="bbox 2180 3576 3207 3646">
     <span class='ocr_line' id='line_1_92' title="bbox 2180 3576 3207 3646; baseline 0.001 -14"><span class='ocrx_word' id='word_1_625' title='bbox 2180 3584 2366 3632; x_wconf 88' lang='lat' dir='ltr'><strong>contra</strong></span> <span class='ocrx_word' id='word_1_626' title='bbox 2394 3576 2648 3646; x_wconf 87' lang='lat' dir='ltr'><strong>populum</strong></span> <span class='ocrx_word' id='word_1_627' title='bbox 2675 3577 2768 3632; x_wconf 92' lang='lat' dir='ltr'><strong>Dei</strong></span> <span class='ocrx_word' id='word_1_628' title='bbox 2797 3578 3207 3635; x_wconf 88' lang='lat' dir='ltr'><strong>dimicaverunt.</strong></span> 
     </span>
    </p>
   </div>
   <div class='ocr_carea' id='block_1_93' title="bbox 2252 3666 3753 3742">
    <p class='ocr_par' dir='ltr' id='par_1_93' title="bbox 2252 3666 3753 3742">
     <span class='ocr_line' id='line_1_93' title="bbox 2252 3666 3753 3742; baseline 0.003 -21"><span class='ocrx_word' id='word_1_629' title='bbox 2252 3667 2416 3721; x_wconf 86' lang='lat' dir='ltr'><strong>Vens.</strong></span> <span class='ocrx_word' id='word_1_630' title='bbox 2444 3667 2530 3722; x_wconf 82' lang='grc'>15.</span> <span class='ocrx_word' id='word_1_631' title='bbox 2556 3699 2624 3707; x_wconf 90' lang='grc'><strong><em>-</em></strong></span> <span class='ocrx_word' id='word_1_632' title='bbox 2652 3666 2810 3729; x_wconf 79' lang='lat' dir='ltr'><strong>Sume</strong></span> <span class='ocrx_word' id='word_1_633' title='bbox 2833 3668 3049 3723; x_wconf 86' lang='lat' dir='ltr'><strong>calicem</strong></span> <span class='ocrx_word' id='word_1_634' title='bbox 3075 3671 3181 3724; x_wconf 83' lang='lat' dir='ltr'><strong>vini</strong></span> <span class='ocrx_word' id='word_1_635' title='bbox 3225 3670 3439 3741; x_wconf 78' lang='lat' dir='ltr'><strong>furoris,</strong></span> <span class='ocrx_word' id='word_1_636' title='bbox 3492 3679 3612 3739; x_wconf 40' lang='lat' dir='ltr'><strong>etc.,</strong></span> <span class='ocrx_word' id='word_1_637' title='bbox 3631 3670 3753 3742; x_wconf 80' lang='lat' dir='ltr'><strong>(1D).</strong></span> 
     </span>
    </p>
   </div>
   <div class='ocr_carea' id='block_1_94' title="bbox 2180 3757 3756 3831">
    <p class='ocr_par' dir='ltr' id='par_1_94' title="bbox 2180 3757 3756 3831">
     <span class='ocr_line' id='line_1_94' title="bbox 2180 3757 3756 3831; baseline 0.001 -18"><span class='ocrx_word' id='word_1_638' title='bbox 2180 3757 2490 3830; x_wconf 89' lang='lat' dir='ltr'><strong>Propinatio</strong></span> <span class='ocrx_word' id='word_1_639' title='bbox 2509 3759 2693 3815; x_wconf 90' lang='lat' dir='ltr'><strong>calicis</strong></span> <span class='ocrx_word' id='word_1_640' title='bbox 2719 3760 2974 3819; x_wconf 89' lang='lat' dir='ltr'><strong>dominici</strong></span> <span class='ocrx_word' id='word_1_641' title='bbox 2996 3760 3050 3815; x_wconf 86' lang='lat' dir='ltr'><strong>l&#39;u</strong></span> <span class='ocrx_word' id='word_1_642' title='bbox 3060 3761 3198 3817; x_wconf 90' lang='lat' dir='ltr'><strong>roris</strong></span> <span class='ocrx_word' id='word_1_643' title='bbox 3220 3762 3476 3817; x_wconf 91' lang='lat' dir='ltr'><strong>indicium</strong></span> <span class='ocrx_word' id='word_1_644' title='bbox 3495 3770 3600 3831; x_wconf 89' lang='lat' dir='ltr'><strong>est,</strong></span> <span class='ocrx_word' id='word_1_645' title='bbox 3622 3768 3756 3829; x_wconf 89' lang='lat' dir='ltr'><strong>etc.,</strong></span> 
     </span>
    </p>
   </div>
   <div class='ocr_carea' id='block_1_95' title="bbox 2180 3849 3436 3923">
    <p class='ocr_par' dir='ltr' id='par_1_95' title="bbox 2180 3849 3436 3923">
     <span class='ocr_line' id='line_1_95' title="bbox 2180 3849 3436 3923; baseline 0.002 -19"><span class='ocrx_word' id='word_1_646' title='bbox 2180 3865 2342 3920; x_wconf 75' lang='lat' dir='ltr'><strong>usque</strong></span> <span class='ocrx_word' id='word_1_647' title='bbox 2380 3849 2450 3902; x_wconf 90' lang='lat' dir='ltr'><strong>ad</strong></span> <span class='ocrx_word' id='word_1_648' title='bbox 2475 3850 2613 3905; x_wconf 81' lang='lat' dir='ltr'><strong>calix</strong></span> <span class='ocrx_word' id='word_1_649' title='bbox 2643 3851 2985 3920; x_wconf 89' lang='lat' dir='ltr'><strong>propinatur,</strong></span> <span class='ocrx_word' id='word_1_650' title='bbox 3013 3853 3107 3907; x_wconf 87' lang='lat' dir='ltr'><strong>sed</strong></span> <span class='ocrx_word' id='word_1_651' title='bbox 3132 3867 3230 3922; x_wconf 89' lang='lat' dir='ltr'><strong>pro</strong></span> <span class='ocrx_word' id='word_1_652' title='bbox 3257 3868 3436 3923; x_wconf 63' lang='lat' dir='ltr'><strong>paena.</strong></span> 
     </span>
    </p>
   </div>
   <div class='ocr_carea' id='block_1_96' title="bbox 2250 3940 3756 4021">
    <p class='ocr_par' dir='ltr' id='par_1_96' title="bbox 2250 3940 3756 4021">
     <span class='ocr_line' id='line_1_96' title="bbox 2250 3940 3756 4021; baseline 0.004 -26"><span class='ocrx_word' id='word_1_653' title='bbox 2250 3940 2413 3995; x_wconf 83' lang='lat' dir='ltr'><strong>Vens.</strong></span> <span class='ocrx_word' id='word_1_654' title='bbox 2446 3941 2531 3997; x_wconf 84' lang='grc'>18.</span> <span class='ocrx_word' id='word_1_655' title='bbox 2563 3972 2636 3983; x_wconf 92' lang='grc'><strong>-</strong></span> <span class='ocrx_word' id='word_1_656' title='bbox 2674 3941 2972 3998; x_wconf 79' lang='lat' dir='ltr'><strong>Jerusalem</strong></span> <span class='ocrx_word' id='word_1_657' title='bbox 3006 3954 3054 3998; x_wconf 90' lang='lat' dir='ltr'><strong>et</strong></span> <span class='ocrx_word' id='word_1_658' title='bbox 3093 3946 3385 3998; x_wconf 83' lang='lat' dir='ltr'><strong>civitatibus</strong></span> <span class='ocrx_word' id='word_1_659' title='bbox 3421 3945 3589 4017; x_wconf 69' lang='lat' dir='ltr'><strong>Iuda,</strong></span> <span class='ocrx_word' id='word_1_660' title='bbox 3616 3954 3756 4021; x_wconf 89' lang='lat' dir='ltr'><strong>etc.,</strong></span> 
     </span>
    </p>
   </div>
   <div class='ocr_carea' id='block_1_97' title="bbox 2179 4032 3754 4111">
    <p class='ocr_par' dir='ltr' id='par_1_97' title="bbox 2179 4032 3754 4111">
     <span class='ocr_line' id='line_1_97' title="bbox 2179 4032 3754 4111; baseline 0.004 -23"><span class='ocrx_word' id='word_1_661' title='bbox 2179 4032 2342 4101; x_wconf 86' lang='lat' dir='ltr'><strong>Quasi</strong></span> <span class='ocrx_word' id='word_1_662' title='bbox 2368 4035 2513 4089; x_wconf 86' lang='lat' dir='ltr'><strong>dicat</strong></span> <span class='ocrx_word' id='word_1_663' title='bbox 2544 4054 2557 4090; x_wconf 89' lang='lat'><strong>:</strong></span> <span class='ocrx_word' id='word_1_664' title='bbox 2588 4035 2850 4091; x_wconf 88' lang='lat' dir='ltr'><strong>Putabam</strong></span> <span class='ocrx_word' id='word_1_665' title='bbox 2880 4041 3024 4108; x_wconf 89' lang='lat' dir='ltr'><strong>quod</strong></span> <span class='ocrx_word' id='word_1_666' title='bbox 3063 4037 3194 4093; x_wconf 89' lang='lat' dir='ltr'><strong>solis</strong></span> <span class='ocrx_word' id='word_1_667' title='bbox 3221 4039 3472 4109; x_wconf 85' lang='lat' dir='ltr'><strong>gentibus</strong></span> <span class='ocrx_word' id='word_1_668' title='bbox 3499 4039 3754 4111; x_wconf 83' lang='lat' dir='ltr'><strong>propina-</strong></span> 
     </span>
    </p>
   </div>
   <div class='ocr_carea' id='block_1_98' title="bbox 2180 4127 3752 4205">
    <p class='ocr_par' dir='ltr' id='par_1_98' title="bbox 2180 4127 3752 4205">
     <span class='ocr_line' id='line_1_98' title="bbox 2180 4127 3752 4205; baseline 0.001 -24"><span class='ocrx_word' id='word_1_669' title='bbox 2180 4142 2294 4191; x_wconf 88' lang='lat' dir='ltr'><strong>rem</strong></span> <span class='ocrx_word' id='word_1_670' title='bbox 2323 4168 2339 4194; x_wconf 91' lang='lat'><strong>,</strong></span> <span class='ocrx_word' id='word_1_671' title='bbox 2361 4134 2420 4205; x_wconf 82' lang='lat' dir='ltr'><strong>et</strong></span> <span class='ocrx_word' id='word_1_672' title='bbox 2446 4127 2564 4182; x_wconf 90' lang='lat' dir='ltr'><strong>ideo</strong></span> <span class='ocrx_word' id='word_1_673' title='bbox 2593 4127 2720 4185; x_wconf 91' lang='lat' dir='ltr'><strong>huic</strong></span> <span class='ocrx_word' id='word_1_674' title='bbox 2751 4128 3053 4184; x_wconf 89' lang='lat' dir='ltr'><strong>ministerio</strong></span> <span class='ocrx_word' id='word_1_675' title='bbox 3092 4145 3179 4185; x_wconf 90' lang='lat' dir='ltr'><strong>me</strong></span> <span class='ocrx_word' id='word_1_676' title='bbox 3228 4129 3382 4185; x_wconf 80' lang='lat' dir='ltr'><strong>lactus</strong></span> <span class='ocrx_word' id='word_1_677' title='bbox 3404 4129 3752 4203; x_wconf 34' lang='lat' dir='ltr'><strong>[,obtuleram,</strong></span> 
     </span>
    </p>
   </div>
   <div class='ocr_carea' id='block_1_99' title="bbox 2180 4220 3773 4295">
    <p class='ocr_par' dir='ltr' id='par_1_99' title="bbox 2180 4220 3773 4295">
     <span class='ocr_line' id='line_1_99' title="bbox 2180 4220 3773 4295; baseline 0 -20"><span class='ocrx_word' id='word_1_678' title='bbox 2180 4220 2274 4275; x_wconf 91' lang='lat' dir='ltr'><strong>sed</strong></span> <span class='ocrx_word' id='word_1_679' title='bbox 2314 4220 2454 4272; x_wconf 91' lang='lat' dir='ltr'><strong>inter</strong></span> <span class='ocrx_word' id='word_1_680' title='bbox 2493 4227 2718 4274; x_wconf 76' lang='lat' dir='ltr'><strong>caeteras</strong></span> <span class='ocrx_word' id='word_1_681' title='bbox 2754 4229 2958 4290; x_wconf 88' lang='lat' dir='ltr'><strong>gentes,</strong></span> <span class='ocrx_word' id='word_1_682' title='bbox 3002 4221 3110 4275; x_wconf 91' lang='lat' dir='ltr'><strong>imo</strong></span> <span class='ocrx_word' id='word_1_683' title='bbox 3144 4229 3270 4275; x_wconf 87' lang='lat' dir='ltr'><strong>ante</strong></span> <span class='ocrx_word' id='word_1_684' title='bbox 3308 4231 3552 4287; x_wconf 75' lang='lat' dir='ltr'><strong>cameras,</strong></span> <span class='ocrx_word' id='word_1_685' title='bbox 3582 4220 3773 4295; x_wconf 47' lang='lat' dir='ltr'><strong>propif,</strong></span> 
     </span>
    </p>
   </div>
   <div class='ocr_carea' id='block_1_100' title="bbox 2180 4296 3777 4385">
    <p class='ocr_par' dir='ltr' id='par_1_100' title="bbox 2180 4296 3777 4385">
     <span class='ocr_line' id='line_1_100' title="bbox 2180 4296 3777 4385; baseline 0.003 -22"><span class='ocrx_word' id='word_1_686' title='bbox 2180 4308 2303 4363; x_wconf 88' lang='lat' dir='ltr'><strong>navi</strong></span> <span class='ocrx_word' id='word_1_687' title='bbox 2337 4304 2634 4362; x_wconf 89' lang='lat' dir='ltr'><strong>Jerusalem</strong></span> <span class='ocrx_word' id='word_1_688' title='bbox 2658 4316 2712 4363; x_wconf 90' lang='lat' dir='ltr'><strong>et</strong></span> <span class='ocrx_word' id='word_1_689' title='bbox 2737 4307 3044 4365; x_wconf 82' lang='lat' dir='ltr'><strong>civitatibus</strong></span> <span class='ocrx_word' id='word_1_690' title='bbox 3071 4308 3226 4376; x_wconf 87' lang='lat' dir='ltr'><strong>Juda,</strong></span> <span class='ocrx_word' id='word_1_691' title='bbox 3256 4317 3364 4365; x_wconf 90' lang='lat' dir='ltr'><strong>etc.</strong></span> <span class='ocrx_word' id='word_1_692' title='bbox 3444 4296 3447 4299; x_wconf 17' lang='grc' dir='ltr'><em>Α</em></span> <span class='ocrx_word' id='word_1_693' title='bbox 3578 4382 3581 4385; x_wconf 18' lang='grc' dir='ltr'><em>Α</em></span> <span class='ocrx_word' id='word_1_694' title='bbox 3774 4306 3777 4307; x_wconf 47' lang='grc'><strong><em>⁷</em></strong></span> 
     </span>
    </p>
   </div>
   <div class='ocr_carea' id='block_1_101' title="bbox 2250 4386 3756 4488">
    <p class='ocr_par' dir='ltr' id='par_1_101' title="bbox 2250 4386 3756 4488">
     <span class='ocr_line' id='line_1_101' title="bbox 2250 4386 3756 4488; baseline 0.003 -35"><span class='ocrx_word' id='word_1_695' title='bbox 2250 4397 2413 4453; x_wconf 87' lang='lat' dir='ltr'><strong>Vens.</strong></span> <span class='ocrx_word' id='word_1_696' title='bbox 2440 4398 2601 4477; x_wconf 77' lang='grc' dir='ltr'>19.-τ</span> <span class='ocrx_word' id='word_1_697' title='bbox 2619 4397 2890 4455; x_wconf 75' lang='grc' dir='ltr'><strong>ΡΙιαναοηὶ</strong></span> <span class='ocrx_word' id='word_1_698' title='bbox 2913 4403 3019 4471; x_wconf 83' lang='lat' dir='ltr'><strong>regi</strong></span> <span class='ocrx_word' id='word_1_699' title='bbox 3042 4386 3284 4488; x_wconf 60' lang='grc' dir='ltr'><strong>χερείριἱ,</strong></span> <span class='ocrx_word' id='word_1_700' title='bbox 3307 4412 3411 4457; x_wconf 88' lang='lat' dir='ltr'><strong>etc.</strong></span> <span class='ocrx_word' id='word_1_701' title='bbox 3443 4401 3573 4485; x_wconf 53' lang='lat' dir='ltr'><strong>Polst</strong></span> <span class='ocrx_word' id='word_1_702' title='bbox 3604 4400 3756 4457; x_wconf 83' lang='lat' dir='ltr'><strong>Jeru-</strong></span> 
     </span>
    </p>
   </div>
   <div class='ocr_carea' id='block_1_102' title="bbox 2181 4478 3751 4566">
    <p class='ocr_par' dir='ltr' id='par_1_102' title="bbox 2181 4478 3751 4566">
     <span class='ocr_line' id='line_1_102' title="bbox 2181 4478 3751 4566; baseline 0.001 -19"><span class='ocrx_word' id='word_1_703' title='bbox 2181 4491 2345 4547; x_wconf 90' lang='lat' dir='ltr'><strong>salem</strong></span> <span class='ocrx_word' id='word_1_704' title='bbox 2363 4492 2498 4547; x_wconf 86' lang='lat' dir='ltr'><strong>bibit</strong></span> <span class='ocrx_word' id='word_1_705' title='bbox 2515 4492 2728 4547; x_wconf 90' lang='lat' dir='ltr'><strong>Pharao</strong></span> <span class='ocrx_word' id='word_1_706' title='bbox 2755 4509 2846 4549; x_wconf 83' lang='lat' dir='ltr'><strong>rex</strong></span> <span class='ocrx_word' id='word_1_707' title='bbox 2869 4493 3109 4566; x_wconf 64' lang='lat' dir='ltr'><strong>Egypti,</strong></span> <span class='ocrx_word' id='word_1_708' title='bbox 3135 4478 3189 4550; x_wconf 68' lang='lat' dir='ltr'><strong>ei</strong></span> <span class='ocrx_word' id='word_1_709' title='bbox 3212 4497 3353 4551; x_wconf 87' lang='lat' dir='ltr'><strong>servi</strong></span> <span class='ocrx_word' id='word_1_710' title='bbox 3369 4478 3574 4563; x_wconf 67' lang='lat' dir='ltr'><strong>cjus,et</strong></span> <span class='ocrx_word' id='word_1_711' title='bbox 3598 4496 3751 4565; x_wconf 88' lang='lat' dir='ltr'><strong>prin-</strong></span> 
     </span>
    </p>
   </div>
   <div class='ocr_carea' id='block_1_103' title="bbox 2179 4580 3755 4663">
    <p class='ocr_par' dir='ltr' id='par_1_103' title="bbox 2179 4580 3755 4663">
     <span class='ocr_line' id='line_1_103' title="bbox 2179 4580 3755 4663; baseline 0.003 -29"><span class='ocrx_word' id='word_1_712' title='bbox 2179 4581 2345 4650; x_wconf 89' lang='lat' dir='ltr'><strong>cipes,</strong></span> <span class='ocrx_word' id='word_1_713' title='bbox 2376 4588 2432 4634; x_wconf 92' lang='lat' dir='ltr'><strong>et</strong></span> <span class='ocrx_word' id='word_1_714' title='bbox 2457 4580 2740 4636; x_wconf 80' lang='lat' dir='ltr'><strong>universus</strong></span> <span class='ocrx_word' id='word_1_715' title='bbox 2778 4583 3027 4654; x_wconf 89' lang='lat' dir='ltr'><strong>populus,</strong></span> <span class='ocrx_word' id='word_1_716' title='bbox 3077 4593 3131 4638; x_wconf 89' lang='lat' dir='ltr'><strong>et</strong></span> <span class='ocrx_word' id='word_1_717' title='bbox 3170 4584 3261 4653; x_wconf 89' lang='lat' dir='ltr'><strong>qui</strong></span> <span class='ocrx_word' id='word_1_718' title='bbox 3290 4601 3396 4639; x_wconf 95' lang='lat' dir='ltr'><strong>non</strong></span> <span class='ocrx_word' id='word_1_719' title='bbox 3426 4585 3641 4663; x_wconf 82' lang='lat' dir='ltr'><strong>quidem</strong></span> <span class='ocrx_word' id='word_1_720' title='bbox 3669 4592 3755 4639; x_wconf 90' lang='lat' dir='ltr'><strong>est</strong></span> 
     </span>
    </p>
   </div>
   <div class='ocr_carea' id='block_1_104' title="bbox 2176 4668 3578 4749">
    <p class='ocr_par' dir='ltr' id='par_1_104' title="bbox 2176 4668 3578 4749">
     <span class='ocr_line' id='line_1_104' title="bbox 2176 4668 3578 4749; baseline 0.004 -22"><span class='ocrx_word' id='word_1_721' title='bbox 2176 4668 2486 4744; x_wconf 61' lang='lat' dir='ltr'><strong>Egyptius,</strong></span> <span class='ocrx_word' id='word_1_722' title='bbox 2518 4673 2612 4728; x_wconf 90' lang='lat' dir='ltr'><strong>sed</strong></span> <span class='ocrx_word' id='word_1_723' title='bbox 2635 4675 2688 4728; x_wconf 92' lang='lat' dir='ltr'><strong>in</strong></span> <span class='ocrx_word' id='word_1_724' title='bbox 2716 4676 2833 4742; x_wconf 78' lang='lat' dir='ltr'><strong>ejus</strong></span> <span class='ocrx_word' id='word_1_725' title='bbox 2855 4675 3165 4745; x_wconf 86' lang='lat' dir='ltr'><strong>regionibus</strong></span> <span class='ocrx_word' id='word_1_726' title='bbox 3192 4685 3578 4749; x_wconf 88' lang='lat' dir='ltr'><strong>commoratur.</strong></span> 
     </span>
    </p>
   </div>
   <div class='ocr_carea' id='block_1_105' title="bbox 2247 4762 3752 4837">
    <p class='ocr_par' dir='ltr' id='par_1_105' title="bbox 2247 4762 3752 4837">
     <span class='ocr_line' id='line_1_105' title="bbox 2247 4762 3752 4837; baseline 0.004 -20"><span class='ocrx_word' id='word_1_727' title='bbox 2247 4764 2409 4837; x_wconf 82' lang='lat' dir='ltr'><strong>Vens.</strong></span> <span class='ocrx_word' id='word_1_728' title='bbox 2433 4762 2522 4817; x_wconf 63' lang='grc' dir='ltr'>ΞΟ.</span> <span class='ocrx_word' id='word_1_729' title='bbox 2553 4792 2625 4804; x_wconf 90' lang='lat'>——</span> <span class='ocrx_word' id='word_1_730' title='bbox 2664 4762 2986 4818; x_wconf 78' lang='lat' dir='ltr'><strong>Philistltiim</strong></span> <span class='ocrx_word' id='word_1_731' title='bbox 3029 4776 3075 4831; x_wconf 85' lang='lat' dir='ltr'><strong>et</strong></span> <span class='ocrx_word' id='word_1_732' title='bbox 3104 4766 3401 4832; x_wconf 79' lang='lat' dir='ltr'><strong>Ascalonis,</strong></span> <span class='ocrx_word' id='word_1_733' title='bbox 3436 4775 3542 4823; x_wconf 89' lang='lat' dir='ltr'><strong>etc.</strong></span> <span class='ocrx_word' id='word_1_734' title='bbox 3580 4767 3752 4837; x_wconf 65' lang='lat' dir='ltr'><strong>Gene-</strong></span> 
     </span>
    </p>
   </div>
   <div class='ocr_carea' id='block_1_106' title="bbox 2175 4835 3748 4933">
    <p class='ocr_par' dir='ltr' id='par_1_106' title="bbox 2175 4835 3748 4933">
     <span class='ocr_line' id='line_1_106' title="bbox 2175 4835 3748 4933; baseline 0.001 -26"><span class='ocrx_word' id='word_1_735' title='bbox 2175 4835 2275 4907; x_wconf 88' lang='lat' dir='ltr'><strong>rali</strong></span> <span class='ocrx_word' id='word_1_736' title='bbox 2326 4852 2545 4907; x_wconf 91' lang='lat' dir='ltr'><strong>nomine</strong></span> <span class='ocrx_word' id='word_1_737' title='bbox 2587 4860 2786 4905; x_wconf 89' lang='lat' dir='ltr'><strong>terram</strong></span> <span class='ocrx_word' id='word_1_738' title='bbox 2834 4851 3242 4907; x_wconf 68' lang='lat' dir='ltr'><strong>Palmstinorum</strong></span> <span class='ocrx_word' id='word_1_739' title='bbox 3280 4835 3589 4933; x_wconf 71' lang='lat' dir='ltr'><strong>signiﬁcat,</strong></span> <span class='ocrx_word' id='word_1_740' title='bbox 3618 4864 3748 4921; x_wconf 92' lang='lat' dir='ltr'><strong>etc.,</strong></span> 
     </span>
    </p>
   </div>
   <div class='ocr_carea' id='block_1_107' title="bbox 2172 4939 3753 5015">
    <p class='ocr_par' dir='ltr' id='par_1_107' title="bbox 2172 4939 3753 5015">
     <span class='ocr_line' id='line_1_107' title="bbox 2172 4939 3753 5015; baseline 0.003 -19"><span class='ocrx_word' id='word_1_741' title='bbox 2172 4958 2332 5012; x_wconf 84' lang='lat' dir='ltr'><strong>usque</strong></span> <span class='ocrx_word' id='word_1_742' title='bbox 2352 4941 2420 4995; x_wconf 90' lang='lat' dir='ltr'><strong>ad</strong></span> <span class='ocrx_word' id='word_1_743' title='bbox 2436 4939 2761 5015; x_wconf 83' lang='lat' dir='ltr'><strong>Palaestinos</strong></span> <span class='ocrx_word' id='word_1_744' title='bbox 2788 4950 2966 4995; x_wconf 90' lang='lat' dir='ltr'><strong>autem</strong></span> <span class='ocrx_word' id='word_1_745' title='bbox 2990 4955 3022 4995; x_wconf 91' lang='lat' dir='ltr'><strong>a</strong></span> <span class='ocrx_word' id='word_1_746' title='bbox 3054 4940 3360 5015; x_wconf 84' lang='lat' dir='ltr'><strong>Babyloniis</strong></span> <span class='ocrx_word' id='word_1_747' title='bbox 3386 4954 3570 5015; x_wconf 83' lang='lat' dir='ltr'><strong>captos</strong></span> <span class='ocrx_word' id='word_1_748' title='bbox 3590 4952 3753 5015; x_wconf 89' lang='lat' dir='ltr'><strong>atque</strong></span> 
     </span>
    </p>
   </div>
   <div class='ocr_carea' id='block_1_108' title="bbox 2175 5014 2951 5088">
    <p class='ocr_par' dir='ltr' id='par_1_108' title="bbox 2175 5014 2951 5088">
     <span class='ocr_line' id='line_1_108' title="bbox 2175 5014 2951 5088; baseline -0.003 -1"><span class='ocrx_word' id='word_1_749' title='bbox 2175 5040 2412 5088; x_wconf 79' lang='lat' dir='ltr'><strong>vastatos</strong></span> <span class='ocrx_word' id='word_1_750' title='bbox 2436 5014 2625 5087; x_wconf 80' lang='lat' dir='ltr'><strong>scribit</strong></span> <span class='ocrx_word' id='word_1_751' title='bbox 2645 5029 2830 5086; x_wconf 82' lang='lat' dir='ltr'><strong>lsaias.</strong></span> <span class='ocrx_word' id='word_1_752' title='bbox 2944 5040 2951 5043; x_wconf 59' lang='lat'>‘</span> 
     </span>
    </p>
   </div>
   <div class='ocr_carea' id='block_1_109' title="bbox 2247 5114 3752 5201">
    <p class='ocr_par' dir='ltr' id='par_1_109' title="bbox 2247 5114 3752 5201">
     <span class='ocr_line' id='line_1_109' title="bbox 2247 5114 3752 5201; baseline 0.002 -23"><span class='ocrx_word' id='word_1_753' title='bbox 2247 5123 2412 5178; x_wconf 86' lang='lat' dir='ltr'><strong>Vens.</strong></span> <span class='ocrx_word' id='word_1_754' title='bbox 2437 5122 2530 5177; x_wconf 75' lang='lat'><strong>22.</strong></span> <span class='ocrx_word' id='word_1_755' title='bbox 2558 5152 2630 5162; x_wconf 90' lang='lat'><strong>—</strong></span> <span class='ocrx_word' id='word_1_756' title='bbox 2653 5122 2778 5194; x_wconf 85' lang='lat' dir='ltr'><strong>Tyri</strong></span> <span class='ocrx_word' id='word_1_757' title='bbox 2804 5133 2853 5178; x_wconf 82' lang='lat' dir='ltr'><strong>et</strong></span> <span class='ocrx_word' id='word_1_758' title='bbox 2891 5124 3145 5180; x_wconf 83' lang='lat' dir='ltr'><strong>universis</strong></span> <span class='ocrx_word' id='word_1_759' title='bbox 3186 5126 3412 5198; x_wconf 80' lang='lat' dir='ltr'><strong>regibus,</strong></span> <span class='ocrx_word' id='word_1_760' title='bbox 3443 5114 3550 5201; x_wconf 67' lang='lat' dir='ltr'><strong>etc.</strong></span> <span class='ocrx_word' id='word_1_761' title='bbox 3578 5126 3752 5197; x_wconf 85' lang='lat' dir='ltr'><strong>Tyrus</strong></span> 
     </span>
    </p>
   </div>
   <div class='ocr_carea' id='block_1_110' title="bbox 2178 5206 3750 5291">
    <p class='ocr_par' dir='ltr' id='par_1_110' title="bbox 2178 5206 3750 5291">
     <span class='ocr_line' id='line_1_110' title="bbox 2178 5206 3750 5291; baseline 0 -22"><span class='ocrx_word' id='word_1_762' title='bbox 2178 5207 2233 5269; x_wconf 75' lang='lat' dir='ltr'><strong>et</strong></span> <span class='ocrx_word' id='word_1_763' title='bbox 2279 5206 2445 5269; x_wconf 89' lang='lat' dir='ltr'><strong>Sidon</strong></span> <span class='ocrx_word' id='word_1_764' title='bbox 2490 5222 2615 5268; x_wconf 89' lang='lat' dir='ltr'><strong>sunt</strong></span> <span class='ocrx_word' id='word_1_765' title='bbox 2653 5214 2707 5269; x_wconf 93' lang='lat' dir='ltr'><strong>in</strong></span> <span class='ocrx_word' id='word_1_766' title='bbox 2758 5212 2939 5270; x_wconf 88' lang='lat' dir='ltr'><strong>littore</strong></span> <span class='ocrx_word' id='word_1_767' title='bbox 2985 5216 3280 5282; x_wconf 77' lang='lat' dir='ltr'><strong>Phtenicis,</strong></span> <span class='ocrx_word' id='word_1_768' title='bbox 3320 5226 3451 5284; x_wconf 89' lang='lat' dir='ltr'><strong>etc.,</strong></span> <span class='ocrx_word' id='word_1_769' title='bbox 3482 5233 3651 5291; x_wconf 75' lang='lat' dir='ltr'><strong>usque</strong></span> <span class='ocrx_word' id='word_1_770' title='bbox 3680 5216 3750 5269; x_wconf 89' lang='lat' dir='ltr'><strong>ad</strong></span> 
     </span>
    </p>
   </div>
   <div class='ocr_carea' id='block_1_111' title="bbox 2174 5298 3577 5375">
    <p class='ocr_par' dir='ltr' id='par_1_111' title="bbox 2174 5298 3577 5375">
     <span class='ocr_line' id='line_1_111' title="bbox 2174 5298 3577 5375; baseline 0.001 -17"><span class='ocrx_word' id='word_1_771' title='bbox 2174 5298 2857 5375; x_wconf 47' lang='lat' dir='ltr'><strong>lingua.llebraicd&#39;magna</strong></span> <span class='ocrx_word' id='word_1_772' title='bbox 2882 5322 2949 5361; x_wconf 79' lang='lat' dir='ltr'><strong>ex</strong></span> <span class='ocrx_word' id='word_1_773' title='bbox 2978 5317 3133 5375; x_wconf 86' lang='lat' dir='ltr'><strong>parte</strong></span> <span class='ocrx_word' id='word_1_774' title='bbox 3157 5307 3383 5363; x_wconf 82' lang='lat' dir='ltr'><strong>conﬁnis</strong></span> <span class='ocrx_word' id='word_1_775' title='bbox 3403 5314 3507 5361; x_wconf 90' lang='lat' dir='ltr'><strong>est.</strong></span> <span class='ocrx_word' id='word_1_776' title='bbox 3572 5298 3577 5309; x_wconf 81' lang='grc'><em>’</em></span> 
     </span>
    </p>
   </div>
   <div class='ocr_carea' id='block_1_112' title="bbox 2250 5394 3750 5468">
    <p class='ocr_par' dir='ltr' id='par_1_112' title="bbox 2250 5394 3750 5468">
     <span class='ocr_line' id='line_1_112' title="bbox 2250 5394 3750 5468; baseline 0.003 -20"><span class='ocrx_word' id='word_1_777' title='bbox 2250 5394 2411 5449; x_wconf 86' lang='lat' dir='ltr'><strong>Vens.</strong></span> <span class='ocrx_word' id='word_1_778' title='bbox 2451 5394 2637 5448; x_wconf 77' lang='lat'><strong>25.-—</strong></span> <span class='ocrx_word' id='word_1_779' title='bbox 2678 5395 2904 5468; x_wconf 85' lang='lat' dir='ltr'><strong>Regibus</strong></span> <span class='ocrx_word' id='word_1_780' title='bbox 2933 5397 3088 5452; x_wconf 84' lang='lat' dir='ltr'><strong>Elam</strong></span> <span class='ocrx_word' id='word_1_781' title='bbox 3114 5409 3160 5453; x_wconf 84' lang='lat' dir='ltr'><strong>et</strong></span> <span class='ocrx_word' id='word_1_782' title='bbox 3197 5400 3417 5464; x_wconf 82' lang='lat' dir='ltr'><strong>cunctis,</strong></span> <span class='ocrx_word' id='word_1_783' title='bbox 3460 5406 3563 5453; x_wconf 89' lang='lat' dir='ltr'><strong>etc.</strong></span> <span class='ocrx_word' id='word_1_784' title='bbox 3613 5398 3750 5467; x_wconf 85' lang='lat' dir='ltr'><strong>Quia</strong></span> 
     </span>
    </p>
   </div>
   <div class='ocr_carea' id='block_1_113' title="bbox 2180 5470 3748 5575">
    <p class='ocr_par' dir='ltr' id='par_1_113' title="bbox 2180 5470 3748 5575">
     <span class='ocr_line' id='line_1_113' title="bbox 2180 5470 3748 5575; baseline 0.004 -38"><span class='ocrx_word' id='word_1_785' title='bbox 2180 5484 2441 5556; x_wconf 82' lang='lat' dir='ltr'><strong>sequitur,</strong></span> <span class='ocrx_word' id='word_1_786' title='bbox 2472 5480 2626 5540; x_wconf 83' lang='lat' dir='ltr'><strong>Elam</strong></span> <span class='ocrx_word' id='word_1_787' title='bbox 2654 5493 2702 5541; x_wconf 88' lang='lat' dir='ltr'><strong>et</strong></span> <span class='ocrx_word' id='word_1_788' title='bbox 2745 5505 2887 5559; x_wconf 83' lang='lat' dir='ltr'><strong>reges</strong></span> <span class='ocrx_word' id='word_1_789' title='bbox 2923 5489 3196 5543; x_wconf 75' lang='lat' dir='ltr'><strong>Medorum</strong></span> <span class='ocrx_word' id='word_1_790' title='bbox 3231 5470 3562 5545; x_wconf 69' lang='lat' dir='ltr'><strong>arbitrantur</strong></span> <span class='ocrx_word' id='word_1_791' title='bbox 3588 5490 3748 5575; x_wconf 49' lang='lat' dir='ltr'><strong>Bam-</strong></span> 
     </span>
    </p>
   </div>
   <div class='ocr_carea' id='block_1_114' title="bbox 2177 5570 3783 5652">
    <p class='ocr_par' dir='ltr' id='par_1_114' title="bbox 2177 5570 3783 5652">
     <span class='ocr_line' id='line_1_114' title="bbox 2177 5570 3783 5652; baseline 0.002 -19"><span class='ocrx_word' id='word_1_792' title='bbox 2177 5576 2260 5633; x_wconf 84' lang='lat' dir='ltr'><strong>bri</strong></span> <span class='ocrx_word' id='word_1_793' title='bbox 2281 5591 2401 5632; x_wconf 92' lang='lat' dir='ltr'><strong>esse</strong></span> <span class='ocrx_word' id='word_1_794' title='bbox 2423 5577 2660 5633; x_wconf 88' lang='lat' dir='ltr'><strong>Persidis</strong></span> <span class='ocrx_word' id='word_1_795' title='bbox 2680 5582 2955 5651; x_wconf 83' lang='lat' dir='ltr'><strong>regionem</strong></span> <span class='ocrx_word' id='word_1_796' title='bbox 2986 5600 2998 5635; x_wconf 95' lang='lat'>:</span> <span class='ocrx_word' id='word_1_797' title='bbox 3030 5583 3133 5636; x_wconf 90' lang='lat' dir='ltr'><strong>nisi</strong></span> <span class='ocrx_word' id='word_1_798' title='bbox 3159 5581 3297 5637; x_wconf 81' lang='lat' dir='ltr'><strong>forte</strong></span> <span class='ocrx_word' id='word_1_799' title='bbox 3317 5570 3783 5652; x_wconf 62' lang='lat' dir='ltr'><strong>qttia&quot;praecessit“</strong></span> 
     </span>
    </p>
   </div>
   <div class='ocr_carea' id='block_1_115' title="bbox 2175 5668 3466 5745">
    <p class='ocr_par' dir='ltr' id='par_1_115' title="bbox 2175 5668 3466 5745">
     <span class='ocr_line' id='line_1_115' title="bbox 2175 5668 3466 5745; baseline 0.003 -19"><span class='ocrx_word' id='word_1_800' title='bbox 2175 5670 2398 5736; x_wconf 80' lang='lat' dir='ltr'><strong>Arabia,</strong></span> <span class='ocrx_word' id='word_1_801' title='bbox 2430 5671 2799 5742; x_wconf 85' lang='lat' dir='ltr'><strong>intelligantur</strong></span> <span class='ocrx_word' id='word_1_802' title='bbox 2824 5689 2945 5730; x_wconf 83' lang='lat' dir='ltr'><strong>esse</strong></span> <span class='ocrx_word' id='word_1_803' title='bbox 2967 5690 3121 5745; x_wconf 83' lang='lat' dir='ltr'><strong>reges</strong></span> <span class='ocrx_word' id='word_1_804' title='bbox 3146 5668 3466 5732; x_wconf 83' lang='lat' dir='ltr'><strong>solitudinis.</strong></span> 
     </span>
    </p>
   </div>
   <div class='ocr_carea' id='block_1_116' title="bbox 2248 5761 3749 5832">
    <p class='ocr_par' dir='ltr' id='par_1_116' title="bbox 2248 5761 3749 5832">
     <span class='ocr_line' id='line_1_116' title="bbox 2248 5761 3749 5832; baseline 0.002 -16"><span class='ocrx_word' id='word_1_805' title='bbox 2248 5762 2315 5816; x_wconf 64' lang='grc' dir='ltr'><strong>Δ(</strong></span> <span class='ocrx_word' id='word_1_806' title='bbox 2348 5777 2438 5817; x_wconf 71' lang='lat' dir='ltr'><strong>rex</strong></span> <span class='ocrx_word' id='word_1_807' title='bbox 2467 5761 2679 5829; x_wconf 81' lang='lat' dir='ltr'><strong>Sesacb,</strong></span> <span class='ocrx_word' id='word_1_808' title='bbox 2709 5775 2812 5820; x_wconf 86' lang='lat' dir='ltr'><strong>etc.</strong></span> <span class='ocrx_word' id='word_1_809' title='bbox 2838 5765 2999 5832; x_wconf 76' lang='lat' dir='ltr'><strong>Quasi</strong></span> <span class='ocrx_word' id='word_1_810' title='bbox 3023 5766 3167 5822; x_wconf 83' lang='lat' dir='ltr'><strong>dicat</strong></span> <span class='ocrx_word' id='word_1_811' title='bbox 3192 5783 3205 5820; x_wconf 92' lang='lat'>:</span> <span class='ocrx_word' id='word_1_812' title='bbox 3237 5767 3502 5824; x_wconf 87' lang='lat' dir='ltr'><strong>Omnesin</strong></span> <span class='ocrx_word' id='word_1_813' title='bbox 3517 5766 3749 5823; x_wconf 81' lang='lat' dir='ltr'><strong>circum-</strong></span> 
     </span>
    </p>
   </div>
   <div class='ocr_carea' id='block_1_117' title="bbox 3574 5874 3701 5911">
    <p class='ocr_par' dir='ltr' id='par_1_117' title="bbox 3574 5874 3701 5911">
     <span class='ocr_line' id='line_1_117' title="bbox 3574 5874 3701 5911; baseline 0.016 -2"><span class='ocrx_word' id='word_1_814' title='bbox 3574 5874 3701 5911; x_wconf 54' lang='lat'><strong>&quot;‘4.</strong></span> 
     </span>
    </p>
   </div>
  </div>
