  <div class='ocr_page' id='page_1' title='image "/cluster/home/n/w/nwhite01/storage/ocr_20150623/114/hvd.32044018909580/026.png"; bbox 0 0 4068 6344; ppageno 0'>
   <div class='ocr_carea' id='block_1_1' title="bbox 292 352 3571 463">
    <p class='ocr_par' dir='ltr' id='par_1_1' title="bbox 292 352 3571 463">
     <span class='ocr_line' id='line_1_1' title="bbox 292 352 3571 463; baseline 0.003 -9"><span class='ocrx_word' id='word_1_1' title='bbox 292 395 361 454; x_wconf 75' lang='lat' dir='ltr'><strong>tt</strong></span> <span class='ocrx_word' id='word_1_2' title='bbox 850 352 860 357; x_wconf 48' lang='grc'><strong><em>’</em></strong></span> <span class='ocrx_word' id='word_1_3' title='bbox 1150 395 1420 456; x_wconf 67' lang='lat' dir='ltr'><strong>cressa</strong></span> <span class='ocrx_word' id='word_1_4' title='bbox 1453 395 1851 456; x_wconf 65' lang='lat' dir='ltr'><strong>onmnann.</strong></span> <span class='ocrx_word' id='word_1_5' title='bbox 1891 426 1964 438; x_wconf 87' lang='grc'><strong><em>-</em></strong></span> <span class='ocrx_word' id='word_1_6' title='bbox 1999 395 2396 456; x_wconf 81' lang='lat' dir='ltr'><strong>PROPIIETIA</strong></span> <span class='ocrx_word' id='word_1_7' title='bbox 2432 398 2776 458; x_wconf 70' lang='lat' dir='ltr'><strong>tunsum.</strong></span> <span class='ocrx_word' id='word_1_8' title='bbox 3495 403 3571 463; x_wconf 71' lang='lat' dir='ltr'><strong>te</strong></span> 
     </span>
    </p>
   </div>
   <div class='ocr_carea' id='block_1_2' title="bbox 293 510 3568 593">
    <p class='ocr_par' dir='ltr' id='par_1_2' title="bbox 293 510 3568 593">
     <span class='ocr_line' id='line_1_2' title="bbox 293 510 3568 593; baseline 0.003 -19"><span class='ocrx_word' id='word_1_9' title='bbox 293 516 375 575; x_wconf 87' lang='lat' dir='ltr'><strong>itu</strong></span> <span class='ocrx_word' id='word_1_10' title='bbox 391 555 410 583; x_wconf 94' lang='lat'><strong>,</strong></span> <span class='ocrx_word' id='word_1_11' title='bbox 437 522 572 584; x_wconf 83' lang='lat' dir='ltr'><strong>etc.,</strong></span> <span class='ocrx_word' id='word_1_12' title='bbox 598 530 761 588; x_wconf 76' lang='lat' dir='ltr'><strong>usque</strong></span> <span class='ocrx_word' id='word_1_13' title='bbox 779 514 851 570; x_wconf 84' lang='lat' dir='ltr'><strong>ad</strong></span> <span class='ocrx_word' id='word_1_14' title='bbox 871 522 999 573; x_wconf 90' lang='lat' dir='ltr'><strong>ante</strong></span> <span class='ocrx_word' id='word_1_15' title='bbox 1015 513 1415 571; x_wconf 81' lang='lat' dir='ltr'><strong>Antichristum</strong></span> <span class='ocrx_word' id='word_1_16' title='bbox 1442 511 1740 570; x_wconf 89' lang='lat' dir='ltr'><strong>secundum</strong></span> <span class='ocrx_word' id='word_1_17' title='bbox 1777 511 1876 566; x_wconf 87' lang='lat' dir='ltr'><strong>Da-</strong></span> <span class='ocrx_word' id='word_1_18' title='bbox 1904 521 1958 582; x_wconf 75' lang='grc' dir='ltr'><strong>Α</strong></span> <span class='ocrx_word' id='word_1_19' title='bbox 1983 510 2134 568; x_wconf 81' lang='lat' dir='ltr'><strong>Multi</strong></span> <span class='ocrx_word' id='word_1_20' title='bbox 2159 522 2351 583; x_wconf 88' lang='lat' dir='ltr'><strong>putant</strong></span> <span class='ocrx_word' id='word_1_21' title='bbox 2379 515 2482 571; x_wconf 91' lang='lat' dir='ltr'><strong>hoc</strong></span> <span class='ocrx_word' id='word_1_22' title='bbox 2503 517 2780 588; x_wconf 78' lang='lat' dir='ltr'><strong>sequentis</strong></span> <span class='ocrx_word' id='word_1_23' title='bbox 2811 531 2934 575; x_wconf 91' lang='lat' dir='ltr'><strong>esse</strong></span> <span class='ocrx_word' id='word_1_24' title='bbox 2957 519 3316 593; x_wconf 80' lang='lat' dir='ltr'><strong>principium;</strong></span> <span class='ocrx_word' id='word_1_25' title='bbox 3347 524 3444 581; x_wconf 88' lang='lat' dir='ltr'><strong>sed</strong></span> <span class='ocrx_word' id='word_1_26' title='bbox 3473 542 3568 583; x_wconf 78' lang='lat' dir='ltr'><strong>su-</strong></span> 
     </span>
    </p>
   </div>
   <div class='ocr_carea' id='block_1_3' title="bbox 291 608 921 668">
    <p class='ocr_par' dir='ltr' id='par_1_3' title="bbox 291 608 921 668">
     <span class='ocr_line' id='line_1_3' title="bbox 291 608 921 668; baseline -0.006 0"><span class='ocrx_word' id='word_1_27' title='bbox 291 610 494 668; x_wconf 85' lang='lat' dir='ltr'><strong>nielem</strong></span> <span class='ocrx_word' id='word_1_28' title='bbox 517 608 921 667; x_wconf 87' lang='lat' dir='ltr'><strong>destruendum.</strong></span> 
     </span>
    </p>
   </div>
   <div class='ocr_carea' id='block_1_4' title="bbox 362 695 1879 765">
    <p class='ocr_par' dir='ltr' id='par_1_4' title="bbox 362 695 1879 765">
     <span class='ocr_line' id='line_1_4' title="bbox 362 695 1879 765; baseline -0.006 -9"><span class='ocrx_word' id='word_1_29' title='bbox 362 700 531 757; x_wconf 73' lang='lat' dir='ltr'><strong>Vsus.</strong></span> <span class='ocrx_word' id='word_1_30' title='bbox 558 700 649 756; x_wconf 81' lang='grc'><strong>51.</strong></span> <span class='ocrx_word' id='word_1_31' title='bbox 680 699 1048 756; x_wconf 79' lang='lat' dir='ltr'><strong>-—Judicium</strong></span> <span class='ocrx_word' id='word_1_32' title='bbox 1097 697 1346 754; x_wconf 87' lang='lat' dir='ltr'><strong>Domino.</strong></span> <span class='ocrx_word' id='word_1_33' title='bbox 1395 695 1533 765; x_wconf 83' lang='lat' dir='ltr'><strong>Quia</strong></span> <span class='ocrx_word' id='word_1_34' title='bbox 1581 705 1709 751; x_wconf 89' lang='lat' dir='ltr'><strong>sunt</strong></span> <span class='ocrx_word' id='word_1_35' title='bbox 1751 707 1879 765; x_wconf 85' lang='lat' dir='ltr'><strong>gen-</strong></span> 
     </span>
    </p>
   </div>
   <div class='ocr_carea' id='block_1_5' title="bbox 289 788 1878 864">
    <p class='ocr_par' dir='ltr' id='par_1_5' title="bbox 289 788 1878 864">
     <span class='ocr_line' id='line_1_5' title="bbox 289 788 1878 864; baseline -0.006 -13"><span class='ocrx_word' id='word_1_36' title='bbox 289 795 425 851; x_wconf 87' lang='lat' dir='ltr'><strong>tium</strong></span> <span class='ocrx_word' id='word_1_37' title='bbox 451 793 668 850; x_wconf 90' lang='lat' dir='ltr'><strong>diversa</strong></span> <span class='ocrx_word' id='word_1_38' title='bbox 686 791 910 860; x_wconf 88' lang='lat' dir='ltr'><strong>merita,</strong></span> <span class='ocrx_word' id='word_1_39' title='bbox 939 792 1029 864; x_wconf 88' lang='lat' dir='ltr'><strong>qui</strong></span> <span class='ocrx_word' id='word_1_40' title='bbox 1055 807 1161 846; x_wconf 90' lang='lat' dir='ltr'><strong>non</strong></span> <span class='ocrx_word' id='word_1_41' title='bbox 1185 789 1350 846; x_wconf 88' lang='lat' dir='ltr'><strong>credit</strong></span> <span class='ocrx_word' id='word_1_42' title='bbox 1362 789 1479 860; x_wconf 87' lang='lat' dir='ltr'><strong>jam</strong></span> <span class='ocrx_word' id='word_1_43' title='bbox 1495 788 1768 858; x_wconf 74' lang='lat' dir='ltr'><strong>judicatus</strong></span> <span class='ocrx_word' id='word_1_44' title='bbox 1782 797 1878 854; x_wconf 88' lang='lat' dir='ltr'><strong>est,</strong></span> 
     </span>
    </p>
   </div>
   <div class='ocr_carea' id='block_1_6' title="bbox 289 881 1884 956">
    <p class='ocr_par' dir='ltr' id='par_1_6' title="bbox 289 881 1884 956">
     <span class='ocr_line' id='line_1_6' title="bbox 289 881 1884 956; baseline -0.004 -12"><span class='ocrx_word' id='word_1_45' title='bbox 289 888 346 944; x_wconf 92' lang='lat' dir='ltr'><strong>in</strong></span> <span class='ocrx_word' id='word_1_46' title='bbox 374 900 442 943; x_wconf 92' lang='lat' dir='ltr'><strong>eo</strong></span> <span class='ocrx_word' id='word_1_47' title='bbox 471 886 681 942; x_wconf 73' lang='lat' dir='ltr'><strong>scilicet</strong></span> <span class='ocrx_word' id='word_1_48' title='bbox 709 885 855 956; x_wconf 92' lang='lat' dir='ltr'><strong>quod</strong></span> <span class='ocrx_word' id='word_1_49' title='bbox 892 899 1002 940; x_wconf 89' lang='lat' dir='ltr'><strong>non</strong></span> <span class='ocrx_word' id='word_1_50' title='bbox 1040 882 1242 950; x_wconf 89' lang='lat' dir='ltr'><strong>credit;</strong></span> <span class='ocrx_word' id='word_1_51' title='bbox 1275 881 1371 938; x_wconf 87' lang='lat' dir='ltr'><strong>sed</strong></span> <span class='ocrx_word' id='word_1_52' title='bbox 1395 881 1488 952; x_wconf 88' lang='lat' dir='ltr'><strong>qui</strong></span> <span class='ocrx_word' id='word_1_53' title='bbox 1513 896 1622 938; x_wconf 91' lang='lat' dir='ltr'><strong>non</strong></span> <span class='ocrx_word' id='word_1_54' title='bbox 1652 881 1884 937; x_wconf 87' lang='lat' dir='ltr'><strong>credunt</strong></span> 
     </span>
    </p>
   </div>
   <div class='ocr_carea' id='block_1_7' title="bbox 286 973 1177 1047">
    <p class='ocr_par' dir='ltr' id='par_1_7' title="bbox 286 973 1177 1047">
     <span class='ocr_line' id='line_1_7' title="bbox 286 973 1177 1047; baseline -0.004 -14"><span class='ocrx_word' id='word_1_55' title='bbox 286 977 520 1033; x_wconf 80' lang='lat' dir='ltr'><strong>diversis</strong></span> <span class='ocrx_word' id='word_1_56' title='bbox 543 975 849 1032; x_wconf 76' lang='lat' dir='ltr'><strong>adicientur</strong></span> <span class='ocrx_word' id='word_1_57' title='bbox 870 973 1177 1047; x_wconf 84' lang='lat' dir='ltr'><strong>suppliciis.</strong></span> 
     </span>
    </p>
   </div>
   <div class='ocr_carea' id='block_1_8' title="bbox 360 1066 1874 1142">
    <p class='ocr_par' dir='ltr' id='par_1_8' title="bbox 360 1066 1874 1142">
     <span class='ocr_line' id='line_1_8' title="bbox 360 1066 1874 1142; baseline 0 -18"><span class='ocrx_word' id='word_1_58' title='bbox 360 1069 524 1126; x_wconf 73' lang='lat' dir='ltr'><strong>Vens.</strong></span> <span class='ocrx_word' id='word_1_59' title='bbox 545 1070 637 1126; x_wconf 76' lang='lat'><strong>32.</strong></span> <span class='ocrx_word' id='word_1_60' title='bbox 660 1068 886 1125; x_wconf 74' lang='lat' dir='ltr'><strong>—-Ecce</strong></span> <span class='ocrx_word' id='word_1_61' title='bbox 912 1070 1225 1142; x_wconf 79' lang='lat' dir='ltr'><strong>egredietur,</strong></span> <span class='ocrx_word' id='word_1_62' title='bbox 1256 1077 1364 1126; x_wconf 88' lang='lat' dir='ltr'><strong>etc.</strong></span> <span class='ocrx_word' id='word_1_63' title='bbox 1395 1066 1737 1124; x_wconf 87' lang='lat' dir='ltr'><strong>Erubescant</strong></span> <span class='ocrx_word' id='word_1_64' title='bbox 1759 1068 1874 1140; x_wconf 88' lang='lat' dir='ltr'><strong>qui,</strong></span> 
     </span>
    </p>
   </div>
   <div class='ocr_carea' id='block_1_9' title="bbox 284 1161 1878 1236">
    <p class='ocr_par' dir='ltr' id='par_1_9' title="bbox 284 1161 1878 1236">
     <span class='ocr_line' id='line_1_9' title="bbox 284 1161 1878 1236; baseline 0.002 -21"><span class='ocrx_word' id='word_1_65' title='bbox 284 1163 396 1220; x_wconf 92' lang='lat' dir='ltr'><strong>vim</strong></span> <span class='ocrx_word' id='word_1_66' title='bbox 452 1164 749 1236; x_wconf 76' lang='lat' dir='ltr'><strong>Scriptura:</strong></span> <span class='ocrx_word' id='word_1_67' title='bbox 782 1171 985 1220; x_wconf 72' lang='lat' dir='ltr'><strong>sancta:</strong></span> <span class='ocrx_word' id='word_1_68' title='bbox 1034 1162 1318 1230; x_wconf 79' lang='lat' dir='ltr'><strong>facientes,</strong></span> <span class='ocrx_word' id='word_1_69' title='bbox 1355 1161 1412 1217; x_wconf 90' lang='lat' dir='ltr'><strong>in</strong></span> <span class='ocrx_word' id='word_1_70' title='bbox 1440 1161 1639 1220; x_wconf 85' lang='lat' dir='ltr'><strong>bonam</strong></span> <span class='ocrx_word' id='word_1_71' title='bbox 1666 1169 1878 1233; x_wconf 88' lang='lat' dir='ltr'><strong>partem</strong></span> 
     </span>
    </p>
   </div>
   <div class='ocr_carea' id='block_1_10' title="bbox 285 1259 1302 1333">
    <p class='ocr_par' dir='ltr' id='par_1_10' title="bbox 285 1259 1302 1333">
     <span class='ocr_line' id='line_1_10' title="bbox 285 1259 1302 1333; baseline -0.003 -17"><span class='ocrx_word' id='word_1_72' title='bbox 285 1261 568 1333; x_wconf 86' lang='lat' dir='ltr'><strong>accipiunt</strong></span> <span class='ocrx_word' id='word_1_73' title='bbox 590 1260 804 1316; x_wconf 87' lang='lat' dir='ltr'><strong>Domini</strong></span> <span class='ocrx_word' id='word_1_74' title='bbox 832 1259 1302 1316; x_wconf 89' lang='lat' dir='ltr'><strong>comminationes.</strong></span> 
     </span>
    </p>
   </div>
   <div class='ocr_carea' id='block_1_11' title="bbox 357 1349 1878 1424">
    <p class='ocr_par' dir='ltr' id='par_1_11' title="bbox 357 1349 1878 1424">
     <span class='ocr_line' id='line_1_11' title="bbox 357 1349 1878 1424; baseline -0.003 -15"><span class='ocrx_word' id='word_1_75' title='bbox 357 1351 525 1410; x_wconf 71' lang='lat' dir='ltr'><strong>Vens.</strong></span> <span class='ocrx_word' id='word_1_76' title='bbox 547 1353 712 1410; x_wconf 73' lang='lat'><strong>34.—</strong></span> <span class='ocrx_word' id='word_1_77' title='bbox 725 1351 957 1421; x_wconf 86' lang='lat' dir='ltr'><strong>Ululate,</strong></span> <span class='ocrx_word' id='word_1_78' title='bbox 974 1362 1231 1424; x_wconf 84' lang='lat' dir='ltr'><strong>pastores.</strong></span> <span class='ocrx_word' id='word_1_79' title='bbox 1251 1351 1410 1423; x_wconf 76' lang='grc' dir='ltr'><strong>(Ηιειι</strong></span> <span class='ocrx_word' id='word_1_80' title='bbox 1420 1349 1462 1423; x_wconf 94' lang='grc'>.)</span> <span class='ocrx_word' id='word_1_81' title='bbox 1479 1350 1726 1409; x_wconf 87' lang='lat' dir='ltr'><strong>Ululatus</strong></span> <span class='ocrx_word' id='word_1_82' title='bbox 1737 1350 1878 1422; x_wconf 88' lang='lat' dir='ltr'><strong>opti-</strong></span> 
     </span>
    </p>
   </div>
   <div class='ocr_carea' id='block_1_12' title="bbox 281 1443 1877 1522">
    <p class='ocr_par' dir='ltr' id='par_1_12' title="bbox 281 1443 1877 1522">
     <span class='ocr_line' id='line_1_12' title="bbox 281 1443 1877 1522; baseline -0.003 -16"><span class='ocrx_word' id='word_1_83' title='bbox 281 1456 488 1506; x_wconf 84' lang='lat' dir='ltr'><strong>matum</strong></span> <span class='ocrx_word' id='word_1_84' title='bbox 509 1449 707 1522; x_wconf 88' lang='lat' dir='ltr'><strong>gregis,</strong></span> <span class='ocrx_word' id='word_1_85' title='bbox 733 1456 864 1514; x_wconf 91' lang='lat' dir='ltr'><strong>etc.,</strong></span> <span class='ocrx_word' id='word_1_86' title='bbox 884 1464 1050 1520; x_wconf 83' lang='lat' dir='ltr'><strong>usque</strong></span> <span class='ocrx_word' id='word_1_87' title='bbox 1071 1447 1140 1502; x_wconf 86' lang='lat' dir='ltr'><strong>ad</strong></span> <span class='ocrx_word' id='word_1_88' title='bbox 1169 1447 1542 1504; x_wconf 87' lang='lat' dir='ltr'><strong>conticescent</strong></span> <span class='ocrx_word' id='word_1_89' title='bbox 1562 1445 1704 1502; x_wconf 90' lang='lat' dir='ltr'><strong>bona</strong></span> <span class='ocrx_word' id='word_1_90' title='bbox 1723 1443 1877 1516; x_wconf 89' lang='lat' dir='ltr'><strong>pacis</strong></span> 
     </span>
    </p>
   </div>
   <div class='ocr_carea' id='block_1_13' title="bbox 281 1539 1255 1600">
    <p class='ocr_par' dir='ltr' id='par_1_13' title="bbox 281 1539 1255 1600">
     <span class='ocr_line' id='line_1_13' title="bbox 281 1539 1255 1600; baseline -0.005 0"><span class='ocrx_word' id='word_1_91' title='bbox 281 1551 338 1600; x_wconf 89' lang='lat' dir='ltr'><strong>et</strong></span> <span class='ocrx_word' id='word_1_92' title='bbox 366 1541 690 1600; x_wconf 82' lang='lat' dir='ltr'><strong>auferentur</strong></span> <span class='ocrx_word' id='word_1_93' title='bbox 719 1542 776 1598; x_wconf 93' lang='lat' dir='ltr'><strong>in</strong></span> <span class='ocrx_word' id='word_1_94' title='bbox 802 1539 1255 1600; x_wconf 75' lang='lat' dir='ltr'><strong>furoreDomini.</strong></span> 
     </span>
    </p>
   </div>
   <div class='ocr_carea' id='block_1_14' title="bbox 847 1663 1294 1723">
    <p class='ocr_par' dir='ltr' id='par_1_14' title="bbox 847 1663 1294 1723">
     <span class='ocr_line' id='line_1_14' title="bbox 847 1663 1294 1723; baseline -0.009 0"><span class='ocrx_word' id='word_1_95' title='bbox 847 1663 1074 1723; x_wconf 79' lang='lat' dir='ltr'><strong>CAPUT</strong></span> <span class='ocrx_word' id='word_1_96' title='bbox 1103 1663 1294 1722; x_wconf 80' lang='lat' dir='ltr'><strong>XXVI.</strong></span> 
     </span>
    </p>
   </div>
   <div class='ocr_carea' id='block_1_15' title="bbox 353 1771 1872 1849">
    <p class='ocr_par' dir='ltr' id='par_1_15' title="bbox 353 1771 1872 1849">
     <span class='ocr_line' id='line_1_15' title="bbox 353 1771 1872 1849; baseline -0.001 -17"><span class='ocrx_word' id='word_1_97' title='bbox 353 1774 524 1834; x_wconf 77' lang='lat' dir='ltr'><strong>Vns.</strong></span> <span class='ocrx_word' id='word_1_98' title='bbox 570 1777 623 1834; x_wconf 82' lang='grc'><strong>1.</strong></span> <span class='ocrx_word' id='word_1_99' title='bbox 657 1805 732 1819; x_wconf 91' lang='lat'><strong><em>—</em></strong></span> <span class='ocrx_word' id='word_1_100' title='bbox 779 1776 850 1834; x_wconf 83' lang='lat' dir='ltr'><strong>In</strong></span> <span class='ocrx_word' id='word_1_101' title='bbox 895 1776 1155 1849; x_wconf 85' lang='lat' dir='ltr'><strong>principio</strong></span> <span class='ocrx_word' id='word_1_102' title='bbox 1187 1775 1356 1847; x_wconf 81' lang='lat' dir='ltr'><strong>regni,</strong></span> <span class='ocrx_word' id='word_1_103' title='bbox 1419 1781 1526 1830; x_wconf 87' lang='lat' dir='ltr'><strong>etc.</strong></span> <span class='ocrx_word' id='word_1_104' title='bbox 1577 1772 1700 1846; x_wconf 82' lang='grc'>(11).)</span> <span class='ocrx_word' id='word_1_105' title='bbox 1743 1771 1872 1831; x_wconf 65' lang='lat' dir='ltr'><strong>Hac</strong></span> 
     </span>
    </p>
   </div>
   <div class='ocr_carea' id='block_1_16' title="bbox 274 1869 2740 1976">
    <p class='ocr_par' dir='ltr' id='par_1_16' title="bbox 274 1869 2740 1976">
     <span class='ocr_line' id='line_1_16' title="bbox 274 1869 2740 1976; baseline 0.007 -53"><span class='ocrx_word' id='word_1_106' title='bbox 274 1869 564 1943; x_wconf 79' lang='lat' dir='ltr'><strong>prophetia</strong></span> <span class='ocrx_word' id='word_1_107' title='bbox 605 1869 888 1942; x_wconf 86' lang='lat' dir='ltr'><strong>superiore</strong></span> <span class='ocrx_word' id='word_1_108' title='bbox 935 1869 1087 1940; x_wconf 89' lang='lat' dir='ltr'><strong>prior</strong></span> <span class='ocrx_word' id='word_1_109' title='bbox 1114 1876 1219 1936; x_wconf 88' lang='lat' dir='ltr'><strong>est,</strong></span> <span class='ocrx_word' id='word_1_110' title='bbox 1262 1869 1513 1939; x_wconf 83' lang='lat' dir='ltr'><strong>quamvis</strong></span> <span class='ocrx_word' id='word_1_111' title='bbox 1544 1869 1646 1926; x_wconf 86' lang='lat' dir='ltr'><strong>sub</strong></span> <span class='ocrx_word' id='word_1_112' title='bbox 1674 1869 1866 1976; x_wconf 74' lang='lat' dir='ltr'><strong>eodem</strong></span> <span class='ocrx_word' id='word_1_113' title='bbox 1893 1891 1946 1954; x_wconf 77' lang='grc' dir='ltr'><strong>Β</strong></span> <span class='ocrx_word' id='word_1_114' title='bbox 1977 1869 1997 1876; x_wconf 83' lang='grc'><em>’</em></span> <span class='ocrx_word' id='word_1_115' title='bbox 2046 1869 2210 1976; x_wconf 32' lang='grc' dir='ltr'><strong>νέης,ὲ</strong></span> <span class='ocrx_word' id='word_1_116' title='bbox 2279 1903 2332 1958; x_wconf 53' lang='grc' dir='ltr'><strong>θ,</strong></span> <span class='ocrx_word' id='word_1_117' title='bbox 2390 1934 2462 1944; x_wconf 91' lang='lat'>_</span> <span class='ocrx_word' id='word_1_118' title='bbox 2523 1904 2592 1961; x_wconf 74' lang='grc' dir='ltr'>1η</span> <span class='ocrx_word' id='word_1_119' title='bbox 2652 1869 2740 1962; x_wconf 50' lang='lat' dir='ltr'><strong><em>md</em></strong></span> 
     </span>
    </p>
   </div>
   <div class='ocr_carea' id='block_1_17' title="bbox 273 1964 1870 2040">
    <p class='ocr_par' dir='ltr' id='par_1_17' title="bbox 273 1964 1870 2040">
     <span class='ocr_line' id='line_1_17' title="bbox 273 1964 1870 2040; baseline -0.002 -16"><span class='ocrx_word' id='word_1_120' title='bbox 273 1983 430 2040; x_wconf 81' lang='lat' dir='ltr'><strong>rege.</strong></span> <span class='ocrx_word' id='word_1_121' title='bbox 489 1967 582 2024; x_wconf 89' lang='lat' dir='ltr'><strong>Illa</strong></span> <span class='ocrx_word' id='word_1_122' title='bbox 619 1967 766 2023; x_wconf 89' lang='lat' dir='ltr'><strong>enim</strong></span> <span class='ocrx_word' id='word_1_123' title='bbox 813 1967 960 2023; x_wconf 77' lang='lat' dir='ltr'><strong>facta</strong></span> <span class='ocrx_word' id='word_1_124' title='bbox 998 1973 1086 2022; x_wconf 91' lang='lat' dir='ltr'><strong>est</strong></span> <span class='ocrx_word' id='word_1_125' title='bbox 1125 1965 1182 2020; x_wconf 91' lang='lat' dir='ltr'><strong>in</strong></span> <span class='ocrx_word' id='word_1_126' title='bbox 1220 1978 1364 2019; x_wconf 90' lang='lat' dir='ltr'><strong>anno</strong></span> <span class='ocrx_word' id='word_1_127' title='bbox 1407 1973 1625 2034; x_wconf 90' lang='lat' dir='ltr'><strong>quarto,</strong></span> <span class='ocrx_word' id='word_1_128' title='bbox 1675 1964 1792 2020; x_wconf 64' lang='lat' dir='ltr'><strong>hac</strong></span> <span class='ocrx_word' id='word_1_129' title='bbox 1811 1965 1870 2021; x_wconf 90' lang='lat' dir='ltr'><strong>in</strong></span> 
     </span>
    </p>
   </div>
   <div class='ocr_carea' id='block_1_18' title="bbox 272 2053 1871 2130">
    <p class='ocr_par' dir='ltr' id='par_1_18' title="bbox 272 2053 1871 2130">
     <span class='ocr_line' id='line_1_18' title="bbox 272 2053 1871 2130; baseline -0.001 -17"><span class='ocrx_word' id='word_1_130' title='bbox 272 2057 520 2130; x_wconf 85' lang='lat' dir='ltr'><strong>ejusdem</strong></span> <span class='ocrx_word' id='word_1_131' title='bbox 575 2059 721 2130; x_wconf 87' lang='lat' dir='ltr'><strong>regis</strong></span> <span class='ocrx_word' id='word_1_132' title='bbox 768 2057 1057 2130; x_wconf 90' lang='lat' dir='ltr'><strong>principio.</strong></span> <span class='ocrx_word' id='word_1_133' title='bbox 1111 2053 1227 2111; x_wconf 84' lang='lat' dir='ltr'><strong>Non</strong></span> <span class='ocrx_word' id='word_1_134' title='bbox 1283 2054 1450 2128; x_wconf 90' lang='lat' dir='ltr'><strong>igitur</strong></span> <span class='ocrx_word' id='word_1_135' title='bbox 1499 2055 1554 2110; x_wconf 93' lang='lat' dir='ltr'><strong>in</strong></span> <span class='ocrx_word' id='word_1_136' title='bbox 1585 2056 1871 2127; x_wconf 88' lang='lat' dir='ltr'><strong>prophetia</strong></span> 
     </span>
    </p>
   </div>
   <div class='ocr_carea' id='block_1_19' title="bbox 272 2145 1864 2219">
    <p class='ocr_par' dir='ltr' id='par_1_19' title="bbox 272 2145 1864 2219">
     <span class='ocr_line' id='line_1_19' title="bbox 272 2145 1864 2219; baseline -0.003 -13"><span class='ocrx_word' id='word_1_137' title='bbox 272 2149 522 2206; x_wconf 69' lang='lat' dir='ltr'><strong>historia:</strong></span> <span class='ocrx_word' id='word_1_138' title='bbox 548 2149 684 2207; x_wconf 90' lang='lat' dir='ltr'><strong>ordo</strong></span> <span class='ocrx_word' id='word_1_139' title='bbox 707 2149 970 2206; x_wconf 78' lang='lat' dir='ltr'><strong>texendus</strong></span> <span class='ocrx_word' id='word_1_140' title='bbox 995 2162 1119 2204; x_wconf 91' lang='lat' dir='ltr'><strong>cum</strong></span> <span class='ocrx_word' id='word_1_141' title='bbox 1152 2145 1338 2218; x_wconf 87' lang='lat' dir='ltr'><strong>priora</strong></span> <span class='ocrx_word' id='word_1_142' title='bbox 1373 2145 1666 2216; x_wconf 83' lang='lat' dir='ltr'><strong>posterius,</strong></span> <span class='ocrx_word' id='word_1_143' title='bbox 1695 2155 1750 2203; x_wconf 92' lang='lat' dir='ltr'><strong>et</strong></span> <span class='ocrx_word' id='word_1_144' title='bbox 1767 2161 1864 2219; x_wconf 83' lang='lat' dir='ltr'><strong>po-</strong></span> 
     </span>
    </p>
   </div>
   <div class='ocr_carea' id='block_1_20' title="bbox 273 2243 997 2314">
    <p class='ocr_par' dir='ltr' id='par_1_20' title="bbox 273 2243 997 2314">
     <span class='ocr_line' id='line_1_20' title="bbox 273 2243 997 2314; baseline -0.006 -14"><span class='ocrx_word' id='word_1_145' title='bbox 273 2243 511 2300; x_wconf 84' lang='lat' dir='ltr'><strong>steriora</strong></span> <span class='ocrx_word' id='word_1_146' title='bbox 545 2243 698 2314; x_wconf 87' lang='lat' dir='ltr'><strong>prius</strong></span> <span class='ocrx_word' id='word_1_147' title='bbox 727 2243 997 2299; x_wconf 83' lang='lat' dir='ltr'><strong>dicantur.</strong></span> 
     </span>
    </p>
   </div>
   <div class='ocr_carea' id='block_1_21' title="bbox 343 2332 1870 2392">
    <p class='ocr_par' dir='ltr' id='par_1_21' title="bbox 343 2332 1870 2392">
     <span class='ocr_line' id='line_1_21' title="bbox 343 2332 1870 2392; baseline -0.002 -2"><span class='ocrx_word' id='word_1_148' title='bbox 343 2335 510 2391; x_wconf 70' lang='lat' dir='ltr'><strong>Vens.</strong></span> <span class='ocrx_word' id='word_1_149' title='bbox 539 2335 598 2392; x_wconf 73' lang='grc'><strong>2.</strong></span> <span class='ocrx_word' id='word_1_150' title='bbox 627 2366 698 2376; x_wconf 94' lang='grc'><strong><em>-</em></strong></span> <span class='ocrx_word' id='word_1_151' title='bbox 721 2335 788 2392; x_wconf 87' lang='grc' dir='ltr'>1η</span> <span class='ocrx_word' id='word_1_152' title='bbox 809 2337 946 2391; x_wconf 84' lang='lat' dir='ltr'><strong>atrio</strong></span> <span class='ocrx_word' id='word_1_153' title='bbox 971 2334 1177 2390; x_wconf 86' lang='lat' dir='ltr'><strong>domus.</strong></span> <span class='ocrx_word' id='word_1_154' title='bbox 1211 2332 1284 2390; x_wconf 88' lang='lat' dir='ltr'><strong>Ut</strong></span> <span class='ocrx_word' id='word_1_155' title='bbox 1301 2333 1467 2390; x_wconf 89' lang='lat' dir='ltr'><strong>etiam</strong></span> <span class='ocrx_word' id='word_1_156' title='bbox 1505 2333 1711 2390; x_wconf 79' lang='lat' dir='ltr'><strong>exteris</strong></span> <span class='ocrx_word' id='word_1_157' title='bbox 1737 2333 1870 2389; x_wconf 92' lang='lat' dir='ltr'><strong>civi-</strong></span> 
     </span>
    </p>
   </div>
   <div class='ocr_carea' id='block_1_22' title="bbox 272 2422 1870 2496">
    <p class='ocr_par' dir='ltr' id='par_1_22' title="bbox 272 2422 1870 2496">
     <span class='ocr_line' id='line_1_22' title="bbox 272 2422 1870 2496; baseline -0.001 -16"><span class='ocrx_word' id='word_1_158' title='bbox 272 2424 479 2481; x_wconf 80' lang='lat' dir='ltr'><strong>tatibus</strong></span> <span class='ocrx_word' id='word_1_159' title='bbox 519 2424 779 2496; x_wconf 85' lang='lat' dir='ltr'><strong>loquaris.</strong></span> <span class='ocrx_word' id='word_1_160' title='bbox 807 2425 1043 2482; x_wconf 87' lang='lat' dir='ltr'><strong>Pulchre</strong></span> <span class='ocrx_word' id='word_1_161' title='bbox 1088 2432 1270 2480; x_wconf 89' lang='lat' dir='ltr'><strong>autem</strong></span> <span class='ocrx_word' id='word_1_162' title='bbox 1297 2423 1351 2478; x_wconf 92' lang='lat' dir='ltr'><strong>in</strong></span> <span class='ocrx_word' id='word_1_163' title='bbox 1380 2423 1522 2478; x_wconf 88' lang='lat' dir='ltr'><strong>atrio</strong></span> <span class='ocrx_word' id='word_1_164' title='bbox 1564 2429 1693 2489; x_wconf 86' lang='lat' dir='ltr'><strong>stat,</strong></span> <span class='ocrx_word' id='word_1_165' title='bbox 1721 2432 1779 2478; x_wconf 89' lang='lat' dir='ltr'><strong>et</strong></span> <span class='ocrx_word' id='word_1_166' title='bbox 1813 2422 1870 2478; x_wconf 76' lang='lat' dir='ltr'><strong>in</strong></span> 
     </span>
    </p>
   </div>
   <div class='ocr_carea' id='block_1_23' title="bbox 271 2515 1865 2590">
    <p class='ocr_par' dir='ltr' id='par_1_23' title="bbox 271 2515 1865 2590">
     <span class='ocr_line' id='line_1_23' title="bbox 271 2515 1865 2590; baseline -0.001 -18"><span class='ocrx_word' id='word_1_167' title='bbox 271 2518 545 2575; x_wconf 86' lang='lat' dir='ltr'><strong>vestibulo</strong></span> <span class='ocrx_word' id='word_1_168' title='bbox 573 2518 780 2590; x_wconf 90' lang='lat' dir='ltr'><strong>templi,</strong></span> <span class='ocrx_word' id='word_1_169' title='bbox 812 2527 872 2574; x_wconf 92' lang='lat' dir='ltr'><strong>ut</strong></span> <span class='ocrx_word' id='word_1_170' title='bbox 893 2518 987 2590; x_wconf 89' lang='lat' dir='ltr'><strong>qui</strong></span> <span class='ocrx_word' id='word_1_171' title='bbox 1011 2515 1081 2574; x_wconf 89' lang='lat' dir='ltr'><strong>ad</strong></span> <span class='ocrx_word' id='word_1_172' title='bbox 1101 2516 1370 2574; x_wconf 88' lang='lat' dir='ltr'><strong>orandum</strong></span> <span class='ocrx_word' id='word_1_173' title='bbox 1389 2516 1721 2572; x_wconf 90' lang='lat' dir='ltr'><strong>conveniunt</strong></span> <span class='ocrx_word' id='word_1_174' title='bbox 1745 2529 1865 2571; x_wconf 90' lang='lat' dir='ltr'><strong>ser-</strong></span> 
     </span>
    </p>
   </div>
   <div class='ocr_carea' id='block_1_24' title="bbox 270 2613 1126 2685">
    <p class='ocr_par' dir='ltr' id='par_1_24' title="bbox 270 2613 1126 2685">
     <span class='ocr_line' id='line_1_24' title="bbox 270 2613 1126 2685; baseline -0.005 -15"><span class='ocrx_word' id='word_1_175' title='bbox 270 2628 470 2670; x_wconf 71' lang='lat' dir='ltr'><strong>mones</strong></span> <span class='ocrx_word' id='word_1_176' title='bbox 495 2613 612 2684; x_wconf 86' lang='lat' dir='ltr'><strong>ejus</strong></span> <span class='ocrx_word' id='word_1_177' title='bbox 631 2613 820 2670; x_wconf 89' lang='lat' dir='ltr'><strong>audire</strong></span> <span class='ocrx_word' id='word_1_178' title='bbox 841 2620 1126 2685; x_wconf 76' lang='lat' dir='ltr'><strong>cogantur.</strong></span> 
     </span>
    </p>
   </div>
   <div class='ocr_carea' id='block_1_25' title="bbox 346 2701 1862 2778">
    <p class='ocr_par' dir='ltr' id='par_1_25' title="bbox 346 2701 1862 2778">
     <span class='ocr_line' id='line_1_25' title="bbox 346 2701 1862 2778; baseline -0.003 -16"><span class='ocrx_word' id='word_1_179' title='bbox 346 2706 511 2762; x_wconf 73' lang='lat' dir='ltr'><strong>Vens.</strong></span> <span class='ocrx_word' id='word_1_180' title='bbox 535 2707 676 2762; x_wconf 78' lang='grc'><strong>3.-</strong></span> <span class='ocrx_word' id='word_1_181' title='bbox 697 2705 756 2763; x_wconf 90' lang='lat' dir='ltr'><strong>Si</strong></span> <span class='ocrx_word' id='word_1_182' title='bbox 779 2706 912 2778; x_wconf 81' lang='lat' dir='ltr'><strong>forte</strong></span> <span class='ocrx_word' id='word_1_183' title='bbox 931 2706 1172 2771; x_wconf 78' lang='lat' dir='ltr'><strong>audiant,</strong></span> <span class='ocrx_word' id='word_1_184' title='bbox 1205 2713 1312 2762; x_wconf 89' lang='lat' dir='ltr'><strong>etc.</strong></span> <span class='ocrx_word' id='word_1_185' title='bbox 1345 2702 1470 2776; x_wconf 79' lang='grc' dir='ltr'>(Ιυ.)</span> <span class='ocrx_word' id='word_1_186' title='bbox 1495 2702 1662 2772; x_wconf 86' lang='lat' dir='ltr'><strong>Quasi</strong></span> <span class='ocrx_word' id='word_1_187' title='bbox 1685 2701 1862 2758; x_wconf 85' lang='lat' dir='ltr'><strong>dicat:</strong></span> 
     </span>
    </p>
   </div>
   <div class='ocr_carea' id='block_1_26' title="bbox 267 2793 1863 2870">
    <p class='ocr_par' dir='ltr' id='par_1_26' title="bbox 267 2793 1863 2870">
     <span class='ocr_line' id='line_1_26' title="bbox 267 2793 1863 2870; baseline -0.003 -17"><span class='ocrx_word' id='word_1_188' title='bbox 267 2796 524 2854; x_wconf 84' lang='lat' dir='ltr'><strong>Forsitan</strong></span> <span class='ocrx_word' id='word_1_189' title='bbox 553 2797 794 2867; x_wconf 90' lang='lat' dir='ltr'><strong>audient,</strong></span> <span class='ocrx_word' id='word_1_190' title='bbox 835 2806 968 2868; x_wconf 90' lang='lat' dir='ltr'><strong>etc.,</strong></span> <span class='ocrx_word' id='word_1_191' title='bbox 992 2813 1156 2870; x_wconf 84' lang='lat' dir='ltr'><strong>usque</strong></span> <span class='ocrx_word' id='word_1_192' title='bbox 1202 2795 1271 2852; x_wconf 90' lang='lat' dir='ltr'><strong>ad</strong></span> <span class='ocrx_word' id='word_1_193' title='bbox 1301 2795 1556 2853; x_wconf 90' lang='lat' dir='ltr'><strong>Forsitan</strong></span> <span class='ocrx_word' id='word_1_194' title='bbox 1593 2793 1863 2849; x_wconf 88' lang='lat' dir='ltr'><strong>verebun-</strong></span> 
     </span>
    </p>
   </div>
   <div class='ocr_carea' id='block_1_27' title="bbox 269 2889 1862 2948">
    <p class='ocr_par' dir='ltr' id='par_1_27' title="bbox 269 2889 1862 2948">
     <span class='ocr_line' id='line_1_27' title="bbox 269 2889 1862 2948; baseline 0.006 -2"><span class='ocrx_word' id='word_1_195' title='bbox 269 2898 363 2946; x_wconf 90' lang='lat' dir='ltr'><strong>tur</strong></span> <span class='ocrx_word' id='word_1_196' title='bbox 380 2889 578 2945; x_wconf 87' lang='lat' dir='ltr'><strong>Filium</strong></span> <span class='ocrx_word' id='word_1_197' title='bbox 597 2906 800 2948; x_wconf 90' lang='lat' dir='ltr'><strong>meum.</strong></span> <span class='ocrx_word' id='word_1_198' title='bbox 1858 2897 1862 2905; x_wconf 71' lang='grc'><strong>⁷</strong></span> 
     </span>
    </p>
   </div>
   <div class='ocr_carea' id='block_1_28' title="bbox 344 2978 1864 3051">
    <p class='ocr_par' dir='ltr' id='par_1_28' title="bbox 344 2978 1864 3051">
     <span class='ocr_line' id='line_1_28' title="bbox 344 2978 1864 3051; baseline -0.003 -12"><span class='ocrx_word' id='word_1_199' title='bbox 344 2980 512 3039; x_wconf 65' lang='lat' dir='ltr'><strong>Vens.</strong></span> <span class='ocrx_word' id='word_1_200' title='bbox 549 2980 603 3036; x_wconf 76' lang='grc'>4.</span> <span class='ocrx_word' id='word_1_201' title='bbox 643 3011 716 3023; x_wconf 89' lang='grc'><strong><em>-</em></strong></span> <span class='ocrx_word' id='word_1_202' title='bbox 752 2979 812 3039; x_wconf 89' lang='lat' dir='ltr'><strong>Si</strong></span> <span class='ocrx_word' id='word_1_203' title='bbox 839 2999 945 3038; x_wconf 84' lang='lat' dir='ltr'><strong>non</strong></span> <span class='ocrx_word' id='word_1_204' title='bbox 974 2981 1270 3038; x_wconf 87' lang='lat' dir='ltr'><strong>audieritis.</strong></span> <span class='ocrx_word' id='word_1_205' title='bbox 1310 2981 1370 3036; x_wconf 91' lang='lat' dir='ltr'><strong>In</strong></span> <span class='ocrx_word' id='word_1_206' title='bbox 1403 2987 1590 3037; x_wconf 90' lang='lat' dir='ltr'><strong>nostra</strong></span> <span class='ocrx_word' id='word_1_207' title='bbox 1628 2978 1864 3051; x_wconf 90' lang='lat' dir='ltr'><strong>positum</strong></span> 
     </span>
    </p>
   </div>
   <div class='ocr_carea' id='block_1_29' title="bbox 265 3071 1860 3148">
    <p class='ocr_par' dir='ltr' id='par_1_29' title="bbox 265 3071 1860 3148">
     <span class='ocr_line' id='line_1_29' title="bbox 265 3071 1860 3148; baseline -0.003 -15"><span class='ocrx_word' id='word_1_208' title='bbox 265 3081 359 3133; x_wconf 79' lang='lat' dir='ltr'><strong>est</strong></span> <span class='ocrx_word' id='word_1_209' title='bbox 384 3075 685 3143; x_wconf 82' lang='lat' dir='ltr'><strong>voluntate,</strong></span> <span class='ocrx_word' id='word_1_210' title='bbox 718 3084 850 3142; x_wconf 87' lang='lat' dir='ltr'><strong>etc.,</strong></span> <span class='ocrx_word' id='word_1_211' title='bbox 880 3093 1044 3148; x_wconf 89' lang='lat' dir='ltr'><strong>usque</strong></span> <span class='ocrx_word' id='word_1_212' title='bbox 1068 3075 1138 3130; x_wconf 90' lang='lat' dir='ltr'><strong>ad</strong></span> <span class='ocrx_word' id='word_1_213' title='bbox 1166 3090 1268 3132; x_wconf 90' lang='lat' dir='ltr'><strong>nec</strong></span> <span class='ocrx_word' id='word_1_214' title='bbox 1293 3073 1462 3131; x_wconf 88' lang='lat' dir='ltr'><strong>semel</strong></span> <span class='ocrx_word' id='word_1_215' title='bbox 1491 3081 1543 3130; x_wconf 87' lang='lat' dir='ltr'><strong>et</strong></span> <span class='ocrx_word' id='word_1_216' title='bbox 1571 3089 1602 3127; x_wconf 91' lang='lat' dir='ltr'><strong>a</strong></span> <span class='ocrx_word' id='word_1_217' title='bbox 1639 3071 1860 3138; x_wconf 81' lang='lat' dir='ltr'><strong>saeculo,</strong></span> 
     </span>
    </p>
   </div>
   <div class='ocr_carea' id='block_1_30' title="bbox 265 3168 1008 3239">
    <p class='ocr_par' dir='ltr' id='par_1_30' title="bbox 265 3168 1008 3239">
     <span class='ocr_line' id='line_1_30' title="bbox 265 3168 1008 3239; baseline -0.003 -14"><span class='ocrx_word' id='word_1_218' title='bbox 265 3168 369 3225; x_wconf 83' lang='lat' dir='ltr'><strong>sed</strong></span> <span class='ocrx_word' id='word_1_219' title='bbox 399 3183 616 3239; x_wconf 82' lang='lat' dir='ltr'><strong>semper</strong></span> <span class='ocrx_word' id='word_1_220' title='bbox 644 3176 702 3224; x_wconf 88' lang='lat' dir='ltr'><strong>et</strong></span> <span class='ocrx_word' id='word_1_221' title='bbox 730 3168 1008 3225; x_wconf 87' lang='lat' dir='ltr'><strong>sollicito?</strong></span> 
     </span>
    </p>
   </div>
   <div class='ocr_carea' id='block_1_31' title="bbox 340 3253 1943 3325">
    <p class='ocr_par' dir='ltr' id='par_1_31' title="bbox 340 3253 1943 3325">
     <span class='ocr_line' id='line_1_31' title="bbox 340 3253 1943 3325; baseline -0.004 -10"><span class='ocrx_word' id='word_1_222' title='bbox 340 3258 511 3315; x_wconf 71' lang='lat' dir='ltr'><strong>Vens.</strong></span> <span class='ocrx_word' id='word_1_223' title='bbox 542 3257 597 3312; x_wconf 88' lang='grc'><strong>6.</strong></span> <span class='ocrx_word' id='word_1_224' title='bbox 624 3288 694 3298; x_wconf 92' lang='lat'><strong>——</strong></span> <span class='ocrx_word' id='word_1_225' title='bbox 721 3257 872 3313; x_wconf 86' lang='lat' dir='ltr'><strong>Dabo</strong></span> <span class='ocrx_word' id='word_1_226' title='bbox 911 3257 1120 3312; x_wconf 87' lang='lat' dir='ltr'><strong>domum</strong></span> <span class='ocrx_word' id='word_1_227' title='bbox 1155 3257 1312 3311; x_wconf 87' lang='lat' dir='ltr'><strong>istam</strong></span> <span class='ocrx_word' id='word_1_228' title='bbox 1351 3256 1486 3309; x_wconf 83' lang='lat' dir='ltr'><strong>sicut</strong></span> <span class='ocrx_word' id='word_1_229' title='bbox 1530 3253 1666 3310; x_wconf 82' lang='lat' dir='ltr'><strong>Silo.</strong></span> <span class='ocrx_word' id='word_1_230' title='bbox 1709 3253 1865 3309; x_wconf 91' lang='lat' dir='ltr'><strong>Sicut</strong></span> <span class='ocrx_word' id='word_1_231' title='bbox 1892 3260 1943 3325; x_wconf 70' lang='grc' dir='ltr'>ο</span> 
     </span>
    </p>
   </div>
   <div class='ocr_carea' id='block_1_32' title="bbox 264 3343 1865 3420">
    <p class='ocr_par' dir='ltr' id='par_1_32' title="bbox 264 3343 1865 3420">
     <span class='ocr_line' id='line_1_32' title="bbox 264 3343 1865 3420; baseline -0.005 -13"><span class='ocrx_word' id='word_1_232' title='bbox 264 3355 553 3407; x_wconf 55' lang='lat' dir='ltr'><strong>«structo</strong></span> <span class='ocrx_word' id='word_1_233' title='bbox 578 3347 780 3420; x_wconf 89' lang='lat' dir='ltr'><strong>templo</strong></span> <span class='ocrx_word' id='word_1_234' title='bbox 807 3349 863 3404; x_wconf 90' lang='lat' dir='ltr'><strong>in</strong></span> <span class='ocrx_word' id='word_1_235' title='bbox 893 3364 1044 3414; x_wconf 89' lang='lat' dir='ltr'><strong>area,</strong></span> <span class='ocrx_word' id='word_1_236' title='bbox 1084 3357 1213 3415; x_wconf 89' lang='lat' dir='ltr'><strong>etc.,</strong></span> <span class='ocrx_word' id='word_1_237' title='bbox 1241 3361 1404 3418; x_wconf 85' lang='lat' dir='ltr'><strong>usque</strong></span> <span class='ocrx_word' id='word_1_238' title='bbox 1432 3344 1502 3400; x_wconf 87' lang='lat' dir='ltr'><strong>ad</strong></span> <span class='ocrx_word' id='word_1_239' title='bbox 1542 3343 1720 3400; x_wconf 82' lang='lat' dir='ltr'><strong>factus</strong></span> <span class='ocrx_word' id='word_1_240' title='bbox 1763 3357 1865 3414; x_wconf 90' lang='lat' dir='ltr'><strong>pro</strong></span> 
     </span>
    </p>
   </div>
   <div class='ocr_carea' id='block_1_33' title="bbox 265 3440 831 3500">
    <p class='ocr_par' dir='ltr' id='par_1_33' title="bbox 265 3440 831 3500">
     <span class='ocr_line' id='line_1_33' title="bbox 265 3440 831 3500; baseline -0.005 -1"><span class='ocrx_word' id='word_1_241' title='bbox 265 3441 430 3500; x_wconf 75' lang='lat' dir='ltr'><strong>nobis</strong></span> <span class='ocrx_word' id='word_1_242' title='bbox 457 3440 831 3497; x_wconf 87' lang='lat' dir='ltr'><strong>maledictum.</strong></span> 
     </span>
    </p>
   </div>
   <div class='ocr_carea' id='block_1_34' title="bbox 343 3514 1867 3600">
    <p class='ocr_par' dir='ltr' id='par_1_34' title="bbox 343 3514 1867 3600">
     <span class='ocr_line' id='line_1_34' title="bbox 343 3514 1867 3600; baseline -0.005 -10"><span class='ocrx_word' id='word_1_243' title='bbox 343 3533 512 3591; x_wconf 80' lang='lat' dir='ltr'><strong>Vnns.</strong></span> <span class='ocrx_word' id='word_1_244' title='bbox 541 3534 630 3590; x_wconf 86' lang='grc'><strong>10.</strong></span> <span class='ocrx_word' id='word_1_245' title='bbox 652 3514 726 3576; x_wconf 56' lang='grc' dir='ltr'><strong>-ὲ-</strong></span> <span class='ocrx_word' id='word_1_246' title='bbox 747 3532 928 3589; x_wconf 78' lang='grc' dir='ltr'><strong>Ρονιω</strong></span> <span class='ocrx_word' id='word_1_247' title='bbox 943 3533 1149 3588; x_wconf 88' lang='lat' dir='ltr'><strong>domus.</strong></span> <span class='ocrx_word' id='word_1_248' title='bbox 1190 3530 1343 3587; x_wconf 87' lang='lat' dir='ltr'><strong>Nova</strong></span> <span class='ocrx_word' id='word_1_249' title='bbox 1365 3529 1585 3596; x_wconf 91' lang='lat' dir='ltr'><strong>dicitur,</strong></span> <span class='ocrx_word' id='word_1_250' title='bbox 1617 3529 1746 3600; x_wconf 87' lang='lat' dir='ltr'><strong>quia</strong></span> <span class='ocrx_word' id='word_1_251' title='bbox 1772 3528 1867 3600; x_wconf 91' lang='lat' dir='ltr'><strong>qui</strong></span> 
     </span>
    </p>
   </div>
   <div class='ocr_carea' id='block_1_35' title="bbox 264 3622 1870 3698">
    <p class='ocr_par' dir='ltr' id='par_1_35' title="bbox 264 3622 1870 3698">
     <span class='ocr_line' id='line_1_35' title="bbox 264 3622 1870 3698; baseline -0.004 -13"><span class='ocrx_word' id='word_1_252' title='bbox 264 3628 330 3685; x_wconf 87' lang='lat' dir='ltr'><strong>in</strong></span> <span class='ocrx_word' id='word_1_253' title='bbox 359 3642 425 3684; x_wconf 86' lang='lat' dir='ltr'><strong>ea</strong></span> <span class='ocrx_word' id='word_1_254' title='bbox 448 3627 732 3693; x_wconf 86' lang='lat' dir='ltr'><strong>sedebant,</strong></span> <span class='ocrx_word' id='word_1_255' title='bbox 773 3633 830 3681; x_wconf 91' lang='lat' dir='ltr'><strong>et</strong></span> <span class='ocrx_word' id='word_1_256' title='bbox 865 3624 1068 3697; x_wconf 91' lang='lat' dir='ltr'><strong>judicio</strong></span> <span class='ocrx_word' id='word_1_257' title='bbox 1102 3631 1390 3698; x_wconf 73' lang='lat' dir='ltr'><strong>praeerant,</strong></span> <span class='ocrx_word' id='word_1_258' title='bbox 1432 3622 1776 3680; x_wconf 88' lang='lat' dir='ltr'><strong>sacerdotum</strong></span> <span class='ocrx_word' id='word_1_259' title='bbox 1813 3629 1870 3678; x_wconf 88' lang='lat' dir='ltr'><strong>et</strong></span> 
     </span>
    </p>
   </div>
   <div class='ocr_carea' id='block_1_36' title="bbox 264 3713 1554 3791">
    <p class='ocr_par' dir='ltr' id='par_1_36' title="bbox 264 3713 1554 3791">
     <span class='ocr_line' id='line_1_36' title="bbox 264 3713 1554 3791; baseline -0.007 -16"><span class='ocrx_word' id='word_1_260' title='bbox 264 3717 863 3791; x_wconf 83' lang='lat' dir='ltr'><strong>pseudoprophetarum</strong></span> <span class='ocrx_word' id='word_1_261' title='bbox 902 3715 1186 3772; x_wconf 65' lang='lat' dir='ltr'><strong>calumnia:</strong></span> <span class='ocrx_word' id='word_1_262' title='bbox 1211 3713 1554 3770; x_wconf 82' lang='lat' dir='ltr'><strong>resistebant.</strong></span> 
     </span>
    </p>
   </div>
   <div class='ocr_carea' id='block_1_37' title="bbox 350 3803 1870 3875">
    <p class='ocr_par' dir='ltr' id='par_1_37' title="bbox 350 3803 1870 3875">
     <span class='ocr_line' id='line_1_37' title="bbox 350 3803 1870 3875; baseline -0.005 -8"><span class='ocrx_word' id='word_1_263' title='bbox 350 3810 514 3867; x_wconf 76' lang='lat' dir='ltr'><strong>Vnus.</strong></span> <span class='ocrx_word' id='word_1_264' title='bbox 542 3811 629 3868; x_wconf 93' lang='grc'><strong>11.</strong></span> <span class='ocrx_word' id='word_1_265' title='bbox 647 3841 716 3853; x_wconf 91' lang='grc'><strong><em>-</em></strong></span> <span class='ocrx_word' id='word_1_266' title='bbox 738 3809 811 3865; x_wconf 85' lang='lat' dir='ltr'><strong>Et</strong></span> <span class='ocrx_word' id='word_1_267' title='bbox 839 3808 1003 3865; x_wconf 82' lang='lat' dir='ltr'><strong>locuti</strong></span> <span class='ocrx_word' id='word_1_268' title='bbox 1028 3817 1171 3863; x_wconf 88' lang='lat' dir='ltr'><strong>sunt.</strong></span> <span class='ocrx_word' id='word_1_269' title='bbox 1195 3805 1521 3863; x_wconf 91' lang='lat' dir='ltr'><strong>Sedentibus</strong></span> <span class='ocrx_word' id='word_1_270' title='bbox 1548 3804 1699 3860; x_wconf 90' lang='lat' dir='ltr'><strong>urbis</strong></span> <span class='ocrx_word' id='word_1_271' title='bbox 1718 3803 1870 3875; x_wconf 76' lang='lat' dir='ltr'><strong>prin-</strong></span> 
     </span>
    </p>
   </div>
   <div class='ocr_carea' id='block_1_38' title="bbox 265 3896 1870 3974">
    <p class='ocr_par' dir='ltr' id='par_1_38' title="bbox 265 3896 1870 3974">
     <span class='ocr_line' id='line_1_38' title="bbox 265 3896 1870 3974; baseline -0.004 -15"><span class='ocrx_word' id='word_1_272' title='bbox 265 3902 482 3974; x_wconf 87' lang='lat' dir='ltr'><strong>cipibus</strong></span> <span class='ocrx_word' id='word_1_273' title='bbox 504 3902 557 3958; x_wconf 89' lang='lat' dir='ltr'><strong>in</strong></span> <span class='ocrx_word' id='word_1_274' title='bbox 579 3909 737 3973; x_wconf 90' lang='lat' dir='ltr'><strong>porta</strong></span> <span class='ocrx_word' id='word_1_275' title='bbox 754 3899 958 3974; x_wconf 89' lang='lat' dir='ltr'><strong>templi,</strong></span> <span class='ocrx_word' id='word_1_276' title='bbox 981 3909 1117 3966; x_wconf 89' lang='lat' dir='ltr'><strong>etc.,</strong></span> <span class='ocrx_word' id='word_1_277' title='bbox 1133 3914 1295 3971; x_wconf 84' lang='lat' dir='ltr'><strong>usque</strong></span> <span class='ocrx_word' id='word_1_278' title='bbox 1315 3896 1384 3952; x_wconf 89' lang='lat' dir='ltr'><strong>ad</strong></span> <span class='ocrx_word' id='word_1_279' title='bbox 1399 3897 1494 3954; x_wconf 90' lang='lat' dir='ltr'><strong>sed</strong></span> <span class='ocrx_word' id='word_1_280' title='bbox 1515 3896 1698 3952; x_wconf 85' lang='lat' dir='ltr'><strong>futura</strong></span> <span class='ocrx_word' id='word_1_281' title='bbox 1723 3896 1870 3953; x_wconf 91' lang='lat' dir='ltr'><strong>bona</strong></span> 
     </span>
    </p>
   </div>
   <div class='ocr_carea' id='block_1_39' title="bbox 266 3995 602 4068">
    <p class='ocr_par' dir='ltr' id='par_1_39' title="bbox 266 3995 602 4068">
     <span class='ocr_line' id='line_1_39' title="bbox 266 3995 602 4068; baseline -0.012 -14"><span class='ocrx_word' id='word_1_282' title='bbox 266 3995 602 4068; x_wconf 73' lang='lat' dir='ltr'><strong>wgitantes.</strong></span> 
     </span>
    </p>
   </div>
   <div class='ocr_carea' id='block_1_40' title="bbox 343 4081 1868 4143">
    <p class='ocr_par' dir='ltr' id='par_1_40' title="bbox 343 4081 1868 4143">
     <span class='ocr_line' id='line_1_40' title="bbox 343 4081 1868 4143; baseline -0.001 -1"><span class='ocrx_word' id='word_1_283' title='bbox 343 4086 511 4143; x_wconf 77' lang='lat' dir='ltr'><strong>Vens.</strong></span> <span class='ocrx_word' id='word_1_284' title='bbox 536 4085 626 4140; x_wconf 72' lang='lat'><strong>12.</strong></span> <span class='ocrx_word' id='word_1_285' title='bbox 651 4114 724 4127; x_wconf 93' lang='lat'><strong>—</strong></span> <span class='ocrx_word' id='word_1_286' title='bbox 763 4082 835 4140; x_wconf 86' lang='lat' dir='ltr'><strong>Et</strong></span> <span class='ocrx_word' id='word_1_287' title='bbox 877 4084 975 4140; x_wconf 89' lang='lat' dir='ltr'><strong>ait.</strong></span> <span class='ocrx_word' id='word_1_288' title='bbox 1020 4081 1290 4140; x_wconf 78' lang='lat' dir='ltr'><strong>Ieremias</strong></span> <span class='ocrx_word' id='word_1_289' title='bbox 1339 4081 1448 4138; x_wconf 89' lang='lat' dir='ltr'><strong>illis</strong></span> <span class='ocrx_word' id='word_1_290' title='bbox 1483 4082 1868 4140; x_wconf 89' lang='lat' dir='ltr'><strong>accusantibus</strong></span> 
     </span>
    </p>
   </div>
   <div class='ocr_carea' id='block_1_41' title="bbox 268 4175 1868 4250">
    <p class='ocr_par' dir='ltr' id='par_1_41' title="bbox 268 4175 1868 4250">
     <span class='ocr_line' id='line_1_41' title="bbox 268 4175 1868 4250; baseline -0.001 -12"><span class='ocrx_word' id='word_1_291' title='bbox 268 4188 331 4239; x_wconf 86' lang='lat' dir='ltr'><strong>et</strong></span> <span class='ocrx_word' id='word_1_292' title='bbox 357 4179 586 4247; x_wconf 78' lang='lat' dir='ltr'><strong>crimen,</strong></span> <span class='ocrx_word' id='word_1_293' title='bbox 612 4188 742 4245; x_wconf 92' lang='lat' dir='ltr'><strong>etc.,</strong></span> <span class='ocrx_word' id='word_1_294' title='bbox 771 4194 933 4250; x_wconf 85' lang='lat' dir='ltr'><strong>usque</strong></span> <span class='ocrx_word' id='word_1_295' title='bbox 958 4176 1061 4234; x_wconf 85' lang='lat' dir='ltr'><strong>ad:</strong></span> <span class='ocrx_word' id='word_1_296' title='bbox 1084 4175 1155 4232; x_wconf 88' lang='lat' dir='ltr'><strong>In</strong></span> <span class='ocrx_word' id='word_1_297' title='bbox 1183 4176 1401 4232; x_wconf 84' lang='lat' dir='ltr'><strong>ueritate</strong></span> <span class='ocrx_word' id='word_1_298' title='bbox 1431 4176 1571 4232; x_wconf 89' lang='lat' dir='ltr'><strong>enim</strong></span> <span class='ocrx_word' id='word_1_299' title='bbox 1607 4176 1751 4232; x_wconf 89' lang='lat' dir='ltr'><strong>misit</strong></span> <span class='ocrx_word' id='word_1_300' title='bbox 1785 4193 1868 4236; x_wconf 77' lang='lat' dir='ltr'><strong>me</strong></span> 
     </span>
    </p>
   </div>
   <div class='ocr_carea' id='block_1_42' title="bbox 269 4274 767 4332">
    <p class='ocr_par' dir='ltr' id='par_1_42' title="bbox 269 4274 767 4332">
     <span class='ocr_line' id='line_1_42' title="bbox 269 4274 767 4332; baseline -0.01 0"><span class='ocrx_word' id='word_1_301' title='bbox 269 4275 536 4332; x_wconf 81' lang='lat' dir='ltr'><strong>Dominus</strong></span> <span class='ocrx_word' id='word_1_302' title='bbox 561 4274 630 4329; x_wconf 87' lang='lat' dir='ltr'><strong>ad</strong></span> <span class='ocrx_word' id='word_1_303' title='bbox 659 4290 767 4330; x_wconf 81' lang='lat' dir='ltr'><strong>vos.</strong></span> 
     </span>
    </p>
   </div>
   <div class='ocr_carea' id='block_1_43' title="bbox 303 4362 1866 4438">
    <p class='ocr_par' dir='ltr' id='par_1_43' title="bbox 303 4362 1866 4438">
     <span class='ocr_line' id='line_1_43' title="bbox 303 4362 1866 4438; baseline -0.003 -13"><span class='ocrx_word' id='word_1_304' title='bbox 303 4369 506 4425; x_wconf 76' lang='lat' dir='ltr'><strong>&#39;Vnns.</strong></span> <span class='ocrx_word' id='word_1_305' title='bbox 533 4367 718 4423; x_wconf 78' lang='grc'>15.-</span> <span class='ocrx_word' id='word_1_306' title='bbox 765 4365 926 4422; x_wconf 88' lang='lat' dir='ltr'><strong>Nunc</strong></span> <span class='ocrx_word' id='word_1_307' title='bbox 971 4381 1094 4438; x_wconf 91' lang='lat' dir='ltr'><strong>ergo</strong></span> <span class='ocrx_word' id='word_1_308' title='bbox 1137 4364 1319 4420; x_wconf 88' lang='lat' dir='ltr'><strong>bonas.</strong></span> <span class='ocrx_word' id='word_1_309' title='bbox 1369 4362 1536 4432; x_wconf 83' lang='lat' dir='ltr'><strong>Quasi</strong></span> <span class='ocrx_word' id='word_1_310' title='bbox 1583 4362 1769 4419; x_wconf 83' lang='lat' dir='ltr'><strong>dicat:</strong></span> <span class='ocrx_word' id='word_1_311' title='bbox 1805 4363 1866 4420; x_wconf 90' lang='lat' dir='ltr'><strong>Si</strong></span> 
     </span>
    </p>
   </div>
   <div class='ocr_carea' id='block_1_44' title="bbox 263 4453 1866 4530">
    <p class='ocr_par' dir='ltr' id='par_1_44' title="bbox 263 4453 1866 4530">
     <span class='ocr_line' id='line_1_44' title="bbox 263 4453 1866 4530; baseline -0.003 -13"><span class='ocrx_word' id='word_1_312' title='bbox 263 4458 593 4530; x_wconf 87' lang='lat' dir='ltr'><strong>irascimini,</strong></span> <span class='ocrx_word' id='word_1_313' title='bbox 624 4466 756 4526; x_wconf 88' lang='lat' dir='ltr'><strong>etc.,</strong></span> <span class='ocrx_word' id='word_1_314' title='bbox 799 4474 961 4530; x_wconf 87' lang='lat' dir='ltr'><strong>usque</strong></span> <span class='ocrx_word' id='word_1_315' title='bbox 999 4457 1070 4512; x_wconf 89' lang='lat' dir='ltr'><strong>ad</strong></span> <span class='ocrx_word' id='word_1_316' title='bbox 1114 4464 1176 4512; x_wconf 88' lang='lat' dir='ltr'><strong>ut</strong></span> <span class='ocrx_word' id='word_1_317' title='bbox 1210 4453 1346 4510; x_wconf 89' lang='lat' dir='ltr'><strong>nihil</strong></span> <span class='ocrx_word' id='word_1_318' title='bbox 1395 4453 1752 4510; x_wconf 88' lang='lat' dir='ltr'><strong>subtrahatur</strong></span> <span class='ocrx_word' id='word_1_319' title='bbox 1798 4455 1866 4512; x_wconf 86' lang='lat' dir='ltr'><strong>de</strong></span> 
     </span>
    </p>
   </div>
   <div class='ocr_carea' id='block_1_45' title="bbox 265 4553 522 4609">
    <p class='ocr_par' dir='ltr' id='par_1_45' title="bbox 265 4553 522 4609">
     <span class='ocr_line' id='line_1_45' title="bbox 265 4553 522 4609; baseline -0.008 0"><span class='ocrx_word' id='word_1_320' title='bbox 265 4553 522 4609; x_wconf 74' lang='lat' dir='ltr'><strong>veritate.</strong></span> 
     </span>
    </p>
   </div>
   <div class='ocr_carea' id='block_1_46' title="bbox 339 4635 1941 4708">
    <p class='ocr_par' dir='ltr' id='par_1_46' title="bbox 339 4635 1941 4708">
     <span class='ocr_line' id='line_1_46' title="bbox 339 4635 1941 4708; baseline 0 -10"><span class='ocrx_word' id='word_1_321' title='bbox 339 4642 509 4700; x_wconf 70' lang='lat' dir='ltr'><strong>Vens.</strong></span> <span class='ocrx_word' id='word_1_322' title='bbox 557 4643 642 4700; x_wconf 86' lang='lat' dir='ltr'><strong>I6.</strong></span> <span class='ocrx_word' id='word_1_323' title='bbox 683 4671 755 4685; x_wconf 90' lang='lat'><strong>——</strong></span> <span class='ocrx_word' id='word_1_324' title='bbox 788 4640 859 4697; x_wconf 87' lang='lat' dir='ltr'><strong>Et</strong></span> <span class='ocrx_word' id='word_1_325' title='bbox 894 4641 1157 4698; x_wconf 67' lang='lat' dir='ltr'><strong>dixerunt.</strong></span> <span class='ocrx_word' id='word_1_326' title='bbox 1200 4637 1481 4708; x_wconf 89' lang='lat' dir='ltr'><strong>Principes</strong></span> <span class='ocrx_word' id='word_1_327' title='bbox 1511 4637 1770 4705; x_wconf 82' lang='lat' dir='ltr'><strong>civitatis,</strong></span> <span class='ocrx_word' id='word_1_328' title='bbox 1807 4645 1864 4694; x_wconf 89' lang='lat' dir='ltr'><strong>et</strong></span> <span class='ocrx_word' id='word_1_329' title='bbox 1887 4635 1941 4698; x_wconf 90' lang='lat' dir='ltr'><strong>D</strong></span> 
     </span>
    </p>
   </div>
   <div class='ocr_carea' id='block_1_47' title="bbox 262 4733 1862 4815">
    <p class='ocr_par' dir='ltr' id='par_1_47' title="bbox 262 4733 1862 4815">
     <span class='ocr_line' id='line_1_47' title="bbox 262 4733 1862 4815; baseline -0.004 -20"><span class='ocrx_word' id='word_1_330' title='bbox 262 4737 927 4815; x_wconf 80' lang='lat' dir='ltr'><strong>populusintellexerunt,</strong></span> <span class='ocrx_word' id='word_1_331' title='bbox 956 4743 1082 4799; x_wconf 89' lang='lat' dir='ltr'><strong>etc.,</strong></span> <span class='ocrx_word' id='word_1_332' title='bbox 1125 4749 1286 4804; x_wconf 86' lang='lat' dir='ltr'><strong>usque</strong></span> <span class='ocrx_word' id='word_1_333' title='bbox 1317 4733 1385 4787; x_wconf 88' lang='lat' dir='ltr'><strong>ad</strong></span> <span class='ocrx_word' id='word_1_334' title='bbox 1408 4745 1544 4802; x_wconf 88' lang='lat' dir='ltr'><strong>quas</strong></span> <span class='ocrx_word' id='word_1_335' title='bbox 1564 4733 1862 4790; x_wconf 88' lang='lat' dir='ltr'><strong>mutatione</strong></span> 
     </span>
    </p>
   </div>
   <div class='ocr_carea' id='block_1_48' title="bbox 262 4827 1146 4901">
    <p class='ocr_par' dir='ltr' id='par_1_48' title="bbox 262 4827 1146 4901">
     <span class='ocr_line' id='line_1_48' title="bbox 262 4827 1146 4901; baseline -0.009 -13"><span class='ocrx_word' id='word_1_336' title='bbox 262 4830 553 4888; x_wconf 72' lang='lat' dir='ltr'><strong>sententia:</strong></span> <span class='ocrx_word' id='word_1_337' title='bbox 573 4844 862 4901; x_wconf 90' lang='lat' dir='ltr'><strong>possumus</strong></span> <span class='ocrx_word' id='word_1_338' title='bbox 891 4827 1146 4895; x_wconf 79' lang='lat' dir='ltr'><strong>liberare.</strong></span> 
     </span>
    </p>
   </div>
   <div class='ocr_carea' id='block_1_49' title="bbox 339 4914 1862 4992">
    <p class='ocr_par' dir='ltr' id='par_1_49' title="bbox 339 4914 1862 4992">
     <span class='ocr_line' id='line_1_49' title="bbox 339 4914 1862 4992; baseline -0.001 -16"><span class='ocrx_word' id='word_1_339' title='bbox 339 4920 511 4979; x_wconf 69' lang='lat' dir='ltr'><strong>Vens.</strong></span> <span class='ocrx_word' id='word_1_340' title='bbox 551 4921 642 4978; x_wconf 78' lang='lat'><strong>20.</strong></span> <span class='ocrx_word' id='word_1_341' title='bbox 677 4951 752 4964; x_wconf 90' lang='lat'><strong><em>—</em></strong></span> <span class='ocrx_word' id='word_1_342' title='bbox 788 4918 919 4974; x_wconf 84' lang='lat' dir='ltr'><strong>Fuit</strong></span> <span class='ocrx_word' id='word_1_343' title='bbox 956 4935 1180 4992; x_wconf 89' lang='lat' dir='ltr'><strong>quoque.</strong></span> <span class='ocrx_word' id='word_1_344' title='bbox 1223 4915 1501 4985; x_wconf 68' lang='lat' dir='ltr'><strong>Quaeritur</strong></span> <span class='ocrx_word' id='word_1_345' title='bbox 1544 4931 1668 4973; x_wconf 84' lang='lat' dir='ltr'><strong>cum</strong></span> <span class='ocrx_word' id='word_1_346' title='bbox 1700 4914 1862 4975; x_wconf 90' lang='lat' dir='ltr'><strong>Urias</strong></span> 
     </span>
    </p>
   </div>
   <div class='ocr_carea' id='block_1_50' title="bbox 261 5011 1864 5100">
    <p class='ocr_par' dir='ltr' id='par_1_50' title="bbox 261 5011 1864 5100">
     <span class='ocr_line' id='line_1_50' title="bbox 261 5011 1864 5100; baseline -0.002 -27"><span class='ocrx_word' id='word_1_347' title='bbox 261 5015 480 5080; x_wconf 85' lang='lat' dir='ltr'><strong>eadem,</strong></span> <span class='ocrx_word' id='word_1_348' title='bbox 516 5023 649 5083; x_wconf 89' lang='lat' dir='ltr'><strong>etc.,</strong></span> <span class='ocrx_word' id='word_1_349' title='bbox 689 5030 851 5086; x_wconf 87' lang='lat' dir='ltr'><strong>usque</strong></span> <span class='ocrx_word' id='word_1_350' title='bbox 876 5012 946 5067; x_wconf 88' lang='lat' dir='ltr'><strong>ad</strong></span> <span class='ocrx_word' id='word_1_351' title='bbox 994 5011 1244 5069; x_wconf 86' lang='lat' dir='ltr'><strong>Christus</strong></span> <span class='ocrx_word' id='word_1_352' title='bbox 1269 5025 1485 5084; x_wconf 89' lang='lat' dir='ltr'><strong>quoque</strong></span> <span class='ocrx_word' id='word_1_353' title='bbox 1503 5011 1587 5100; x_wconf 53' lang='lat' dir='ltr'><strong>.de</strong></span> <span class='ocrx_word' id='word_1_354' title='bbox 1612 5011 1864 5071; x_wconf 88' lang='lat' dir='ltr'><strong>manibus</strong></span> 
     </span>
    </p>
   </div>
   <div class='ocr_carea' id='block_1_51' title="bbox 261 5104 1058 5180">
    <p class='ocr_par' dir='ltr' id='par_1_51' title="bbox 261 5104 1058 5180">
     <span class='ocr_line' id='line_1_51' title="bbox 261 5104 1058 5180; baseline -0.006 -16"><span class='ocrx_word' id='word_1_355' title='bbox 261 5105 716 5180; x_wconf 84' lang='lat' dir='ltr'><strong>persequentium</strong></span> <span class='ocrx_word' id='word_1_356' title='bbox 743 5104 927 5176; x_wconf 89' lang='lat' dir='ltr'><strong>lapsus</strong></span> <span class='ocrx_word' id='word_1_357' title='bbox 955 5112 1058 5160; x_wconf 90' lang='lat' dir='ltr'><strong>est.</strong></span> 
     </span>
    </p>
   </div>
   <div class='ocr_carea' id='block_1_52' title="bbox 340 5194 1862 5273">
    <p class='ocr_par' dir='ltr' id='par_1_52' title="bbox 340 5194 1862 5273">
     <span class='ocr_line' id='line_1_52' title="bbox 340 5194 1862 5273; baseline 0.004 -19"><span class='ocrx_word' id='word_1_358' title='bbox 340 5198 508 5255; x_wconf 79' lang='lat' dir='ltr'><strong>Vnns.</strong></span> <span class='ocrx_word' id='word_1_359' title='bbox 549 5197 641 5254; x_wconf 70' lang='lat'><strong>22.</strong></span> <span class='ocrx_word' id='word_1_360' title='bbox 679 5227 753 5240; x_wconf 93' lang='lat'><strong>—</strong></span> <span class='ocrx_word' id='word_1_361' title='bbox 797 5195 870 5252; x_wconf 86' lang='lat' dir='ltr'><strong>Et</strong></span> <span class='ocrx_word' id='word_1_362' title='bbox 909 5197 1053 5252; x_wconf 83' lang='lat' dir='ltr'><strong>misit</strong></span> <span class='ocrx_word' id='word_1_363' title='bbox 1095 5211 1206 5252; x_wconf 73' lang='lat' dir='ltr'><strong>rem.</strong></span> <span class='ocrx_word' id='word_1_364' title='bbox 1263 5194 1536 5265; x_wconf 81' lang='lat' dir='ltr'><strong>Quaeritur</strong></span> <span class='ocrx_word' id='word_1_365' title='bbox 1592 5200 1862 5273; x_wconf 91' lang='lat' dir='ltr'><strong>quomodo</strong></span> 
     </span>
    </p>
   </div>
   <div class='ocr_carea' id='block_1_53' title="bbox 262 5293 1864 5368">
    <p class='ocr_par' dir='ltr' id='par_1_53' title="bbox 262 5293 1864 5368">
     <span class='ocr_line' id='line_1_53' title="bbox 262 5293 1864 5368; baseline -0.001 -13"><span class='ocrx_word' id='word_1_366' title='bbox 262 5297 518 5355; x_wconf 87' lang='lat' dir='ltr'><strong>Joachim</strong></span> <span class='ocrx_word' id='word_1_367' title='bbox 544 5310 664 5364; x_wconf 82' lang='lat' dir='ltr'><strong>rex,</strong></span> <span class='ocrx_word' id='word_1_368' title='bbox 683 5304 815 5363; x_wconf 92' lang='lat' dir='ltr'><strong>etc.,</strong></span> <span class='ocrx_word' id='word_1_369' title='bbox 846 5311 1009 5367; x_wconf 86' lang='lat' dir='ltr'><strong>usque</strong></span> <span class='ocrx_word' id='word_1_370' title='bbox 1037 5293 1106 5349; x_wconf 89' lang='lat' dir='ltr'><strong>ad</strong></span> <span class='ocrx_word' id='word_1_371' title='bbox 1136 5301 1192 5350; x_wconf 93' lang='lat' dir='ltr'><strong>et</strong></span> <span class='ocrx_word' id='word_1_372' title='bbox 1212 5294 1355 5353; x_wconf 89' lang='lat' dir='ltr'><strong>hanc</strong></span> <span class='ocrx_word' id='word_1_373' title='bbox 1394 5295 1735 5368; x_wconf 85' lang='lat' dir='ltr'><strong>prophetiam</strong></span> <span class='ocrx_word' id='word_1_374' title='bbox 1781 5296 1864 5353; x_wconf 81' lang='lat' dir='ltr'><strong>fa-</strong></span> 
     </span>
    </p>
   </div>
   <div class='ocr_carea' id='block_1_54' title="bbox 266 5389 1278 5462">
    <p class='ocr_par' dir='ltr' id='par_1_54' title="bbox 266 5389 1278 5462">
     <span class='ocr_line' id='line_1_54' title="bbox 266 5389 1278 5462; baseline -0.007 -12"><span class='ocrx_word' id='word_1_375' title='bbox 266 5400 418 5450; x_wconf 84' lang='lat' dir='ltr'><strong>ctam</strong></span> <span class='ocrx_word' id='word_1_376' title='bbox 445 5405 568 5447; x_wconf 89' lang='lat' dir='ltr'><strong>esse</strong></span> <span class='ocrx_word' id='word_1_377' title='bbox 591 5406 717 5447; x_wconf 91' lang='lat' dir='ltr'><strong>cum</strong></span> <span class='ocrx_word' id='word_1_378' title='bbox 740 5389 1002 5462; x_wconf 70' lang='lat' dir='ltr'><strong>cmpisset</strong></span> <span class='ocrx_word' id='word_1_379' title='bbox 1023 5402 1278 5460; x_wconf 91' lang='lat' dir='ltr'><strong>regnare.</strong></span> 
     </span>
    </p>
   </div>
   <div class='ocr_carea' id='block_1_55' title="bbox 343 5477 1861 5554">
    <p class='ocr_par' dir='ltr' id='par_1_55' title="bbox 343 5477 1861 5554">
     <span class='ocr_line' id='line_1_55' title="bbox 343 5477 1861 5554; baseline 0 -15"><span class='ocrx_word' id='word_1_380' title='bbox 343 5483 510 5539; x_wconf 78' lang='lat' dir='ltr'><strong>Vens.</strong></span> <span class='ocrx_word' id='word_1_381' title='bbox 531 5481 625 5537; x_wconf 67' lang='lat'><strong>24.</strong></span> <span class='ocrx_word' id='word_1_382' title='bbox 645 5509 718 5524; x_wconf 89' lang='lat'><strong>--</strong></span> <span class='ocrx_word' id='word_1_383' title='bbox 733 5480 909 5554; x_wconf 84' lang='lat' dir='ltr'><strong>Igitur</strong></span> <span class='ocrx_word' id='word_1_384' title='bbox 928 5496 1116 5536; x_wconf 85' lang='lat' dir='ltr'><strong>manus</strong></span> <span class='ocrx_word' id='word_1_385' title='bbox 1153 5477 1395 5534; x_wconf 74' lang='lat' dir='ltr'><strong>Atticam.</strong></span> <span class='ocrx_word' id='word_1_386' title='bbox 1428 5479 1685 5548; x_wconf 86' lang='lat' dir='ltr'><strong>Quamvis</strong></span> <span class='ocrx_word' id='word_1_387' title='bbox 1702 5480 1861 5540; x_wconf 77' lang='lat' dir='ltr'><strong>Iere-</strong></span> 
     </span>
    </p>
   </div>
   <div class='ocr_carea' id='block_1_56' title="bbox 268 5573 1864 5647">
    <p class='ocr_par' dir='ltr' id='par_1_56' title="bbox 268 5573 1864 5647">
     <span class='ocr_line' id='line_1_56' title="bbox 268 5573 1864 5647; baseline -0.001 -12"><span class='ocrx_word' id='word_1_388' title='bbox 268 5578 414 5636; x_wconf 87' lang='lat' dir='ltr'><strong>mias</strong></span> <span class='ocrx_word' id='word_1_389' title='bbox 430 5575 646 5647; x_wconf 80' lang='lat' dir='ltr'><strong>Domini</strong></span> <span class='ocrx_word' id='word_1_390' title='bbox 661 5575 862 5631; x_wconf 83' lang='lat' dir='ltr'><strong>auxilio</strong></span> <span class='ocrx_word' id='word_1_391' title='bbox 890 5574 1153 5631; x_wconf 89' lang='lat' dir='ltr'><strong>liberatus</strong></span> <span class='ocrx_word' id='word_1_392' title='bbox 1173 5573 1266 5640; x_wconf 89' lang='lat' dir='ltr'><strong>sit,</strong></span> <span class='ocrx_word' id='word_1_393' title='bbox 1281 5573 1336 5628; x_wconf 92' lang='lat' dir='ltr'><strong>in</strong></span> <span class='ocrx_word' id='word_1_394' title='bbox 1352 5575 1656 5630; x_wconf 88' lang='lat' dir='ltr'><strong>mercedem</strong></span> <span class='ocrx_word' id='word_1_395' title='bbox 1680 5584 1864 5634; x_wconf 88' lang='lat' dir='ltr'><strong>tamen</strong></span> 
     </span>
    </p>
   </div>
   <div class='ocr_carea' id='block_1_57' title="bbox 271 5665 1858 5741">
    <p class='ocr_par' dir='ltr' id='par_1_57' title="bbox 271 5665 1858 5741">
     <span class='ocr_line' id='line_1_57' title="bbox 271 5665 1858 5741; baseline 0 -16"><span class='ocrx_word' id='word_1_396' title='bbox 271 5669 566 5741; x_wconf 85' lang='lat' dir='ltr'><strong>deputatur</strong></span> <span class='ocrx_word' id='word_1_397' title='bbox 594 5666 703 5734; x_wconf 84' lang='lat' dir='ltr'><strong>illi,</strong></span> <span class='ocrx_word' id='word_1_398' title='bbox 729 5681 827 5738; x_wconf 90' lang='lat' dir='ltr'><strong>per</strong></span> <span class='ocrx_word' id='word_1_399' title='bbox 852 5681 1012 5739; x_wconf 90' lang='lat' dir='ltr'><strong>quem</strong></span> <span class='ocrx_word' id='word_1_400' title='bbox 1047 5665 1367 5736; x_wconf 85' lang='lat' dir='ltr'><strong>prophetam</strong></span> <span class='ocrx_word' id='word_1_401' title='bbox 1402 5681 1558 5722; x_wconf 89' lang='lat' dir='ltr'><strong>suum</strong></span> <span class='ocrx_word' id='word_1_402' title='bbox 1589 5667 1858 5725; x_wconf 86' lang='lat' dir='ltr'><strong>liberavit.</strong></span> 
     </span>
    </p>
   </div>
   <div class='ocr_carea' id='block_1_58' title="bbox 841 5789 1324 5848">
    <p class='ocr_par' dir='ltr' id='par_1_58' title="bbox 841 5789 1324 5848">
     <span class='ocr_line' id='line_1_58' title="bbox 841 5789 1324 5848; baseline -0.002 -1"><span class='ocrx_word' id='word_1_403' title='bbox 841 5791 1070 5848; x_wconf 82' lang='lat' dir='ltr'><strong>CAPUT</strong></span> <span class='ocrx_word' id='word_1_404' title='bbox 1110 5789 1324 5846; x_wconf 77' lang='lat' dir='ltr'><strong>XXVII.</strong></span> 
     </span>
    </p>
   </div>
   <div class='ocr_carea' id='block_1_59' title="bbox 348 5892 1862 5972">
    <p class='ocr_par' dir='ltr' id='par_1_59' title="bbox 348 5892 1862 5972">
     <span class='ocr_line' id='line_1_59' title="bbox 348 5892 1862 5972; baseline 0.001 -21"><span class='ocrx_word' id='word_1_405' title='bbox 348 5893 515 5952; x_wconf 70' lang='lat' dir='ltr'><strong>Vna.</strong></span> <span class='ocrx_word' id='word_1_406' title='bbox 567 5895 618 5950; x_wconf 85' lang='lat' dir='ltr'><strong>I.</strong></span> <span class='ocrx_word' id='word_1_407' title='bbox 655 5924 728 5938; x_wconf 79' lang='lat'>——</span> <span class='ocrx_word' id='word_1_408' title='bbox 764 5892 833 5949; x_wconf 87' lang='lat' dir='ltr'><strong>In</strong></span> <span class='ocrx_word' id='word_1_409' title='bbox 885 5893 1140 5965; x_wconf 83' lang='lat' dir='ltr'><strong>principio</strong></span> <span class='ocrx_word' id='word_1_410' title='bbox 1195 5895 1359 5964; x_wconf 84' lang='lat' dir='ltr'><strong>regni,</strong></span> <span class='ocrx_word' id='word_1_411' title='bbox 1410 5901 1518 5950; x_wconf 88' lang='lat' dir='ltr'><strong>etc.</strong></span> <span class='ocrx_word' id='word_1_412' title='bbox 1565 5894 1862 5972; x_wconf 70' lang='grc' dir='ltr'><strong>(Ηιειιοκ.)</strong></span> 
     </span>
    </p>
   </div>
   <div class='ocr_carea' id='block_1_60' title="bbox 716 5988 1240 6054">
    <p class='ocr_par' dir='ltr' id='par_1_60' title="bbox 716 5988 1240 6054">
     <span class='ocr_line' id='line_1_60' title="bbox 716 5988 1240 6054; baseline -0.004 -2"><span class='ocrx_word' id='word_1_413' title='bbox 716 5989 984 6052; x_wconf 66' lang='lat' dir='ltr'><strong>Panos.</strong></span> <span class='ocrx_word' id='word_1_414' title='bbox 1021 5988 1240 6054; x_wconf 78' lang='lat' dir='ltr'><strong>CXIV.</strong></span> 
     </span>
    </p>
   </div>
   <div class='ocr_carea' id='block_1_61' title="bbox 1982 605 3570 685">
    <p class='ocr_par' dir='ltr' id='par_1_61' title="bbox 1982 605 3570 685">
     <span class='ocr_line' id='line_1_61' title="bbox 1982 605 3570 685; baseline 0.011 -26"><span class='ocrx_word' id='word_1_415' title='bbox 1982 605 2187 675; x_wconf 87' lang='lat' dir='ltr'><strong>periori</strong></span> <span class='ocrx_word' id='word_1_416' title='bbox 2225 614 2309 662; x_wconf 91' lang='lat' dir='ltr'><strong>est</strong></span> <span class='ocrx_word' id='word_1_417' title='bbox 2337 607 2689 680; x_wconf 80' lang='lat' dir='ltr'><strong>jungendum,</strong></span> <span class='ocrx_word' id='word_1_418' title='bbox 2719 619 2780 666; x_wconf 90' lang='lat' dir='ltr'><strong>ut</strong></span> <span class='ocrx_word' id='word_1_419' title='bbox 2810 613 3069 685; x_wconf 88' lang='lat' dir='ltr'><strong>quidquid</strong></span> <span class='ocrx_word' id='word_1_420' title='bbox 3098 615 3302 672; x_wconf 89' lang='lat' dir='ltr'><strong>dictum</strong></span> <span class='ocrx_word' id='word_1_421' title='bbox 3335 619 3570 677; x_wconf 78' lang='lat' dir='ltr'><strong>refertur</strong></span> 
     </span>
    </p>
   </div>
   <div class='ocr_carea' id='block_1_62' title="bbox 1982 695 3568 776">
    <p class='ocr_par' dir='ltr' id='par_1_62' title="bbox 1982 695 3568 776">
     <span class='ocr_line' id='line_1_62' title="bbox 1982 695 3568 776; baseline 0.012 -26"><span class='ocrx_word' id='word_1_422' title='bbox 1982 695 2069 751; x_wconf 88' lang='lat' dir='ltr'><strong>vel</strong></span> <span class='ocrx_word' id='word_1_423' title='bbox 2114 695 2338 767; x_wconf 83' lang='lat' dir='ltr'><strong>factum,</strong></span> <span class='ocrx_word' id='word_1_424' title='bbox 2391 701 2449 756; x_wconf 90' lang='lat' dir='ltr'><strong>in</strong></span> <span class='ocrx_word' id='word_1_425' title='bbox 2476 701 2746 772; x_wconf 90' lang='lat' dir='ltr'><strong>principio</strong></span> <span class='ocrx_word' id='word_1_426' title='bbox 2794 705 2947 776; x_wconf 83' lang='lat' dir='ltr'><strong>regni</strong></span> <span class='ocrx_word' id='word_1_427' title='bbox 2985 703 3230 762; x_wconf 87' lang='lat' dir='ltr'><strong>Joachim</strong></span> <span class='ocrx_word' id='word_1_428' title='bbox 3278 711 3568 770; x_wconf 89' lang='lat' dir='ltr'><strong>credamus</strong></span> 
     </span>
    </p>
   </div>
   <div class='ocr_carea' id='block_1_63' title="bbox 1982 787 2518 847">
    <p class='ocr_par' dir='ltr' id='par_1_63' title="bbox 1982 787 2518 847">
     <span class='ocr_line' id='line_1_63' title="bbox 1982 787 2518 847; baseline 0.007 -2"><span class='ocrx_word' id='word_1_429' title='bbox 1982 787 2172 847; x_wconf 78' lang='lat' dir='ltr'><strong>fuisse.</strong></span> <span class='ocrx_word' id='word_1_430' title='bbox 2503 799 2518 820; x_wconf 93' lang='lat'><strong><em>&#39;</em></strong></span> 
     </span>
    </p>
   </div>
   <div class='ocr_carea' id='block_1_64' title="bbox 2054 881 3569 956">
    <p class='ocr_par' dir='ltr' id='par_1_64' title="bbox 2054 881 3569 956">
     <span class='ocr_line' id='line_1_64' title="bbox 2054 881 3569 956; baseline 0.013 -19"><span class='ocrx_word' id='word_1_431' title='bbox 2054 881 2217 940; x_wconf 74' lang='lat' dir='ltr'><strong>Vens.</strong></span> <span class='ocrx_word' id='word_1_432' title='bbox 2257 885 2314 940; x_wconf 74' lang='lat'><strong>2.</strong></span> <span class='ocrx_word' id='word_1_433' title='bbox 2357 916 2426 926; x_wconf 92' lang='grc'><strong><em>-</em></strong></span> <span class='ocrx_word' id='word_1_434' title='bbox 2461 886 2594 942; x_wconf 65' lang='lat' dir='ltr'><strong>Hice</strong></span> <span class='ocrx_word' id='word_1_435' title='bbox 2624 888 2753 944; x_wconf 85' lang='lat' dir='ltr'><strong>dicit</strong></span> <span class='ocrx_word' id='word_1_436' title='bbox 2781 889 3062 948; x_wconf 86' lang='lat' dir='ltr'><strong>Dominus.</strong></span> <span class='ocrx_word' id='word_1_437' title='bbox 3099 892 3384 953; x_wconf 75' lang='lat' dir='ltr'><strong>Przeterita</strong></span> <span class='ocrx_word' id='word_1_438' title='bbox 3428 899 3569 956; x_wconf 90' lang='lat' dir='ltr'><strong>visio</strong></span> 
     </span>
    </p>
   </div>
   <div class='ocr_carea' id='block_1_65' title="bbox 1980 974 3570 1056">
    <p class='ocr_par' dir='ltr' id='par_1_65' title="bbox 1980 974 3570 1056">
     <span class='ocr_line' id='line_1_65' title="bbox 1980 974 3570 1056; baseline 0.011 -26"><span class='ocrx_word' id='word_1_439' title='bbox 1980 974 2037 1030; x_wconf 88' lang='lat' dir='ltr'><strong>in</strong></span> <span class='ocrx_word' id='word_1_440' title='bbox 2065 976 2332 1048; x_wconf 91' lang='lat' dir='ltr'><strong>principio</strong></span> <span class='ocrx_word' id='word_1_441' title='bbox 2354 979 2505 1051; x_wconf 84' lang='lat' dir='ltr'><strong>regni</strong></span> <span class='ocrx_word' id='word_1_442' title='bbox 2534 978 2814 1036; x_wconf 85' lang='lat' dir='ltr'><strong>Joachim:</strong></span> <span class='ocrx_word' id='word_1_443' title='bbox 2842 983 2956 1038; x_wconf 72' lang='lat' dir='ltr'><strong>haec</strong></span> <span class='ocrx_word' id='word_1_444' title='bbox 2984 995 3164 1041; x_wconf 89' lang='lat' dir='ltr'><strong>autem</strong></span> <span class='ocrx_word' id='word_1_445' title='bbox 3194 988 3294 1043; x_wconf 91' lang='lat' dir='ltr'><strong>sub</strong></span> <span class='ocrx_word' id='word_1_446' title='bbox 3322 989 3570 1056; x_wconf 87' lang='lat' dir='ltr'><strong>Sedecia,</strong></span> 
     </span>
    </p>
   </div>
   <div class='ocr_carea' id='block_1_66' title="bbox 1982 1066 3575 1152">
    <p class='ocr_par' dir='ltr' id='par_1_66' title="bbox 1982 1066 3575 1152">
     <span class='ocr_line' id='line_1_66' title="bbox 1982 1066 3575 1152; baseline 0.014 -33"><span class='ocrx_word' id='word_1_447' title='bbox 1982 1066 2075 1138; x_wconf 90' lang='lat' dir='ltr'><strong>qui</strong></span> <span class='ocrx_word' id='word_1_448' title='bbox 2111 1076 2357 1126; x_wconf 78' lang='lat' dir='ltr'><strong>extremo</strong></span> <span class='ocrx_word' id='word_1_449' title='bbox 2405 1071 2652 1142; x_wconf 82' lang='lat' dir='ltr'><strong>regnavit</strong></span> <span class='ocrx_word' id='word_1_450' title='bbox 2682 1072 2738 1128; x_wconf 91' lang='lat' dir='ltr'><strong>in</strong></span> <span class='ocrx_word' id='word_1_451' title='bbox 2780 1072 3117 1146; x_wconf 84' lang='lat' dir='ltr'><strong>Jerusalem,</strong></span> <span class='ocrx_word' id='word_1_452' title='bbox 3163 1079 3264 1135; x_wconf 86' lang='lat' dir='ltr'><strong>sub</strong></span> <span class='ocrx_word' id='word_1_453' title='bbox 3291 1098 3401 1152; x_wconf 90' lang='lat' dir='ltr'><strong>quo</strong></span> <span class='ocrx_word' id='word_1_454' title='bbox 3441 1086 3575 1142; x_wconf 90' lang='lat' dir='ltr'><strong>urbs</strong></span> 
     </span>
    </p>
   </div>
   <div class='ocr_carea' id='block_1_67' title="bbox 1982 1170 2570 1232">
    <p class='ocr_par' dir='ltr' id='par_1_67' title="bbox 1982 1170 2570 1232">
     <span class='ocr_line' id='line_1_67' title="bbox 1982 1170 2570 1232; baseline 0.01 -18"><span class='ocrx_word' id='word_1_455' title='bbox 1982 1170 2140 1232; x_wconf 85' lang='lat' dir='ltr'><strong>capta</strong></span> <span class='ocrx_word' id='word_1_456' title='bbox 2167 1173 2252 1218; x_wconf 90' lang='lat' dir='ltr'><strong>est</strong></span> <span class='ocrx_word' id='word_1_457' title='bbox 2274 1173 2331 1219; x_wconf 90' lang='lat' dir='ltr'><strong>et</strong></span> <span class='ocrx_word' id='word_1_458' title='bbox 2359 1181 2570 1222; x_wconf 87' lang='lat' dir='ltr'><strong>eversa.</strong></span> 
     </span>
    </p>
   </div>
   <div class='ocr_carea' id='block_1_68' title="bbox 2053 1250 3574 1336">
    <p class='ocr_par' dir='ltr' id='par_1_68' title="bbox 2053 1250 3574 1336">
     <span class='ocr_line' id='line_1_68' title="bbox 2053 1250 3574 1336; baseline 0.014 -31"><span class='ocrx_word' id='word_1_459' title='bbox 2053 1250 2217 1309; x_wconf 71' lang='lat' dir='ltr'><strong>Vens.</strong></span> <span class='ocrx_word' id='word_1_460' title='bbox 2259 1253 2388 1310; x_wconf 85' lang='lat'><strong>5.—</strong></span> <span class='ocrx_word' id='word_1_461' title='bbox 2424 1255 2642 1312; x_wconf 89' lang='lat' dir='ltr'><strong>Terram</strong></span> <span class='ocrx_word' id='word_1_462' title='bbox 2679 1267 2728 1313; x_wconf 88' lang='lat' dir='ltr'><strong>et</strong></span> <span class='ocrx_word' id='word_1_463' title='bbox 2756 1262 3021 1317; x_wconf 72' lang='lat' dir='ltr'><strong>homines.</strong></span> <span class='ocrx_word' id='word_1_464' title='bbox 3062 1262 3206 1320; x_wconf 92' lang='lat' dir='ltr'><strong>Ordo</strong></span> <span class='ocrx_word' id='word_1_465' title='bbox 3243 1270 3574 1336; x_wconf 86' lang='lat' dir='ltr'><strong>contrarius,</strong></span> 
     </span>
    </p>
   </div>
   <div class='ocr_carea' id='block_1_69' title="bbox 1980 1343 3577 1430">
    <p class='ocr_par' dir='ltr' id='par_1_69' title="bbox 1980 1343 3577 1430">
     <span class='ocr_line' id='line_1_69' title="bbox 1980 1343 3577 1430; baseline 0.012 -31"><span class='ocrx_word' id='word_1_466' title='bbox 1980 1343 2038 1400; x_wconf 90' lang='lat' dir='ltr'><strong>in</strong></span> <span class='ocrx_word' id='word_1_467' title='bbox 2076 1344 2272 1405; x_wconf 88' lang='lat' dir='ltr'><strong>Genesi</strong></span> <span class='ocrx_word' id='word_1_468' title='bbox 2316 1349 2466 1420; x_wconf 90' lang='lat' dir='ltr'><strong>prius</strong></span> <span class='ocrx_word' id='word_1_469' title='bbox 2504 1349 2642 1406; x_wconf 77' lang='lat' dir='ltr'><strong>fiunt</strong></span> <span class='ocrx_word' id='word_1_470' title='bbox 2682 1352 3000 1421; x_wconf 87' lang='lat' dir='ltr'><strong>animantia,</strong></span> <span class='ocrx_word' id='word_1_471' title='bbox 3032 1357 3197 1414; x_wconf 88' lang='lat' dir='ltr'><strong>homo</strong></span> <span class='ocrx_word' id='word_1_472' title='bbox 3223 1370 3442 1430; x_wconf 84' lang='lat' dir='ltr'><strong>postea;</strong></span> <span class='ocrx_word' id='word_1_473' title='bbox 3487 1363 3577 1418; x_wconf 87' lang='lat' dir='ltr'><strong>hic</strong></span> 
     </span>
    </p>
   </div>
   <div class='ocr_carea' id='block_1_70' title="bbox 1980 1439 3576 1520">
    <p class='ocr_par' dir='ltr' id='par_1_70' title="bbox 1980 1439 3576 1520">
     <span class='ocr_line' id='line_1_70' title="bbox 1980 1439 3576 1520; baseline 0.011 -30"><span class='ocrx_word' id='word_1_474' title='bbox 1980 1444 2164 1492; x_wconf 87' lang='lat' dir='ltr'><strong>autem</strong></span> <span class='ocrx_word' id='word_1_475' title='bbox 2202 1439 2354 1510; x_wconf 89' lang='lat' dir='ltr'><strong>prius</strong></span> <span class='ocrx_word' id='word_1_476' title='bbox 2395 1441 2670 1498; x_wconf 85' lang='lat' dir='ltr'><strong>hominem</strong></span> <span class='ocrx_word' id='word_1_477' title='bbox 2702 1444 2967 1512; x_wconf 88' lang='lat' dir='ltr'><strong>nominat,</strong></span> <span class='ocrx_word' id='word_1_478' title='bbox 2994 1457 3184 1518; x_wconf 87' lang='lat' dir='ltr'><strong>postea</strong></span> <span class='ocrx_word' id='word_1_479' title='bbox 3224 1466 3346 1520; x_wconf 83' lang='lat' dir='ltr'><strong>quae</strong></span> <span class='ocrx_word' id='word_1_480' title='bbox 3371 1462 3499 1508; x_wconf 88' lang='lat' dir='ltr'><strong>sunt</strong></span> <span class='ocrx_word' id='word_1_481' title='bbox 3527 1454 3576 1508; x_wconf 90' lang='lat' dir='ltr'><strong>ei</strong></span> 
     </span>
    </p>
   </div>
   <div class='ocr_carea' id='block_1_71' title="bbox 1979 1522 2264 1600">
    <p class='ocr_par' dir='ltr' id='par_1_71' title="bbox 1979 1522 2264 1600">
     <span class='ocr_line' id='line_1_71' title="bbox 1979 1522 2264 1600; baseline 0.018 -18"><span class='ocrx_word' id='word_1_482' title='bbox 1979 1522 2264 1600; x_wconf 58' lang='grc' dir='ltr'><strong>πωπω.</strong></span> 
     </span>
    </p>
   </div>
   <div class='ocr_carea' id='block_1_72' title="bbox 1978 1617 3566 1708">
    <p class='ocr_par' dir='ltr' id='par_1_72' title="bbox 1978 1617 3566 1708">
     <span class='ocr_line' id='line_1_72' title="bbox 1978 1617 3566 1708; baseline 0.014 -35"><span class='ocrx_word' id='word_1_483' title='bbox 1978 1617 2047 1675; x_wconf 85' lang='lat' dir='ltr'><strong>In</strong></span> <span class='ocrx_word' id='word_1_484' title='bbox 2078 1620 2410 1690; x_wconf 79' lang='lat' dir='ltr'><strong>fortitudine.</strong></span> <span class='ocrx_word' id='word_1_485' title='bbox 2453 1624 2704 1684; x_wconf 89' lang='lat' dir='ltr'><strong>Christus</strong></span> <span class='ocrx_word' id='word_1_486' title='bbox 2733 1628 2829 1685; x_wconf 92' lang='lat' dir='ltr'><strong>Dei</strong></span> <span class='ocrx_word' id='word_1_487' title='bbox 2855 1631 3032 1688; x_wconf 87' lang='lat' dir='ltr'><strong>virtus</strong></span> <span class='ocrx_word' id='word_1_488' title='bbox 3059 1642 3116 1689; x_wconf 89' lang='lat' dir='ltr'><strong>et</strong></span> <span class='ocrx_word' id='word_1_489' title='bbox 3151 1635 3248 1691; x_wconf 89' lang='lat' dir='ltr'><strong>Dei</strong></span> <span class='ocrx_word' id='word_1_490' title='bbox 3277 1639 3566 1708; x_wconf 87' lang='lat' dir='ltr'><strong>sapientia.</strong></span> 
     </span>
    </p>
   </div>
   <div class='ocr_carea' id='block_1_73' title="bbox 2017 1711 3574 1801">
    <p class='ocr_par' dir='ltr' id='par_1_73' title="bbox 2017 1711 3574 1801">
     <span class='ocr_line' id='line_1_73' title="bbox 2017 1711 3574 1801; baseline 0.016 -36"><span class='ocrx_word' id='word_1_491' title='bbox 2017 1756 2026 1764; x_wconf 93' lang='lat'><strong>.</strong></span> <span class='ocrx_word' id='word_1_492' title='bbox 2049 1711 2118 1768; x_wconf 87' lang='lat' dir='ltr'><strong>Et</strong></span> <span class='ocrx_word' id='word_1_493' title='bbox 2142 1715 2285 1784; x_wconf 87' lang='lat' dir='ltr'><strong>dedi,</strong></span> <span class='ocrx_word' id='word_1_494' title='bbox 2317 1727 2424 1774; x_wconf 88' lang='lat' dir='ltr'><strong>etc.</strong></span> <span class='ocrx_word' id='word_1_495' title='bbox 2455 1718 2736 1790; x_wconf 76' lang='lat' dir='ltr'><strong>Significat</strong></span> <span class='ocrx_word' id='word_1_496' title='bbox 2754 1724 2901 1794; x_wconf 88' lang='lat' dir='ltr'><strong>quod</strong></span> <span class='ocrx_word' id='word_1_497' title='bbox 2922 1726 3159 1783; x_wconf 89' lang='lat' dir='ltr'><strong>humano</strong></span> <span class='ocrx_word' id='word_1_498' title='bbox 3174 1731 3360 1801; x_wconf 77' lang='lat' dir='ltr'><strong>generi</strong></span> <span class='ocrx_word' id='word_1_499' title='bbox 3390 1734 3574 1790; x_wconf 87' lang='lat' dir='ltr'><strong>omnia</strong></span> 
     </span>
    </p>
   </div>
   <div class='ocr_carea' id='block_1_74' title="bbox 1976 1808 2734 1876">
    <p class='ocr_par' dir='ltr' id='par_1_74' title="bbox 1976 1808 2734 1876">
     <span class='ocr_line' id='line_1_74' title="bbox 1976 1808 2734 1876; baseline 0.013 -17"><span class='ocrx_word' id='word_1_500' title='bbox 1976 1819 2078 1876; x_wconf 88' lang='lat' dir='ltr'><strong>per</strong></span> <span class='ocrx_word' id='word_1_501' title='bbox 2100 1808 2331 1876; x_wconf 87' lang='lat' dir='ltr'><strong>gratiam</strong></span> <span class='ocrx_word' id='word_1_502' title='bbox 2363 1820 2491 1865; x_wconf 90' lang='lat' dir='ltr'><strong>sunt</strong></span> <span class='ocrx_word' id='word_1_503' title='bbox 2512 1813 2734 1870; x_wconf 89' lang='lat' dir='ltr'><strong>tributa.</strong></span> 
     </span>
    </p>
   </div>
   <div class='ocr_carea' id='block_1_75' title="bbox 2744 1909 3573 1994">
    <p class='ocr_par' dir='ltr' id='par_1_75' title="bbox 2744 1909 3573 1994">
     <span class='ocr_line' id='line_1_75' title="bbox 2744 1909 3573 1994; baseline 0.016 -31"><span class='ocrx_word' id='word_1_504' title='bbox 2744 1926 2815 1964; x_wconf 89' lang='lat' dir='ltr'><strong>nu</strong></span> <span class='ocrx_word' id='word_1_505' title='bbox 2874 1909 3384 1972; x_wconf 82' lang='lat' dir='ltr'><strong>Nabuchodonosor.</strong></span> <span class='ocrx_word' id='word_1_506' title='bbox 3444 1919 3573 1994; x_wconf 77' lang='grc' dir='ltr'><strong>(Ιυ.)</strong></span> 
     </span>
    </p>
   </div>
   <div class='ocr_carea' id='block_1_76' title="bbox 1976 1993 3561 2082">
    <p class='ocr_par' dir='ltr' id='par_1_76' title="bbox 1976 1993 3561 2082">
     <span class='ocr_line' id='line_1_76' title="bbox 1976 1993 3561 2082; baseline 0.014 -34"><span class='ocrx_word' id='word_1_507' title='bbox 1976 1993 2202 2062; x_wconf 75' lang='lat' dir='ltr'><strong>Quantae</strong></span> <span class='ocrx_word' id='word_1_508' title='bbox 2229 1996 2564 2056; x_wconf 80' lang='lat' dir='ltr'><strong>infelicitatis</strong></span> <span class='ocrx_word' id='word_1_509' title='bbox 2597 2011 2682 2058; x_wconf 88' lang='lat' dir='ltr'><strong>est</strong></span> <span class='ocrx_word' id='word_1_510' title='bbox 2717 2003 2909 2070; x_wconf 89' lang='lat' dir='ltr'><strong>Israel,</strong></span> <span class='ocrx_word' id='word_1_511' title='bbox 2953 2005 3107 2075; x_wconf 91' lang='lat' dir='ltr'><strong>cujus</strong></span> <span class='ocrx_word' id='word_1_512' title='bbox 3156 2014 3561 2082; x_wconf 88' lang='lat' dir='ltr'><strong>comparatione</strong></span> 
     </span>
    </p>
   </div>
   <div class='ocr_carea' id='block_1_77' title="bbox 1973 2084 3187 2169">
    <p class='ocr_par' dir='ltr' id='par_1_77' title="bbox 1973 2084 3187 2169">
     <span class='ocr_line' id='line_1_77' title="bbox 1973 2084 3187 2169; baseline 0.012 -29"><span class='ocrx_word' id='word_1_513' title='bbox 1973 2084 2475 2146; x_wconf 90' lang='lat' dir='ltr'><strong>Nabuchodonosor</strong></span> <span class='ocrx_word' id='word_1_514' title='bbox 2495 2107 2688 2151; x_wconf 89' lang='lat' dir='ltr'><strong>servus</strong></span> <span class='ocrx_word' id='word_1_515' title='bbox 2715 2094 2813 2151; x_wconf 90' lang='lat' dir='ltr'><strong>Dei</strong></span> <span class='ocrx_word' id='word_1_516' title='bbox 2846 2098 3146 2169; x_wconf 86' lang='lat' dir='ltr'><strong>appellatur</strong></span> <span class='ocrx_word' id='word_1_517' title='bbox 3161 2101 3187 2155; x_wconf 85' lang='lat'><strong>?</strong></span> 
     </span>
    </p>
   </div>
   <div class='ocr_carea' id='block_1_78' title="bbox 2045 2177 3570 2260">
    <p class='ocr_par' dir='ltr' id='par_1_78' title="bbox 2045 2177 3570 2260">
     <span class='ocr_line' id='line_1_78' title="bbox 2045 2177 3570 2260; baseline 0.016 -28"><span class='ocrx_word' id='word_1_518' title='bbox 2045 2177 2275 2252; x_wconf 85' lang='lat' dir='ltr'><strong>Insuper</strong></span> <span class='ocrx_word' id='word_1_519' title='bbox 2311 2191 2381 2237; x_wconf 90' lang='lat' dir='ltr'><strong>et.</strong></span> <span class='ocrx_word' id='word_1_520' title='bbox 2422 2182 2596 2241; x_wconf 87' lang='lat' dir='ltr'><strong>Omne</strong></span> <span class='ocrx_word' id='word_1_521' title='bbox 2619 2201 2792 2258; x_wconf 88' lang='lat' dir='ltr'><strong>genus</strong></span> <span class='ocrx_word' id='word_1_522' title='bbox 2821 2190 3168 2260; x_wconf 85' lang='lat' dir='ltr'><strong>animalium;</strong></span> <span class='ocrx_word' id='word_1_523' title='bbox 3199 2209 3322 2250; x_wconf 92' lang='lat' dir='ltr'><strong>cum</strong></span> <span class='ocrx_word' id='word_1_524' title='bbox 3344 2197 3570 2256; x_wconf 87' lang='lat' dir='ltr'><strong>homine</strong></span> 
     </span>
    </p>
   </div>
   <div class='ocr_carea' id='block_1_79' title="bbox 1973 2271 3569 2358">
    <p class='ocr_par' dir='ltr' id='par_1_79' title="bbox 1973 2271 3569 2358">
     <span class='ocr_line' id='line_1_79' title="bbox 1973 2271 3569 2358; baseline 0.015 -32"><span class='ocrx_word' id='word_1_525' title='bbox 1973 2271 2122 2327; x_wconf 89' lang='lat' dir='ltr'><strong>enim</strong></span> <span class='ocrx_word' id='word_1_526' title='bbox 2164 2274 2344 2330; x_wconf 90' lang='lat' dir='ltr'><strong>omnia</strong></span> <span class='ocrx_word' id='word_1_527' title='bbox 2390 2278 2698 2346; x_wconf 89' lang='lat' dir='ltr'><strong>traduntur,</strong></span> <span class='ocrx_word' id='word_1_528' title='bbox 2743 2297 2865 2352; x_wconf 82' lang='lat' dir='ltr'><strong>quae</strong></span> <span class='ocrx_word' id='word_1_529' title='bbox 2910 2283 3012 2354; x_wconf 90' lang='lat' dir='ltr'><strong>ipsi</strong></span> <span class='ocrx_word' id='word_1_530' title='bbox 3051 2286 3448 2358; x_wconf 88' lang='lat' dir='ltr'><strong>subjiciuntur;</strong></span> <span class='ocrx_word' id='word_1_531' title='bbox 3483 2295 3569 2352; x_wconf 88' lang='lat' dir='ltr'><strong>vel</strong></span> 
     </span>
    </p>
   </div>
   <div class='ocr_carea' id='block_1_80' title="bbox 1973 2361 3570 2446">
    <p class='ocr_par' dir='ltr' id='par_1_80' title="bbox 1973 2361 3570 2446">
     <span class='ocr_line' id='line_1_80' title="bbox 1973 2361 3570 2446; baseline 0.017 -30"><span class='ocrx_word' id='word_1_532' title='bbox 1973 2361 2122 2420; x_wconf 78' lang='lat' dir='ltr'><strong>feras</strong></span> <span class='ocrx_word' id='word_1_533' title='bbox 2145 2376 2356 2438; x_wconf 86' lang='lat' dir='ltr'><strong>gentes,</strong></span> <span class='ocrx_word' id='word_1_534' title='bbox 2385 2376 2446 2425; x_wconf 90' lang='lat' dir='ltr'><strong>ut</strong></span> <span class='ocrx_word' id='word_1_535' title='bbox 2483 2370 2562 2427; x_wconf 88' lang='lat' dir='ltr'><strong>illi</strong></span> <span class='ocrx_word' id='word_1_536' title='bbox 2597 2372 2840 2432; x_wconf 89' lang='lat' dir='ltr'><strong>serviant</strong></span> <span class='ocrx_word' id='word_1_537' title='bbox 2868 2377 2962 2446; x_wconf 91' lang='lat' dir='ltr'><strong>qui</strong></span> <span class='ocrx_word' id='word_1_538' title='bbox 3003 2380 3210 2437; x_wconf 80' lang='lat' dir='ltr'><strong>servire</strong></span> <span class='ocrx_word' id='word_1_539' title='bbox 3254 2399 3364 2439; x_wconf 93' lang='lat' dir='ltr'><strong>non</strong></span> <span class='ocrx_word' id='word_1_540' title='bbox 3401 2401 3570 2443; x_wconf 91' lang='lat' dir='ltr'><strong>nove-</strong></span> 
     </span>
    </p>
   </div>
   <div class='ocr_carea' id='block_1_81' title="bbox 1973 2465 2116 2512">
    <p class='ocr_par' dir='ltr' id='par_1_81' title="bbox 1973 2465 2116 2512">
     <span class='ocr_line' id='line_1_81' title="bbox 1973 2465 2116 2512; baseline 0 0"><span class='ocrx_word' id='word_1_541' title='bbox 1973 2465 2116 2512; x_wconf 88' lang='lat' dir='ltr'><strong>rant.</strong></span> 
     </span>
    </p>
   </div>
   <div class='ocr_carea' id='block_1_82' title="bbox 2045 2547 3562 2640">
    <p class='ocr_par' dir='ltr' id='par_1_82' title="bbox 2045 2547 3562 2640">
     <span class='ocr_line' id='line_1_82' title="bbox 2045 2547 3562 2640; baseline 0.016 -39"><span class='ocrx_word' id='word_1_542' title='bbox 2045 2547 2212 2606; x_wconf 80' lang='lat' dir='ltr'><strong>Vnns.</strong></span> <span class='ocrx_word' id='word_1_543' title='bbox 2254 2550 2309 2606; x_wconf 88' lang='lat'><strong>7.</strong></span> <span class='ocrx_word' id='word_1_544' title='bbox 2339 2584 2410 2594; x_wconf 93' lang='lat'><strong>—</strong></span> <span class='ocrx_word' id='word_1_545' title='bbox 2433 2553 2614 2611; x_wconf 86' lang='lat' dir='ltr'><strong>Donec</strong></span> <span class='ocrx_word' id='word_1_546' title='bbox 2633 2558 2826 2625; x_wconf 81' lang='lat' dir='ltr'><strong>veniat,</strong></span> <span class='ocrx_word' id='word_1_547' title='bbox 2854 2567 2962 2616; x_wconf 89' lang='lat' dir='ltr'><strong>etc.</strong></span> <span class='ocrx_word' id='word_1_548' title='bbox 2991 2560 3070 2617; x_wconf 87' lang='lat' dir='ltr'><strong>Ne</strong></span> <span class='ocrx_word' id='word_1_549' title='bbox 3088 2573 3308 2634; x_wconf 90' lang='lat' dir='ltr'><strong>putetur</strong></span> <span class='ocrx_word' id='word_1_550' title='bbox 3338 2582 3562 2640; x_wconf 80' lang='lat' dir='ltr'><strong>regnum</strong></span> 
     </span>
    </p>
   </div>
   <div class='ocr_carea' id='block_1_83' title="bbox 1973 2638 3559 2732">
    <p class='ocr_par' dir='ltr' id='par_1_83' title="bbox 1973 2638 3559 2732">
     <span class='ocr_line' id='line_1_83' title="bbox 1973 2638 3559 2732; baseline 0.014 -37"><span class='ocrx_word' id='word_1_551' title='bbox 1973 2638 2477 2702; x_wconf 87' lang='lat' dir='ltr'><strong>Nabuchodonosor</strong></span> <span class='ocrx_word' id='word_1_552' title='bbox 2525 2663 2645 2704; x_wconf 91' lang='lat' dir='ltr'><strong>esse</strong></span> <span class='ocrx_word' id='word_1_553' title='bbox 2691 2661 3035 2722; x_wconf 90' lang='lat' dir='ltr'><strong>perpetuum,</strong></span> <span class='ocrx_word' id='word_1_554' title='bbox 3079 2655 3352 2728; x_wconf 82' lang='lat' dir='ltr'><strong>signiﬁcat</strong></span> <span class='ocrx_word' id='word_1_555' title='bbox 3381 2638 3559 2732; x_wconf 79' lang='lat' dir='ltr'><strong>ipsum</strong></span> 
     </span>
    </p>
   </div>
   <div class='ocr_carea' id='block_1_84' title="bbox 1972 2731 3060 2814">
    <p class='ocr_par' dir='ltr' id='par_1_84' title="bbox 1972 2731 3060 2814">
     <span class='ocr_line' id='line_1_84' title="bbox 1972 2731 3060 2814; baseline 0.012 -26"><span class='ocrx_word' id='word_1_556' title='bbox 1972 2747 2004 2788; x_wconf 86' lang='lat' dir='ltr'><strong>a</strong></span> <span class='ocrx_word' id='word_1_557' title='bbox 2029 2731 2202 2790; x_wconf 82' lang='lat' dir='ltr'><strong>Medis</strong></span> <span class='ocrx_word' id='word_1_558' title='bbox 2230 2744 2286 2791; x_wconf 91' lang='lat' dir='ltr'><strong>et</strong></span> <span class='ocrx_word' id='word_1_559' title='bbox 2307 2753 2336 2791; x_wconf 89' lang='lat' dir='ltr'><strong>a</strong></span> <span class='ocrx_word' id='word_1_560' title='bbox 2365 2737 2548 2796; x_wconf 89' lang='lat' dir='ltr'><strong>Persis</strong></span> <span class='ocrx_word' id='word_1_561' title='bbox 2575 2755 2695 2796; x_wconf 88' lang='lat' dir='ltr'><strong>esse</strong></span> <span class='ocrx_word' id='word_1_562' title='bbox 2718 2743 3060 2814; x_wconf 88' lang='lat' dir='ltr'><strong>capiendum.</strong></span> 
     </span>
    </p>
   </div>
   <div class='ocr_carea' id='block_1_85' title="bbox 2044 2827 3563 2918">
    <p class='ocr_par' dir='ltr' id='par_1_85' title="bbox 2044 2827 3563 2918">
     <span class='ocr_line' id='line_1_85' title="bbox 2044 2827 3563 2918; baseline 0.016 -36"><span class='ocrx_word' id='word_1_563' title='bbox 2044 2827 2210 2884; x_wconf 76' lang='lat' dir='ltr'><strong>Vens.</strong></span> <span class='ocrx_word' id='word_1_564' title='bbox 2234 2830 2395 2885; x_wconf 76' lang='lat' dir='ltr'><strong>l2.—-—</strong></span> <span class='ocrx_word' id='word_1_565' title='bbox 2409 2831 2478 2886; x_wconf 85' lang='lat' dir='ltr'><strong>Et</strong></span> <span class='ocrx_word' id='word_1_566' title='bbox 2492 2833 2562 2888; x_wconf 86' lang='lat' dir='ltr'><strong>ad</strong></span> <span class='ocrx_word' id='word_1_567' title='bbox 2586 2832 2882 2892; x_wconf 86' lang='lat' dir='ltr'><strong>Sedeciam.</strong></span> <span class='ocrx_word' id='word_1_568' title='bbox 2902 2837 3032 2894; x_wconf 89' lang='lat' dir='ltr'><strong>Post</strong></span> <span class='ocrx_word' id='word_1_569' title='bbox 3053 2841 3337 2900; x_wconf 87' lang='lat' dir='ltr'><strong>universas</strong></span> <span class='ocrx_word' id='word_1_570' title='bbox 3355 2857 3563 2918; x_wconf 85' lang='lat' dir='ltr'><strong>gentes,</strong></span> 
     </span>
    </p>
   </div>
   <div class='ocr_carea' id='block_1_86' title="bbox 1971 2923 3568 3013">
    <p class='ocr_par' dir='ltr' id='par_1_86' title="bbox 1971 2923 3568 3013">
     <span class='ocr_line' id='line_1_86' title="bbox 1971 2923 3568 3013; baseline 0.016 -39"><span class='ocrx_word' id='word_1_571' title='bbox 1971 2923 2173 2978; x_wconf 89' lang='lat' dir='ltr'><strong>transit</strong></span> <span class='ocrx_word' id='word_1_572' title='bbox 2206 2925 2274 2980; x_wconf 89' lang='lat' dir='ltr'><strong>ad</strong></span> <span class='ocrx_word' id='word_1_573' title='bbox 2323 2925 2604 2983; x_wconf 90' lang='lat' dir='ltr'><strong>Sedeciam</strong></span> <span class='ocrx_word' id='word_1_574' title='bbox 2643 2939 2699 2984; x_wconf 92' lang='lat' dir='ltr'><strong>et</strong></span> <span class='ocrx_word' id='word_1_575' title='bbox 2746 2933 2936 2986; x_wconf 89' lang='lat' dir='ltr'><strong>eadem</strong></span> <span class='ocrx_word' id='word_1_576' title='bbox 2963 2936 3350 3005; x_wconf 88' lang='lat' dir='ltr'><strong>comminatur,</strong></span> <span class='ocrx_word' id='word_1_577' title='bbox 3389 2957 3568 3013; x_wconf 75' lang='lat' dir='ltr'><strong>neque</strong></span> 
     </span>
    </p>
   </div>
   <div class='ocr_carea' id='block_1_87' title="bbox 1971 3012 3564 3101">
    <p class='ocr_par' dir='ltr' id='par_1_87' title="bbox 1971 3012 3564 3101">
     <span class='ocr_line' id='line_1_87' title="bbox 1971 3012 3564 3101; baseline 0.016 -35"><span class='ocrx_word' id='word_1_578' title='bbox 1971 3012 2118 3068; x_wconf 88' lang='lat' dir='ltr'><strong>enim</strong></span> <span class='ocrx_word' id='word_1_579' title='bbox 2161 3012 2329 3071; x_wconf 81' lang='lat' dir='ltr'><strong>Iudaei</strong></span> <span class='ocrx_word' id='word_1_580' title='bbox 2380 3019 2722 3091; x_wconf 82' lang='lat' dir='ltr'><strong>privilegium</strong></span> <span class='ocrx_word' id='word_1_581' title='bbox 2761 3031 3060 3092; x_wconf 88' lang='lat' dir='ltr'><strong>merentur,</strong></span> <span class='ocrx_word' id='word_1_582' title='bbox 3089 3029 3182 3097; x_wconf 89' lang='lat' dir='ltr'><strong>qui</strong></span> <span class='ocrx_word' id='word_1_583' title='bbox 3208 3039 3302 3085; x_wconf 88' lang='lat' dir='ltr'><strong>aut</strong></span> <span class='ocrx_word' id='word_1_584' title='bbox 3339 3012 3564 3101; x_wconf 89' lang='lat' dir='ltr'><strong>similia,</strong></span> 
     </span>
    </p>
   </div>
   <div class='ocr_carea' id='block_1_88' title="bbox 1972 3107 3568 3191">
    <p class='ocr_par' dir='ltr' id='par_1_88' title="bbox 1972 3107 3568 3191">
     <span class='ocr_line' id='line_1_88' title="bbox 1972 3107 3568 3191; baseline 0.014 -33"><span class='ocrx_word' id='word_1_585' title='bbox 1972 3113 2068 3159; x_wconf 91' lang='lat' dir='ltr'><strong>aut</strong></span> <span class='ocrx_word' id='word_1_586' title='bbox 2094 3107 2368 3177; x_wconf 89' lang='lat' dir='ltr'><strong>graviora,</strong></span> <span class='ocrx_word' id='word_1_587' title='bbox 2417 3120 2510 3164; x_wconf 92' lang='lat' dir='ltr'><strong>aut</strong></span> <span class='ocrx_word' id='word_1_588' title='bbox 2549 3110 2758 3181; x_wconf 90' lang='lat' dir='ltr'><strong>majora</strong></span> <span class='ocrx_word' id='word_1_589' title='bbox 2783 3115 3034 3187; x_wconf 89' lang='lat' dir='ltr'><strong>gentibus</strong></span> <span class='ocrx_word' id='word_1_590' title='bbox 3072 3133 3466 3191; x_wconf 88' lang='lat' dir='ltr'><strong>peccaverunt;</strong></span> <span class='ocrx_word' id='word_1_591' title='bbox 3509 3135 3568 3182; x_wconf 91' lang='lat' dir='ltr'><strong>et</strong></span> 
     </span>
    </p>
   </div>
   <div class='ocr_carea' id='block_1_89' title="bbox 1973 3198 3573 3276">
    <p class='ocr_par' dir='ltr' id='par_1_89' title="bbox 1973 3198 3573 3276">
     <span class='ocr_line' id='line_1_89' title="bbox 1973 3198 3573 3276; baseline 0.014 -25"><span class='ocrx_word' id='word_1_592' title='bbox 1973 3198 2067 3266; x_wconf 91' lang='lat' dir='ltr'><strong>qui</strong></span> <span class='ocrx_word' id='word_1_593' title='bbox 2113 3199 2302 3256; x_wconf 90' lang='lat' dir='ltr'><strong>audire</strong></span> <span class='ocrx_word' id='word_1_594' title='bbox 2337 3201 2720 3274; x_wconf 84' lang='lat' dir='ltr'><strong>dedignantur,</strong></span> <span class='ocrx_word' id='word_1_595' title='bbox 2766 3215 2919 3276; x_wconf 90' lang='lat' dir='ltr'><strong>peste</strong></span> <span class='ocrx_word' id='word_1_596' title='bbox 2957 3216 3016 3265; x_wconf 92' lang='lat' dir='ltr'><strong>et</strong></span> <span class='ocrx_word' id='word_1_597' title='bbox 3054 3208 3198 3267; x_wconf 79' lang='lat' dir='ltr'><strong>fame</strong></span> <span class='ocrx_word' id='word_1_598' title='bbox 3235 3227 3573 3273; x_wconf 84' lang='lat' dir='ltr'><strong>consumun-</strong></span> 
     </span>
    </p>
   </div>
   <div class='ocr_carea' id='block_1_90' title="bbox 1972 3297 2080 3342">
    <p class='ocr_par' dir='ltr' id='par_1_90' title="bbox 1972 3297 2080 3342">
     <span class='ocr_line' id='line_1_90' title="bbox 1972 3297 2080 3342; baseline -0.009 0"><span class='ocrx_word' id='word_1_599' title='bbox 1972 3297 2080 3342; x_wconf 64' lang='lat' dir='ltr'><strong>IIII&#39;.</strong></span> 
     </span>
    </p>
   </div>
   <div class='ocr_carea' id='block_1_91' title="bbox 2047 3377 3567 3472">
    <p class='ocr_par' dir='ltr' id='par_1_91' title="bbox 2047 3377 3567 3472">
     <span class='ocr_line' id='line_1_91' title="bbox 2047 3377 3567 3472; baseline 0.019 -41"><span class='ocrx_word' id='word_1_600' title='bbox 2047 3377 2229 3434; x_wconf 85' lang='lat' dir='ltr'><strong>Nolite</strong></span> <span class='ocrx_word' id='word_1_601' title='bbox 2254 3383 2461 3439; x_wconf 88' lang='lat' dir='ltr'><strong>audire.</strong></span> <span class='ocrx_word' id='word_1_602' title='bbox 2498 3384 2556 3440; x_wconf 89' lang='lat' dir='ltr'><strong>In</strong></span> <span class='ocrx_word' id='word_1_603' title='bbox 2602 3385 2706 3442; x_wconf 89' lang='lat' dir='ltr'><strong>hoc</strong></span> <span class='ocrx_word' id='word_1_604' title='bbox 2745 3387 2864 3444; x_wconf 91' lang='lat' dir='ltr'><strong>loco</strong></span> <span class='ocrx_word' id='word_1_605' title='bbox 2903 3390 3228 3464; x_wconf 86' lang='lat' dir='ltr'><strong>allegoricus</strong></span> <span class='ocrx_word' id='word_1_606' title='bbox 3273 3396 3567 3472; x_wconf 90' lang='lat' dir='ltr'><strong>interpres,</strong></span> 
     </span>
    </p>
   </div>
   <div class='ocr_carea' id='block_1_92' title="bbox 1971 3476 3496 3561">
    <p class='ocr_par' dir='ltr' id='par_1_92' title="bbox 1971 3476 3496 3561">
     <span class='ocr_line' id='line_1_92' title="bbox 1971 3476 3496 3561; baseline 0.014 -34"><span class='ocrx_word' id='word_1_607' title='bbox 1971 3478 2105 3538; x_wconf 88' lang='lat' dir='ltr'><strong>etc.,</strong></span> <span class='ocrx_word' id='word_1_608' title='bbox 2129 3489 2293 3545; x_wconf 90' lang='lat' dir='ltr'><strong>usque</strong></span> <span class='ocrx_word' id='word_1_609' title='bbox 2315 3476 2385 3530; x_wconf 93' lang='lat' dir='ltr'><strong>ad</strong></span> <span class='ocrx_word' id='word_1_610' title='bbox 2415 3485 2469 3532; x_wconf 90' lang='lat' dir='ltr'><strong>et</strong></span> <span class='ocrx_word' id='word_1_611' title='bbox 2495 3479 2682 3533; x_wconf 89' lang='lat' dir='ltr'><strong>sedem</strong></span> <span class='ocrx_word' id='word_1_612' title='bbox 2711 3479 2999 3550; x_wconf 88' lang='lat' dir='ltr'><strong>pristinam</strong></span> <span class='ocrx_word' id='word_1_613' title='bbox 3029 3500 3140 3541; x_wconf 90' lang='lat' dir='ltr'><strong>non</strong></span> <span class='ocrx_word' id='word_1_614' title='bbox 3163 3500 3496 3561; x_wconf 83' lang='lat' dir='ltr'><strong>recepturos.</strong></span> 
     </span>
    </p>
   </div>
   <div class='ocr_carea' id='block_1_93' title="bbox 2044 3566 3569 3657">
    <p class='ocr_par' dir='ltr' id='par_1_93' title="bbox 2044 3566 3569 3657">
     <span class='ocr_line' id='line_1_93' title="bbox 2044 3566 3569 3657; baseline 0.014 -35"><span class='ocrx_word' id='word_1_615' title='bbox 2044 3566 2210 3623; x_wconf 72' lang='lat' dir='ltr'><strong>Vens.</strong></span> <span class='ocrx_word' id='word_1_616' title='bbox 2252 3568 2341 3625; x_wconf 73' lang='grc'>14.</span> <span class='ocrx_word' id='word_1_617' title='bbox 2393 3601 2465 3611; x_wconf 90' lang='lat'>—</span> <span class='ocrx_word' id='word_1_618' title='bbox 2520 3571 2647 3628; x_wconf 86' lang='lat' dir='ltr'><strong>Non</strong></span> <span class='ocrx_word' id='word_1_619' title='bbox 2703 3575 2956 3632; x_wconf 84' lang='lat' dir='ltr'><strong>servietis.</strong></span> <span class='ocrx_word' id='word_1_620' title='bbox 2998 3577 3190 3637; x_wconf 78' lang='lat' dir='ltr'><strong>Melius</strong></span> <span class='ocrx_word' id='word_1_621' title='bbox 3238 3591 3321 3639; x_wconf 88' lang='lat' dir='ltr'><strong>est</strong></span> <span class='ocrx_word' id='word_1_622' title='bbox 3377 3595 3569 3657; x_wconf 90' lang='lat' dir='ltr'><strong>sponte</strong></span> 
     </span>
    </p>
   </div>
   <div class='ocr_carea' id='block_1_94' title="bbox 1970 3660 3568 3745">
    <p class='ocr_par' dir='ltr' id='par_1_94' title="bbox 1970 3660 3568 3745">
     <span class='ocr_line' id='line_1_94' title="bbox 1970 3660 3568 3745; baseline 0.014 -32"><span class='ocrx_word' id='word_1_623' title='bbox 1970 3660 2199 3726; x_wconf 88' lang='lat' dir='ltr'><strong>servire,</strong></span> <span class='ocrx_word' id='word_1_624' title='bbox 2241 3670 2297 3717; x_wconf 93' lang='lat' dir='ltr'><strong>et</strong></span> <span class='ocrx_word' id='word_1_625' title='bbox 2329 3663 2562 3719; x_wconf 89' lang='lat' dir='ltr'><strong>amicum</strong></span> <span class='ocrx_word' id='word_1_626' title='bbox 2588 3665 2758 3722; x_wconf 88' lang='lat' dir='ltr'><strong>Deum</strong></span> <span class='ocrx_word' id='word_1_627' title='bbox 2791 3668 3016 3736; x_wconf 88' lang='lat' dir='ltr'><strong>habere,</strong></span> <span class='ocrx_word' id='word_1_628' title='bbox 3064 3681 3120 3727; x_wconf 89' lang='lat' dir='ltr'><strong>et</strong></span> <span class='ocrx_word' id='word_1_629' title='bbox 3159 3675 3414 3745; x_wconf 87' lang='lat' dir='ltr'><strong>gentilem</strong></span> <span class='ocrx_word' id='word_1_630' title='bbox 3459 3687 3568 3734; x_wconf 85' lang='lat' dir='ltr'><strong>ter-</strong></span> 
     </span>
    </p>
   </div>
   <div class='ocr_carea' id='block_1_95' title="bbox 1970 3751 3414 3834">
    <p class='ocr_par' dir='ltr' id='par_1_95' title="bbox 1970 3751 3414 3834">
     <span class='ocr_line' id='line_1_95' title="bbox 1970 3751 3414 3834; baseline 0.016 -31"><span class='ocrx_word' id='word_1_631' title='bbox 1970 3763 2090 3804; x_wconf 85' lang='lat' dir='ltr'><strong>ram</strong></span> <span class='ocrx_word' id='word_1_632' title='bbox 2107 3751 2307 3820; x_wconf 90' lang='lat' dir='ltr'><strong>colere,</strong></span> <span class='ocrx_word' id='word_1_633' title='bbox 2341 3770 2504 3826; x_wconf 85' lang='lat' dir='ltr'><strong>quam</strong></span> <span class='ocrx_word' id='word_1_634' title='bbox 2534 3758 2862 3818; x_wconf 87' lang='lat' dir='ltr'><strong>necessitate</strong></span> <span class='ocrx_word' id='word_1_635' title='bbox 2889 3764 3160 3834; x_wconf 86' lang='lat' dir='ltr'><strong>captivum</strong></span> <span class='ocrx_word' id='word_1_636' title='bbox 3188 3769 3414 3826; x_wconf 88' lang='lat' dir='ltr'><strong>servire.</strong></span> 
     </span>
    </p>
   </div>
   <div class='ocr_carea' id='block_1_96' title="bbox 2048 3839 3566 3929">
    <p class='ocr_par' dir='ltr' id='par_1_96' title="bbox 2048 3839 3566 3929">
     <span class='ocr_line' id='line_1_96' title="bbox 2048 3839 3566 3929; baseline 0.017 -33"><span class='ocrx_word' id='word_1_637' title='bbox 2048 3839 2219 3898; x_wconf 86' lang='lat' dir='ltr'><strong>Verba</strong></span> <span class='ocrx_word' id='word_1_638' title='bbox 2265 3851 2547 3918; x_wconf 60' lang='lat' dir='ltr'><strong>propheta.</strong></span> <span class='ocrx_word' id='word_1_639' title='bbox 2589 3849 2897 3910; x_wconf 84' lang='lat' dir='ltr'><strong>Notandum</strong></span> <span class='ocrx_word' id='word_1_640' title='bbox 2940 3839 3332 3929; x_wconf 53' lang='lat' dir='ltr'><strong>idScriptnris</strong></span> <span class='ocrx_word' id='word_1_641' title='bbox 3359 3867 3566 3923; x_wconf 85' lang='lat' dir='ltr'><strong>sanctis</strong></span> 
     </span>
    </p>
   </div>
   <div class='ocr_carea' id='block_1_97' title="bbox 1968 3934 3032 4018">
    <p class='ocr_par' dir='ltr' id='par_1_97' title="bbox 1968 3934 3032 4018">
     <span class='ocr_line' id='line_1_97' title="bbox 1968 3934 3032 4018; baseline 0.013 -29"><span class='ocrx_word' id='word_1_642' title='bbox 1968 3934 2468 4008; x_wconf 88' lang='lat' dir='ltr'><strong>pseudoprophetas</strong></span> <span class='ocrx_word' id='word_1_643' title='bbox 2506 3945 2690 4001; x_wconf 83' lang='lat' dir='ltr'><strong>vocari</strong></span> <span class='ocrx_word' id='word_1_644' title='bbox 2719 3948 3032 4018; x_wconf 87' lang='lat' dir='ltr'><strong>prophetas.</strong></span> 
     </span>
    </p>
   </div>
   <div class='ocr_carea' id='block_1_98' title="bbox 2043 4026 3570 4118">
    <p class='ocr_par' dir='ltr' id='par_1_98' title="bbox 2043 4026 3570 4118">
     <span class='ocr_line' id='line_1_98' title="bbox 2043 4026 3570 4118; baseline 0.018 -38"><span class='ocrx_word' id='word_1_645' title='bbox 2043 4026 2207 4084; x_wconf 74' lang='lat' dir='ltr'><strong>Vnus.</strong></span> <span class='ocrx_word' id='word_1_646' title='bbox 2236 4027 2326 4085; x_wconf 88' lang='grc'>16.</span> <span class='ocrx_word' id='word_1_647' title='bbox 2360 4060 2432 4072; x_wconf 91' lang='lat'><strong>-—-</strong></span> <span class='ocrx_word' id='word_1_648' title='bbox 2467 4030 2537 4087; x_wconf 86' lang='lat' dir='ltr'><strong>Et</strong></span> <span class='ocrx_word' id='word_1_649' title='bbox 2569 4034 2638 4088; x_wconf 88' lang='lat' dir='ltr'><strong>ad</strong></span> <span class='ocrx_word' id='word_1_650' title='bbox 2681 4039 2999 4096; x_wconf 83' lang='lat' dir='ltr'><strong>sacerdotes.</strong></span> <span class='ocrx_word' id='word_1_651' title='bbox 3027 4041 3156 4100; x_wconf 90' lang='lat' dir='ltr'><strong>Post</strong></span> <span class='ocrx_word' id='word_1_652' title='bbox 3187 4055 3372 4118; x_wconf 85' lang='lat' dir='ltr'><strong>gentes</strong></span> <span class='ocrx_word' id='word_1_653' title='bbox 3403 4059 3458 4104; x_wconf 89' lang='lat' dir='ltr'><strong>et</strong></span> <span class='ocrx_word' id='word_1_654' title='bbox 3483 4066 3570 4106; x_wconf 82' lang='lat' dir='ltr'><strong>re-</strong></span> 
     </span>
    </p>
   </div>
   <div class='ocr_carea' id='block_1_99' title="bbox 1971 4122 3564 4209">
    <p class='ocr_par' dir='ltr' id='par_1_99' title="bbox 1971 4122 3564 4209">
     <span class='ocr_line' id='line_1_99' title="bbox 1971 4122 3564 4209; baseline 0.017 -36"><span class='ocrx_word' id='word_1_655' title='bbox 1971 4133 2084 4189; x_wconf 86' lang='lat' dir='ltr'><strong>ges,</strong></span> <span class='ocrx_word' id='word_1_656' title='bbox 2111 4122 2495 4181; x_wconf 87' lang='lat' dir='ltr'><strong>sacerdotibus</strong></span> <span class='ocrx_word' id='word_1_657' title='bbox 2521 4127 2780 4198; x_wconf 88' lang='lat' dir='ltr'><strong>loquitur,</strong></span> <span class='ocrx_word' id='word_1_658' title='bbox 2810 4141 2865 4188; x_wconf 85' lang='lat' dir='ltr'><strong>et</strong></span> <span class='ocrx_word' id='word_1_659' title='bbox 2890 4136 3220 4208; x_wconf 90' lang='lat' dir='ltr'><strong>populo,qui</strong></span> <span class='ocrx_word' id='word_1_660' title='bbox 3248 4139 3362 4209; x_wconf 88' lang='lat' dir='ltr'><strong>jam</strong></span> <span class='ocrx_word' id='word_1_661' title='bbox 3393 4143 3564 4198; x_wconf 83' lang='lat' dir='ltr'><strong>inter-</strong></span> 
     </span>
    </p>
   </div>
   <div class='ocr_carea' id='block_1_100' title="bbox 1970 4213 3565 4303">
    <p class='ocr_par' dir='ltr' id='par_1_100' title="bbox 1970 4213 3565 4303">
     <span class='ocr_line' id='line_1_100' title="bbox 1970 4213 3565 4303; baseline 0.015 -36"><span class='ocrx_word' id='word_1_662' title='bbox 1970 4213 2105 4268; x_wconf 89' lang='lat' dir='ltr'><strong>itum</strong></span> <span class='ocrx_word' id='word_1_663' title='bbox 2149 4217 2430 4287; x_wconf 91' lang='lat' dir='ltr'><strong>prophetis</strong></span> <span class='ocrx_word' id='word_1_664' title='bbox 2473 4222 2913 4292; x_wconf 87' lang='lat' dir='ltr'><strong>annuntiaverat,</strong></span> <span class='ocrx_word' id='word_1_665' title='bbox 2961 4228 3177 4286; x_wconf 88' lang='lat' dir='ltr'><strong>dicens:</strong></span> <span class='ocrx_word' id='word_1_666' title='bbox 3233 4231 3302 4286; x_wconf 85' lang='lat' dir='ltr'><strong>Et</strong></span> <span class='ocrx_word' id='word_1_667' title='bbox 3349 4235 3565 4303; x_wconf 82' lang='lat' dir='ltr'><strong>eiiciam</strong></span> 
     </span>
    </p>
   </div>
   <div class='ocr_carea' id='block_1_101' title="bbox 1967 4308 3285 4396">
    <p class='ocr_par' dir='ltr' id='par_1_101' title="bbox 1967 4308 3285 4396">
     <span class='ocr_line' id='line_1_101' title="bbox 1967 4308 3285 4396; baseline 0.016 -36"><span class='ocrx_word' id='word_1_668' title='bbox 1967 4323 2078 4373; x_wconf 80' lang='lat' dir='ltr'><strong>vos,</strong></span> <span class='ocrx_word' id='word_1_669' title='bbox 2103 4316 2209 4364; x_wconf 87' lang='lat' dir='ltr'><strong>etc.</strong></span> <span class='ocrx_word' id='word_1_670' title='bbox 2246 4308 2512 4382; x_wconf 90' lang='lat' dir='ltr'><strong>Loquitur</strong></span> <span class='ocrx_word' id='word_1_671' title='bbox 2537 4324 2718 4372; x_wconf 87' lang='lat' dir='ltr'><strong>autem</strong></span> <span class='ocrx_word' id='word_1_672' title='bbox 2744 4319 2936 4376; x_wconf 91' lang='lat' dir='ltr'><strong>eadem</strong></span> <span class='ocrx_word' id='word_1_673' title='bbox 2955 4336 3076 4391; x_wconf 70' lang='lat' dir='ltr'><strong>qua:</strong></span> <span class='ocrx_word' id='word_1_674' title='bbox 3100 4341 3285 4396; x_wconf 86' lang='lat' dir='ltr'><strong>supra.</strong></span> 
     </span>
    </p>
   </div>
   <div class='ocr_carea' id='block_1_102' title="bbox 2039 4401 3562 4493">
    <p class='ocr_par' dir='ltr' id='par_1_102' title="bbox 2039 4401 3562 4493">
     <span class='ocr_line' id='line_1_102' title="bbox 2039 4401 3562 4493; baseline 0.015 -35"><span class='ocrx_word' id='word_1_675' title='bbox 2039 4401 2205 4459; x_wconf 74' lang='lat' dir='ltr'><strong>Vens.</strong></span> <span class='ocrx_word' id='word_1_676' title='bbox 2248 4403 2335 4460; x_wconf 83' lang='lat' dir='ltr'><strong>I7.</strong></span> <span class='ocrx_word' id='word_1_677' title='bbox 2373 4435 2447 4447; x_wconf 94' lang='lat'><em>——</em></span> <span class='ocrx_word' id='word_1_678' title='bbox 2504 4405 2573 4462; x_wconf 87' lang='lat' dir='ltr'><strong>Ut</strong></span> <span class='ocrx_word' id='word_1_679' title='bbox 2627 4411 2829 4468; x_wconf 82' lang='lat' dir='ltr'><strong>vivatis.</strong></span> <span class='ocrx_word' id='word_1_680' title='bbox 2868 4413 3007 4470; x_wconf 87' lang='lat' dir='ltr'><strong>N0ta</strong></span> <span class='ocrx_word' id='word_1_681' title='bbox 3056 4417 3152 4473; x_wconf 90' lang='lat' dir='ltr'><strong>Dei</strong></span> <span class='ocrx_word' id='word_1_682' title='bbox 3193 4420 3562 4493; x_wconf 87' lang='lat' dir='ltr'><strong>clementiam,</strong></span> 
     </span>
    </p>
   </div>
   <div class='ocr_carea' id='block_1_103' title="bbox 1967 4498 3567 4582">
    <p class='ocr_par' dir='ltr' id='par_1_103' title="bbox 1967 4498 3567 4582">
     <span class='ocr_line' id='line_1_103' title="bbox 1967 4498 3567 4582; baseline 0.015 -33"><span class='ocrx_word' id='word_1_683' title='bbox 1967 4502 2100 4561; x_wconf 90' lang='lat' dir='ltr'><strong>etc.,</strong></span> <span class='ocrx_word' id='word_1_684' title='bbox 2153 4511 2316 4567; x_wconf 87' lang='lat' dir='ltr'><strong>usque</strong></span> <span class='ocrx_word' id='word_1_685' title='bbox 2372 4498 2443 4552; x_wconf 91' lang='lat' dir='ltr'><strong>ad</strong></span> <span class='ocrx_word' id='word_1_686' title='bbox 2515 4499 2575 4555; x_wconf 91' lang='lat' dir='ltr'><strong>In</strong></span> <span class='ocrx_word' id='word_1_687' title='bbox 2625 4518 2733 4573; x_wconf 87' lang='lat' dir='ltr'><strong>quo</strong></span> <span class='ocrx_word' id='word_1_688' title='bbox 2776 4508 3081 4564; x_wconf 85' lang='lat' dir='ltr'><strong>ostenditur</strong></span> <span class='ocrx_word' id='word_1_689' title='bbox 3129 4527 3287 4582; x_wconf 86' lang='lat' dir='ltr'><strong>posse</strong></span> <span class='ocrx_word' id='word_1_690' title='bbox 3339 4516 3567 4575; x_wconf 86' lang='lat' dir='ltr'><strong>retineri</strong></span> 
     </span>
    </p>
   </div>
   <div class='ocr_carea' id='block_1_104' title="bbox 1968 4584 2772 4659">
    <p class='ocr_par' dir='ltr' id='par_1_104' title="bbox 1968 4584 2772 4659">
     <span class='ocr_line' id='line_1_104' title="bbox 1968 4584 2772 4659; baseline 0.015 -18"><span class='ocrx_word' id='word_1_691' title='bbox 1968 4584 2140 4642; x_wconf 89' lang='lat' dir='ltr'><strong>Deum</strong></span> <span class='ocrx_word' id='word_1_692' title='bbox 2165 4589 2420 4659; x_wconf 86' lang='lat' dir='ltr'><strong>precibus</strong></span> <span class='ocrx_word' id='word_1_693' title='bbox 2441 4603 2772 4652; x_wconf 88' lang='lat' dir='ltr'><strong>sanctorum.</strong></span> 
     </span>
    </p>
   </div>
   <div class='ocr_carea' id='block_1_105' title="bbox 2040 4677 3562 4770">
    <p class='ocr_par' dir='ltr' id='par_1_105' title="bbox 2040 4677 3562 4770">
     <span class='ocr_line' id='line_1_105' title="bbox 2040 4677 3562 4770; baseline 0.016 -37"><span class='ocrx_word' id='word_1_694' title='bbox 2040 4677 2203 4739; x_wconf 74' lang='lat' dir='ltr'><strong>Vnus.</strong></span> <span class='ocrx_word' id='word_1_695' title='bbox 2242 4681 2329 4737; x_wconf 89' lang='grc'><strong>18.</strong></span> <span class='ocrx_word' id='word_1_696' title='bbox 2368 4713 2442 4723; x_wconf 91' lang='grc'><strong>-</strong></span> <span class='ocrx_word' id='word_1_697' title='bbox 2479 4683 2776 4743; x_wconf 83' lang='lat' dir='ltr'><strong>Occurrant</strong></span> <span class='ocrx_word' id='word_1_698' title='bbox 2818 4690 3064 4749; x_wconf 87' lang='lat' dir='ltr'><strong>Domino.</strong></span> <span class='ocrx_word' id='word_1_699' title='bbox 3094 4694 3562 4770; x_wconf 83' lang='lat' dir='ltr'><strong>(In.)0ccurrant,</strong></span> 
     </span>
    </p>
   </div>
   <div class='ocr_carea' id='block_1_106' title="bbox 1968 4774 3566 4861">
    <p class='ocr_par' dir='ltr' id='par_1_106' title="bbox 1968 4774 3566 4861">
     <span class='ocr_line' id='line_1_106' title="bbox 1968 4774 3566 4861; baseline 0.016 -35"><span class='ocrx_word' id='word_1_700' title='bbox 1968 4778 2025 4826; x_wconf 91' lang='lat' dir='ltr'><strong>et</strong></span> <span class='ocrx_word' id='word_1_701' title='bbox 2057 4785 2178 4842; x_wconf 75' lang='lat' dir='ltr'><strong>qua:</strong></span> <span class='ocrx_word' id='word_1_702' title='bbox 2216 4774 2514 4844; x_wconf 68' lang='lat' dir='ltr'><strong>praedicunt</strong></span> <span class='ocrx_word' id='word_1_703' title='bbox 2559 4793 2724 4849; x_wconf 86' lang='lat' dir='ltr'><strong>opere</strong></span> <span class='ocrx_word' id='word_1_704' title='bbox 2761 4783 3027 4854; x_wconf 88' lang='lat' dir='ltr'><strong>completa</strong></span> <span class='ocrx_word' id='word_1_705' title='bbox 3063 4787 3458 4861; x_wconf 87' lang='lat' dir='ltr'><strong>demonstrent,</strong></span> <span class='ocrx_word' id='word_1_706' title='bbox 3506 4802 3566 4851; x_wconf 90' lang='lat' dir='ltr'><strong>et</strong></span> 
     </span>
    </p>
   </div>
   <div class='ocr_carea' id='block_1_107' title="bbox 1971 4866 3063 4942">
    <p class='ocr_par' dir='ltr' id='par_1_107' title="bbox 1971 4866 3063 4942">
     <span class='ocr_line' id='line_1_107' title="bbox 1971 4866 3063 4942; baseline 0.013 -26"><span class='ocrx_word' id='word_1_707' title='bbox 1971 4869 2100 4918; x_wconf 90' lang='lat' dir='ltr'><strong>tunc</strong></span> <span class='ocrx_word' id='word_1_708' title='bbox 2123 4866 2352 4920; x_wconf 85' lang='lat' dir='ltr'><strong>veritate</strong></span> <span class='ocrx_word' id='word_1_709' title='bbox 2382 4868 2696 4925; x_wconf 90' lang='lat' dir='ltr'><strong>vaticinium</strong></span> <span class='ocrx_word' id='word_1_710' title='bbox 2722 4871 3063 4942; x_wconf 89' lang='lat' dir='ltr'><strong>probabitur.</strong></span> 
     </span>
    </p>
   </div>
   <div class='ocr_carea' id='block_1_108' title="bbox 2038 4953 3564 5039">
    <p class='ocr_par' dir='ltr' id='par_1_108' title="bbox 2038 4953 3564 5039">
     <span class='ocr_line' id='line_1_108' title="bbox 2038 4953 3564 5039; baseline 0.016 -30"><span class='ocrx_word' id='word_1_711' title='bbox 2038 4953 2204 5011; x_wconf 71' lang='lat' dir='ltr'><strong>Vens.</strong></span> <span class='ocrx_word' id='word_1_712' title='bbox 2239 4956 2325 5014; x_wconf 87' lang='grc'>19.</span> <span class='ocrx_word' id='word_1_713' title='bbox 2347 4989 2420 5000; x_wconf 93' lang='grc'><strong>-</strong></span> <span class='ocrx_word' id='word_1_714' title='bbox 2457 4960 2539 5014; x_wconf 83' lang='lat' dir='ltr'><strong>Ad</strong></span> <span class='ocrx_word' id='word_1_715' title='bbox 2575 4961 2867 5019; x_wconf 87' lang='lat' dir='ltr'><strong>columnas.</strong></span> <span class='ocrx_word' id='word_1_716' title='bbox 2913 4964 3038 5039; x_wconf 76' lang='grc'>(11).)</span> <span class='ocrx_word' id='word_1_717' title='bbox 3071 4967 3392 5029; x_wconf 86' lang='lat' dir='ltr'><strong>&#39;Enumerat</strong></span> <span class='ocrx_word' id='word_1_718' title='bbox 3430 4989 3564 5033; x_wconf 85' lang='lat' dir='ltr'><strong>vasa</strong></span> 
     </span>
    </p>
   </div>
   <div class='ocr_carea' id='block_1_109' title="bbox 1969 5051 3562 5142">
    <p class='ocr_par' dir='ltr' id='par_1_109' title="bbox 1969 5051 3562 5142">
     <span class='ocr_line' id='line_1_109' title="bbox 1969 5051 3562 5142; baseline 0.016 -40"><span class='ocrx_word' id='word_1_719' title='bbox 1969 5063 2092 5120; x_wconf 62' lang='lat' dir='ltr'><strong>qua</strong></span> <span class='ocrx_word' id='word_1_720' title='bbox 2113 5051 2374 5108; x_wconf 83' lang='lat' dir='ltr'><strong>translata</strong></span> <span class='ocrx_word' id='word_1_721' title='bbox 2405 5052 2628 5112; x_wconf 76' lang='lat' dir='ltr'><strong>fuerunt</strong></span> <span class='ocrx_word' id='word_1_722' title='bbox 2652 5057 2706 5112; x_wconf 90' lang='lat' dir='ltr'><strong>in</strong></span> <span class='ocrx_word' id='word_1_723' title='bbox 2735 5058 3087 5142; x_wconf 81' lang='lat' dir='ltr'><strong>Babylonem,</strong></span> <span class='ocrx_word' id='word_1_724' title='bbox 3127 5073 3288 5138; x_wconf 86' lang='lat' dir='ltr'><strong>capto</strong></span> <span class='ocrx_word' id='word_1_725' title='bbox 3311 5065 3562 5138; x_wconf 86' lang='lat' dir='ltr'><strong>Sedecia,</strong></span> 
     </span>
    </p>
   </div>
   <div class='ocr_carea' id='block_1_110' title="bbox 1970 5141 3114 5222">
    <p class='ocr_par' dir='ltr' id='par_1_110' title="bbox 1970 5141 3114 5222">
     <span class='ocr_line' id='line_1_110' title="bbox 1970 5141 3114 5222; baseline 0.013 -24"><span class='ocrx_word' id='word_1_726' title='bbox 1970 5141 2193 5200; x_wconf 86' lang='lat' dir='ltr'><strong>civitate</strong></span> <span class='ocrx_word' id='word_1_727' title='bbox 2219 5143 2465 5216; x_wconf 86' lang='lat' dir='ltr'><strong>incensa,</strong></span> <span class='ocrx_word' id='word_1_728' title='bbox 2495 5149 2804 5222; x_wconf 90' lang='lat' dir='ltr'><strong>temploque</strong></span> <span class='ocrx_word' id='word_1_729' title='bbox 2830 5154 3114 5213; x_wconf 85' lang='lat' dir='ltr'><strong>subverso.</strong></span> 
     </span>
    </p>
   </div>
   <div class='ocr_carea' id='block_1_111' title="bbox 2500 5306 3025 5378">
    <p class='ocr_par' dir='ltr' id='par_1_111' title="bbox 2500 5306 3025 5378">
     <span class='ocr_line' id='line_1_111' title="bbox 2500 5306 3025 5378; baseline 0.008 -13"><span class='ocrx_word' id='word_1_730' title='bbox 2500 5306 2730 5367; x_wconf 78' lang='lat' dir='ltr'><strong>CAPUT</strong></span> <span class='ocrx_word' id='word_1_731' title='bbox 2789 5310 3025 5378; x_wconf 74' lang='lat' dir='ltr'><strong>XXVIII.</strong></span> 
     </span>
    </p>
   </div>
   <div class='ocr_carea' id='block_1_112' title="bbox 2041 5420 3564 5510">
    <p class='ocr_par' dir='ltr' id='par_1_112' title="bbox 2041 5420 3564 5510">
     <span class='ocr_line' id='line_1_112' title="bbox 2041 5420 3564 5510; baseline 0.015 -32"><span class='ocrx_word' id='word_1_732' title='bbox 2041 5420 2208 5480; x_wconf 72' lang='lat' dir='ltr'><strong>Vens.</strong></span> <span class='ocrx_word' id='word_1_733' title='bbox 2248 5423 2301 5479; x_wconf 90' lang='grc'><strong>1.</strong></span> <span class='ocrx_word' id='word_1_734' title='bbox 2335 5454 2412 5467; x_wconf 89' lang='grc'><strong>-</strong></span> <span class='ocrx_word' id='word_1_735' title='bbox 2442 5423 2517 5482; x_wconf 79' lang='lat' dir='ltr'><strong>Et</strong></span> <span class='ocrx_word' id='word_1_736' title='bbox 2543 5426 2746 5498; x_wconf 86' lang='lat' dir='ltr'><strong>factum</strong></span> <span class='ocrx_word' id='word_1_737' title='bbox 2781 5440 2879 5487; x_wconf 86' lang='lat' dir='ltr'><strong>est.</strong></span> <span class='ocrx_word' id='word_1_738' title='bbox 2916 5431 3124 5510; x_wconf 69' lang='grc' dir='ltr'><strong>(Ηιεκ.)</strong></span> <span class='ocrx_word' id='word_1_739' title='bbox 3149 5434 3399 5496; x_wconf 84' lang='lat' dir='ltr'><strong>Nondum</strong></span> <span class='ocrx_word' id='word_1_740' title='bbox 3427 5439 3564 5500; x_wconf 77' lang='lat' dir='ltr'><strong>Eze-</strong></span> 
     </span>
    </p>
   </div>
   <div class='ocr_carea' id='block_1_113' title="bbox 1969 5513 3562 5602">
    <p class='ocr_par' dir='ltr' id='par_1_113' title="bbox 1969 5513 3562 5602">
     <span class='ocr_line' id='line_1_113' title="bbox 1969 5513 3562 5602; baseline 0.016 -34"><span class='ocrx_word' id='word_1_741' title='bbox 1969 5513 2147 5571; x_wconf 90' lang='lat' dir='ltr'><strong>chiele</strong></span> <span class='ocrx_word' id='word_1_742' title='bbox 2190 5516 2524 5574; x_wconf 89' lang='lat' dir='ltr'><strong>vaticinante</strong></span> <span class='ocrx_word' id='word_1_743' title='bbox 2557 5521 2613 5576; x_wconf 92' lang='lat' dir='ltr'><strong>in</strong></span> <span class='ocrx_word' id='word_1_744' title='bbox 2649 5521 2925 5596; x_wconf 87' lang='lat' dir='ltr'><strong>Babylone</strong></span> <span class='ocrx_word' id='word_1_745' title='bbox 2960 5526 3030 5582; x_wconf 89' lang='lat' dir='ltr'><strong>ad</strong></span> <span class='ocrx_word' id='word_1_746' title='bbox 3059 5541 3157 5586; x_wconf 86' lang='lat' dir='ltr'><strong>eos</strong></span> <span class='ocrx_word' id='word_1_747' title='bbox 3189 5531 3284 5602; x_wconf 88' lang='lat' dir='ltr'><strong>qui</strong></span> <span class='ocrx_word' id='word_1_748' title='bbox 3319 5547 3441 5590; x_wconf 90' lang='lat' dir='ltr'><strong>cum</strong></span> <span class='ocrx_word' id='word_1_749' title='bbox 3469 5532 3562 5594; x_wconf 80' lang='lat' dir='ltr'><strong>Je-</strong></span> 
     </span>
    </p>
   </div>
   <div class='ocr_carea' id='block_1_114' title="bbox 1966 5609 2713 5672">
    <p class='ocr_par' dir='ltr' id='par_1_114' title="bbox 1966 5609 2713 5672">
     <span class='ocr_line' id='line_1_114' title="bbox 1966 5609 2713 5672; baseline 0.008 -6"><span class='ocrx_word' id='word_1_750' title='bbox 1966 5609 2163 5666; x_wconf 88' lang='lat' dir='ltr'><strong>cbonia</strong></span> <span class='ocrx_word' id='word_1_751' title='bbox 2189 5610 2406 5668; x_wconf 86' lang='lat' dir='ltr'><strong>fuerant</strong></span> <span class='ocrx_word' id='word_1_752' title='bbox 2443 5615 2713 5672; x_wconf 88' lang='lat' dir='ltr'><strong>translati.</strong></span> 
     </span>
    </p>
   </div>
   <div class='ocr_carea' id='block_1_115' title="bbox 2035 5702 3556 5787">
    <p class='ocr_par' dir='ltr' id='par_1_115' title="bbox 2035 5702 3556 5787">
     <span class='ocr_line' id='line_1_115' title="bbox 2035 5702 3556 5787; baseline 0.01 -29"><span class='ocrx_word' id='word_1_753' title='bbox 2035 5702 2106 5758; x_wconf 85' lang='lat' dir='ltr'><strong>In</strong></span> <span class='ocrx_word' id='word_1_754' title='bbox 2126 5704 2281 5760; x_wconf 91' lang='lat' dir='ltr'><strong>domo</strong></span> <span class='ocrx_word' id='word_1_755' title='bbox 2303 5705 2536 5764; x_wconf 87' lang='lat' dir='ltr'><strong>Domini.</strong></span> <span class='ocrx_word' id='word_1_756' title='bbox 2568 5709 2624 5765; x_wconf 92' lang='lat' dir='ltr'><strong>In</strong></span> <span class='ocrx_word' id='word_1_757' title='bbox 2654 5726 2759 5781; x_wconf 88' lang='lat' dir='ltr'><strong>qua</strong></span> <span class='ocrx_word' id='word_1_758' title='bbox 2785 5711 3112 5771; x_wconf 83' lang='lat' dir='ltr'><strong>ﬁducialiter</strong></span> <span class='ocrx_word' id='word_1_759' title='bbox 3136 5716 3396 5787; x_wconf 90' lang='lat' dir='ltr'><strong>loquitur,</strong></span> <span class='ocrx_word' id='word_1_760' title='bbox 3427 5717 3556 5787; x_wconf 81' lang='lat' dir='ltr'><strong>quia</strong></span> 
     </span>
    </p>
   </div>
   <div class='ocr_carea' id='block_1_116' title="bbox 1966 5802 3560 5874">
    <p class='ocr_par' dir='ltr' id='par_1_116' title="bbox 1966 5802 3560 5874">
     <span class='ocr_line' id='line_1_116' title="bbox 1966 5802 3560 5874; baseline 0.007 -19"><span class='ocrx_word' id='word_1_761' title='bbox 1966 5815 2231 5872; x_wconf 77' lang='lat' dir='ltr'><strong>prOSpera</strong></span> <span class='ocrx_word' id='word_1_762' title='bbox 2283 5802 2483 5872; x_wconf 91' lang='lat' dir='ltr'><strong>populo</strong></span> <span class='ocrx_word' id='word_1_763' title='bbox 2526 5805 2848 5874; x_wconf 82' lang='lat' dir='ltr'><strong>pollicetur;</strong></span> <span class='ocrx_word' id='word_1_764' title='bbox 2903 5816 2960 5862; x_wconf 90' lang='lat' dir='ltr'><strong>et</strong></span> <span class='ocrx_word' id='word_1_765' title='bbox 2999 5809 3280 5864; x_wconf 51' lang='lat' dir='ltr'><strong>n‘ieudacia</strong></span> <span class='ocrx_word' id='word_1_766' title='bbox 3327 5809 3560 5868; x_wconf 80' lang='lat' dir='ltr'><strong>libenter</strong></span> 
     </span>
    </p>
   </div>
   <div class='ocr_carea' id='block_1_117' title="bbox 1967 5895 3304 5974">
    <p class='ocr_par' dir='ltr' id='par_1_117' title="bbox 1967 5895 3304 5974">
     <span class='ocr_line' id='line_1_117' title="bbox 1967 5895 3304 5974; baseline 0.003 -22"><span class='ocrx_word' id='word_1_767' title='bbox 1967 5895 2280 5963; x_wconf 87' lang='lat' dir='ltr'><strong>audiuntur,</strong></span> <span class='ocrx_word' id='word_1_768' title='bbox 2307 5898 2579 5970; x_wconf 69' lang='lat' dir='ltr'><strong>praecipue</strong></span> <span class='ocrx_word' id='word_1_769' title='bbox 2608 5915 2728 5970; x_wconf 68' lang='lat' dir='ltr'><strong>qua:</strong></span> <span class='ocrx_word' id='word_1_770' title='bbox 2752 5909 2934 5970; x_wconf 86' lang='lat' dir='ltr'><strong>optata</strong></span> <span class='ocrx_word' id='word_1_771' title='bbox 2960 5901 3304 5974; x_wconf 91' lang='lat' dir='ltr'><strong>promittunt.</strong></span> 
     </span>
    </p>
   </div>
   <div class='ocr_carea' id='block_1_118' title="bbox 3077 5998 3119 6060">
    <p class='ocr_par' dir='ltr' id='par_1_118' title="bbox 3077 5998 3119 6060">
     <span class='ocr_line' id='line_1_118' title="bbox 3077 5998 3119 6060; baseline 0 0"><span class='ocrx_word' id='word_1_772' title='bbox 3077 5998 3119 6060; x_wconf 80' lang='lat'><strong>2</strong></span> 
     </span>
    </p>
   </div>
  </div>
