4068 6344
531 397 600 454 45
1011 393 1397 449 WALAFRlDl
1436 393 1681 449 STRABI
1719 392 1924 450 FULD.
1967 393 2133 449 MON.
2172 393 2322 450 OPP.
2365 394 2544 452 PARS
2581 395 2624 452 Ι.
2664 429 2734 439 -
2771 397 3226 457 THEOLOGICA.
3703 398 3774 455 44

495 509 503 517 '
588 505 752 562 Vens.
790 503 845 560 3.
881 533 950 545 ——
991 503 1179 559 Omnia
1235 521 1382 572 vasa,
1426 514 1530 560 etc.
1579 504 1842 560 Jeremias
1882 504 2092 558 dixerat
2119 509 2170 570 Α
2194 507 2407 576 phetas,
2434 517 2575 576 etc.,
2617 527 2777 582 usque
2808 514 2876 567 ad
2905 498 3004 583 qui
3022 511 3162 568 idem
3190 521 3309 568 erat
3333 511 3484 585 regni
3509 505 3768 572 sedecim.

519 601 680 656 etiam
722 599 927 670 reliqua
965 613 1087 652 vasa
1132 598 1486 668 apportanda,
1522 597 1608 652 hic
1643 596 1872 651 aliirmat
1901 611 2089 666 aspor-

518 698 629 745 tata
659 703 780 744 esse
807 687 1151 760 reportanda.

589 783 752 840 Vens.
783 782 834 837 6.
874 811 946 822 -—
980 780 1165 846 Amen,
1194 781 1289 847 sic,
1314 789 1415 836 etc.
1459 779 1620 851 Optat
1659 780 1794 844 ﬁeri,
1825 779 1966 850 quod
2001 779 2090 836 ille

517 876 798 940 mentitus,
830 882 957 939 etc.,
987 890 1149 945 usque
1177 873 1246 927 ad
1276 873 1374 928 sub
1403 872 1629 928 aliorum
1663 872 1906 943 exemplo
1946 873 2092 927 veri-

520 975 684 1022 tatem
714 964 928 1020 asserit.

589 1057 751 1114 Vens.
792 1059 844 1112 7.
884 1087 940 1101 —-
998 1055 1381 1112 Verumtamen.
1412 1056 1592 1112 Potuit
1617 1057 1793 1112 dicere
1823 1058 2090 1124 mentiris,

518 1163 647 1219 etc.,
682 1169 844 1223 usque
871 1151 939 1206 ad
967 1159 1026 1205 ut
1045 1150 1134 1219 qui
1173 1149 1397 1204 audiunt
1427 1157 1741 1220 exspectent
1770 1151 1991 1204 exitum.

591 1244 752 1300 Vnns.
779 1240 1010 1298 lO.—Et
1039 1241 1175 1296 tulit.
1204 1239 1822 1312 (thn.)Consideranda
1845 1239 2092 1295 Jcremize

515 1336 798 1407 prudentia
810 1377 824 1401 ,
837 1344 965 1398 etc.,
985 1350 1146 1404 usque
1158 1333 1226 1385 ad
1239 1347 1468 1402 quorum
1494 1332 1679 1386 netitia
1698 1333 1862 1387 solius
1877 1331 1970 1386 Dei
1985 1340 2088 1386 est.

588 1428 753 1482 Vens.
799 1426 888 1480 15.
931 1455 998 1465 -
1033 1423 1288 1477 Auanias.
1310 1421 1555 1476 Putative
1582 1421 1843 1492 propheta
1872 1421 2088 1476 dicitur.

516 1518 684 1572 Multa
711 1518 853 1572 enim
884 1517 939 1571 in
963 1514 1257 1584 Scripturis
1284 1514 1484 1569 sanctis
1513 1513 1766 1567 dicuntur
1782 1510 1938 1579 juxta
1977 1510 2090 1581 epi-

520 1609 733 1664 nionem
778 1607 922 1664 illius
949 1606 1222 1676 temporis,
1271 1619 1378 1676 quo
1425 1612 1571 1673 gesta
1609 1599 1941 1668 referuntur,
1981 1615 2090 1656 non

512 1699 668 1770 juxta
695 1699 978 1756 veritatem
1005 1698 1079 1752 rei

589 1795 753 1850 Vens.
797 1793 885 1850 14.
923 1823 994 1833 -
1029 1789 1099 1845 Et
1136 1790 1317 1862 facies.
1369 1790 1502 1846 Cum
1553 1788 1776 1845 abiisset
1824 1787 2089 1844 Jeremias

2271 599 2433 653 Vens.
2464 599 2776 656 lO.——Cum
2807 603 3066 672 ctrperint.
3099 603 3273 657 Nolite
3299 604 3522 659 credere
3545 608 3775 675 pseudo-

2197 689 2493 759 prophetis,
2531 691 2620 760 qui
2664 692 2898 746 vicinum
2951 691 3180 748 reditum
3227 693 3546 763 pollicentur
3579 697 3770 754 vobis:

2195 783 2346 851 prius
2368 782 2510 835 enim
2529 781 2682 837 vobis
2703 785 3064 854 explebuntur
3083 783 3422 854 septuaginta
3447 784 3571 839 anni
3609 802 3772 856 quam

2194 873 2446 929 redeatis.

2268 963 2611 1035 Septuaginta
2635 966 2781 1020 anni.
2807 965 3013 1020 Tandiu
3037 965 3092 1020 in
3113 967 3295 1023 saeculi
3320 955 3774 1026 confusione'ver-

2195 1069 2401 1121 samur,
2430 1066 2559 1121 etc.,
2589 1073 2749 1128 usque
2777 1059 2844 1111 ad
2867 1067 2921 1112 et
2945 1067 3071 1114 tunc
3100 1068 3180 1114 est
3218 1057 3340 1118 ﬁnis
3375 1062 3576 1120 laboris
3603 1065 3773 1120 nostri

2197 1154 2360 1217 atque
2381 1149 2672 1217 patientiae.

2270 1239 2432 1293 Vens.
2469 1239 2555 1292 M.
2579 1271 2650 1278 —
2679 1237 2746 1293 Et
2774 1243 2976 1295 reverti.
3025 1241 3095 1297 Ut
3137 1244 3336 1298 certius
3399 1245 3584 1300 sciatis
3630 1246 3775 1316 quod

2197 1331 2342 1385 hunc
2367 1331 2597 1386 reditum
2627 1341 2880 1402 tanquam
2907 1336 3266 1404 propinquum
3296 1351 3516 1407 sperare
3545 1354 3649 1392 non
3679 1340 3772 1394 de-

2195 1417 2391 1487 beatis,
2419 1423 2509 1476 sed
2535 1423 2720 1477 domos
2749 1424 3039 1491 aediﬁcare,
3070 1426 3307 1495 pomeria
3336 1427 3601 1497 plantare,
3638 1428 3777 1484 ﬁlios

2196 1527 2476 1583 generare,
2508 1522 2563 1568 et
2593 1523 2801 1584 tempus
2826 1523 3142 1584 exspectate
3167 1516 3512 1586 promissum.

2270 1603 2432 1658 Vens.
2464 1603 2546 1656 17.
2575 1634 2644 1642 -
2673 1603 2842 1669 Quasi
2875 1605 3032 1676 ﬁcus.
3082 1604 3380 1662 Tlteodotio
3421 1609 3688 1672 suarinas,
3723 1609 3775 1663 itl

2195 1704 2302 1760 est,
2317 1696 2604 1760 secundas,
2627 1694 2983 1766 Symmachus
3002 1698 3344 1765 novissimas,
3369 1715 3488 1769 quae
3516 1699 3776 1756 llebraice

2151 1857 2156 1864 ι
2196 1799 2291 1838 sua
2301 1785 2400 1838 ritn
2423 1784 2684 1859 (ει-111111).

515 1893 572 1941 et
600 1885 818 1940 silentio
843 1885 1158 1940 devorasset
1185 1883 1433 1953 injurias,
1465 1881 1638 1937 factus
1665 1889 1747 1935 est.
1776 1895 1956 1936 sermo
1987 1880 2092 1934 Do-
2122 1875 2170 1943 Β
2271 1873 2433 1930 VEBS.
2471 1875 2550 1931 19.
2576 1908 2626 1916 -
2670 1877 2744 1930 De
2772 1875 2938 1932 nocte.
2972 1879 3115 1949 (11).)
3156 1880 3268 1934 Non
3299 1883 3504 1936 cessavi
3536 1899 3774 1952 monere,

519 1977 654 2032 mini
685 1978 752 2032 ad
772 1992 894 2032 eum
923 1991 1029 2030 non
1058 1983 1117 2030 ut
1143 1975 1252 2029 suis
1279 1974 1454 2028 verbis
1486 1973 1551 2028 ad
1581 1972 1844 2028 Ananiam
1873 1971 2094 2026 menda-

522 2071 604 2126 cio
641 2070 958 2141 gloriantem
992 2069 1303 2138 loqueretur
1347 2074 1403 2121 et
1431 2063 1806 2122 diceretzllwc
1833 2063 1966 2118 dixit
1990 2063 2094 2117 Do-

516 2165 691 2218 minus
707 2181 726 2229 ;
749 2162 891 2233 quod
918 2170 1096 2216 tamen
1127 2158 1214 2214 ille
1240 2159 1477 2213 Ananias
1503 2157 1731 2223 dixerat,
1758 2156 1852 2211 sed
1872 2154 2093 2211 menda-

516 2256 659 2310 cium
689 2267 904 2323 semper
932 2252 1214 2307 veritatem
1238 2250 1498 2304 imitatur.

588 2345 832 2400 Catenas.
864 2343 1110 2400 Ostendit
1133 2344 1273 2413 quod
1304 2343 1566 2397 minorem
1587 2355 1801 2412 poenam
1826 2339 2089 2405 retinens,

517 2448 647 2504 etc.,
682 2455 844 2509 usque
873 2437 942 2491 ad
972 2437 1026 2492 in
1056 2437 1340 2492 brutorum
1369 2435 1680 2491 animalium
1711 2448 1938 2504 corpora
1967 2441 2094 2488 sunt

519 2534 789 2601 re'egataa.
1757 2596 1760 2598 γ

588 2623 753 2678 Vens.
797 2621 883 2677 l5.
923 2651 996 2663 ——
1032 2618 1102 2674 Et
1130 2619 1282 2674 dixit.
1315 2617 1440 2688 (11).)
1482 2617 1784 2673 Notandum
1835 2616 1974 2687 quod
2005 2613 2093 2670 Je-

517 2715 717 2770 remias
741 2729 932 2784 passus
959 2713 1231 2784 injuriam,
1266 2712 1502 2766 nondum
1538 2709 1680 2766 facto
1715 2711 1781 2765 ad
1806 2723 1864 2765 se
1884 2725 2092 2764 sermo-

518 2822 585 2862 ne
609 2805 841 2871 Domini,
866 2803 1010 2870 silet,
1040 2810 1229 2872 postea
1257 2816 1384 2858 vero
1417 2802 1613 2856 missus
1647 2817 1677 2854 a
1719 2800 1967 2865 Domino,
1995 2815 2093 2853 auo

516 2899 704 2952 dacter
759 2895 956 2967 arguit,
1009 2893 1288 2948 mentienti
1343 2892 1666 2947 denuntians
1731 2890 2091 2962 propinquam

515 2998 767 3043 mortem.

588 3079 751 3133 Vens.
792 3076 876 3132 16.
899 3106 970 3117 -
1009 3074 1124 3130 Hoc
1149 3091 1306 3130 anno.
1337 3075 1460 3145 (11).)
1483 3075 1541 3129 Si
1561 3075 1778 3145 quando
1805 3073 2088 3138 morimur,

513 3171 583 3225 de
618 3170 928 3225 carceribus
960 3181 1247 3238 corpomm
1281 3167 1595 3232 liberamur,
1626 3166 1925 3221 secundum
1960 3165 2090 3220 illud
2121 3223 2148 3243 ⁸,

2198 1977 2258 2022 ιιι
2283 1984 2379 2023 vos
2407 1971 2748 2025 imitarentur
2768 1972 2856 2042 qui
2883 1973 2936 2026 iu
2963 1975 3434 2047 transmigratione
3457 1994 3648 2034 securo
3667 1979 3778 2034 otio

2197 2061 2461 2129 fruimini,
2493 2063 2663 2118 donec
2691 2065 3063 2135 compleantur
3087 2067 3353 2136 promissa
3383 2069 3495 2123 Dei.

2270 2152 2434 2209 Vnns.
2474 2156 2564 2210 2i.
2595 2187 2654 2203 -ι
2690 2151 2771 2210 Ad
2808 2157 3004 2211 Achab.
3058 2158 3224 2213 Aiunt
3263 2159 3472 2215 llebrtei
3515 2161 3615 2216 bos
3658 2177 3788 2225 esse,

2196 2248 2562 2320 presbyteros,
2588 2258 2692 2303 etc.
2715 2289 2730 2314 ,
2759 2265 2918 2320 usque
2955 2250 3022 2302 ad
3068 2258 3126 2304 ut
3165 2259 3285 2304 acta
3312 2251 3630 2321 poenitentia
3658 2259 3781 2323 post

2196 2354 2384 2394 verum
2415 2339 2694 2393 sabbatum
2723 2341 3010 2410 pristinum
3041 2340 3217 2395 locum
3249 2343 3609 2410 possiderent.

2270 2431 2431 2486 Vens.
2457 2431 2548 2485 24.
2574 2462 2643 2471 —
2671 2433 2752 2484 Ad
2776 2430 3052 2487 Semeiam.
3098 2431 3338 2488 Settteias
3365 2435 3430 2488 dc
3461 2434 3577 2489 loco
3609 2433 3778 2491 Nehe—

2197 2521 2322 2576 lami
2342 2562 2357 2588 ,
2386 2531 2491 2576 etc.
2513 2562 2526 2583 ,
2561 2539 2721 2593 usque
2745 2523 2813 2576 ad
2843 2521 3107 2578 Discretio
3137 2539 3267 2578 vero
3305 2524 3588 2594 spirituum
3617 2526 3776 2596 spiri-

2197 2611 2359 2666 tualis
2384 2612 2560 2682 gratia
2593 2620 2693 2668 est.

2267 2700 2431 2758 Vens.
2456 2703 2545 2756 2'7.
2573 2733 2644 2743 —
2673 2704 2848 2769 Quare
2877 2721 2978 2758 non
3016 2707 3315 2776 increpusti.
3351 2707 3474 2779 (11).)
3505 2708 3779 2767 Mendacio

2195 2792 2458 2862 praevenit
2482 2792 2767 2847 veritatem
2803 2794 2943 2863 quod
2974 2795 3084 2865 ipse
3117 2797 3425 2852 merebatur
3460 2799 3781 2871 1111151111υο-

2197 2882 2296 2948 nit,
2329 2883 2457 2952 quia
2487 2882 2862 2952 prudentiores
2890 2894 3016 2939 sunt
3046 2885 3139 2939 lilii
3170 2876 3515 2942 tenebrarum
3547 2888 3668 2944 ﬁliis
3700 2890 3784 2944 lu-'-

2198 2974 2296 3038 cis,
2331 2984 2385 3028 ct
2411 2975 2552 3044 quod
2584 2975 2778 3029 timent
2804 2976 2906 3030 sibi
2937 2977 3174 3032 inferunt
3214 2969 3352 3036 aliis.

2268 3064 2434 3122 Vens.
2458 3067 2546 3122 51.
2565 3097 2633 3106 —
2650 3065 2780 3121 Haec
2806 3068 2949 3122 dicit.
2984 3069 3226 3127 Semcias
3247 3088 3373 3127 vere
3392 3071 3780 3143 Nehelamites,

2198 3166 2302 3214 etc.
2328 3200 2342 3224 ,
2386 3177 2548 3231 usque
2578 3162 2647 3215 ad
2684 3171 2871 3220 contra
2913 3181 3048 3236 quos
3087 3169 3366 3235 subditur,
3399 3168 3534 3224 Ecce
3571 3188 3661 3242 ego
3702 3173 3776 3227 υἱ-

514 3261 658 3333 quod
680 3261 821 3316 male
854 3261 1279 3330 interpretantur
1314 3257 1587 3314 haeretici:
1614 3255 1765 3311 Educ
1785 3257 1849 3312 de
1885 3272 2094 3311 carcere
2120 3247 2169 3311 ε
2201 3252 2390 3306 sitabo.

511 3355 745 3410 animam
787 3369 989 3419 meam;
1017 3352 1284 3424 quomodo
1313 3364 1410 3422 pro
1453 3349 1714 3422 supplicio
1756 3365 1903 3405 mors
1939 3349 2082 3403 irro-

514 3446 749 3594 gaVl::s.
770 3537 856 3590 17.
869 3567 941 3578 -
953 3535 1008 3591 11
1012 3551 1132 3590 ense
1144 3536 1378 3604 septimo.
1404 3532 1655 3588 Forsitan
1678 3531 1732 3587 in
1764 3544 1952 3587 mense
1967 3545 2091 3600 sep-

511 3629 670 3693 timo,
707 3628 798 3697 qui
839 3629 1082 3698 requiem
1123 3625 1428 3694 signiﬁcare
1462 3623 1618 3689 solet,
1663 3623 1781 3678 ideo
1818 3630 2093 3678 mortuum

513 3723 868 3787 mentiuntur,
924 3730 982 3776 ut
1021 3722 1085 3776 de
1131 3720 1287 3775 malis
1329 3720 1573 3790 corporis
1624 3717 1903 3782 liberetur,
1938 3715 2091 3785 juxta

511 3815 641 3870 illud
669 3834 682 3870 :
712 3813 857 3868 Mors
892 3815 1000 3869 viro
1031 3814 1228 3884 requies
1251 3822 1359 3877 est;
1391 3827 1489 3867 nos
1509 3820 1689 3866 autem
1703 3811 1953 3865 novimus
1978 3825 2094 3866 cor-

511 3922 644 3978 pora
693 3906 1026 3962 credentium
1058 3920 1178 3960 esse
1211 3903 1407 3974 templa
1455 3904 1582 3969 Dei,
1622 3902 1668 3958 si
1695 3902 1932 3973 Spiritus
1969 3915 2091 3958 san-

513 4008 636 4057 ctus
664 3999 871 4055 habitet
896 3999 951 4054 in
975 3997 1099 4054 illis.

1064 4134 1291 4192 CAPUT
1353 4135 1544 4191 XXIX.

585 4271 748 4326 Vens.
775 4271 826 4325 1.
856 4299 927 4310 -
964 4267 1031 4323 Et
1070 4269 1201 4323 lucc.
1249 4267 1456 4340 (1111111.)
1487 4269 1721 4324 lntendit
1765 4273 2094 4340 persuadere

514 4378 584 4419 ne
615 4363 964 4432 acquiescant
989 4361 1501 4432 pseudoprophetis,
1528 4361 1619 4431 qui
1659 4362 1739 4416 eis
1768 4371 1888 4432 post
1931 4364 2094 4419 breve

514 4463 724 4523 tempus
786 4452 1016 4507 reditum
1066 4452 1121 4505 in
1171 4448 1470 4505 Jerusalem
1521 4451 1928 4520 promittebant.
1986 4451 2093 4507 Sed

512 4545 689 4600 sciant
718 4560 776 4598 se
797 4544 848 4597 in
878 4541 1154 4613 Babylone
1185 4542 1353 4596 multo
1377 4551 1617 4612 tempore
1646 4554 1970 4599 moraturos.

2805 3327 3032 3385 CAPUT
3081 3331 3246 3386 XXX.

2271 3435 2436 3491 Vens.
2470 3438 2520 3490 1.
2545 3469 2616 3478 -
2642 3437 2756 3494 Hoc
2798 3443 3024 3497 uerbum.
3066 3443 3270 3517 (1111111.)
3310 3444 3568 3503 Jeremias
3594 3464 3780 3506 rever-

2203 3525 2412 3582 sionem
2443 3530 2822 3598 promittebat,
2863 3543 2965 3589 etc.
2989 3576 3004 3600 ,
3046 3552 3204 3606 usque
3226 3537 3296 3590 ad
3336 3537 3438 3593 Sed
3466 3554 3590 3594 cum
3617 3539 3784 3598 Israel

2198 3628 2252 3675 et
2275 3619 2443 3677 Iudas
2472 3622 2526 3676 in
2557 3631 2754 3679 terram
2787 3642 2941 3682 suam
2971 3638 3330 3684 revertentur.

2270 3713 2434 3768 Vnns.
2471 3713 2523 3767 7.
2562 3746 2632 3754 —
2672 3715 2760 3772 Var
2799 3719 2923 3789 quia
2967 3737 3176 3790 magna.
3220 3720 3362 3794 (11).)
3401 3721 3556 3776 Prius
3602 3723 3779 3780 tristia

2191 3794 2540 3874 nuntiantur,
2581 3817 2710 3872 etc.,
2745 3826 2904 3879 usque
2948 3810 3016 3862 ad
3061 3826 3161 3865 nec
3190 3811 3438 3866 manibus
3467 3827 3647 3879 arma,
3686 3815 3780 3870 sed

2197 3897 2410 3956 lumbos
2435 3903 2586 3972 quasi
2618 3904 2980 3972 parturientes
3010 3907 3284 3959 tenebunt.

2274 3988 2432 4047 Vens.
2462 3993 2513 4046 9.
2539 4023 2609 4033 —
2635 3991 2703 4046 Et
2741 3993 2928 4049 Dauid.
2962 3995 3210 4060 Christo,
3239 3996 3478 4062 scilicet;
3511 3999 3779 4068 quomodo

2199 4082 2342 4136 enim
2393 4084 2601 4155 primus
2649 4086 2818 4140 Adam
2868 4096 2921 4141 et
2967 4090 3234 4144 secundus
3278 4086 3585 4145 scribentur
3623 4093 3777 4160 juxta

2191 4175 2444 4244 corporis
2469 4177 2751 4232 veritatem
2791 4179 2869 4232 sic
2903 4187 2957 4233 et
2994 4179 3181 4234 David.
3229 4181 3476 4236 Christus
3523 4183 3664 4237 enim
3712 4185 3780 4239 de

2198 4267 2366 4322 David
2398 4272 2690 4326 secundum
2716 4287 2954 4328 carnem.

2269 4365 2431 4421 Vnns.
2477 4367 2562 4423 l0.
2585 4400 2656 4409 —-
2683 4368 2838 4425 Serve
2872 4387 3036 4425 meus.
3069 4370 3190 4443 (11).)
3215 4369 3577 4425 Familiariter
3598 4381 3776 4437 vocat,

2199 4455 2339 4512 sicut
2365 4459 2671 4526 Abraham,
2719 4460 2898 4526 Isaac,
2950 4462 3116 4517 Jacob
3165 4470 3423 4517 vocantur
3463 4461 3612 4516 'servi
3658 4462 3772 4517 Dei.

2200 4550 2412 4622 Moyses
2437 4568 2651 4624 quoque
2674 4563 2729 4609 et
2751 4555 2841 4610 alii
2871 4557 3174 4626 prophette,
3221 4567 3275 4611 et
3311 4555 3509 4610 Paulus
3547 4553 3600 4608 in
3629 4555 3777 4625 prin-

491 4695 496 4700 ,
587 4634 757 4690 Verba
779 4633 919 4688 libri.
949 4610 1074 4703 (ιδ.)
1107 4631 1206 4688 llic
1233 4632 1446 4688 libellus
1475 4610 1743 4697 leremize,
1769 4643 1902 4699 etc.,
1928 4651 2089 4706 usque

2195 4645 2338 4716 cipio
2370 4645 2732 4716 Epistolarum
2767 4610 3050 4704 hocltitulo
3075 4642 3390 4718 gloriantur.

508 4727 579 4785 ad
602 4742 722 4798 qua:
745 4740 778 4780 a
813 4725 1040 4781 Domino
1068 4724 1172 4779 sibi
1200 4724 1464 4795 imperata
1502 4724 1717 4779 fuerant
1735 4725 1932 4797 populo
1960 4741 2086 4780 sua-

507 4822 681 4877 deret.

579 4912 661 4967 Ad
694 4911 938 4982 reliquias
965 4912 1250 4966 seniorum.
1291 4910 1473 4968 Primo
1501 4912 1568 4968 ad
1591 4926 1772 4977 senes,
1810 4910 2000 4967 deinde
2022 4911 2087 4965 ad

489 5004 837 5068 sacerdotes,
871 5003 1030 5059 tertio
1065 5003 1132 5058 ad
1165 5003 1473 5074 prophetas,
1521 5014 1716 5075 quarto
1761 5004 1830 5061 ad
1871 5019 2087 5060 omnem

505 5095 761 5167 populum
811 5093 901 5150 Dei
937 5111 1130 5156 sermo
1179 5096 1452 5166 dirigitur,
1499 5097 1797 5154 secundu
1840 5097 2084 5153 ordinem

507 5189 685 5245 aetatis
710 5188 934 5259 epistola
964 5189 1240 5260 prophetae
1271 5191 1535 5245 mittatur.

580 5279 742 5337 Vens.
773 5281 827 5335 6.
873 5309 946 5320 --
981 5275 1210 5350 Accipite
1257 5298 1468 5346 uxores,
1517 5281 1622 5335 etc.
1657 5279 1905 5336 Jeremize
1935 5283 2084 5352 (quia

485 5388 673 5447 ,ρι’ῳο
715 5380 804 5430 est
830 5372 1111 5444 aptivitas
1155 5370 1480 5442 Jerusalem)
1529 5373 1825 5442 ithperatur
1852 5389 1920 5428 ne
1942 5373 2086 5427 acci-

487 5467 622 5539 piat
665 5481 918 5532 uxorem,
968 5479 1068 5522 nec
1114 5463 1276 5520 faciat
1328 5462 1484 5519 ﬁlios.
1517 5463 1573 5520 Si
1614 5474 1812 5530 autem,
1862 5474 2086 5537 pr0pter

506 5559 807 5630 angustiam
839 5556 1116 5627 temporis,
1148 5555 1475 5612 habentibus
1500 5572 1629 5612 usus
1668 5575 1900 5614 uxorum
1945 5559 2087 5615 tolli-

507 5661 616 5715 tur,
633 5658 838 5722 quanto
852 5648 1025 5718 magis
1046 5663 1153 5703 non
1177 5648 1503 5704 habentibus
1527 5663 1594 5705 ne
1613 5651 1890 5721 accipiant
1917 5651 2088 5722 impe-

507 5751 679 5798 ratur.

579 5835 740 5889 Vens.
767 5833 822 5890 8.
853 5861 920 5872 -—
954 5831 1076 5888 Non
1115 5847 1201 5886 vos
1240 5831 1512 5889 seducunt.
1550 5833 1694 5908 (11).)
1733 5833 1924 5893 Falsas
1957 5851 2089 5907 pro-

2266 4735 2432 4792 Vt-zns.
2459 4738 2546 4794 l2.
2574 4771 2642 4779 —
2673 4739 2860 4810 Plaga.
2889 4741 3012 4811 (11).)
3031 4741 3206 4818 Aliter
3227 4741 3455 4808 amicus,
3479 4741 3635 4795 aliter
3654 4755 3778 4811 per-

2195 4831 2333 4886 cutit
2356 4831 2646 4898 inimicus;
2686 4832 2842 4885 aliter
2871 4841 3049 4899 pater,
3088 4831 3245 4886 aliter
3283 4831 3484 4887 hostis:
3516 4831 3601 4886 ille
3629 4831 3774 4886 enim

2195 4932 2255 4975 ut
2282 4922 2540 4993 corrigat,
2575 4922 2674 4976 iste
2702 4922 2936 4993 percutit
2961 4929 3019 4976 ut
3047 4921 3278 4977 occidat.

2264 5011 2430 5066 Vnns.
2464 5012 2548 5064 lli.
2581 5040 2651 5051 —
2677 5009 2980 5080 Propterea.
3025 5008 3168 5084 (11).)
3199 5009 3310 5067 Sttb
3338 5009 3634 5066 Zorobahcl
3659 5009 3775 5065 ha‘c

2193 5102 2336 5156 facta
2364 5101 2758 5172 cognoscimus,
2791 5113 2920 5166 etc.,
2950 5120 3110 5174 usque
3145 5103 3213 5156 ad
3257 5101 3351 5158 sed
3376 5091 3588 5174 pic'nius
3614 5109 3776 5171 atque

2187 5187 2489 5266 perfectius
2514 5195 2569 5248 in
2597 5194 2813 5250 Christo
2839 5197 3200 5268 complentur.

2264 5289 2426 5344 Vens.
2459 5288 2544 5344 18.
2575 5283 2803 5343 —-Ecce
2841 5306 2932 5360 ego
2971 5299 3284 5344 convertam.
3325 5287 3466 5360 (11).)
3507 5283 3770 5354 Quoniam

2193 5389 2352 5451 typus
2379 5381 2678 5449 praecessit,
2701 5389 2831 5446 etc.,
2861 5397 3022 5452 usque
3048 5380 3116 5433 ad
3152 5379 3362 5450 plenius
3386 5386 3550 5448 atque
3590 5376 3770 5449 perle-

2187 5468 2329 5522 'ctius
2357 5467 2411 5521 in
2437 5465 2654 5524 Chrith
2691 5477 2744 5524 et
2772 5469 2824 5524 in
2857 5467 3116 5539 apostolis
3143 5465 3499 5536 complentur.

2261 5558 2426 5615 Vens.
2461 5559 2545 5616 19.
2591 5593 2662 5602 —
2689 5560 3028 5624 Ludentium,
3064 5569 3109 5614 et
3144 5556 3498 5627 multiplicabo
3525 5574 3630 5623 eos,
3663 5565 3768 5612 etc.

2191 5652 2308 5709 Non
2338 5653 2632 5708 secundum
2663 5653 2815 5719 illud,
2843 5652 2989 5708 Sedit
3021 5650 3243 5722 povulus
3276 5651 3596 5704 manducare
3623 5660 3670 5703 et
3697 5649 3774 5704 bi-

2192 5748 2326 5812 bere,
2359 5757 2406 5801 ct
2436 5755 2773 5801 surrexerunt
2806 5744 2985 5799 ludere
3013 5742 3208 5815 (Exod.
3241 5744 3455 5813 xxx");
3495 5743 3590 5797 sed
3633 5742 3773 5798 sicut

2193 5837 2366 5896 David
2391 5836 2611 5896 ludebat
2639 5845 2765 5892 ante
2787 5851 2970 5894 arcam
2999 5835 3212 5892 Domini
3244 5834 3297 5904 (I
3327 5832 3459 5887 Par.
3494 5834 3616 5898 xui)
