4068 6344
286 459 363 516 ss
1093 463 1361 523 GLOSSA
1396 464 1790 524 ORDINARIA.
1826 499 1896 510 —
1922 442 2321 531 rnoruam
2358 477 2694 538 JEREMUE.
3466 492 3540 552 ts

840 574 1079 634 'CAPUT
1116 577 1308 634 XXXI.

356 660 521 719 Vnus.
551 664 603 718 I.
627 693 698 704 —
719 662 789 719 In
815 675 1060 738 tempore.
1103 668 1328 742 (Hii-2n.)
1358 671 1533 743 Opere
1564 675 1860 745 completo,

281 755 628 827 cognoscitur
666 755 884 825 artifex;
920 760 1113 829 adepta
1153 763 1413 827 sanitate,
1466 766 1661 821 medici
1708 767 1864 825 indu-

276 849 436 906 stria.
465 847 559 905 Sic
575 863 769 905 eversa
788 850 1112 920 Jerusalem,
1138 863 1194 909 et
1215 854 1425 924 abiecto
1452 846 1620 927 priori
1639 861 1857 930 populo,

279 940 600 1012 intelligitur
611 941 753 1011 quod
769 941 1001 1012 repulsio
1019 942 1322 1000 Judmorum
1336 946 1484 1002 salus
1500 949 1572 1003 sit
1593 950 1853 1019 gentium.

1887 588 1940 649 Α
2036 583 2243 643 Idcirco
2263 593 2589 650 conturbata.
2607 594 2767 663 Quasi
2787 601 2960 657 dicat:
2983 602 3155 662 Avido
3168 609 3349 667 animo
3363 627 3542 670 susce-

1965 677 2048 747 pit
2071 682 2233 736 verba
2258 699 2399 751 mea,
2415 695 2471 740 et
2495 690 2750 756 servavit,
2769 693 2861 747 sed
2884 700 3063 752 tam‘en
3086 700 3383 757 miserebor
3395 703 3533 773 ejus;

1963 770 2087 838 quia
2126 780 2180 825 et
2218 772 2494 831 hominum
2528 778 2738 848 justitia
2784 782 2881 841 Del
2912 785 3115 859 indiget
3143 770 3536 852 misericordia.

2033 860 2196 917 Vens.
2223 864 2312 921 2i.
2334 897 2406 908 —
2426 867 2615 925 Statue
2643 873 2766 939 tibi,
2798 883 2901 932 etc.
2944 878 3208 938 Provocat
3236 884 3300 940 ad
3325 888 3539 944 satisfa-

1960 950 2214 1021 ctionem,
2248 962 2305 1012 ut
2331 960 2635 1016 consideret
2670 964 2723 1017 in
2750 968 2967 1035 quantis
2996 971 3250 1042 deliquit,
3277 986 3332 1031 et
3370 993 3537 1061 agens

351 1031 519 1089 Vens.
561 1033 618 1088 5.
654 1064 726 1075 -
751 1034 927 1106 Longe
955 1035 1209 1093 Dominus
1236 1041 1496 1110 apparuit.
1528 1040 1662 1108 Quia
1691 1040 1859 1098 olfen-
1952 1044 2328 1132 ptenitentiam
2355 1051 2421 1104 ad
2444 1052 2725 1120 pristinam
2750 1059 2975 1126 gratiam
3005 1074 3322 1132 revertatur,
3350 1031 3540 1127 secun-
3572 1086 3579 1093 '

278 1124 441 1181 derat
464 1126 757 1183 Dominum
787 1126 991 1194 Israel,
1018 1134 1157 1195 etc.,
1200 1146 1363 1202 usque
1402 1132 1471 1186 ad
1516 1148 1624 1188 non
1663 1135 1857 1192 merito

272 1215 526 1272 salvatus
544 1224 648 1273 est.

346 1306 514 1363 Vens.
543 1307 597 1363 5.
627 1339 699 1349 —
723 1307 1048 1367 Plantabunt
1066 1353 1082 1378 ,
1113 1321 1221 1368 etc.
1249 1313 1372 1385 (Ῑυ.)
1412 1314 1513 1383 Qui
1543 1325 1665 1387 post
1686 1320 1855 1390 capti-

274 1398 498 1455 vitatem
529 1398 695 1456 Israel
732 1400 802 1456 ab
840 1402 1028 1458 alienis
1049 1406 1282 1474 possessi
1309 1414 1463 1474 sunt,
1504 1410 1698 1477 quibus
1723 1411 1853 1465 dici-

270 1496 397 1545 tur:
431 1489 682 1546 Plantate
706 1491 972 1562 plantaria
997 1505 1045 1549 et
1079 1497 1387 1552 vindemiato
1425 1498 1603 1571 (Deut.
1634 1503 1847 1572 xxvm).

342 1581 511 1637 Vens.
542 1580 593 1634 7.
621 1611 692 1622 —
723 1581 991 1655 Reliquias
1028 1584 1218 1641 Israel.
1249 1587 1380 1654 Quae
1414 1591 1707 1647 secundum
1744 1592 1851 1648 ele-

269 1672 505 1727 ctionem
534 1672 829 1729 salvantur.

338 1762 505 1819 Vsus.
534 1766 674 1821 8.-
698 1764 837 1820 Ecce
860 1783 953 1837 ego
975 1768 1257 1833 adducam,
1290 1776 1393 1827 etc.
1444 1771 1549 1828 Per
1581 1775 1848 1843 apostolos

264 1862 323 1910 et
352 1856 682 1926 apostolicos
710 1858 859 1914 viros
892 1859 984 1928 qui
1014 1871 1141 1915 sunt
1165 1860 1448 1928 custodes,
1473 1863 1768 1923 clamantes
1790 1868 1845 1922 in
1892 1929 1905 1947 κ

261 1958 453 2003 monte
482 1948 761 2016 Samaria,
789 1950 988 2020 quibus
1011 1952 1361 2024 praecipitur:
1401 1955 1687 2014 Personate
1705 2000 1722 2026 ,
1750 1974 1840 2016 ca-
1870 1948 1919 2015 Β

259 2038 374 2091 nite
400 2036 512 2107 (Ill
543 2037 668 2110 Reg.
694 2039 875 2112 xvm),
903 2050 1007 2097 etc.

334 2125 589 2187 Claudat.
631 2130 754 2203 (ln.)
780 2131 1043 2199 Qualibus
1064 2146 1162 2206 per
1186 2137 1357 2194 Eliam
1378 2139 1606 2196 dicitur:
1647 2141 1843 2215 Usque-

262 2237 369 2293 quo
396 2220 705 2280 claudicatis
728 2235 946 2297 utroque
982 2231 1112 2299 pede
1133 2230 1160 2285 2
1196 2228 1304 2287 Sed
1331 2233 1388 2288 in
1413 2233 1628 2291 Christo
1652 2246 1841 2307 postea

259 2324 641 2383 cucurrerunt;
663 2325 740 2385 et,
766 2319 857 2390 qui
888 2321 1191 2378 ambulabat
1226 2326 1283 2380 in
1320 2327 1572 2405 tenebris,
1602 2330 1731 2384 vidit
1758 2329 1841 2385 lu-

256 2420 371 2460 cent
399 2422 666 2477 magnam.

326 2494 398 2550 In
420 2498 547 2567 ﬁetu
574 2500 774 2555 venient
801 2510 850 2557 et
886 2504 970 2568 in,
1015 2514 1123 2563 etc.
1168 2506 1292 2581 (ln.)
1322 2508 1491 2567 Judtei
1521 2512 1623 2569 hoc
1646 2522 1840 2585 putant

254 2596 380 2643 esse
403 2587 750 2658 completum,
779 2600 912 2660 etc.,
943 2610 1104 2667 usque
1134 2599 1204 2651 ad
1230 2599 1344 2655 haec
1380 2601 1547 2658 fuisse
1573 2605 1837 2675 completa

250 2685 485 2744 possunt
507 2678 759 2747 probare.

329 2764 492 2823 Vens.
525 2770 580 2825 9.
603 2769 764 2825 —-Et
802 2770 1078 2843 Ephraim.
1119 2776 1412 2848 Ephraim,
1451 2780 1543 2850 qui
1568 2790 1651 2837 est
1679 2790 1837 2854 typus

249 2862 471 2933 gentilis
503 2866 704 2936 populi,
732 2877 861 2935 etc.,
890 2887 1051 2942 usque
1073 2872 1143 2928 ad
1169 2873 1225 2928 in
1249 2872 1494 2930 Samaria
1516 2878 1723 2947 primus
1748 2892 1834 2935 re-

251 2966 423 3023 gnum
451 2954 704 3022 obtinuit,
728 2966 831 3014 etc.

326 3042 490 3098 Vnus.
522 3046 608 3100 11.
633 3077 706 3089 --
723 3047 801 3103 De
826 3066 986 3109 manu
1002 3054 1335 3122 potentioris,
1358 3064 1463 3113 etc.
1487 3056 1610 3133 (In.)
1632 3057 1836 3117 Adver-

248 3131 415 3187 saria:
442 3136 747 3203 potestatis,
775 3152 892 3206 quae
923 3148 1118 3195 natura
1144 3139 1370 3198 fortior:
1403 3160 1501 3199 nos
1522 3131 1700 3202 autem
1728 3149 1835 3206 ﬁde

246 3219 530 3287 fortiores,
560 3223 608 3278 si
639 3233 818 3285 tamen
845 3226 1141 3290 liberamur
1172 3232 1242 3287 ab
1277 3248 1344 3289 eo
1373 3235 1465 3305 qui
1493 3238 1676 3309 alligat
1715 3241 1833 3296 for.

249 3321 384 3381 tem,
416 3323 473 3369 et
494 3315 713 3372 domum
738 3318 855 3389 ejus
893 3320 1097 3392 diripit.
1572 3390 1577 3399 ,

322 3405 489 3460 Vsus.
547 3406 634 3461 14.
681 3438 751 3449 -
790 3410 1037 3468 Animam
1082 3415 1432 3477 sacerdotum.
1486 3419 1589 3487 Qui
1637 3422 1841 3481 habent

244 3497 535 3554 scientiam
580 3500 710 3568 Dei,
756 3502 824 3561 de
855 3519 1084 3574 quorum
1127 3523 1224 3565 ore
1268 3509 1605 3584 interrogant
1640 3516 1836 3589 legem,

244 3588 343 3660 qui
371 3580 599 3645 credunt
625 3593 679 3646 in
710 3586 833 3649 eum
856 3597 948 3666 qui
976 3604 1061 3654 est
1093 3602 1344 3660 sacerdos
1371 3603 1426 3659 in
1458 3615 1739 3665 aatemum.

322 3677 672 3752 Pinguedine,
702 3695 748 3739 et
768 3687 991 3758 populus
1021 3707 1167 3747 meus
1196 3692 1343 3751 bonis
1367 3697 1493 3750 meis
1522 3698 1833 3770 adimplebi-

242 3782 360 3839 tur,
378 3775 452 3827 ait
473 3774 751 3844 Dominus,
768 3788 874 3847 etc,
904 3780 1057 3841 Unde
1089 3783 1350 3847 Dominus
1377 3788 1432 3845 in
1452 3789 1591 3847 valle
1613 3790 1837 3849 Gethse—

242 3865 422 3930 mani,
448 3865 502 3920 id
531 3875 614 3922 est
640 3868 999 3941 piuguedinis,
1031 3878 1454 3947 comprehensus
1482 3891 1582 3937 est.

324 3954 495 4018 Vens.
528 3958 616 4015 I5.
634 3992 706 4001 —
734 3962 847 4018 Vox
869 3966 942 4021 in.
970 3966 1093 4038 (ln.)
1114 3967 1343 4036 Quidam
1361 3971 1668 4030 Judaaorum
1689 3976 1835 4036 hunc

242 4045 425 4105 locum
452 4048 534 4107 sic
554 4064 850 4122 caponunt,
883 4064 989 4113 etc.
1011 4098 1028 4125 ,
1070 4075 1233 4132 usque
1257 4062 1326 4116 ad
1353 4061 1644 4132 Hebraeos,
1688 4069 1833 4137 quod

240 4136 495 4208 legebant
520 4140 804 4210 Hebraice,
827 4146 940 4202 suis
969 4150 1306 4207 sermonibus
1337 4155 1687 4223 expressisse.

319 4226 511 4283 Rachel
535 4232 773 4301 plorans.
801 4235 1006 4294 Rachel
1034 4249 1198 4295 mater
1235 4242 1466 4314 Ioseph,
1504 4255 1633 4314 etc.,
1667 4264 1830 4320 usque

239 4322 316 4379 ad
340 4322 472 4380 ﬂere
497 4324 693 4382 dicitur
714 4344 913 4400 pueros
930 4331 1086 4401 juxta
1120 4350 1181 4391 se
1212 4336 1540 4395 interiectos.

235 4786 455 4857 prolicit
479 4788 533 4843 in
574 4790 798 4848 salutem
817 4833 832 4860 ,
863 4803 921 4850 et
944 4811 1067 4865 quae
1102 4797 1169 4852 ad
1205 4814 1445 4870 praesens
1467 4802 1681 4861 videtur
1702 4820 1821 4863 esse

238 4875 499 4945 tristitiae,
530 4888 652 4950 post
680 4881 857 4937 reddit
877 4882 1113 4942 fructum
1133 4889 1302 4958 pacis.

309 4967 477 5026 Vens.
510 4971 597 5029 I9.
623 5004 694 5015 —
717 4973 979 5041 Quoniam
1004 4980 1251 5036 sustinui.
1284 4981 1406 5055 (ln.)
1438 4984 1542 5042 Per
1569 4987 1823 5059 ignoran-

245 5059 369 5114 tiam
401 5063 577 5119 aetatis
604 5066 732 5121 dicit
762 5082 821 5123 se
844 5083 1118 5138 peccasse,
1143 5082 1204 5128 ut
1226 5072 1437 5132 facilius
1460 5080 1671 5136 veniam
1693 5099 1821 5139 cou-

241 5162 518 5221 sequatur,
544 5158 719 5213 unde:
751 5158 954 5217 Delicta
972 5162 1258 5233 juventutis
1278 5184 1405 5223 mea:
1422 5179 1471 5225 et
1495 5172 1819 5242 igaorantias

234 5259 380 5299 meas
409 5261 472 5299 ne
498 5248 814 5305 memineris.
860 5250 929 5305 Et
965 5252 1022 5308 in
1061 5258 1430 5326 sequentibus,
1459 5260 1599 5318 Deus
1625 5279 1820 5334 parvu-

231 5332 346 5389 lum
374 5351 497 5392 eum
524 5341 734 5395 vocavit
757 5348 813 5397 et
841 5343 1049 5400 deliciis
1079 5344 1404 5418 afﬂuentem,
1432 5332 1653 5425 propter
1683 5358 1820 5414 divi-

232 5427 436 5501 tiarum
490 5433 698 5492 scilicet
732 5438 1159 5510 magnitudinem
1208 5451 1266 5500 et
1290 5453 1451 5503 terrm
1484 5447 1817 5510 fertilitatem

230 5516 418 5591 (Psal.
451 5525 625 5598 xxiv).

304 5604 471 5668 Vens.
498 5612 586 5669 20.
608 5644 681 5656 —
697 5614 758 5673 Si
774 5617 919 5688 ﬁlius
938 5620 1279 5691 honorabilis,
1304 5636 1408 5684 etc.
1435 5628 1825 5695 Ptenitentiam-

233 5711 433 5779 agente
454 5703 714 5776 prraim
745 5719 802 5767 et
827 5712 1056 5771 dicente:
1083 5715 1326 5773 Erudisti
1349 5738 1429 5777 me
1446 5763 1462 5790 ,
1502 5723 1744 5794 Domine,
1768 5737 1825 5786 et

232 5794 472 5851 eruditus
500 5815 639 5865 sum,
666 5810 799 5868 etc.,
818 5807 1093 5875 respondit
1124 5809 1402 5880 Dominus,
1434 5822 1488 5869 et
1512 5816 1671 5888 plene
1693 5834 1817 5879 con-

234 5896 452 5941 versum
471 5889 562 5943 tali
584 5901 849 5950 sustentat
862 5899 1101 5966 oraculo,
1119 5899 1176 5956 Si
1191 5902 1334 5972 ﬁlius
1349 5906 1689 5979 honorabilis,
1705 5920 1809 5971 etc.

1952 1122 2083 1189 dum
2112 1135 2259 1203 illud,
2291 1137 2547 1198 Memento
2571 1147 2707 1200 unde
2734 1122 3017 1218 cecideris,
3060 1165 3108 1208 et
3144 1175 3240 1228 age
3274 1165 3529 1231 paeniten-

1954 1224 2104 1290 tiam,
2133 1239 2179 1280 et
2209 1230 2379 1299 prima
2408 1249 2564 1305 opera
2590 1236 2676 1305 [ac
2705 1238 2886 1310 (Apoc.
2916 1244 2995 1311 ll).

2025 1313 2206 1389 Dirige
2234 1336 2324 1374 cor
2364 1332 2531 1378 tuum.
2583 1326 2728 1400 (In.)
2774 1328 2965 1404 Dirigit
2998 1350 3094 1390 cor
3124 1353 3278 1395 suum
3307 1338 3361 1397 in
3389 1346 3533 1403 viam

1951 1413 2176 1471 rectam,
2207 1418 2338 1477 etc.,
2361 1428 2525 1484 usque
2544 1415 2613 1469 ad
2636 1433 2735 1473 nec
2762 1434 2858 1489 per
2884 1421 3039 1480 luxus
3062 1430 3241 1485 saeculi
3264 1433 3533 1494 declinare

1952 1501 2243 1556 consentit.

2018 1588 2306 1664 Revertere,
2332 1599 2495 1670 virgo,
2520 1600 2707 1669 Israel,
2752 1619 3000 1666 revertere
3036 1614 3106 1668 ad
3146 1619 3377 1676 civitates
3409 1632 3530 1680 tuas

1948 1683 2095 1770 istas.
2129 1687 2251 1762 (11).)
2278 1691 2428 1749 Licet
2457 1698 2573 1754 haec
2613 1702 2825 1769 quidam
2856 1706 3011 1775 juxta
3042 1711 3354 1785 historiam,
3382 1728 3487 1776 etc.
3510 1761 3530 1791 ,

1947 1788 2110 1844 usque
2139 1781 2209 1834 ad
2237 1790 2291 1837 et
2318 1786 2527 1843 desinat
2556 1793 2738 1863 vagari
2766 1792 2863 1864 per
2889 1797 3044 1857 luxus
3074 1806 3274 1863 saeculi.

2018 1884 2182 1946 Vens.
2214 1892 2305 1948 23.
2330 1927 2400 1937 -—
2421 1898 2607 1956 Adhuc
2632 1905 2818 1961 dicent.
2849 1908 2968 1984 (In)
3009 1913 3353 2003 Christianis,
3377 1926 3528 1983 sciIi-p

1945 1986 2034 2032 cet
2059 1986 2409 2056 temporibus,
2432 1994 2626 2062 quibus
2645 2000 3009 2070 captivitatem
3031 2011 3212 2081 populi
3235 1994 3317 2070 sui
3338 1986 3526 2089 Domi-

1949 2078 2052 2119 nus
2083 2074 2365 2129 convertit.

2014 2153 2295 2217 Benedicat
2326 2166 2437 2220 tibi.
2471 2166 2596 2227 Haec
2620 2173 2719 2229 sub
2745 2175 3043 2240 Zorobabel
3069 2201 3134 2242 ex
3159 2199 3314 2259 parte
3335 2195 3525 2254 viden-.

1947 2254 2055 2316 tur,
2087 2262 2219 2321 etc.,
2250 2273 2411 2329 usque
2437 2263 2507 2316 ad
2520 2263 2673 2335 juxta
2694 2267 2908 2330 Juducos
2932 2285 2985 2332 et
3005 2254 3517 2354 nostrosjudaizan-

1946 2344 2025 2393 tes
2052 2344 2360 2402 carnaliter.

2022 2431 2178 2490 Vens.
2207 2437 2295 2493 25.
2325 2472 2396 2482 —
2426 2442 2565 2511 Quia
2589 2447 2858 2509 inebriari.
2889 2455 3112 2519 Mutatio
3140 2479 3514 2540 personarum,

1941 2528 2079 2590 etc.,
2125 2545 2284 2600 usque
2320 2535 2389 2589 ad
2415 2542 2700 2608 respondet
2736 2549 2962 2618 populus
2985 2553 3053 2610 de
3077 2528 3386 2628 captivitate
3425 2528 3515 2624 re:-

1942 2625 2130 2672 versus
2154 2632 2170 2671 τ
2201 2622 2315 2675 ideo
2341 2630 2729 2701 expergefactus
2754 2653 2888 2702 sum,
2918 2652 3024 2698 etc.

2013 2703 2176 2762 Vens.
2209 2710 2295 2766 26.
2324 2746 2392 2821 —.-
2416 2717 2545 2773 ldeo
2587 2727 2756 2793 quasi.
2809 2728 2879 2785 Ut
2925 2733 3168 2794 imitarer
3207 2742 3472 2806 dicentem
3496 2792 3513 2821 ,

1941 2800 2071 2859 etc.,
2108 2814 2267 2869 usque
2292 2804 2361 2857 ad
2390 2814 2444 2862 et
2464 2808 2601 2864 diem
2634 2821 3043 2879 resurrectionis
3072 2842 3366 2900 exspectat.

2012 2882 2175 2943 Vens.
2223 2892 2311 2946 27.
2350 2926 2421 2935 —-
2457 2897 2592 2954 Ecce
2631 2904 2739 2960 dies
2778 2910 3016 2980 veniunt,
3061 2882 3195 2975 dici;
3230 2923 3511 2988 Dominus.

1940 2972 2138 3034 Onines
2165 2981 2528 3051 hujuscemodi
2561 2998 3025 3070 repromissiones,
3063 3019 3168 3067 etc.
3191 3054 3207 3080 ,
3251 3033 3410 3092 usque
3442 3025 3515 3079 ad

1942 3068 2033 3092 ,ιλιι
2069 3071 2129 3092 με·
2162 3072 2227 3092 n-
2461 3081 2472 3092 '
2538 3083 2551 3092 ’
2751 3090 2759 3092 “

1940 3068 2034 3149 sed
2066 3071 2136 3125 sit
2162 3072 2302 3131 Deus
2327 3081 2506 3135 omnia
2536 3083 2588 3137 in
2619 3090 2885 3147 omnibus.

2012 3161 2175 3218 Vens.
2204 3166 2364 3222 50.——
2381 3171 2748 3244 Obstupescent
2771 3183 2966 3242 dentes.
2995 3189 3116 3267 (ῐο.)
3142 3196 3339 3259 Dentes
3361 3220 3510 3263 com-

1868 3308 1910 3367 n
1941 3246 2214 3310 edentium
2265 3275 2367 3315 non
2412 3277 2640 3332 possunt
2688 3246 3012 3335 Suavitateni
3070 3246 3327 3360 sentire,.
3369 3306 3498 3367 em”

1940 3354 2105 3367 ...-..-
2157 3346 2343 3367 ,Α-,η
2511 3364 2519 3367 _
2592 3358 2604 3367 .
2803 3365 2812 3367 Α

1940 3354 2105 3412 usque
2149 3346 2219 3398 ad
2248 3364 2353 3403 non
2405 3358 2722 3416 austeritate
2767 3365 3030 3439 ciborum,
3060 3378 3154 3432 sed
3207 3346 3339 3439 vitio
3364 3346 3498 3446 den:

1940 3430 2094 3488 ﬁam.

1944 3552 1955 3557 -
2011 3524 2173 3583 Vsus.
2213 3529 2303 3586 51.
2332 3564 2415 3642 1-
2460 3537 2598 3642 itere
2623 3538 2751 3600 dies.
2793 3547 2906 3607 Hoc
2935 3556 3243 3618 testimonio
3280 3563 3503 3642 Paulus,

1936 3625 2064 3685 etc.,
2091 3637 2250 3692 usque
2275 3626 2344 3679 ad
2372 3630 2786 3694 etcircumcisio
2816 3650 2871 3697 et
2904 3647 3187 3708 sabbatum
3209 3625 3507 3728 spirituali:

1937 3716 2022 3765 ter
2052 3714 2470 3783 complerentur.
3229 3803 3233 3809 ‘

2007 3803 2172 3905 Vens.
2211 3805 2300 3861 54.
2327 3840 2397 3851 --
2418 3812 2485 3867 Et
2509 3832 2613 3873 non
2637 3820 2855 3880 docebit.
2905 3827 2975 3884 Ut
3001 3847 3108 3890 non
3136 3803 3382 3908 quaerant
3401 3845 3499 3904 Ju-

1935 3891 2119 3950 daicos
2146 3900 2435 3969 magistros
2463 3915 2518 3961 et
2543 3914 2791 3968 mandata
2825 3917 3120 3993 hominum,
3144 3891 3248 3987 sed
3277 3934 3507 3996 docean-

1936 3984 2076 4040 tu'ra
2123 3987 2323 4059 Spiritu
2355 4004 2563 4064 sancto,
2592 4002 2636 4056 si
2665 4011 2842 4061 tamen
2872 4014 3128 4084 templum
3155 4020 3247 4097 Dei
3271 4024 3496 4099 fuerint,

1932 4082 1989 4129 et
2027 4078 2251 4147 spiritus
2280 4083 2372 4139 Dei
2422 4086 2751 4149 habitaverit
2783 4097 2838 4151 in
2883 4078 3033 4171 ipsis,
3059 4078 3500 4182 qui'spiravt-

1931 4168 2064 4235 vult,
2091 4182 2147 4227 et
2172 4174 2418 4233 diversas
2447 4179 2611 4238 habet
2632 4190 2834 4256 gratias
2859 4210 2871 4245 :
2902 4168 3107 4254 Notitia
3143 4168 3499 4271 tamen‘unius-

2002 4349 2192 4411 Omnes
2221 4361 2360 4415 enim
2379 4379 2704 4435 cognoscent.
2730 4371 2932 4449 (Ηιειι.)
2954 4380 3087 4450 Quia
3117 4401 3305 4471 omnes
3340 4409 3503 4457 erunt

1928 4453 2060 4512 etc.,
2084 4464 2244 4519 usque
2270 4454 2341 4506 ad
2368 4466 2473 4510 non
2502 4458 2555 4513 in
2587 4466 2908 4538 naturaque
2934 4472 2990 4527 in
3014 4459 3306 4555 semetipso
3330 4491 3495 4549 etiam

1928 4551 2051 4593 eum
2086 4539 2364 4600 videretur
2398 4547 2573 4606 latuit.

1847 4653 1902 4738 ﬁ
1959 4741 1971 4752 .
1997 4647 2162 4752 Vens.
2195 4654 2495 4752 S5.—Qui
2521 4664 2612 4720 dat
2632 4669 2812 4727 solent.
2837 4672 2959 4747 (ιο.)
2983 4676 3288 4743 Secundum
3321 4689 3497 4752 Gene-

1928 4741 2030 4797 sim
2070 4745 2150 4800 sol
2192 4747 2246 4802 in
2274 4751 2412 4807 caelo
2441 4756 2646 4823 positus
2684 4771 2767 4817 est
2802 4765 2855 4820 in
2888 4767 3088 4829 lumine
3131 4776 3255 4845 diei,
3285 4781 3411 4841 luna
3442 4800 3501 4845 et

1928 4834 2094 4921 stella:
2120 4838 2171 4892 in
2198 4839 2399 4897 lumine
2427 4848 2624 4903 noctis.
2678 4849 2734 4906 In
2760 4857 2967 4925 psalmo
3009 4834 3490 4944 quoque

1925 4924 2051 4979 Dies
2078 4929 2183 4982 diei
2211 4942 2410 4987 eructat
2447 4939 2676 5007 verbum,
2703 4954 2751 4999 et
2778 4962 2883 5002 nos:
2915 4955 3053 5008 nocti
3079 4924 3276 5017 indicat
3302 4924 3491 5037 cspien-

1926 5017 2074 5084 tiam,
2104 5020 2226 5088 quia
2254 5023 2481 5083 invicem
2507 5030 2609 5087 sibi
2639 5034 2754 5092 dies
2784 5048 2839 5094 et
2863 5053 3049 5102 noctes
3086 5017 3399 5115 succedun't.

1998 5134 2160 5192 Vens.
2201 5140 2289 5195 36.
2336 5174 2406 5184 --
2436 5145 2495 5202 Si
2520 5149 2821 5221 defecerint,
2845 5168 2949 5216 etc.
2978 5161 3033 5218 Si
3063 5168 3184 5222 caeli
3213 5175 3486 5244 peribunt,

1922 5234 1976 5281 et
2024 5230 2103 5284 sic
2145 5234 2521 5295 vestimentum
2570 5252 2934 5319 veterascent,
2977 5230 3245 5326 quomodo
3280 5230 3489 5327 -semeti

1919 5316 2082 5407 Israel
2109 5332 2284 5392 potest
2307 5341 2426 5384 esse
2451 5340 2806 5409 perpetuum?
2832 5316 2966 5401 Ορέιὶ
2992 5316 3193 5408 ἀαιεηί

1932 5506 1947 5520 .
1992 5428 2155 5537 Vens.
2186 5434 2277 5495 57.
2326 5471 2397 5481 ——
2427 5440 2487 5499 Si
2516 5454 2830 5509 incusat-ari.
2876 5454 3045 5523 Quasi
3093 5462 3238 5519 dicat
3275 5483 3290 5521 :
3336 5470 3484 5537 Quo-

1919 5525 2081 5595 modo
2111 5542 2314 5599 rerum,
2344 5540 2472 5601 etc.,
2501 5552 2663 5610 usque
2683 5543 2753 5597 ad
2781 5560 2882 5601 nec
2914 5548 3203 5620 aliquando
3227 5525 3485 5617 cessabit.

1992 5640 2157 5698 Vsus.
2186 5641 2279 5700 38.
2321 5674 2392 5689 -—
2419 5647 2554 5706 Ecce
2596 5654 2728 5712 dies.
2777 5658 2876 5728 Qui
2924 5663 3070 5721 mille
3099 5683 3363 5728 annorum
3404 5690 3489 5730 re-

1918 5745 2105 5802 gnum,
2130 5744 2261 5804 etc.,
2289 5753 2450 5812 usque
2476 5745 2565 5810 ad,
2594 5747 2664 5803 ibi
2697 5760 2876 5808 autem
2915 5754 3194 5817 Ananeltel
3237 5780 3333 5834 per
3370 5780 3486 5821 men

1916 5822 2177 5884 litteram.

1990 5917 2152 5973 Vens.
2192 5920 2277 5976 39.
2319 5956 2386 5966 —
2411 5926 2584 6001 Usque
2624 5934 2693 5988 ad
2715 5937 2896 6008 anguli
2926 5954 3148 6011 portant.
3181 5944 3304 6019 (10.)
3328 5948 3487 6008 Nulla
