4068 6344
519 420 604 475 ,47
1025 410 1422 472 WALAFRIDI
1462 379 1708 469 STRABI
1744 407 1954 468 FULD.
1993 401 2162 464 non.
2201 403 2353 464 orp.
2391 378 2572 465 rans
2608 407 2651 465 ι.
2691 437 2762 451 --
2795 409 3247 469 THEOLOGICA.
3715 415 3785 473 ss

534 537 677 600 enim
707 550 838 593 vera
861 531 1242 606 justitia,etc.,
1267 545 1430 601 usque
1449 528 1519 584 ad
1543 529 1660 586 haec
1683 524 1969 584 aediﬁcatio
1991 537 2109 580 ma-
2131 521 2187 587 Α
2210 540 2371 609 hanc,
2401 551 2531 610 ειοη
2559 560 2720 615 mque
2756 545 2825 599 ad
2865 544 2934 600 Et
2981 545 3275 602 notandum
3314 545 3459 617 quod
3509 543 3676 602 [smel
3717 548 3787 605 ab

533 630 684 688 nebit
705 629 762 686 in
783 636 1065 684 aeternum.

1085 755 1312 814 CAPUT
1348 753 1562 812 XXXII.

602 904 770 961 Vens.
813 901 866 955 1.
889 927 963 942 --
993 894 1221 951 Verbum
1245 894 1524 967 quod,etc.
1561 888 1766 964 (Ηιιςιι.)
1789 887 1908 945 Non
1936 886 2111 944 solum

529 997 720 1058 verba,
743 991 892 1046 sedet
915 1002 1079 1059 opera
1101 983 1654 1056 prophetarum,lsunt
1679 979 1836 1035 nobis
1852 978 1907 1033 in
1927 991 2108 1032 exem-

528 1087 617 1159 pla
662 1085 945 1139 virtutum.
997 1079 1218 1134 Poterat
1249 1076 1514 1132 Jeremias
1548 1072 1799 1128 nuntiare
1845 1083 2106 1140 prospera

528 1158 584 1232 et
608 1175 715 1250 frui
753 1165 896 1243 regis
926 1168 1186 1234 amicitia,
1217 1168 1314 1223 sed
1362 1165 1550 1221 maluit
1592 1164 1704 1220 Deo
1743 1162 1988 1226 obedire,
2013 1158 2106 1229 qui

525 1275 707 1341 potest
733 1275 788 1322 et
827 1263 1064 1319 animam
1089 1270 1144 1314 et
1171 1274 1366 1329 corpus
1402 1259 1633 1329 perdere
1677 1257 1732 1312 in
1779 1256 2102 1326 gehennam.

599 1361 762 1415 Vens.
791 1358 847 1411 2.
895 1385 966 1396 -
1001 1354 1066 1408 1η
1099 1353 1232 1408 atrio
1279 1351 1526 1405 carceris.
1576 1347 1699 1422 (1ο.)
1759 1346 2007 1402 Notanda
2037 1360 2106 1400 ex

524 1463 685 1525 parte
735 1451 880 1522 regis
909 1447 1218 1511 clementia,
1251 1445 1343 1515 qui
1391 1459 1498 1498 non
1551 1442 1604 1496 in
1641 1455 1881 1505 carcere,
1913 1438 2006 1494 sed
2052 1437 2108 1493 in

525 1547 796 1604 Vestibqu
809 1545 1192 1617 prophetarum
1216 1538 1420 1595 recludi
1437 1535 1695 1606 iusserat,
1713 1535 1769 1588 in
1783 1534 1952 1588 libera
1965 1531 2110 1587 scili-

525 1651 614 1696 cet
645 1639 913 1702 custodia,
933 1652 1000 1691 ne
1019 1639 1204 1705 posset
1223 1629 1462 1701 effugere
1483 1645 1498 1694 ;
1517 1627 1671 1698 quasi
1693 1640 1801 1680 non
1825 1623 2002 1680 omnis
2020 1619 2106 1677 Je-

527 1731 769 1788 rusalem
793 1728 976 1785 clausa
989 1723 1378 1781 munitionibus
1395 1720 1558 1776 fuerit
1583 1715 1885 1774 communis
1899 1728 2104 1769 carcer.

599 1823 763 1879 Vens.
802 1824 856 1878 5.
883 1849 955 1862 -
979 1818 1254 1875 Clauserat
1279 1815 1416 1870 enim
1462 1828 1601 1866 eum.
1643 1809 1762 1866 Jam
1800 1806 1979 1862 vicina
2017 1819 2108 1860 ca-

2208 633 2461 688 omnibus
2491 642 2724 705 separat.

2279 720 2444 777 Vens.
2485 722 2574 776 21.
2604 753 2676 762 —
2703 722 2772 777 Et
2800 723 3293 797 eduxistipOpulum
3339 735 3507 782 tuum.
3553 726 3788 788 Pulchre

2210 812 2346 869 dixit
2372 813 2627 884 populum
2659 823 2810 869 tuum
2841 833 2854 869 :
2886 830 2952 871 eo
2971 817 3118 872 enim
3149 826 3392 890 tempore
3418 835 3528 891 quo
3555 821 3788 882 edch

2209 913 2312 971 est,
2343 905 2555 960 Domini
2597 907 2824 976 imperio
2857 908 3146 964 serviebat.

2279 995 2444 1052 Vens.
2476 996 2565 1051 25.
2595 1028 2666 1037 -
2697 999 2765 1053 Et
2792 1000 3012 1070 ingressi
3038 1010 3181 1055 sunt.
3217 999 3344 1075 (11).)
3371 999 3518 1059 Nihil
3546 1005 3790 1065 medium

2211 1091 2353 1146 inter
2378 1092 2781 1162 possessionem
2808 1102 2864 1149 et
2888 1095 3308 1153 inobedientiam
3338 1115 3352 1152 :
3381 1100 3607 1156 ubertas
3641 1101 3789 1158 enim

2209 1184 2577 1252 securitatem,
2591 1187 2858 1243 securitas
2877 1188 3282 1261 negligentiam,
3309 1191 3637 1264 negligentia
3659 1195 3793 1251 eon-

2211 1284 2471 1346 temptum
2493 1278 2654 1347 parit.
3725 1305 3728 1308 ’

2281 1365 2350 1420 Et
2388 1385 2491 1422 non
2524 1369 2850 1425 obedierunt.
2897 1370 2956 1426 Id
2985 1380 3091 1439 est,
3116 1373 3342 1430 Frustra
3366 1391 3496 1449 ergo
3521 1379 3790 1450 promise-

2210 1469 2360 1528 runt,
2392 1461 2632 1518 dicentes
2663 1481 2676 1516 :
2716 1463 3051 1537 Qutecunque
3082 1470 3382 1539 prteceperit
3419 1470 3687 1526 Dominus
3705 1471 3790 1542 fa-

2209 1553 2403 1607 ciemus
2427 1569 2447 1618 ;
2480 1569 2588 1609 non
2615 1554 2760 1610 enim
2783 1553 2841 1610 in
2869 1559 3244 1626 responsione,
3260 1561 3354 1615 sed
3386 1560 3440 1616 in
3467 1577 3634 1632 opere
3653 1577 3790 1632 prai-

2210 1642 2379 1697 mium
2406 1651 2509 1698 est.

2280 1733 2447 1822 Vens.
2487 1737 2576 1791 24.
2602 1767 2671 1778 -
2699 1737 2838 1794 Ecce
2862 1740 3180 1796 munitiones
3202 1753 3503 1799 exstructis.
3535 1744 3792 1804 Decimus

2210 1843 2384 1884 annus
2417 1827 2656 1885 Sedeciae
2684 1840 2824 1898 erat,
2849 1840 2906 1887 et
2939 1833 3130 1890 civitas
3164 1834 3408 1902 obsessa,
3432 1845 3493 1890 ut
3523 1852 3686 1908 supra
3708 1837 3793 1894 di-

519 1915 790 1986 ptivitate,
811 1913 926 1983 jam
969 1917 1123 1981 peste
1149 1916 1207 1963 et
1244 1905 1390 1961 fame
1423 1909 1744 1972 consumpta
1779 1897 2021 1963 civitate,
2053 1904 2108 1952 et

2214 1927 2358 1975 ctum
2383 1931 2486 1986 est,
2511 1930 2568 1977 et
2591 1920 2858 1978 Jeremias
2879 1923 2935 1978 in
2959 1925 3102 1980 atrio
3129 1891 3572 1985 carcerissllnde
3591 1891 3790 1986 subdi-

522 2013 706 2061 tamen
737 2010 947 2074 perstat
981 1998 1238 2056 Sedecias
1273 1997 1330 2051 in
1351 1992 1642 2050 sententia.

597 2098 773 2163 Quare
801 2093 1120 2150 vaticinaris.
1180 2088 1408 2147 Gravior
1436 2095 1521 2142 est
1556 2093 1735 2140 terror
1777 2091 1902 2137 ante
1927 2082 2106 2137 incre-

519 2190 797 2261 pationem
819 2185 1146 2258 .verborum,
1169 2195 1332 2251 quam
1363 2191 1644 2249 pamarum
1666 2173 1934 2231 sustinere
1977 2186 2105 2228 cru-

524 2281 751 2345 ciatum,
789 2285 844 2333 et
868 2276 1056 2331 videre
1081 2287 1244 2344 quem
1277 2271 1490 2326 timeas.

593 2371 757 2426 Vens.
798 2369 851 2423 5.
874 2397 946 2408 —
973 2363 1183 2420 Visitem
1213 2377 1354 2416 eum.
1382 2356 1728 2429 Temperavit
1752 2353 2105 2420 sententiam,

519 2475 583 2521 ut
610 2465 678 2519 ad
709 2465 988 2518 honam‘et
1011 2457 1206 2513 malam
1238 2463 1448 2526 partem
1480 2450 1652 2522 possit
1682 2447 1893 2512 referri,
1918 2445 2110 2501 visita-

522 2560 600 2616 tio
620 2558 763 2615 enim
795 2564 850 2612 et
890 2550 1338 2612 consolationem,
1361 2554 1416 2600 et
1460 2542 1780 2614 supplicium
1814 2537 2103 2611 signiﬁcat.

589 2653 756 2707 Vens.
799 2651 852 2704 7.
884 2679 953 2690 —-
975 2647 1110 2700 Ecce
1135 2637 1446 2704 Hanameel,
1460 2637 1623 2708 ﬁlius.
1640 2633 1890 2691 Helchias
1912 2642 1968 2688 et
1997 2629 2112 2687 Sel-

520 2748 651 2812 lum,
665 2755 962 2814 etc.,usque
975 2739 1044 2794 ad
1056 2733 1344 2794 voluminis
1357 2728 1514 2800 hujus
1528 2737 1792 2785 monstrat
1805 2726 2106 2782 exordium.

589 2839 721 2893 Eme
744 2837 837 2889 tibi
883 2846 1088 2903 agrum.
1160 2829 1304 2897 Ager
1353 2825 1454 2878 iste
1502 2818 1856 2876 sacerdotalis
1887 2857 1903 2882 ,
1953 2814 2112 2885 cujus

525 2931 728 3002 emptio
754 2935 916 2998 atque
934 2922 1207 2995 possessio
1225 2917 1475 2974 Ieremia:
1494 2915 1756 2978 defertur,
1776 2919 1859 2967 est
1884 2911 1940 2966 in
1965 2909 2114 2964 Ana-

527 2999 650 3079 thot
691 3022 744 3076 in
782 3027 927 3074 terra
969 3012 1273 3083 Benjamin.
1320 3009 1560 3077 Quorum
1589 3004 1822 3075 primum
1853 2999 2114 3056 obedien-

521 3117 674 3180 tiam,
690 3111 984 3169 seCundum
1011 3107 1183 3163 lilium
1209 3103 1412 3158 dextrae
1439 3105 1626 3161 sonat;
1648 3091 2113 3151 et‘convenienter

521 3203 856 3277 appetitejus
867 3198 1216 3270 emptionem,
1232 3194 1286 3249 in
1306 3206 1412 3264 quo
1433 3185 1736 3245 obedientia
1747 3192 1803 3240 et
1823 3183 1995 3238 virtus
2007 3181 2115 3238 Do-

521 3291 655 3353 mini
668 3297 1007 3351 versabatur.

591 3410 760 3466 Vens.
788 3408 843 3464 8.
867 3435 941 3448 —
970 3405 1039 3460 In
1075 3415 1216 3460 terra
1249 3403 1552 3475 Benjamin.
1599 3399 1722 3474 (ln.)
1767 3398 1882 3454 Hoc
1933 3404 2019 3453 est
2043 3396 2111 3468 de

524 3499 875 3566 suburbanis,
902 3507 1033 3564 etc.,
1077 3514 1240 3568 usque
1284 3497 1354 3551 ad
1400 3495 1640 3552 Audiant
1669 3491 1764 3565 qui
1786 3489 1924 3546 falsa
1950 3488 2111 3546 adhi-

523 3575 653 3648 bitis
691 3588 918 3644 testibus
944 3587 1236 3642 vendicare
1256 3592 1542 3641 conantur.
1595 3635 1612 3653 ,

595 3681 762 3736 Vens.
804 3677 891 3735 15.
937 3709 1009 3720 --
1042 3677 1111 3732 Et
1161 3678 1382 3748 praecepi
1428 3675 1662 3730 Baruch.
1705 3673 1828 3745 (ln.)
1874 3671 2108 3739 Baruch,

525 3773 620 3844 qui
646 3773 1033 3840 interpretatur
1053 3768 1372 3834 benedictus,
1385 3775 1693 3838 etc.,usque
1712 3766 1780 3820 ad
1807 3767 1913 3823 hoc
1931 3765 2111 3837 legere

527 3862 874 3936 cupientibus
903 3861 1161 3920 exhibeat
1186 3870 1435 3931 apertum
1466 3859 1738 3915 volumen.
2019 3876 2023 3879 ·

596 3957 767 4024 Vens.
806 3955 894 4011 14.
933 3985 1002 3995 -
1029 3955 1098 4010 1η
1124 3971 1240 4010 uase
1281 3953 1455 4024 ﬁctili,
1479 3963 1584 4008 etc.
1642 3949 1721 4007 Ne
1768 3949 1905 4006 foris
1945 3948 2110 4020 positi

524 4058 780 4121 paterent
805 4049 1028 4119 rapinm,
1049 4056 1181 4114 etc.,
1212 4063 1372 4118 usque
1399 4047 1468 4100 ad
1490 4050 1899 4102 commoventur
1927 4049 2112 4098 tamen

523 4144 620 4206 Dei
649 4157 923 4200 sermone.

600 4233 767 4298 Vens.
809 4234 898 4290 15.
925 4264 997 4274 -
1023 4234 1209 4292 Adhuc
1238 4232 1642 4303 possidebuntur
1665 4229 1851 4285 domus
1892 4237 1940 4283 et
1971 4226 2106 4298 agri.

526 4326 757 4392 Hocest
785 4324 928 4395 quod
969 4323 1235 4384 Jeremias
1276 4338 1441 4394 supra
1491 4321 1628 4378 dixit
1668 4335 1730 4378 se
1777 4319 2111 4378 intellexisse

520 4419 750 4473 verbum
779 4415 900 4482 Dei,
928 4424 985 4471 et
1008 4415 1214 4472 idcirco
1241 4415 1441 4470 emisse
1468 4427 1682 4484 agrum.

578 4506 761 4578 ‘Vens.
815 4507 902 4578 18,.
937 4537 1008 4548 -—
1045 4507 1148 4574 Qui
1199 4507 1332 4578 facis
1386 4505 1823 4562 misericordiam.
1874 4505 2111 4563 Grandis

2208 2021 2298 2067 tur
2325 2031 2339 2067 :
2371 2012 2509 2068 Ecce
2538 2016 2872 2072 munitiones.

2279 2104 2364 2160 Ne
2385 2107 2642 2176 capiatur.
2690 2106 2857 2175 Quasi
2888 2109 3034 2166 dicat
3062 2125 3077 2165 :
3113 2111 3233 2167 Non
3260 2111 3464 2169 habent
3490 2127 3641 2185 quos'

2207 2207 2360 2263 cant,
2379 2198 2475 2254 sed
2489 2213 2625 2267 quos
2641 2201 2880 2270 capiant,
2893 2201 3008 2272 jam
3028 2201 3172 2260 fame
3187 2213 3241 2260 et
3253 2216 3404 2277 peste
3415 2217 3789 2278 consumptos.

2276 2289 2348 2344 Et
2377 2307 2698 2363 quacunque
2741 2291 2948 2349 locutus
2993 2312 3066 2350 es.
3109 2296 3190 2350 Ex
3218 2299 3486 2354 creaturis
3528 2300 3794 2371 praedicat

2207 2381 2546 2449 Creatorem,
2570 2392 2700 2450 etc.,
2735 2400 2896 2456 usque
2924 2387 2992 2440 ad
3019 2386 3146 2443 Haec
3171 2396 3353 2444 autem
3383 2391 3638 2448 universa
3653 2407 3791 2462 pra-

2209 2475 2398 2541 mitlit,
2414 2474 2685 2530 utinl‘erat
2705 2477 2928 2547 quasiin
2953 2481 3428 2551 reprehensionem
3453 2483 3650 2539 divinas
3673 2482 3794 2540 sen-

2209 2569 2390 2624 tentias
2419 2585 2433 2622 :
2468 2567 2537 2622 Et
2563 2579 2619 2622 tu
2644 2570 2777 2625 dicis
2806 2572 2952 2638 mihi,
2977 2572 3201 2628 Domine
3236 2573 3402 2640 Deus,
3438 2591 3559 2630 eme
3579 2592 3789 2646 agrum.

2281 2660 2444 2715 Vens.
2460 2658 2692 2714 25.—Et
2707 2670 2762 2714 tu
2775 2661 2927 2718 dicis.
2942 2662 3058 2719 Non
3076 2665 3549 2734 reprehendit,sed
3563 2666 3792 2722 interro-

2211 2763 2322 2823 gat,
2336 2761 2467 2818 etc.,
2481 2768 2643 2822 usque
2658 2754 2727 2806 ad
2739 2764 2794 2809 et
2813 2770 3002 2825 agrum
3023 2765 3168 2811 emat
3193 2761 3354 2826 queui
3371 2772 3476 2811 non
3485 2756 3782 2827 possideat.

2283 2841 2445 2898 Vens.
2471 2843 2560 2898 27.
2582 2873 2654 2884 —-
2674 2842 2814 2898 Ecce
2839 2863 2931 2917 ego
2955 2846 3231 2902 Dominus.
3260 2847 3378 2905 Non
3399 2849 3640 2904 omnium
3663 2862 3794 2920 gon-

2213 2940 2349 2994 tium
2378 2939 2465 2994 vel
2506 2938 2688 3010 populi
2739 2939 2905 2997 Israel
2937 2949 3168 3008 tantum,
3195 2951 3327 3008 etc.,
3355 2955 3518 3014 usque
3550 2943 3620 2996 ad
3660 2939 3791 3013 quia

2211 3033 2317 3090 alia
2339 3042 2564 3105 propter
2605 3050 2685 3100 se,
2717 3035 2822 3089 alia
2853 3037 2907 3090 in
2935 3051 3091 3090 usum
3137 3035 3414 3091 hominum
3459 3044 3583 3090 sunt
3612 3034 3788 3090 facta.

2259 3122 2445 3181 Vens.
2461 3124 2638 3181 28.-
2656 3125 2793 3180 Ecce
2825 3142 2919 3196 ego
2948 3126 3159 3180 tradam
3185 3126 3467 3180 civitatem.
3496 3124 3632 3193 Quia
3655 3124 3794 3180 mihi

2215 3223 2300 3272 est
2327 3230 2470 3271 curae
2493 3215 2675 3271 omnia
2702 3230 2913 3287 regere,
2939 3215 3192 3272 universa
3217 3215 3528 3288 disponere,
3565 3215 3795 3288 singulis

2215 3307 2443 3364 reddere
2460 3307 2619 3379 juxta
2648 3308 2765 3362 vias
2794 3323 2941 3363 suas.

2283 3399 2556 3457 Civitatem
2576 3399 2748 3456 istam.
2767 3381 3008 3454 Primum
3022 3395 3218 3453 vallata
3238 3398 3481 3455 exercitu
3501 3391 3793 3456 Chaldaeo-

2212 3509 2354 3563 rum,
2395 3496 2622 3552 absente
2642 3493 3159 3558 Nabuchodonosor,
3180 3499 3342 3563 capta
3377 3499 3496 3558 est;
3527 3490 3790 3550 etiss'de-

2211 3587 2322 3644 cias
2340 3586 2396 3644 iu
2422 3585 2687 3642 Rablatha
2708 3584 2824 3656 regi
2835 3583 3063 3640 traditus
3087 3590 3188 3639 est.
3414 3624 3416 3626 .
3517 3619 3519 3622 ‹
3563 3625 3566 3630 .

2282 3676 2446 3733 Vens.
2475 3677 2565 3734 29.
2597 3707 2669 3718 —
2691 3674 2764 3730 Et
2807 3676 3008 3730 uenient
3034 3671 3295 3729 Chaldwi.
3342 3671 3538 3744 Aquila
3575 3671 3792 3742 melius.

2208 3768 2570 3839 ingredientur
2588 3781 2732 3839 {non
2743 3766 2890 3823 enim
2915 3767 3169 3822 absentes
3181 3772 3359 3830 erant,
3371 3773 3431 3820 ut
3442 3764 3688 3820 venirent
3699 3763 3793 3835 qui

2211 3859 2523 3918 obsiderent
2569 3860 2886 3924 civitatem;
2925 3859 3150 3914 verbum
3187 3864 3367 3912 autem
3403 3855 3692 3914 Hebraeum
3715 3865 3793 3911 ,ει

2211 3953 2439 4017 uenient,
2468 3959 2516 4005 et
2550 3949 2906 4020 ingredientur
2939 3956 3119 4004 sonat.
3560 3993 3562 3996 ,

2281 4045 2355 4100 Et
2383 4045 2563 4100 domos
2582 4045 2638 4098 in
2671 4059 2898 4115 quarum
2926 4040 3244 4097 domatibus.
3269 4036 3554 4106 Quomodo
3579 4038 3795 4110 peritu-

2211 4153 2309 4193 rus
2354 4137 2610 4192 scribitur
2644 4134 2896 4200 mundus,
2921 4133 3078 4204 juxta
3121 4131 3251 4187 illud
3283 4147 3298 4185 :
3332 4128 3531 4186 leum
3561 4138 3610 4188 et
3649 4137 3797 4184 terra

2212 4229 2541 4294 transibunt,
2567 4241 2632 4282 eo
2673 4225 2818 4296 quod
2857 4224 2914 4279 in
2957 4223 3193 4296 maligno
3235 4222 3446 4294 positus
3478 4220 3547 4276 sit
3565 4260 3588 4286 ,
3613 4219 3697 4278 sic
3737 4227 3799 4274 et

2213 4324 2404 4379 domus
2424 4323 2560 4391 ipsa,
2591 4329 2650 4378 et
2665 4319 2807 4386 loca,
2830 4317 2888 4374 in
2906 4316 3106 4390 quibus
3136 4316 3338 4390 ﬂagitia
3364 4315 3510 4372 facta
3525 4313 3799 4390 suauia;

2212 4415 2312 4472 Dei
2344 4414 2720 4484 subjucebunt.
3735 4459 3754 4466 ..

2283 4507 2569 4563 Vens-50.
2601 4537 2672 4548 ——
2697 4503 2907 4577 Jugiter
2944 4503 3196 4576 facientes
3233 4499 3453 4556 malum.
3498 4497 3631 4556 Sine
3658 4497 3790 4568 una,

521 4599 900 4662 misericordia
915 4597 1209 4667 Creatoris,
1225 4607 1524 4670 etc.,usque
1552 4597 1622 4652 ad
1645 4597 1738 4653 diu
1751 4596 1914 4654 dilata
1943 4611 2108 4669 pmna
2133 4617 2189 4682 ι)
2213 4610 2344 4668 etc.,
2370 4617 2530 4673 usque
2555 4600 2624 4656 ad
2647 4600 2702 4655 in
2729 4605 3023 4669 conspectu
3053 4605 3163 4652 tuo.

524 4691 803 4747 reddatur.

593 4778 928 4847 Fortissime,
961 4798 1166 4852 magne,
1197 4789 1302 4839 etc.
1357 4782 1480 4856 (ln.)
1510 4783 1637 4840 Hzrc
1664 4787 1885 4842 nomina
1913 4795 2113 4858 poten-

521 4872 656 4926 tiam
706 4871 982 4928 Creatoris
1030 4869 1698 4947 indicant,‘sed'proprie
1744 4891 1938 4934 nomen
1990 4878 2109 4935 Dei.

521 4963 692 5020 Pater
714 4973 818 5031 est,
833 4965 1005 5020 unde:
1025 4963 1206 5032 Pater,
1222 4967 1551 5037 manifestam
1574 4983 1760 5026 nomen
1783 4967 1932 5025 tuum
1945 4972 2114 5026 homi-

523 5053 674 5107 nibus
706 5052 891 5124 (Joan.
921 5054 1118 5128 xxv").

596 5146 760 5201 Vens.
778 5147 936 5202 i9.—
949 5148 1174 5220 Magnus
1188 5150 1425 5218 consilio,
1441 5161 1547 5208 etc.
1566 5151 1733 5209 Nemo
1741 5169 1873 5226 ergo
1887 5142 2114 5210 secretis

526 5237 623 5292 Dei
649 5252 708 5293 se
730 5238 949 5306 inferat,
964 5251 1021 5296 et
1045 5243 1113 5297 de
1133 5241 1278 5298 illius
1295 5244 1516 5314 judiciis
1534 5243 1778 5314 judicare
1797 5254 2112 5316 praesumat.

596 5326 667 5384 Ut
691 5329 880 5386 reddas
899 5333 1199 5404 unicuique.
1223 5334 1504 5404 Significat
1521 5337 1665 5406 quod
1684 5336 2117 5405 interdum,etc.,

525 5435 688 5490 usque
713 5419 782 5475 ad
814 5421 1029 5477 tandem
1058 5421 1228 5478 Rubri
1271 5424 1438 5479 maris
1461 5423 1709 5482 ﬂuctibus
1744 5427 1971 5483 obrutus
2005 5437 2112 5490 est.

596 5509 764 5568 Vens.
791 5512 884 5567 ΞΟ.
901 5542 974 5560 --
991 5504 1096 5578 Qui
1120 5515 1342 5584 posuisti
1361 5515 1532 5584 signa.
1557 5515 1635 5571 De
1663 5518 1900 5587 gnerali
1932 5528 2108 5577 trans-

526 5603 570 5658 it
606 5603 676 5658 ad
712 5603 968 5673 speciale,
987 5613 1048 5660 et
1089 5605 1236 5675 quod
1294 5606 1514 5677 proprie
1552 5609 1872 5679 praestiterit
1915 5611 2108 5684 Israel,

527 5695 678 5751 brevi
703 5710 957 5753 sermone
987 5698 1282 5767 percurrit.
1647 5725 1650 5728 ~
1882 5731 1885 5734 -

600 5787 668 5844 Et
689 5800 949 5860 portenta,
977 5799 1083 5849 etc.
1113 5791 1317 5861 Quibus
1347 5793 1542 5854 amicta
1567 5807 1652 5856 est
1671 5813 1848 5874 usque
1872 5801 1940 5859 ad
1963 5803 2109 5866 diem

2259 4695 2451 4750 -Vens.
2478 4693 2568 4749 55.
2591 4723 2664 4734 -
2688 4691 3040 4747 [Ct-verterunt
3069 4687 3137 4742 ad
3165 4694 3423 4757 meterga.
3450 4681 3605 4742 Unde
3626 4680 3792 4742 alibi:

2223 4786 2438 4842 Vertunt
2467 4793 2648 4840 contra
2687 4799 2768 4836 me
2789 4781 3060 4851 scopulum
3101 4778 3417 4834 recedentem
3448 4774 3636 4846 (Zach.
3662 4773 3789 4846 vn).

2214 4881 2316 4948 Qui
2342 4880 2486 4935 enim
2508 4884 2784 4948 precatur,
2813 4873 3069 4928 inclinata
3096 4871 3306 4926 cervice
3328 4870 3384 4923 in
3414 4876 3558 4923 terra
3585 4881 3794 4938 pronus

2215 4971 2487 5034 tunditur;
2516 4967 2608 5038 qui
2640 4981 2770 5022 vero
2795 4973 3006 5035 tergum
3027 4961 3214 5026 vertit,
3245 4968 3399 5034 gestu
3427 4961 3786 5031 corporisin-

2215 5064 2377 5128 dicat,
2393 5077 2452 5118 se
2479 5060 2752 5132 negligere
2780 5055 3221 5112 comminantem.
3527 5095 3550 5102 η

2286 5155 2418 5211 Cum
2435 5154 2674 5208 docerem
2695 5167 2804 5206 eos.
2836 5149 3057 5222 Fugatis
3095 5146 3333 5204 tenebris
3355 5145 3558 5202 erroris
3579 5153 3635 5202 et
3657 5145 3791 5201 ido-

2215 5249 2394 5306 lorum
2433 5246 2663 5314 cultura,
2695 5244 3003 5301 illuminare
3032 5255 3129 5300 eos
3156 5240 3465 5313 cupiebam,
3493 5245 3552 5296 et
3594 5239 3793 5295 docere

2216 5357 2338 5416 qua:
2358 5347 2508 5398 recta
2535 5347 2681 5396 sunt.
3585 5371 3588 5373 Α
3753 5357 3776 5382 ρ.

2287 5433 2453 5490 Vens.
2505 5432 2595 5488 54.
2624 5462 2693 5473 -
2713 5430 2784 5486 Et
2795 5435 3079 5502 posuerunt
3097 5426 3242 5483 idola
3264 5442 3383 5492 sua,
3422 5431 3531 5481 etc.
3559 5422 3682 5481 Non
3707 5437 3793 5480 sus

2209 5528 2323 5584 lum
2344 5538 2471 5582 tunc
2489 5524 2654 5582 ludas
2665 5523 2847 5595 posuit
2864 5521 3064 5577 idolum
3086 5520 3142 5574 in
3164 5517 3362 5587 templo
3381 5515 3597 5584 Dei,sed
3618 5525 3792 5586 usque

2211 5617 2372 5675 hodie
2414 5617 2470 5672 in
2503 5615 2764 5680 Ecclesia,
2793 5614 2882 5669 vel
2909 5613 2966 5667 in
3011 5610 3175 5667 corde
3197 5607 3532 5666 credentium
3571 5604 3792 5676 ponitur

2212 5709 2429 5770 idolum,
2464 5708 2681 5778 quando
2705 5720 2902 5762 novum
2925 5705 3118 5777 dogma
3138 5701 3562 5761 eonstituituret
3577 5697 3638 5757 in
3654 5697 3786 5756 ab“

2213 5804 2431 5864 ωηύἱιο
2455 5802 2730 5858 aduratur.
2759 5823 2761 5826 ‘
2795 5823 2800 5828 “
2925 5825 2928 5830 ’
3259 5805 3284 5818 ⁴’
3459 5803 3501 5846 Ἰ
3601 5821 3621 5846 2:
3649 5819 3656 5840 -'
3681 5807 3698 5842 η’
