  <div class='ocr_page' id='page_1' title='image "/cluster/home/n/w/nwhite01/storage/ocr_20150623/114/hvd.32044018909580/030.png"; bbox 0 0 4068 6344; ppageno 0'>
   <div class='ocr_carea' id='block_1_1' title="bbox 265 321 3520 394">
    <p class='ocr_par' dir='ltr' id='par_1_1' title="bbox 265 321 3520 394">
     <span class='ocr_line' id='line_1_1' title="bbox 265 321 3520 394; baseline -0.002 -1"><span class='ocrx_word' id='word_1_1' title='bbox 265 333 339 394; x_wconf 69' lang='grc'><strong>49</strong></span> <span class='ocrx_word' id='word_1_2' title='bbox 1079 330 1343 389; x_wconf 82' lang='lat' dir='ltr'><strong>GLOSSA</strong></span> <span class='ocrx_word' id='word_1_3' title='bbox 1381 329 1776 389; x_wconf 79' lang='lat' dir='ltr'><strong>0RDINARIA.</strong></span> <span class='ocrx_word' id='word_1_4' title='bbox 1814 356 1884 371; x_wconf 89' lang='lat'><strong><em>—</em></strong></span> <span class='ocrx_word' id='word_1_5' title='bbox 1918 323 2309 384; x_wconf 82' lang='lat' dir='ltr'><strong>PROPHETIA</strong></span> <span class='ocrx_word' id='word_1_6' title='bbox 2345 321 2683 383; x_wconf 71' lang='lat' dir='ltr'><strong>JEREMIE.</strong></span> <span class='ocrx_word' id='word_1_7' title='bbox 3451 329 3520 386; x_wconf 82' lang='lat'><strong>50</strong></span> 
     </span>
    </p>
   </div>
   <div class='ocr_carea' id='block_1_2' title="bbox 339 442 3520 517">
    <p class='ocr_par' dir='ltr' id='par_1_2' title="bbox 339 442 3520 517">
     <span class='ocr_line' id='line_1_2' title="bbox 339 442 3520 517; baseline -0.001 -16"><span class='ocrx_word' id='word_1_8' title='bbox 339 447 502 502; x_wconf 74' lang='lat' dir='ltr'><strong>Vens.</strong></span> <span class='ocrx_word' id='word_1_9' title='bbox 541 446 630 504; x_wconf 74' lang='lat'><strong>35.</strong></span> <span class='ocrx_word' id='word_1_10' title='bbox 651 475 722 488; x_wconf 90' lang='lat'><em>-</em></span> <span class='ocrx_word' id='word_1_11' title='bbox 744 444 810 502; x_wconf 87' lang='lat' dir='ltr'><strong>Et</strong></span> <span class='ocrx_word' id='word_1_12' title='bbox 837 447 1247 516; x_wconf 74' lang='lat' dir='ltr'><strong>aediﬁcaverunt,</strong></span> <span class='ocrx_word' id='word_1_13' title='bbox 1283 457 1388 504; x_wconf 89' lang='lat' dir='ltr'><strong>etc.</strong></span> <span class='ocrx_word' id='word_1_14' title='bbox 1421 445 1646 516; x_wconf 84' lang='lat' dir='ltr'><strong>Proprie</strong></span> <span class='ocrx_word' id='word_1_15' title='bbox 1671 443 1842 499; x_wconf 89' lang='lat' dir='ltr'><strong>tribus</strong></span> <span class='ocrx_word' id='word_1_16' title='bbox 1865 449 1922 510; x_wconf 75' lang='grc' dir='ltr'><strong>Α</strong></span> <span class='ocrx_word' id='word_1_17' title='bbox 1947 443 2013 498; x_wconf 90' lang='lat' dir='ltr'><strong>de</strong></span> <span class='ocrx_word' id='word_1_18' title='bbox 2026 442 2302 497; x_wconf 74' lang='lat' dir='ltr'><strong>creatione</strong></span> <span class='ocrx_word' id='word_1_19' title='bbox 2325 442 2455 499; x_wconf 90' lang='lat' dir='ltr'><strong>solis</strong></span> <span class='ocrx_word' id='word_1_20' title='bbox 2477 451 2534 498; x_wconf 90' lang='lat' dir='ltr'><strong>et</strong></span> <span class='ocrx_word' id='word_1_21' title='bbox 2554 445 2695 499; x_wconf 68' lang='lat' dir='ltr'><strong>lunae</strong></span> <span class='ocrx_word' id='word_1_22' title='bbox 2725 451 2780 500; x_wconf 89' lang='lat' dir='ltr'><strong>et</strong></span> <span class='ocrx_word' id='word_1_23' title='bbox 2797 443 3093 514; x_wconf 89' lang='lat' dir='ltr'><strong>stellarum,</strong></span> <span class='ocrx_word' id='word_1_24' title='bbox 3119 453 3248 512; x_wconf 88' lang='lat' dir='ltr'><strong>etc.,</strong></span> <span class='ocrx_word' id='word_1_25' title='bbox 3276 461 3438 517; x_wconf 80' lang='lat' dir='ltr'><strong>usque</strong></span> <span class='ocrx_word' id='word_1_26' title='bbox 3449 446 3520 499; x_wconf 84' lang='lat' dir='ltr'><strong>ad</strong></span> 
     </span>
    </p>
   </div>
   <div class='ocr_carea' id='block_1_3' title="bbox 255 538 1841 612">
    <p class='ocr_par' dir='ltr' id='par_1_3' title="bbox 255 538 1841 612">
     <span class='ocr_line' id='line_1_3' title="bbox 255 538 1841 612; baseline -0.006 -11"><span class='ocrx_word' id='word_1_27' title='bbox 255 540 404 608; x_wconf 68' lang='lat' dir='ltr'><strong>Juda</strong></span> <span class='ocrx_word' id='word_1_28' title='bbox 431 549 490 595; x_wconf 86' lang='lat' dir='ltr'><strong>et</strong></span> <span class='ocrx_word' id='word_1_29' title='bbox 508 538 798 609; x_wconf 51' lang='lat' dir='ltr'><strong>.Benjamin</strong></span> <span class='ocrx_word' id='word_1_30' title='bbox 837 540 894 596; x_wconf 93' lang='lat' dir='ltr'><strong>in</strong></span> <span class='ocrx_word' id='word_1_31' title='bbox 923 541 1104 612; x_wconf 89' lang='lat' dir='ltr'><strong>phano</strong></span> <span class='ocrx_word' id='word_1_32' title='bbox 1140 539 1320 596; x_wconf 88' lang='lat' dir='ltr'><strong>Baalis</strong></span> <span class='ocrx_word' id='word_1_33' title='bbox 1351 548 1409 596; x_wconf 89' lang='lat' dir='ltr'><strong>et</strong></span> <span class='ocrx_word' id='word_1_34' title='bbox 1443 538 1613 594; x_wconf 82' lang='lat' dir='ltr'><strong>Moloc</strong></span> <span class='ocrx_word' id='word_1_35' title='bbox 1645 538 1841 593; x_wconf 70' lang='lat' dir='ltr'><strong>daemo-</strong></span> 
     </span>
    </p>
   </div>
   <div class='ocr_carea' id='block_1_4' title="bbox 265 629 1844 700">
    <p class='ocr_par' dir='ltr' id='par_1_4' title="bbox 265 629 1844 700">
     <span class='ocr_line' id='line_1_4' title="bbox 265 629 1844 700; baseline -0.003 -9"><span class='ocrx_word' id='word_1_36' title='bbox 265 649 398 691; x_wconf 85' lang='lat' dir='ltr'><strong>num</strong></span> <span class='ocrx_word' id='word_1_37' title='bbox 434 631 722 689; x_wconf 85' lang='lat' dir='ltr'><strong>simulacra</strong></span> <span class='ocrx_word' id='word_1_38' title='bbox 745 632 1170 700; x_wconf 77' lang='lat' dir='ltr'><strong>venerabantur;</strong></span> <span class='ocrx_word' id='word_1_39' title='bbox 1197 631 1396 688; x_wconf 77' lang='lat' dir='ltr'><strong>vitulos</strong></span> <span class='ocrx_word' id='word_1_40' title='bbox 1414 645 1608 687; x_wconf 88' lang='lat' dir='ltr'><strong>aureos</strong></span> <span class='ocrx_word' id='word_1_41' title='bbox 1634 631 1690 685; x_wconf 92' lang='lat' dir='ltr'><strong>in</strong></span> <span class='ocrx_word' id='word_1_42' title='bbox 1727 629 1844 686; x_wconf 88' lang='lat' dir='ltr'><strong>Dan</strong></span> 
     </span>
    </p>
   </div>
   <div class='ocr_carea' id='block_1_5' title="bbox 249 723 1845 797">
    <p class='ocr_par' dir='ltr' id='par_1_5' title="bbox 249 723 1845 797">
     <span class='ocr_line' id='line_1_5' title="bbox 249 723 1845 797; baseline -0.003 -11"><span class='ocrx_word' id='word_1_43' title='bbox 249 736 325 786; x_wconf 71' lang='grc' dir='ltr'><strong>,οι</strong></span> <span class='ocrx_word' id='word_1_44' title='bbox 344 727 402 784; x_wconf 89' lang='lat' dir='ltr'><strong>iu</strong></span> <span class='ocrx_word' id='word_1_45' title='bbox 435 724 626 782; x_wconf 86' lang='lat' dir='ltr'><strong>Betth</strong></span> <span class='ocrx_word' id='word_1_46' title='bbox 649 726 836 783; x_wconf 89' lang='lat' dir='ltr'><strong>decem</strong></span> <span class='ocrx_word' id='word_1_47' title='bbox 864 726 1132 793; x_wconf 73' lang='lat' dir='ltr'><strong>tribubus,</strong></span> <span class='ocrx_word' id='word_1_48' title='bbox 1162 726 1309 797; x_wconf 89' lang='lat' dir='ltr'><strong>quod</strong></span> <span class='ocrx_word' id='word_1_49' title='bbox 1349 735 1462 783; x_wconf 90' lang='lat' dir='ltr'><strong>tam</strong></span> <span class='ocrx_word' id='word_1_50' title='bbox 1507 723 1845 782; x_wconf 84' lang='lat' dir='ltr'><strong>exsecrabile</strong></span> 
     </span>
    </p>
   </div>
   <div class='ocr_carea' id='block_1_6' title="bbox 249 817 1700 890">
    <p class='ocr_par' dir='ltr' id='par_1_6' title="bbox 249 817 1700 890">
     <span class='ocr_line' id='line_1_6' title="bbox 249 817 1700 890; baseline -0.002 -16"><span class='ocrx_word' id='word_1_51' title='bbox 249 827 373 885; x_wconf 54' lang='lat' dir='ltr'><strong>ast,</strong></span> <span class='ocrx_word' id='word_1_52' title='bbox 399 818 748 874; x_wconf 72' lang='lat' dir='ltr'><strong>utDominus</strong></span> <span class='ocrx_word' id='word_1_53' title='bbox 769 833 1046 890; x_wconf 88' lang='lat' dir='ltr'><strong>nunquam</strong></span> <span class='ocrx_word' id='word_1_54' title='bbox 1069 832 1129 874; x_wconf 89' lang='lat' dir='ltr'><strong>se</strong></span> <span class='ocrx_word' id='word_1_55' title='bbox 1153 817 1422 889; x_wconf 88' lang='lat' dir='ltr'><strong>cogitasse</strong></span> <span class='ocrx_word' id='word_1_56' title='bbox 1451 824 1700 874; x_wconf 88' lang='lat' dir='ltr'><strong>testetur.</strong></span> 
     </span>
    </p>
   </div>
   <div class='ocr_carea' id='block_1_7' title="bbox 339 907 1847 982">
    <p class='ocr_par' dir='ltr' id='par_1_7' title="bbox 339 907 1847 982">
     <span class='ocr_line' id='line_1_7' title="bbox 339 907 1847 982; baseline 0 -17"><span class='ocrx_word' id='word_1_57' title='bbox 339 909 412 966; x_wconf 84' lang='lat' dir='ltr'><strong>In</strong></span> <span class='ocrx_word' id='word_1_58' title='bbox 454 909 588 965; x_wconf 77' lang='lat' dir='ltr'><strong>valle</strong></span> <span class='ocrx_word' id='word_1_59' title='bbox 619 910 720 980; x_wconf 79' lang='lat' dir='ltr'><strong>ﬁlii</strong></span> <span class='ocrx_word' id='word_1_60' title='bbox 759 907 972 964; x_wconf 80' lang='lat' dir='ltr'><strong>Ennon.</strong></span> <span class='ocrx_word' id='word_1_61' title='bbox 1005 907 1211 982; x_wconf 72' lang='grc' dir='ltr'><strong>(Ηιειι.)</strong></span> <span class='ocrx_word' id='word_1_62' title='bbox 1251 908 1384 976; x_wconf 67' lang='lat' dir='ltr'><strong>Quae</strong></span> <span class='ocrx_word' id='word_1_63' title='bbox 1435 908 1580 965; x_wconf 93' lang='lat' dir='ltr'><strong>Siloe</strong></span> <span class='ocrx_word' id='word_1_64' title='bbox 1610 908 1847 965; x_wconf 79' lang='lat' dir='ltr'><strong>fontibus</strong></span> 
     </span>
    </p>
   </div>
   <div class='ocr_carea' id='block_1_8' title="bbox 269 999 1939 1071">
    <p class='ocr_par' dir='ltr' id='par_1_8' title="bbox 269 999 1939 1071">
     <span class='ocr_line' id='line_1_8' title="bbox 269 999 1939 1071; baseline -0.001 -14"><span class='ocrx_word' id='word_1_65' title='bbox 269 999 516 1069; x_wconf 72' lang='lat' dir='ltr'><strong>subiacet</strong></span> <span class='ocrx_word' id='word_1_66' title='bbox 533 999 911 1057; x_wconf 70' lang='lat' dir='ltr'><strong>etammnitate</strong></span> <span class='ocrx_word' id='word_1_67' title='bbox 932 1015 1026 1056; x_wconf 88' lang='lat' dir='ltr'><strong>sua</strong></span> <span class='ocrx_word' id='word_1_68' title='bbox 1041 999 1295 1070; x_wconf 85' lang='lat' dir='ltr'><strong>populum</strong></span> <span class='ocrx_word' id='word_1_69' title='bbox 1316 1000 1385 1056; x_wconf 91' lang='lat' dir='ltr'><strong>ad</strong></span> <span class='ocrx_word' id='word_1_70' title='bbox 1419 999 1688 1056; x_wconf 88' lang='lat' dir='ltr'><strong>luxuriam</strong></span> <span class='ocrx_word' id='word_1_71' title='bbox 1717 1014 1845 1071; x_wconf 88' lang='lat' dir='ltr'><strong>pro-</strong></span> <span class='ocrx_word' id='word_1_72' title='bbox 1934 1022 1939 1033; x_wconf 54' lang='lat'><strong>&#39;-</strong></span> 
     </span>
    </p>
   </div>
   <div class='ocr_carea' id='block_1_9' title="bbox 267 1091 1494 1163">
    <p class='ocr_par' dir='ltr' id='par_1_9' title="bbox 267 1091 1494 1163">
     <span class='ocr_line' id='line_1_9' title="bbox 267 1091 1494 1163; baseline 0 -16"><span class='ocrx_word' id='word_1_73' title='bbox 267 1093 509 1158; x_wconf 81' lang='lat' dir='ltr'><strong>voeavit,</strong></span> <span class='ocrx_word' id='word_1_74' title='bbox 537 1107 699 1163; x_wconf 90' lang='lat' dir='ltr'><strong>quam</strong></span> <span class='ocrx_word' id='word_1_75' title='bbox 727 1092 971 1163; x_wconf 87' lang='lat' dir='ltr'><strong>sequitur</strong></span> <span class='ocrx_word' id='word_1_76' title='bbox 997 1091 1172 1148; x_wconf 88' lang='lat' dir='ltr'><strong>cultus</strong></span> <span class='ocrx_word' id='word_1_77' title='bbox 1208 1091 1494 1148; x_wconf 87' lang='lat' dir='ltr'><strong>idolorum.</strong></span> 
     </span>
    </p>
   </div>
   <div class='ocr_carea' id='block_1_10' title="bbox 342 1182 1849 1256">
    <p class='ocr_par' dir='ltr' id='par_1_10' title="bbox 342 1182 1849 1256">
     <span class='ocr_line' id='line_1_10' title="bbox 342 1182 1849 1256; baseline -0.005 -11"><span class='ocrx_word' id='word_1_78' title='bbox 342 1184 511 1245; x_wconf 68' lang='lat' dir='ltr'><strong>Vens.</strong></span> <span class='ocrx_word' id='word_1_79' title='bbox 552 1183 644 1240; x_wconf 77' lang='lat'><strong>57.</strong></span> <span class='ocrx_word' id='word_1_80' title='bbox 682 1215 756 1226; x_wconf 92' lang='lat'><strong>-—</strong></span> <span class='ocrx_word' id='word_1_81' title='bbox 781 1183 918 1239; x_wconf 85' lang='lat' dir='ltr'><strong>Ecce</strong></span> <span class='ocrx_word' id='word_1_82' title='bbox 963 1199 1054 1256; x_wconf 85' lang='lat' dir='ltr'><strong>ego</strong></span> <span class='ocrx_word' id='word_1_83' title='bbox 1081 1183 1427 1255; x_wconf 82' lang='lat' dir='ltr'><strong>congregabo.</strong></span> <span class='ocrx_word' id='word_1_84' title='bbox 1462 1182 1614 1239; x_wconf 83' lang='lat' dir='ltr'><strong>Multi</strong></span> <span class='ocrx_word' id='word_1_85' title='bbox 1656 1191 1849 1254; x_wconf 85' lang='lat' dir='ltr'><strong>putant</strong></span> 
     </span>
    </p>
   </div>
   <div class='ocr_carea' id='block_1_11' title="bbox 270 1275 1848 1348">
    <p class='ocr_par' dir='ltr' id='par_1_11' title="bbox 270 1275 1848 1348">
     <span class='ocr_line' id='line_1_11' title="bbox 270 1275 1848 1348; baseline 0.001 -15"><span class='ocrx_word' id='word_1_86' title='bbox 270 1277 375 1334; x_wconf 84' lang='lat' dir='ltr'><strong>hoc</strong></span> <span class='ocrx_word' id='word_1_87' title='bbox 402 1277 457 1333; x_wconf 89' lang='lat' dir='ltr'><strong>in</strong></span> <span class='ocrx_word' id='word_1_88' title='bbox 495 1285 737 1348; x_wconf 90' lang='lat' dir='ltr'><strong>tempore</strong></span> <span class='ocrx_word' id='word_1_89' title='bbox 765 1275 1080 1341; x_wconf 87' lang='lat' dir='ltr'><strong>Zorobabel,</strong></span> <span class='ocrx_word' id='word_1_90' title='bbox 1123 1285 1252 1342; x_wconf 91' lang='lat' dir='ltr'><strong>etc.,</strong></span> <span class='ocrx_word' id='word_1_91' title='bbox 1282 1293 1442 1347; x_wconf 86' lang='lat' dir='ltr'><strong>usque</strong></span> <span class='ocrx_word' id='word_1_92' title='bbox 1476 1277 1544 1332; x_wconf 90' lang='lat' dir='ltr'><strong>ad</strong></span> <span class='ocrx_word' id='word_1_93' title='bbox 1573 1287 1630 1340; x_wconf 82' lang='lat' dir='ltr'><strong>et</strong></span> <span class='ocrx_word' id='word_1_94' title='bbox 1654 1277 1848 1334; x_wconf 90' lang='lat' dir='ltr'><strong>electio</strong></span> 
     </span>
    </p>
   </div>
   <div class='ocr_carea' id='block_1_12' title="bbox 271 1366 911 1439">
    <p class='ocr_par' dir='ltr' id='par_1_12' title="bbox 271 1366 911 1439">
     <span class='ocr_line' id='line_1_12' title="bbox 271 1366 911 1439; baseline -0.003 -15"><span class='ocrx_word' id='word_1_95' title='bbox 271 1367 624 1439; x_wconf 75' lang='lat' dir='ltr'><strong>reliquiarum</strong></span> <span class='ocrx_word' id='word_1_96' title='bbox 654 1366 911 1424; x_wconf 85' lang='lat' dir='ltr'><strong>salvatur.</strong></span> 
     </span>
    </p>
   </div>
   <div class='ocr_carea' id='block_1_13' title="bbox 344 1460 1851 1529">
    <p class='ocr_par' dir='ltr' id='par_1_13' title="bbox 344 1460 1851 1529">
     <span class='ocr_line' id='line_1_13' title="bbox 344 1460 1851 1529; baseline 0.002 -14"><span class='ocrx_word' id='word_1_97' title='bbox 344 1461 414 1516; x_wconf 87' lang='lat' dir='ltr'><strong>Et</strong></span> <span class='ocrx_word' id='word_1_98' title='bbox 449 1461 696 1516; x_wconf 83' lang='lat' dir='ltr'><strong>reducam</strong></span> <span class='ocrx_word' id='word_1_99' title='bbox 715 1477 804 1516; x_wconf 86' lang='lat' dir='ltr'><strong>eos</strong></span> <span class='ocrx_word' id='word_1_100' title='bbox 830 1462 898 1516; x_wconf 94' lang='lat' dir='ltr'><strong>ad</strong></span> <span class='ocrx_word' id='word_1_101' title='bbox 923 1460 1094 1518; x_wconf 86' lang='lat' dir='ltr'><strong>locum</strong></span> <span class='ocrx_word' id='word_1_102' title='bbox 1119 1463 1299 1529; x_wconf 87' lang='lat' dir='ltr'><strong>istum,</strong></span> <span class='ocrx_word' id='word_1_103' title='bbox 1330 1470 1379 1518; x_wconf 90' lang='lat' dir='ltr'><strong>et</strong></span> <span class='ocrx_word' id='word_1_104' title='bbox 1410 1462 1667 1517; x_wconf 79' lang='lat' dir='ltr'><strong>habitare.</strong></span> <span class='ocrx_word' id='word_1_105' title='bbox 1697 1460 1851 1518; x_wconf 85' lang='lat' dir='ltr'><strong>Sicut</strong></span> 
     </span>
    </p>
   </div>
   <div class='ocr_carea' id='block_1_14' title="bbox 273 1550 1850 1623">
    <p class='ocr_par' dir='ltr' id='par_1_14' title="bbox 273 1550 1850 1623">
     <span class='ocr_line' id='line_1_14' title="bbox 273 1550 1850 1623; baseline 0.002 -18"><span class='ocrx_word' id='word_1_106' title='bbox 273 1551 616 1621; x_wconf 83' lang='lat' dir='ltr'><strong>sperantibus</strong></span> <span class='ocrx_word' id='word_1_107' title='bbox 661 1550 920 1606; x_wconf 78' lang='lat' dir='ltr'><strong>auxilium</strong></span> <span class='ocrx_word' id='word_1_108' title='bbox 943 1593 958 1618; x_wconf 96' lang='lat'><strong>,</strong></span> <span class='ocrx_word' id='word_1_109' title='bbox 984 1561 1114 1616; x_wconf 89' lang='lat' dir='ltr'><strong>etc.,</strong></span> <span class='ocrx_word' id='word_1_110' title='bbox 1145 1569 1309 1623; x_wconf 85' lang='lat' dir='ltr'><strong>usque</strong></span> <span class='ocrx_word' id='word_1_111' title='bbox 1340 1553 1408 1607; x_wconf 88' lang='lat' dir='ltr'><strong>ad</strong></span> <span class='ocrx_word' id='word_1_112' title='bbox 1457 1561 1514 1608; x_wconf 88' lang='lat' dir='ltr'><strong>et</strong></span> <span class='ocrx_word' id='word_1_113' title='bbox 1545 1552 1850 1623; x_wconf 87' lang='lat' dir='ltr'><strong>desperatio</strong></span> 
     </span>
    </p>
   </div>
   <div class='ocr_carea' id='block_1_15' title="bbox 275 1643 1475 1714">
    <p class='ocr_par' dir='ltr' id='par_1_15' title="bbox 275 1643 1475 1714">
     <span class='ocr_line' id='line_1_15' title="bbox 275 1643 1475 1714; baseline 0 -16"><span class='ocrx_word' id='word_1_114' title='bbox 275 1652 435 1714; x_wconf 84' lang='lat' dir='ltr'><strong>atque</strong></span> <span class='ocrx_word' id='word_1_115' title='bbox 462 1643 740 1699; x_wconf 85' lang='lat' dir='ltr'><strong>humilitas</strong></span> <span class='ocrx_word' id='word_1_116' title='bbox 768 1643 864 1698; x_wconf 89' lang='lat' dir='ltr'><strong>Dei</strong></span> <span class='ocrx_word' id='word_1_117' title='bbox 887 1654 1164 1699; x_wconf 86' lang='lat' dir='ltr'><strong>mereatur</strong></span> <span class='ocrx_word' id='word_1_118' title='bbox 1191 1643 1475 1699; x_wconf 86' lang='lat' dir='ltr'><strong>auxilium.</strong></span> 
     </span>
    </p>
   </div>
   <div class='ocr_carea' id='block_1_16' title="bbox 346 1732 1846 1806">
    <p class='ocr_par' dir='ltr' id='par_1_16' title="bbox 346 1732 1846 1806">
     <span class='ocr_line' id='line_1_16' title="bbox 346 1732 1846 1806; baseline 0 -17"><span class='ocrx_word' id='word_1_119' title='bbox 346 1732 512 1790; x_wconf 69' lang='lat' dir='ltr'><strong>Vens.</strong></span> <span class='ocrx_word' id='word_1_120' title='bbox 564 1733 653 1790; x_wconf 78' lang='grc'><strong>58.</strong></span> <span class='ocrx_word' id='word_1_121' title='bbox 676 1763 750 1777; x_wconf 92' lang='grc'><strong><em>-</em></strong></span> <span class='ocrx_word' id='word_1_122' title='bbox 783 1732 956 1789; x_wconf 86' lang='lat' dir='ltr'><strong>Erunt</strong></span> <span class='ocrx_word' id='word_1_123' title='bbox 983 1735 1110 1790; x_wconf 79' lang='lat' dir='ltr'><strong>mihi</strong></span> <span class='ocrx_word' id='word_1_124' title='bbox 1137 1735 1190 1790; x_wconf 87' lang='lat' dir='ltr'><strong>in</strong></span> <span class='ocrx_word' id='word_1_125' title='bbox 1221 1734 1492 1806; x_wconf 84' lang='lat' dir='ltr'><strong>populum,</strong></span> <span class='ocrx_word' id='word_1_126' title='bbox 1523 1742 1572 1789; x_wconf 90' lang='lat' dir='ltr'><strong>et</strong></span> <span class='ocrx_word' id='word_1_127' title='bbox 1601 1751 1715 1805; x_wconf 81' lang='lat' dir='ltr'><strong>ego,</strong></span> <span class='ocrx_word' id='word_1_128' title='bbox 1738 1743 1846 1791; x_wconf 85' lang='lat' dir='ltr'><strong>etc.</strong></span> 
     </span>
    </p>
   </div>
   <div class='ocr_carea' id='block_1_17' title="bbox 273 1812 1926 1900">
    <p class='ocr_par' dir='ltr' id='par_1_17' title="bbox 273 1812 1926 1900">
     <span class='ocr_line' id='line_1_17' title="bbox 273 1812 1926 1900; baseline -0.002 -19"><span class='ocrx_word' id='word_1_129' title='bbox 273 1825 548 1883; x_wconf 84' lang='lat' dir='ltr'><strong>Tristibus</strong></span> <span class='ocrx_word' id='word_1_130' title='bbox 575 1824 697 1882; x_wconf 68' lang='lat' dir='ltr'><strong>laeta</strong></span> <span class='ocrx_word' id='word_1_131' title='bbox 746 1826 1043 1898; x_wconf 70' lang='lat' dir='ltr'><strong>subiungit,</strong></span> <span class='ocrx_word' id='word_1_132' title='bbox 1071 1835 1124 1882; x_wconf 88' lang='lat' dir='ltr'><strong>et</strong></span> <span class='ocrx_word' id='word_1_133' title='bbox 1168 1828 1398 1896; x_wconf 87' lang='lat' dir='ltr'><strong>captivis</strong></span> <span class='ocrx_word' id='word_1_134' title='bbox 1440 1827 1672 1883; x_wconf 89' lang='lat' dir='ltr'><strong>reditum</strong></span> <span class='ocrx_word' id='word_1_135' title='bbox 1718 1842 1850 1900; x_wconf 88' lang='lat' dir='ltr'><strong>pro-</strong></span> <span class='ocrx_word' id='word_1_136' title='bbox 1877 1812 1926 1877; x_wconf 88' lang='grc' dir='ltr'><strong>Β</strong></span> 
     </span>
    </p>
   </div>
   <div class='ocr_carea' id='block_1_18' title="bbox 274 1916 1853 1989">
    <p class='ocr_par' dir='ltr' id='par_1_18' title="bbox 274 1916 1853 1989">
     <span class='ocr_line' id='line_1_18' title="bbox 274 1916 1853 1989; baseline 0.003 -17"><span class='ocrx_word' id='word_1_137' title='bbox 274 1917 480 1984; x_wconf 80' lang='lat' dir='ltr'><strong>mittit;</strong></span> <span class='ocrx_word' id='word_1_138' title='bbox 514 1916 605 1974; x_wconf 85' lang='lat' dir='ltr'><strong>sed</strong></span> <span class='ocrx_word' id='word_1_139' title='bbox 633 1917 866 1988; x_wconf 88' lang='lat' dir='ltr'><strong>primum</strong></span> <span class='ocrx_word' id='word_1_140' title='bbox 897 1917 1134 1974; x_wconf 82' lang='lat' dir='ltr'><strong>ostendit</strong></span> <span class='ocrx_word' id='word_1_141' title='bbox 1155 1933 1374 1974; x_wconf 85' lang='lat' dir='ltr'><strong>causam</strong></span> <span class='ocrx_word' id='word_1_142' title='bbox 1403 1917 1623 1975; x_wconf 77' lang='lat' dir='ltr'><strong>oll‘ensa:</strong></span> <span class='ocrx_word' id='word_1_143' title='bbox 1649 1929 1704 1975; x_wconf 90' lang='lat' dir='ltr'><strong>et</strong></span> <span class='ocrx_word' id='word_1_144' title='bbox 1721 1919 1853 1989; x_wconf 88' lang='lat' dir='ltr'><strong>justi</strong></span> 
     </span>
    </p>
   </div>
   <div class='ocr_carea' id='block_1_19' title="bbox 271 2008 1855 2084">
    <p class='ocr_par' dir='ltr' id='par_1_19' title="bbox 271 2008 1855 2084">
     <span class='ocr_line' id='line_1_19' title="bbox 271 2008 1855 2084; baseline 0.004 -20"><span class='ocrx_word' id='word_1_145' title='bbox 271 2008 508 2076; x_wconf 70' lang='lat' dir='ltr'><strong>furoris;</strong></span> <span class='ocrx_word' id='word_1_146' title='bbox 556 2018 610 2066; x_wconf 90' lang='lat' dir='ltr'><strong>et</strong></span> <span class='ocrx_word' id='word_1_147' title='bbox 640 2018 842 2080; x_wconf 90' lang='lat' dir='ltr'><strong>quanto</strong></span> <span class='ocrx_word' id='word_1_148' title='bbox 868 2011 1042 2083; x_wconf 87' lang='lat' dir='ltr'><strong>major</strong></span> <span class='ocrx_word' id='word_1_149' title='bbox 1070 2009 1248 2082; x_wconf 85' lang='lat' dir='ltr'><strong>culpa,</strong></span> <span class='ocrx_word' id='word_1_150' title='bbox 1277 2019 1426 2068; x_wconf 90' lang='lat' dir='ltr'><strong>tanto</strong></span> <span class='ocrx_word' id='word_1_151' title='bbox 1451 2012 1507 2068; x_wconf 89' lang='lat' dir='ltr'><strong>in</strong></span> <span class='ocrx_word' id='word_1_152' title='bbox 1541 2023 1855 2084; x_wconf 88' lang='lat' dir='ltr'><strong>peccatores</strong></span> 
     </span>
    </p>
   </div>
   <div class='ocr_carea' id='block_1_20' title="bbox 277 2105 844 2175">
    <p class='ocr_par' dir='ltr' id='par_1_20' title="bbox 277 2105 844 2175">
     <span class='ocr_line' id='line_1_20' title="bbox 277 2105 844 2175; baseline 0.002 -15"><span class='ocrx_word' id='word_1_153' title='bbox 277 2105 510 2175; x_wconf 82' lang='lat' dir='ltr'><strong>amplior</strong></span> <span class='ocrx_word' id='word_1_154' title='bbox 536 2105 844 2163; x_wconf 89' lang='lat' dir='ltr'><strong>clementia.</strong></span> 
     </span>
    </p>
   </div>
   <div class='ocr_carea' id='block_1_21' title="bbox 319 2197 1858 2274">
    <p class='ocr_par' dir='ltr' id='par_1_21' title="bbox 319 2197 1858 2274">
     <span class='ocr_line' id='line_1_21' title="bbox 319 2197 1858 2274; baseline 0.001 -20"><span class='ocrx_word' id='word_1_155' title='bbox 319 2247 324 2254; x_wconf 90' lang='lat'><strong>.</strong></span> <span class='ocrx_word' id='word_1_156' title='bbox 349 2197 517 2256; x_wconf 72' lang='lat' dir='ltr'><strong>Vens.</strong></span> <span class='ocrx_word' id='word_1_157' title='bbox 569 2198 661 2256; x_wconf 78' lang='lat'><strong>39.</strong></span> <span class='ocrx_word' id='word_1_158' title='bbox 690 2229 763 2241; x_wconf 93' lang='lat'><strong>—</strong></span> <span class='ocrx_word' id='word_1_159' title='bbox 783 2198 853 2254; x_wconf 83' lang='lat' dir='ltr'><strong>Et</strong></span> <span class='ocrx_word' id='word_1_160' title='bbox 883 2199 1016 2255; x_wconf 83' lang='lat' dir='ltr'><strong>dabo</strong></span> <span class='ocrx_word' id='word_1_161' title='bbox 1043 2201 1139 2256; x_wconf 89' lang='lat' dir='ltr'><strong>eis.</strong></span> <span class='ocrx_word' id='word_1_162' title='bbox 1170 2198 1373 2274; x_wconf 59' lang='lat' dir='ltr'><strong>(Cass)</strong></span> <span class='ocrx_word' id='word_1_163' title='bbox 1423 2198 1708 2256; x_wconf 85' lang='lat' dir='ltr'><strong>Manifeste</strong></span> <span class='ocrx_word' id='word_1_164' title='bbox 1734 2215 1858 2271; x_wconf 90' lang='lat' dir='ltr'><strong>pro-</strong></span> 
     </span>
    </p>
   </div>
   <div class='ocr_carea' id='block_1_22' title="bbox 279 2291 1860 2364">
    <p class='ocr_par' dir='ltr' id='par_1_22' title="bbox 279 2291 1860 2364">
     <span class='ocr_line' id='line_1_22' title="bbox 279 2291 1860 2364; baseline 0.001 -16"><span class='ocrx_word' id='word_1_165' title='bbox 279 2292 360 2348; x_wconf 87' lang='lat' dir='ltr'><strong>dit</strong></span> <span class='ocrx_word' id='word_1_166' title='bbox 377 2292 592 2348; x_wconf 89' lang='lat' dir='ltr'><strong>initium</strong></span> <span class='ocrx_word' id='word_1_167' title='bbox 621 2293 802 2360; x_wconf 88' lang='lat' dir='ltr'><strong>nobis,</strong></span> <span class='ocrx_word' id='word_1_168' title='bbox 837 2301 968 2359; x_wconf 90' lang='lat' dir='ltr'><strong>etc.,</strong></span> <span class='ocrx_word' id='word_1_169' title='bbox 993 2309 1154 2364; x_wconf 84' lang='lat' dir='ltr'><strong>usque</strong></span> <span class='ocrx_word' id='word_1_170' title='bbox 1180 2293 1247 2347; x_wconf 89' lang='lat' dir='ltr'><strong>ad</strong></span> <span class='ocrx_word' id='word_1_171' title='bbox 1270 2302 1324 2348; x_wconf 89' lang='lat' dir='ltr'><strong>et</strong></span> <span class='ocrx_word' id='word_1_172' title='bbox 1341 2307 1438 2363; x_wconf 89' lang='lat' dir='ltr'><strong>per</strong></span> <span class='ocrx_word' id='word_1_173' title='bbox 1464 2291 1567 2349; x_wconf 87' lang='lat' dir='ltr'><strong>hoc</strong></span> <span class='ocrx_word' id='word_1_174' title='bbox 1579 2291 1664 2348; x_wconf 86' lang='lat' dir='ltr'><strong>vel</strong></span> <span class='ocrx_word' id='word_1_175' title='bbox 1676 2306 1860 2349; x_wconf 88' lang='lat' dir='ltr'><strong>remu-</strong></span> 
     </span>
    </p>
   </div>
   <div class='ocr_carea' id='block_1_23' title="bbox 276 2386 1395 2458">
    <p class='ocr_par' dir='ltr' id='par_1_23' title="bbox 276 2386 1395 2458">
     <span class='ocr_line' id='line_1_23' title="bbox 276 2386 1395 2458; baseline -0.004 -14"><span class='ocrx_word' id='word_1_176' title='bbox 276 2388 640 2453; x_wconf 78' lang='lat' dir='ltr'><strong>neratiouem,</strong></span> <span class='ocrx_word' id='word_1_177' title='bbox 664 2386 750 2443; x_wconf 88' lang='lat' dir='ltr'><strong>vel</strong></span> <span class='ocrx_word' id='word_1_178' title='bbox 778 2386 1039 2458; x_wconf 89' lang='lat' dir='ltr'><strong>supplicia</strong></span> <span class='ocrx_word' id='word_1_179' title='bbox 1076 2386 1395 2458; x_wconf 89' lang='lat' dir='ltr'><strong>promeriri.</strong></span> 
     </span>
    </p>
   </div>
   <div class='ocr_carea' id='block_1_24' title="bbox 351 2477 1860 2535">
    <p class='ocr_par' dir='ltr' id='par_1_24' title="bbox 351 2477 1860 2535">
     <span class='ocr_line' id='line_1_24' title="bbox 351 2477 1860 2535; baseline -0.003 0"><span class='ocrx_word' id='word_1_180' title='bbox 351 2479 516 2535; x_wconf 73' lang='lat' dir='ltr'><strong>Vsus.</strong></span> <span class='ocrx_word' id='word_1_181' title='bbox 551 2477 640 2534; x_wconf 69' lang='grc'><strong>40.</strong></span> <span class='ocrx_word' id='word_1_182' title='bbox 669 2507 740 2520; x_wconf 89' lang='lat'><strong><em>-—</em></strong></span> <span class='ocrx_word' id='word_1_183' title='bbox 768 2479 838 2533; x_wconf 85' lang='lat' dir='ltr'><strong>Et</strong></span> <span class='ocrx_word' id='word_1_184' title='bbox 865 2479 1101 2533; x_wconf 78' lang='lat' dir='ltr'><strong>timorem</strong></span> <span class='ocrx_word' id='word_1_185' title='bbox 1134 2495 1306 2532; x_wconf 88' lang='lat' dir='ltr'><strong>meum</strong></span> <span class='ocrx_word' id='word_1_186' title='bbox 1346 2477 1482 2532; x_wconf 87' lang='lat' dir='ltr'><strong>dabo</strong></span> <span class='ocrx_word' id='word_1_187' title='bbox 1507 2479 1562 2532; x_wconf 84' lang='lat' dir='ltr'><strong>in</strong></span> <span class='ocrx_word' id='word_1_188' title='bbox 1585 2477 1742 2532; x_wconf 89' lang='lat' dir='ltr'><strong>corde</strong></span> <span class='ocrx_word' id='word_1_189' title='bbox 1771 2493 1860 2532; x_wconf 90' lang='lat' dir='ltr'><strong>eo-</strong></span> 
     </span>
    </p>
   </div>
   <div class='ocr_carea' id='block_1_25' title="bbox 277 2569 1860 2643">
    <p class='ocr_par' dir='ltr' id='par_1_25' title="bbox 277 2569 1860 2643">
     <span class='ocr_line' id='line_1_25' title="bbox 277 2569 1860 2643; baseline 0 -17"><span class='ocrx_word' id='word_1_190' title='bbox 277 2588 418 2626; x_wconf 82' lang='lat' dir='ltr'><strong>rum.</strong></span> <span class='ocrx_word' id='word_1_191' title='bbox 452 2570 573 2643; x_wconf 84' lang='lat' dir='ltr'><strong>(lo.)</strong></span> <span class='ocrx_word' id='word_1_192' title='bbox 610 2570 702 2626; x_wconf 89' lang='lat' dir='ltr'><strong>Sic</strong></span> <span class='ocrx_word' id='word_1_193' title='bbox 723 2571 954 2626; x_wconf 90' lang='lat' dir='ltr'><strong>liberum</strong></span> <span class='ocrx_word' id='word_1_194' title='bbox 982 2570 1147 2625; x_wconf 91' lang='lat' dir='ltr'><strong>donat</strong></span> <span class='ocrx_word' id='word_1_195' title='bbox 1173 2569 1480 2637; x_wconf 83' lang='lat' dir='ltr'><strong>arbitrium,</strong></span> <span class='ocrx_word' id='word_1_196' title='bbox 1502 2569 1742 2626; x_wconf 90' lang='lat' dir='ltr'><strong>uttimor</strong></span> <span class='ocrx_word' id='word_1_197' title='bbox 1768 2570 1860 2640; x_wconf 88' lang='lat' dir='ltr'><strong>qui</strong></span> 
     </span>
    </p>
   </div>
   <div class='ocr_carea' id='block_1_26' title="bbox 272 2661 1289 2734">
    <p class='ocr_par' dir='ltr' id='par_1_26' title="bbox 272 2661 1289 2734">
     <span class='ocr_line' id='line_1_26' title="bbox 272 2661 1289 2734; baseline -0.002 -16"><span class='ocrx_word' id='word_1_198' title='bbox 272 2662 538 2718; x_wconf 72' lang='lat' dir='ltr'><strong>tribuitur</strong></span> <span class='ocrx_word' id='word_1_199' title='bbox 566 2678 634 2718; x_wconf 88' lang='lat' dir='ltr'><strong>ex</strong></span> <span class='ocrx_word' id='word_1_200' title='bbox 659 2663 831 2734; x_wconf 89' lang='lat' dir='ltr'><strong>gratia</strong></span> <span class='ocrx_word' id='word_1_201' title='bbox 861 2662 932 2717; x_wconf 89' lang='lat' dir='ltr'><strong>sit</strong></span> <span class='ocrx_word' id='word_1_202' title='bbox 960 2661 1254 2731; x_wconf 86' lang='lat' dir='ltr'><strong>largitoris.</strong></span> <span class='ocrx_word' id='word_1_203' title='bbox 1283 2678 1289 2685; x_wconf 80' lang='lat'><strong><em>&#39;</em></strong></span> 
     </span>
    </p>
   </div>
   <div class='ocr_carea' id='block_1_27' title="bbox 355 2741 1852 2822">
    <p class='ocr_par' dir='ltr' id='par_1_27' title="bbox 355 2741 1852 2822">
     <span class='ocr_line' id='line_1_27' title="bbox 355 2741 1852 2822; baseline -0.001 -11"><span class='ocrx_word' id='word_1_204' title='bbox 355 2756 520 2811; x_wconf 68' lang='lat' dir='ltr'><strong>Vens.</strong></span> <span class='ocrx_word' id='word_1_205' title='bbox 557 2755 646 2811; x_wconf 67' lang='lat' dir='ltr'><strong>ﬂ.</strong></span> <span class='ocrx_word' id='word_1_206' title='bbox 673 2785 746 2797; x_wconf 90' lang='lat'><strong>-</strong></span> <span class='ocrx_word' id='word_1_207' title='bbox 768 2741 836 2810; x_wconf 83' lang='grc' dir='ltr'><strong>Ῐη</strong></span> <span class='ocrx_word' id='word_1_208' title='bbox 863 2765 968 2809; x_wconf 91' lang='lat' dir='ltr'><strong>toto</strong></span> <span class='ocrx_word' id='word_1_209' title='bbox 995 2755 1150 2810; x_wconf 89' lang='lat' dir='ltr'><strong>corde</strong></span> <span class='ocrx_word' id='word_1_210' title='bbox 1190 2771 1328 2822; x_wconf 88' lang='lat' dir='ltr'><strong>meo,</strong></span> <span class='ocrx_word' id='word_1_211' title='bbox 1357 2762 1406 2810; x_wconf 90' lang='lat' dir='ltr'><strong>et</strong></span> <span class='ocrx_word' id='word_1_212' title='bbox 1429 2755 1486 2809; x_wconf 87' lang='lat' dir='ltr'><strong>in</strong></span> <span class='ocrx_word' id='word_1_213' title='bbox 1517 2763 1626 2808; x_wconf 91' lang='lat' dir='ltr'><strong>tota</strong></span> <span class='ocrx_word' id='word_1_214' title='bbox 1671 2756 1852 2809; x_wconf 87' lang='lat' dir='ltr'><strong>anima</strong></span> 
     </span>
    </p>
   </div>
   <div class='ocr_carea' id='block_1_28' title="bbox 280 2843 1845 2916">
    <p class='ocr_par' dir='ltr' id='par_1_28' title="bbox 280 2843 1845 2916">
     <span class='ocr_line' id='line_1_28' title="bbox 280 2843 1845 2916; baseline 0 -16"><span class='ocrx_word' id='word_1_215' title='bbox 280 2861 420 2900; x_wconf 72' lang='lat' dir='ltr'><strong>mea.</strong></span> <span class='ocrx_word' id='word_1_216' title='bbox 451 2843 512 2901; x_wconf 90' lang='lat' dir='ltr'><strong>Si</strong></span> <span class='ocrx_word' id='word_1_217' title='bbox 539 2845 704 2901; x_wconf 86' lang='lat' dir='ltr'><strong>verba</strong></span> <span class='ocrx_word' id='word_1_218' title='bbox 730 2852 856 2901; x_wconf 86' lang='lat' dir='ltr'><strong>sunt</strong></span> <span class='ocrx_word' id='word_1_219' title='bbox 890 2844 1207 2911; x_wconf 75' lang='lat' dir='ltr'><strong>Salvator-is,</strong></span> <span class='ocrx_word' id='word_1_220' title='bbox 1227 2854 1360 2912; x_wconf 91' lang='lat' dir='ltr'><strong>etc.,</strong></span> <span class='ocrx_word' id='word_1_221' title='bbox 1392 2861 1555 2916; x_wconf 84' lang='lat' dir='ltr'><strong>usque</strong></span> <span class='ocrx_word' id='word_1_222' title='bbox 1585 2844 1654 2899; x_wconf 91' lang='lat' dir='ltr'><strong>ad</strong></span> <span class='ocrx_word' id='word_1_223' title='bbox 1699 2845 1845 2900; x_wconf 87' lang='lat' dir='ltr'><strong>sicut</strong></span> 
     </span>
    </p>
   </div>
   <div class='ocr_carea' id='block_1_29' title="bbox 280 2934 1576 3008">
    <p class='ocr_par' dir='ltr' id='par_1_29' title="bbox 280 2934 1576 3008">
     <span class='ocr_line' id='line_1_29' title="bbox 280 2934 1576 3008; baseline -0.001 -18"><span class='ocrx_word' id='word_1_224' title='bbox 280 2934 414 2992; x_wconf 77' lang='lat' dir='ltr'><strong>illud</strong></span> <span class='ocrx_word' id='word_1_225' title='bbox 437 2936 772 3006; x_wconf 75' lang='lat' dir='ltr'><strong>:{estim&#39;tates</strong></span> <span class='ocrx_word' id='word_1_226' title='bbox 796 2947 990 2992; x_wconf 81' lang='lat' dir='ltr'><strong>uestras</strong></span> <span class='ocrx_word' id='word_1_227' title='bbox 1015 2937 1102 2991; x_wconf 92' lang='lat' dir='ltr'><strong>odi</strong></span> <span class='ocrx_word' id='word_1_228' title='bbox 1133 2936 1332 3008; x_wconf 84' lang='lat' dir='ltr'><strong>(Amos.</strong></span> <span class='ocrx_word' id='word_1_229' title='bbox 1367 2935 1446 3007; x_wconf 89' lang='lat' dir='ltr'><strong>v),</strong></span> <span class='ocrx_word' id='word_1_230' title='bbox 1469 2945 1576 2992; x_wconf 89' lang='lat' dir='ltr'><strong>etc.</strong></span> 
     </span>
    </p>
   </div>
   <div class='ocr_carea' id='block_1_30' title="bbox 357 3024 1858 3095">
    <p class='ocr_par' dir='ltr' id='par_1_30' title="bbox 357 3024 1858 3095">
     <span class='ocr_line' id='line_1_30' title="bbox 357 3024 1858 3095; baseline 0.001 -15"><span class='ocrx_word' id='word_1_231' title='bbox 357 3025 501 3092; x_wconf 82' lang='lat' dir='ltr'><strong>Quia</strong></span> <span class='ocrx_word' id='word_1_232' title='bbox 528 3027 640 3082; x_wconf 66' lang='lat' dir='ltr'><strong>hac</strong></span> <span class='ocrx_word' id='word_1_233' title='bbox 663 3027 790 3082; x_wconf 81' lang='lat' dir='ltr'><strong>dicit</strong></span> <span class='ocrx_word' id='word_1_234' title='bbox 838 3027 1114 3093; x_wconf 84' lang='lat' dir='ltr'><strong>Dominus,</strong></span> <span class='ocrx_word' id='word_1_235' title='bbox 1140 3035 1244 3082; x_wconf 90' lang='lat' dir='ltr'><strong>etc.</strong></span> <span class='ocrx_word' id='word_1_236' title='bbox 1277 3025 1404 3081; x_wconf 62' lang='lat' dir='ltr'><strong>Haec</strong></span> <span class='ocrx_word' id='word_1_237' title='bbox 1422 3024 1575 3095; x_wconf 68' lang='lat' dir='ltr'><strong>juxta</strong></span> <span class='ocrx_word' id='word_1_238' title='bbox 1602 3025 1858 3093; x_wconf 81' lang='lat' dir='ltr'><strong>litteram,</strong></span> 
     </span>
    </p>
   </div>
   <div class='ocr_carea' id='block_1_31' title="bbox 280 3119 1862 3193">
    <p class='ocr_par' dir='ltr' id='par_1_31' title="bbox 280 3119 1862 3193">
     <span class='ocr_line' id='line_1_31' title="bbox 280 3119 1862 3193; baseline -0.001 -15"><span class='ocrx_word' id='word_1_239' title='bbox 280 3129 416 3188; x_wconf 80' lang='lat' dir='ltr'><strong>etc.,</strong></span> <span class='ocrx_word' id='word_1_240' title='bbox 440 3138 602 3193; x_wconf 82' lang='lat' dir='ltr'><strong>usque</strong></span> <span class='ocrx_word' id='word_1_241' title='bbox 627 3121 694 3175; x_wconf 84' lang='lat' dir='ltr'><strong>ad</strong></span> <span class='ocrx_word' id='word_1_242' title='bbox 720 3119 827 3177; x_wconf 89' lang='lat' dir='ltr'><strong>Sed</strong></span> <span class='ocrx_word' id='word_1_243' title='bbox 851 3120 1202 3190; x_wconf 88' lang='lat' dir='ltr'><strong>spiritualiter</strong></span> <span class='ocrx_word' id='word_1_244' title='bbox 1229 3121 1286 3176; x_wconf 90' lang='lat' dir='ltr'><strong>in</strong></span> <span class='ocrx_word' id='word_1_245' title='bbox 1314 3119 1532 3176; x_wconf 87' lang='lat' dir='ltr'><strong>Christo</strong></span> <span class='ocrx_word' id='word_1_246' title='bbox 1559 3128 1616 3176; x_wconf 91' lang='lat' dir='ltr'><strong>et</strong></span> <span class='ocrx_word' id='word_1_247' title='bbox 1650 3128 1862 3190; x_wconf 86' lang='lat' dir='ltr'><strong>aposto-</strong></span> 
     </span>
    </p>
   </div>
   <div class='ocr_carea' id='block_1_32' title="bbox 281 3210 1060 3286">
    <p class='ocr_par' dir='ltr' id='par_1_32' title="bbox 281 3210 1060 3286">
     <span class='ocr_line' id='line_1_32' title="bbox 281 3210 1060 3286; baseline -0.014 -10"><span class='ocrx_word' id='word_1_248' title='bbox 281 3213 597 3286; x_wconf 64' lang='lat' dir='ltr'><strong>lilplenius</strong></span> <span class='ocrx_word' id='word_1_249' title='bbox 621 3210 883 3283; x_wconf 80' lang='lat' dir='ltr'><strong>completa</strong></span> <span class='ocrx_word' id='word_1_250' title='bbox 913 3219 1060 3266; x_wconf 88' lang='lat' dir='ltr'><strong>sunt.</strong></span> 
     </span>
    </p>
   </div>
   <div class='ocr_carea' id='block_1_33' title="bbox 831 3361 1336 3424">
    <p class='ocr_par' dir='ltr' id='par_1_33' title="bbox 831 3361 1336 3424">
     <span class='ocr_line' id='line_1_33' title="bbox 831 3361 1336 3424; baseline -0.012 0"><span class='ocrx_word' id='word_1_251' title='bbox 831 3361 1063 3424; x_wconf 74' lang='lat' dir='ltr'><strong>CAPUT</strong></span> <span class='ocrx_word' id='word_1_252' title='bbox 1100 3361 1336 3420; x_wconf 82' lang='lat' dir='ltr'><strong>XXXIII.</strong></span> 
     </span>
    </p>
   </div>
   <div class='ocr_carea' id='block_1_34' title="bbox 295 3487 1870 3565">
    <p class='ocr_par' dir='ltr' id='par_1_34' title="bbox 295 3487 1870 3565">
     <span class='ocr_line' id='line_1_34' title="bbox 295 3487 1870 3565; baseline -0.009 -9"><span class='ocrx_word' id='word_1_253' title='bbox 295 3536 318 3549; x_wconf 85' lang='grc'><strong>-.</strong></span> <span class='ocrx_word' id='word_1_254' title='bbox 365 3497 546 3556; x_wconf 64' lang='lat' dir='ltr'><strong>Vens.</strong></span> <span class='ocrx_word' id='word_1_255' title='bbox 573 3496 721 3554; x_wconf 87' lang='grc'><strong>1.-</strong></span> <span class='ocrx_word' id='word_1_256' title='bbox 761 3494 836 3552; x_wconf 78' lang='lat' dir='ltr'><strong>Et</strong></span> <span class='ocrx_word' id='word_1_257' title='bbox 878 3495 1074 3565; x_wconf 79' lang='lat' dir='ltr'><strong>factum</strong></span> <span class='ocrx_word' id='word_1_258' title='bbox 1117 3500 1213 3547; x_wconf 86' lang='lat' dir='ltr'><strong>est.</strong></span> <span class='ocrx_word' id='word_1_259' title='bbox 1256 3487 1506 3546; x_wconf 66' lang='lat' dir='ltr'><strong>l‘ratdicit</strong></span> <span class='ocrx_word' id='word_1_260' title='bbox 1532 3487 1688 3558; x_wconf 87' lang='lat' dir='ltr'><strong>&#39;quod</strong></span> <span class='ocrx_word' id='word_1_261' title='bbox 1727 3487 1870 3544; x_wconf 89' lang='lat' dir='ltr'><strong>sicut</strong></span> 
     </span>
    </p>
   </div>
   <div class='ocr_carea' id='block_1_35' title="bbox 1944 533 3518 606">
    <p class='ocr_par' dir='ltr' id='par_1_35' title="bbox 1944 533 3518 606">
     <span class='ocr_line' id='line_1_35' title="bbox 1944 533 3518 606; baseline -0.001 -13"><span class='ocrx_word' id='word_1_262' title='bbox 1944 533 2145 593; x_wconf 88' lang='lat' dir='ltr'><strong>Christi</strong></span> <span class='ocrx_word' id='word_1_263' title='bbox 2166 549 2392 606; x_wconf 79' lang='lat' dir='ltr'><strong>regnum</strong></span> <span class='ocrx_word' id='word_1_264' title='bbox 2420 543 2476 592; x_wconf 89' lang='lat' dir='ltr'><strong>et</strong></span> <span class='ocrx_word' id='word_1_265' title='bbox 2500 536 2863 593; x_wconf 75' lang='lat' dir='ltr'><strong>sacerdorium</strong></span> <span class='ocrx_word' id='word_1_266' title='bbox 2896 537 2952 594; x_wconf 90' lang='lat' dir='ltr'><strong>in</strong></span> <span class='ocrx_word' id='word_1_267' title='bbox 2977 546 3238 593; x_wconf 72' lang='lat' dir='ltr'><strong>:eternum</strong></span> <span class='ocrx_word' id='word_1_268' title='bbox 3253 535 3518 593; x_wconf 90' lang='lat' dir='ltr'><strong>manebit.</strong></span> 
     </span>
    </p>
   </div>
   <div class='ocr_carea' id='block_1_36' title="bbox 2475 614 3210 738">
    <p class='ocr_par' dir='ltr' id='par_1_36' title="bbox 2475 614 3210 738">
     <span class='ocr_line' id='line_1_36' title="bbox 2475 614 3210 738; baseline 0.004 -31"><span class='ocrx_word' id='word_1_269' title='bbox 2475 648 2702 738; x_wconf 81' lang='lat' dir='ltr'><strong>CAPUT</strong></span> <span class='ocrx_word' id='word_1_270' title='bbox 2739 649 2980 710; x_wconf 75' lang='lat' dir='ltr'><strong>xxxrv.</strong></span> <span class='ocrx_word' id='word_1_271' title='bbox 3202 614 3210 624; x_wconf 58' lang='grc'><em>“</em></span> 
     </span>
    </p>
   </div>
   <div class='ocr_carea' id='block_1_37' title="bbox 2015 761 3522 842">
    <p class='ocr_par' dir='ltr' id='par_1_37' title="bbox 2015 761 3522 842">
     <span class='ocr_line' id='line_1_37' title="bbox 2015 761 3522 842; baseline 0.003 -23"><span class='ocrx_word' id='word_1_272' title='bbox 2015 761 2181 819; x_wconf 64' lang='lat' dir='ltr'><strong>Vens.</strong></span> <span class='ocrx_word' id='word_1_273' title='bbox 2223 763 2276 818; x_wconf 90' lang='grc'><strong>1.</strong></span> <span class='ocrx_word' id='word_1_274' title='bbox 2305 793 2376 805; x_wconf 92' lang='lat'><strong>—</strong></span> <span class='ocrx_word' id='word_1_275' title='bbox 2413 763 2639 828; x_wconf 82' lang='lat' dir='ltr'><strong>Verbum</strong></span> <span class='ocrx_word' id='word_1_276' title='bbox 2659 765 2799 838; x_wconf 86' lang='lat' dir='ltr'><strong>quod</strong></span> <span class='ocrx_word' id='word_1_277' title='bbox 2828 764 3048 836; x_wconf 81' lang='lat' dir='ltr'><strong>factum,</strong></span> <span class='ocrx_word' id='word_1_278' title='bbox 3074 775 3180 824; x_wconf 89' lang='lat' dir='ltr'><strong>etc.</strong></span> <span class='ocrx_word' id='word_1_279' title='bbox 3210 766 3398 842; x_wconf 68' lang='grc' dir='ltr'><strong>(11η.)</strong></span> <span class='ocrx_word' id='word_1_280' title='bbox 3432 766 3522 824; x_wconf 83' lang='lat' dir='ltr'><strong>Li-</strong></span> 
     </span>
    </p>
   </div>
   <div class='ocr_carea' id='block_1_38' title="bbox 1943 854 3423 931">
    <p class='ocr_par' dir='ltr' id='par_1_38' title="bbox 1943 854 3423 931">
     <span class='ocr_line' id='line_1_38' title="bbox 1943 854 3423 931; baseline 0.003 -22"><span class='ocrx_word' id='word_1_281' title='bbox 1943 859 2034 909; x_wconf 85' lang='lat' dir='ltr'><strong>cet</strong></span> <span class='ocrx_word' id='word_1_282' title='bbox 2060 868 2158 910; x_wconf 84' lang='lat' dir='ltr'><strong>rex</strong></span> <span class='ocrx_word' id='word_1_283' title='bbox 2184 854 2565 926; x_wconf 84' lang='lat' dir='ltr'><strong>nequissimus,</strong></span> <span class='ocrx_word' id='word_1_284' title='bbox 2591 855 2722 922; x_wconf 78' lang='lat' dir='ltr'><strong>etc.,</strong></span> <span class='ocrx_word' id='word_1_285' title='bbox 2748 873 2910 927; x_wconf 77' lang='lat' dir='ltr'><strong>usque</strong></span> <span class='ocrx_word' id='word_1_286' title='bbox 2937 857 3007 912; x_wconf 90' lang='lat' dir='ltr'><strong>ad</strong></span> <span class='ocrx_word' id='word_1_287' title='bbox 3030 857 3189 927; x_wconf 85' lang='lat' dir='ltr'><strong>ﬁnem</strong></span> <span class='ocrx_word' id='word_1_288' title='bbox 3209 859 3423 931; x_wconf 76' lang='lat' dir='ltr'><strong>capitis.</strong></span> 
     </span>
    </p>
   </div>
   <div class='ocr_carea' id='block_1_39' title="bbox 2494 967 2981 1026">
    <p class='ocr_par' dir='ltr' id='par_1_39' title="bbox 2494 967 2981 1026">
     <span class='ocr_line' id='line_1_39' title="bbox 2494 967 2981 1026; baseline 0.002 -2"><span class='ocrx_word' id='word_1_289' title='bbox 2494 967 2722 1025; x_wconf 80' lang='lat' dir='ltr'><strong>CAPUT</strong></span> <span class='ocrx_word' id='word_1_290' title='bbox 2765 967 2981 1026; x_wconf 89' lang='lat' dir='ltr'><strong>XXXV.</strong></span> 
     </span>
    </p>
   </div>
   <div class='ocr_carea' id='block_1_40' title="bbox 2017 1078 3517 1160">
    <p class='ocr_par' dir='ltr' id='par_1_40' title="bbox 2017 1078 3517 1160">
     <span class='ocr_line' id='line_1_40' title="bbox 2017 1078 3517 1160; baseline 0.006 -26"><span class='ocrx_word' id='word_1_291' title='bbox 2017 1078 2184 1136; x_wconf 72' lang='lat' dir='ltr'><strong>Vens.</strong></span> <span class='ocrx_word' id='word_1_292' title='bbox 2217 1081 2268 1136; x_wconf 94' lang='grc'><strong>1.</strong></span> <span class='ocrx_word' id='word_1_293' title='bbox 2297 1112 2370 1124; x_wconf 89' lang='grc'><strong>-</strong></span> <span class='ocrx_word' id='word_1_294' title='bbox 2403 1079 2622 1137; x_wconf 82' lang='lat' dir='ltr'><strong>Verbum</strong></span> <span class='ocrx_word' id='word_1_295' title='bbox 2644 1084 2782 1154; x_wconf 89' lang='lat' dir='ltr'><strong>quod</strong></span> <span class='ocrx_word' id='word_1_296' title='bbox 2805 1083 3004 1154; x_wconf 78' lang='lat' dir='ltr'><strong>factum</strong></span> <span class='ocrx_word' id='word_1_297' title='bbox 3023 1094 3116 1141; x_wconf 88' lang='lat' dir='ltr'><strong>est.</strong></span> <span class='ocrx_word' id='word_1_298' title='bbox 3146 1085 3330 1160; x_wconf 61' lang='lat' dir='ltr'><strong>(Ihm)</strong></span> <span class='ocrx_word' id='word_1_299' title='bbox 3382 1085 3517 1142; x_wconf 88' lang='lat' dir='ltr'><strong>Cum</strong></span> 
     </span>
    </p>
   </div>
   <div class='ocr_carea' id='block_1_41' title="bbox 1944 1173 3526 1254">
    <p class='ocr_par' dir='ltr' id='par_1_41' title="bbox 1944 1173 3526 1254">
     <span class='ocr_line' id='line_1_41' title="bbox 1944 1173 3526 1254; baseline 0.006 -27"><span class='ocrx_word' id='word_1_300' title='bbox 1944 1173 2208 1243; x_wconf 85' lang='lat' dir='ltr'><strong>propheta</strong></span> <span class='ocrx_word' id='word_1_301' title='bbox 2238 1175 2292 1230; x_wconf 92' lang='lat' dir='ltr'><strong>in</strong></span> <span class='ocrx_word' id='word_1_302' title='bbox 2321 1174 2568 1246; x_wconf 88' lang='lat' dir='ltr'><strong>proximo</strong></span> <span class='ocrx_word' id='word_1_303' title='bbox 2597 1176 2774 1247; x_wconf 87' lang='lat' dir='ltr'><strong>capite</strong></span> <span class='ocrx_word' id='word_1_304' title='bbox 2804 1177 2871 1233; x_wconf 91' lang='lat' dir='ltr'><strong>de</strong></span> <span class='ocrx_word' id='word_1_305' title='bbox 2897 1177 3172 1248; x_wconf 86' lang='lat' dir='ltr'><strong>Sedecias,</strong></span> <span class='ocrx_word' id='word_1_306' title='bbox 3197 1188 3329 1248; x_wconf 90' lang='lat' dir='ltr'><strong>etc.,</strong></span> <span class='ocrx_word' id='word_1_307' title='bbox 3361 1197 3526 1254; x_wconf 81' lang='lat' dir='ltr'><strong>usque</strong></span> 
     </span>
    </p>
   </div>
   <div class='ocr_carea' id='block_1_42' title="bbox 1948 1259 3450 1336">
    <p class='ocr_par' dir='ltr' id='par_1_42' title="bbox 1948 1259 3450 1336">
     <span class='ocr_line' id='line_1_42' title="bbox 1948 1259 3450 1336; baseline 0.007 -19"><span class='ocrx_word' id='word_1_308' title='bbox 1948 1261 2018 1317; x_wconf 86' lang='lat' dir='ltr'><strong>ad</strong></span> <span class='ocrx_word' id='word_1_309' title='bbox 2047 1263 2205 1332; x_wconf 79' lang='lat' dir='ltr'><strong>ﬁnem</strong></span> <span class='ocrx_word' id='word_1_310' title='bbox 2229 1266 2436 1336; x_wconf 76' lang='lat' dir='ltr'><strong>capitis.</strong></span> <span class='ocrx_word' id='word_1_311' title='bbox 2845 1297 2853 1324; x_wconf 88' lang='lat'><strong>.-</strong></span> <span class='ocrx_word' id='word_1_312' title='bbox 3446 1259 3450 1266; x_wconf 57' lang='grc'><em>’</em></span> 
     </span>
    </p>
   </div>
   <div class='ocr_carea' id='block_1_43' title="bbox 2482 1375 2992 1434">
    <p class='ocr_par' dir='ltr' id='par_1_43' title="bbox 2482 1375 2992 1434">
     <span class='ocr_line' id='line_1_43' title="bbox 2482 1375 2992 1434; baseline 0.002 -1"><span class='ocrx_word' id='word_1_313' title='bbox 2482 1375 2713 1434; x_wconf 86' lang='lat' dir='ltr'><strong>CAPUT</strong></span> <span class='ocrx_word' id='word_1_314' title='bbox 2748 1375 2992 1434; x_wconf 86' lang='lat' dir='ltr'><strong>XXXVI.</strong></span> 
     </span>
    </p>
   </div>
   <div class='ocr_carea' id='block_1_44' title="bbox 2021 1486 3533 1560">
    <p class='ocr_par' dir='ltr' id='par_1_44' title="bbox 2021 1486 3533 1560">
     <span class='ocr_line' id='line_1_44' title="bbox 2021 1486 3533 1560; baseline 0.006 -17"><span class='ocrx_word' id='word_1_315' title='bbox 2021 1487 2186 1543; x_wconf 74' lang='lat' dir='ltr'><strong>Vens.</strong></span> <span class='ocrx_word' id='word_1_316' title='bbox 2225 1487 2280 1542; x_wconf 77' lang='lat'><strong>3.</strong></span> <span class='ocrx_word' id='word_1_317' title='bbox 2305 1519 2376 1530; x_wconf 90' lang='lat'><strong>-—</strong></span> <span class='ocrx_word' id='word_1_318' title='bbox 2399 1486 2458 1546; x_wconf 88' lang='lat' dir='ltr'><strong>Si</strong></span> <span class='ocrx_word' id='word_1_319' title='bbox 2487 1488 2622 1559; x_wconf 79' lang='lat' dir='ltr'><strong>forte</strong></span> <span class='ocrx_word' id='word_1_320' title='bbox 2650 1490 2898 1546; x_wconf 82' lang='lat' dir='ltr'><strong>audiente</strong></span> <span class='ocrx_word' id='word_1_321' title='bbox 2923 1491 3078 1547; x_wconf 87' lang='lat' dir='ltr'><strong>domo</strong></span> <span class='ocrx_word' id='word_1_322' title='bbox 3105 1490 3274 1560; x_wconf 73' lang='lat' dir='ltr'><strong>Iuda,</strong></span> <span class='ocrx_word' id='word_1_323' title='bbox 3296 1501 3402 1550; x_wconf 88' lang='lat' dir='ltr'><strong>etc.</strong></span> <span class='ocrx_word' id='word_1_324' title='bbox 3430 1493 3533 1552; x_wconf 85' lang='lat' dir='ltr'><strong>Im-</strong></span> 
     </span>
    </p>
   </div>
   <div class='ocr_carea' id='block_1_45' title="bbox 1948 1560 3525 1654">
    <p class='ocr_par' dir='ltr' id='par_1_45' title="bbox 1948 1560 3525 1654">
     <span class='ocr_line' id='line_1_45' title="bbox 1948 1560 3525 1654; baseline 0.005 -20"><span class='ocrx_word' id='word_1_325' title='bbox 1948 1591 2138 1634; x_wconf 76' lang='lat' dir='ltr'><strong>mensa</strong></span> <span class='ocrx_word' id='word_1_326' title='bbox 2160 1560 2465 1647; x_wconf 78' lang='lat' dir='ltr'><strong>clementia,</strong></span> <span class='ocrx_word' id='word_1_327' title='bbox 2484 1588 2613 1646; x_wconf 91' lang='lat' dir='ltr'><strong>etc.,</strong></span> <span class='ocrx_word' id='word_1_328' title='bbox 2634 1598 2796 1654; x_wconf 84' lang='lat' dir='ltr'><strong>usque</strong></span> <span class='ocrx_word' id='word_1_329' title='bbox 2807 1580 2876 1635; x_wconf 90' lang='lat' dir='ltr'><strong>ad</strong></span> <span class='ocrx_word' id='word_1_330' title='bbox 2898 1589 2956 1638; x_wconf 90' lang='lat' dir='ltr'><strong>ut</strong></span> <span class='ocrx_word' id='word_1_331' title='bbox 2976 1597 3075 1653; x_wconf 91' lang='lat' dir='ltr'><strong>per</strong></span> <span class='ocrx_word' id='word_1_332' title='bbox 3093 1583 3525 1642; x_wconf 90' lang='lat' dir='ltr'><strong>misericordiam</strong></span> 
     </span>
    </p>
   </div>
   <div class='ocr_carea' id='block_1_46' title="bbox 1949 1669 2734 1744">
    <p class='ocr_par' dir='ltr' id='par_1_46' title="bbox 1949 1669 2734 1744">
     <span class='ocr_line' id='line_1_46' title="bbox 1949 1669 2734 1744; baseline 0.001 -17"><span class='ocrx_word' id='word_1_333' title='bbox 1949 1669 2046 1727; x_wconf 89' lang='lat' dir='ltr'><strong>Dei</strong></span> <span class='ocrx_word' id='word_1_334' title='bbox 2077 1672 2286 1727; x_wconf 83' lang='lat' dir='ltr'><strong>veniam</strong></span> <span class='ocrx_word' id='word_1_335' title='bbox 2313 1681 2734 1744; x_wconf 88' lang='lat' dir='ltr'><strong>consequantur.</strong></span> 
     </span>
    </p>
   </div>
   <div class='ocr_carea' id='block_1_47' title="bbox 2024 1761 3528 1840">
    <p class='ocr_par' dir='ltr' id='par_1_47' title="bbox 2024 1761 3528 1840">
     <span class='ocr_line' id='line_1_47' title="bbox 2024 1761 3528 1840; baseline 0.006 -24"><span class='ocrx_word' id='word_1_336' title='bbox 2024 1761 2188 1817; x_wconf 77' lang='lat' dir='ltr'><strong>Vens.</strong></span> <span class='ocrx_word' id='word_1_337' title='bbox 2219 1763 2272 1818; x_wconf 75' lang='grc'><strong>4.</strong></span> <span class='ocrx_word' id='word_1_338' title='bbox 2298 1793 2369 1804; x_wconf 92' lang='lat'><strong><em>—</em></strong></span> <span class='ocrx_word' id='word_1_339' title='bbox 2405 1762 2613 1820; x_wconf 81' lang='lat' dir='ltr'><strong>Vocavit</strong></span> <span class='ocrx_word' id='word_1_340' title='bbox 2643 1782 2786 1837; x_wconf 86' lang='lat' dir='ltr'><strong>ergo.</strong></span> <span class='ocrx_word' id='word_1_341' title='bbox 2811 1766 3065 1838; x_wconf 87' lang='lat' dir='ltr'><strong>Prompta</strong></span> <span class='ocrx_word' id='word_1_342' title='bbox 3079 1767 3384 1825; x_wconf 85' lang='lat' dir='ltr'><strong>obedientia</strong></span> <span class='ocrx_word' id='word_1_343' title='bbox 3401 1784 3528 1840; x_wconf 87' lang='lat' dir='ltr'><strong>pro-</strong></span> 
     </span>
    </p>
   </div>
   <div class='ocr_carea' id='block_1_48' title="bbox 1953 1857 3530 1931">
    <p class='ocr_par' dir='ltr' id='par_1_48' title="bbox 1953 1857 3530 1931">
     <span class='ocr_line' id='line_1_48' title="bbox 1953 1857 3530 1931; baseline 0.003 -19"><span class='ocrx_word' id='word_1_344' title='bbox 1953 1857 2129 1926; x_wconf 70' lang='lat' dir='ltr'><strong>phetre</strong></span> <span class='ocrx_word' id='word_1_345' title='bbox 2155 1857 2470 1923; x_wconf 86' lang='lat' dir='ltr'><strong>concordat,</strong></span> <span class='ocrx_word' id='word_1_346' title='bbox 2507 1867 2640 1925; x_wconf 90' lang='lat' dir='ltr'><strong>etc.,</strong></span> <span class='ocrx_word' id='word_1_347' title='bbox 2678 1875 2839 1931; x_wconf 82' lang='lat' dir='ltr'><strong>usque</strong></span> <span class='ocrx_word' id='word_1_348' title='bbox 2863 1861 2931 1915; x_wconf 89' lang='lat' dir='ltr'><strong>ad</strong></span> <span class='ocrx_word' id='word_1_349' title='bbox 2963 1862 3054 1931; x_wconf 89' lang='lat' dir='ltr'><strong>qui</strong></span> <span class='ocrx_word' id='word_1_350' title='bbox 3083 1861 3242 1916; x_wconf 90' lang='lat' dir='ltr'><strong>soluti</strong></span> <span class='ocrx_word' id='word_1_351' title='bbox 3275 1871 3330 1917; x_wconf 91' lang='lat' dir='ltr'><strong>et</strong></span> <span class='ocrx_word' id='word_1_352' title='bbox 3374 1859 3530 1918; x_wconf 82' lang='lat' dir='ltr'><strong>liberi</strong></span> 
     </span>
    </p>
   </div>
   <div class='ocr_carea' id='block_1_49' title="bbox 1954 1946 3261 2024">
    <p class='ocr_par' dir='ltr' id='par_1_49' title="bbox 1954 1946 3261 2024">
     <span class='ocr_line' id='line_1_49' title="bbox 1954 1946 3261 2024; baseline 0.005 -23"><span class='ocrx_word' id='word_1_353' title='bbox 1954 1947 2177 2003; x_wconf 88' lang='lat' dir='ltr'><strong>verbum</strong></span> <span class='ocrx_word' id='word_1_354' title='bbox 2207 1946 2302 2004; x_wconf 90' lang='lat' dir='ltr'><strong>Dei</strong></span> <span class='ocrx_word' id='word_1_355' title='bbox 2328 1949 2593 2020; x_wconf 79' lang='lat' dir='ltr'><strong>proximis</strong></span> <span class='ocrx_word' id='word_1_356' title='bbox 2619 1952 2926 2020; x_wconf 77' lang='lat' dir='ltr'><strong>expendere</strong></span> <span class='ocrx_word' id='word_1_357' title='bbox 2948 1953 3261 2024; x_wconf 83' lang='lat' dir='ltr'><strong>negligunt?</strong></span> 
     </span>
    </p>
   </div>
   <div class='ocr_carea' id='block_1_50' title="bbox 2026 2035 3532 2115">
    <p class='ocr_par' dir='ltr' id='par_1_50' title="bbox 2026 2035 3532 2115">
     <span class='ocr_line' id='line_1_50' title="bbox 2026 2035 3532 2115; baseline 0.005 -25"><span class='ocrx_word' id='word_1_358' title='bbox 2026 2035 2191 2092; x_wconf 71' lang='lat' dir='ltr'><strong>Vens.</strong></span> <span class='ocrx_word' id='word_1_359' title='bbox 2241 2037 2295 2093; x_wconf 88' lang='lat'><strong>9.</strong></span> <span class='ocrx_word' id='word_1_360' title='bbox 2326 2068 2397 2078; x_wconf 96' lang='lat'><strong>—</strong></span> <span class='ocrx_word' id='word_1_361' title='bbox 2424 2035 2849 2096; x_wconf 76' lang='lat' dir='ltr'><strong>Prtedicaverunt</strong></span> <span class='ocrx_word' id='word_1_362' title='bbox 2879 2041 3144 2112; x_wconf 81' lang='lat' dir='ltr'><strong>jejunium</strong></span> <span class='ocrx_word' id='word_1_363' title='bbox 3173 2043 3229 2097; x_wconf 86' lang='lat' dir='ltr'><strong>in</strong></span> <span class='ocrx_word' id='word_1_364' title='bbox 3253 2052 3532 2115; x_wconf 85' lang='lat' dir='ltr'><strong>conspectu</strong></span> 
     </span>
    </p>
   </div>
   <div class='ocr_carea' id='block_1_51' title="bbox 1955 2125 3534 2202">
    <p class='ocr_par' dir='ltr' id='par_1_51' title="bbox 1955 2125 3534 2202">
     <span class='ocr_line' id='line_1_51' title="bbox 1955 2125 3534 2202; baseline 0.004 -21"><span class='ocrx_word' id='word_1_365' title='bbox 1955 2125 2186 2190; x_wconf 90' lang='lat' dir='ltr'><strong>Domini,</strong></span> <span class='ocrx_word' id='word_1_366' title='bbox 2205 2137 2312 2184; x_wconf 91' lang='lat' dir='ltr'><strong>etc.</strong></span> <span class='ocrx_word' id='word_1_367' title='bbox 2366 2127 2436 2184; x_wconf 90' lang='lat' dir='ltr'><strong>Ut</strong></span> <span class='ocrx_word' id='word_1_368' title='bbox 2456 2129 2548 2199; x_wconf 86' lang='lat' dir='ltr'><strong>qui</strong></span> <span class='ocrx_word' id='word_1_369' title='bbox 2581 2145 2679 2200; x_wconf 92' lang='lat' dir='ltr'><strong>per</strong></span> <span class='ocrx_word' id='word_1_370' title='bbox 2725 2130 2912 2186; x_wconf 87' lang='lat' dir='ltr'><strong>luxum</strong></span> <span class='ocrx_word' id='word_1_371' title='bbox 2955 2142 3353 2202; x_wconf 86' lang='lat' dir='ltr'><strong>peccaverunt,</strong></span> <span class='ocrx_word' id='word_1_372' title='bbox 3395 2143 3534 2200; x_wconf 84' lang='lat' dir='ltr'><strong>etc.,</strong></span> 
     </span>
    </p>
   </div>
   <div class='ocr_carea' id='block_1_52' title="bbox 1955 2218 3108 2290">
    <p class='ocr_par' dir='ltr' id='par_1_52' title="bbox 1955 2218 3108 2290">
     <span class='ocr_line' id='line_1_52' title="bbox 1955 2218 3108 2290; baseline 0.004 -18"><span class='ocrx_word' id='word_1_373' title='bbox 1955 2233 2118 2289; x_wconf 86' lang='lat' dir='ltr'><strong>usque</strong></span> <span class='ocrx_word' id='word_1_374' title='bbox 2141 2218 2209 2272; x_wconf 90' lang='lat' dir='ltr'><strong>ad</strong></span> <span class='ocrx_word' id='word_1_375' title='bbox 2236 2233 2356 2288; x_wconf 71' lang='lat' dir='ltr'><strong>qua:</strong></span> <span class='ocrx_word' id='word_1_376' title='bbox 2377 2218 2722 2290; x_wconf 89' lang='lat' dir='ltr'><strong>deliquerunt</strong></span> <span class='ocrx_word' id='word_1_377' title='bbox 2751 2220 2805 2276; x_wconf 91' lang='lat' dir='ltr'><strong>in</strong></span> <span class='ocrx_word' id='word_1_378' title='bbox 2836 2221 3108 2277; x_wconf 86' lang='lat' dir='ltr'><strong>maximis.</strong></span> 
     </span>
    </p>
   </div>
   <div class='ocr_carea' id='block_1_53' title="bbox 2028 2311 3536 2382">
    <p class='ocr_par' dir='ltr' id='par_1_53' title="bbox 2028 2311 3536 2382">
     <span class='ocr_line' id='line_1_53' title="bbox 2028 2311 3536 2382; baseline 0 -15"><span class='ocrx_word' id='word_1_379' title='bbox 2028 2312 2191 2368; x_wconf 74' lang='lat' dir='ltr'><strong>Vnus.</strong></span> <span class='ocrx_word' id='word_1_380' title='bbox 2221 2311 2307 2366; x_wconf 86' lang='grc'><strong>16.</strong></span> <span class='ocrx_word' id='word_1_381' title='bbox 2337 2342 2410 2353; x_wconf 91' lang='grc'><strong><em>-</em></strong></span> <span class='ocrx_word' id='word_1_382' title='bbox 2432 2311 2605 2382; x_wconf 85' lang='lat' dir='ltr'><strong>Igitur</strong></span> <span class='ocrx_word' id='word_1_383' title='bbox 2633 2329 2751 2366; x_wconf 87' lang='lat' dir='ltr'><strong>cum</strong></span> <span class='ocrx_word' id='word_1_384' title='bbox 2781 2313 3072 2379; x_wconf 84' lang='lat' dir='ltr'><strong>audissent,</strong></span> <span class='ocrx_word' id='word_1_385' title='bbox 3095 2322 3200 2369; x_wconf 91' lang='lat' dir='ltr'><strong>etc.</strong></span> <span class='ocrx_word' id='word_1_386' title='bbox 3228 2313 3409 2370; x_wconf 85' lang='lat' dir='ltr'><strong>Etiam</strong></span> <span class='ocrx_word' id='word_1_387' title='bbox 3435 2329 3536 2367; x_wconf 80' lang='lat' dir='ltr'><strong>au-</strong></span> 
     </span>
    </p>
   </div>
   <div class='ocr_carea' id='block_1_54' title="bbox 1959 2401 3533 2474">
    <p class='ocr_par' dir='ltr' id='par_1_54' title="bbox 1959 2401 3533 2474">
     <span class='ocr_line' id='line_1_54' title="bbox 1959 2401 3533 2474; baseline 0 -16"><span class='ocrx_word' id='word_1_388' title='bbox 1959 2401 2222 2458; x_wconf 91' lang='lat' dir='ltr'><strong>ditoribus</strong></span> <span class='ocrx_word' id='word_1_389' title='bbox 2239 2403 2548 2459; x_wconf 88' lang='lat' dir='ltr'><strong>necessaria</strong></span> <span class='ocrx_word' id='word_1_390' title='bbox 2562 2411 2670 2467; x_wconf 90' lang='lat' dir='ltr'><strong>est,</strong></span> <span class='ocrx_word' id='word_1_391' title='bbox 2688 2411 2820 2469; x_wconf 90' lang='lat' dir='ltr'><strong>etc.,</strong></span> <span class='ocrx_word' id='word_1_392' title='bbox 2851 2420 3014 2474; x_wconf 85' lang='lat' dir='ltr'><strong>usque</strong></span> <span class='ocrx_word' id='word_1_393' title='bbox 3043 2405 3111 2458; x_wconf 92' lang='lat' dir='ltr'><strong>ad</strong></span> <span class='ocrx_word' id='word_1_394' title='bbox 3127 2404 3292 2460; x_wconf 86' lang='lat' dir='ltr'><strong>verba</strong></span> <span class='ocrx_word' id='word_1_395' title='bbox 3317 2404 3413 2461; x_wconf 89' lang='lat' dir='ltr'><strong>Dei</strong></span> <span class='ocrx_word' id='word_1_396' title='bbox 3430 2421 3497 2459; x_wconf 90' lang='lat' dir='ltr'><strong>au</strong></span> <span class='ocrx_word' id='word_1_397' title='bbox 3512 2433 3533 2445; x_wconf 89' lang='lat'><strong>-</strong></span> 
     </span>
    </p>
   </div>
   <div class='ocr_carea' id='block_1_55' title="bbox 1959 2495 3502 2570">
    <p class='ocr_par' dir='ltr' id='par_1_55' title="bbox 1959 2495 3502 2570">
     <span class='ocr_line' id='line_1_55' title="bbox 1959 2495 3502 2570; baseline 0 -19"><span class='ocrx_word' id='word_1_398' title='bbox 1959 2495 2074 2551; x_wconf 89' lang='lat' dir='ltr'><strong>dire</strong></span> <span class='ocrx_word' id='word_1_399' title='bbox 2089 2503 2342 2566; x_wconf 89' lang='lat' dir='ltr'><strong>poterant</strong></span> <span class='ocrx_word' id='word_1_400' title='bbox 2367 2509 2499 2551; x_wconf 86' lang='lat' dir='ltr'><strong>aure</strong></span> <span class='ocrx_word' id='word_1_401' title='bbox 2525 2497 2794 2566; x_wconf 91' lang='lat' dir='ltr'><strong>corporis,</strong></span> <span class='ocrx_word' id='word_1_402' title='bbox 2821 2497 2914 2551; x_wconf 90' lang='lat' dir='ltr'><strong>sed</strong></span> <span class='ocrx_word' id='word_1_403' title='bbox 2941 2513 3047 2552; x_wconf 91' lang='lat' dir='ltr'><strong>non</strong></span> <span class='ocrx_word' id='word_1_404' title='bbox 3075 2497 3278 2553; x_wconf 88' lang='lat' dir='ltr'><strong>cordis.</strong></span> <span class='ocrx_word' id='word_1_405' title='bbox 3499 2567 3502 2570; x_wconf 8' lang='grc' dir='ltr'><strong><em>ἢ</em></strong></span> 
     </span>
    </p>
   </div>
   <div class='ocr_carea' id='block_1_56' title="bbox 2031 2585 3615 2659">
    <p class='ocr_par' dir='ltr' id='par_1_56' title="bbox 2031 2585 3615 2659">
     <span class='ocr_line' id='line_1_56' title="bbox 2031 2585 3615 2659; baseline -0.001 -15"><span class='ocrx_word' id='word_1_406' title='bbox 2031 2588 2194 2644; x_wconf 74' lang='lat' dir='ltr'><strong>Vens.</strong></span> <span class='ocrx_word' id='word_1_407' title='bbox 2235 2589 2322 2644; x_wconf 86' lang='grc'><strong>18.</strong></span> <span class='ocrx_word' id='word_1_408' title='bbox 2353 2616 2425 2628; x_wconf 90' lang='grc'><strong>--</strong></span> <span class='ocrx_word' id='word_1_409' title='bbox 2451 2585 2537 2642; x_wconf 77' lang='lat' dir='ltr'><strong>Ea:</strong></span> <span class='ocrx_word' id='word_1_410' title='bbox 2563 2603 2650 2642; x_wconf 89' lang='lat' dir='ltr'><strong>ore</strong></span> <span class='ocrx_word' id='word_1_411' title='bbox 2673 2604 2767 2642; x_wconf 86' lang='lat' dir='ltr'><strong>suo</strong></span> <span class='ocrx_word' id='word_1_412' title='bbox 2803 2586 3132 2658; x_wconf 84' lang='lat' dir='ltr'><strong>loquebatur,</strong></span> <span class='ocrx_word' id='word_1_413' title='bbox 3159 2596 3266 2644; x_wconf 89' lang='lat' dir='ltr'><strong>etc.</strong></span> <span class='ocrx_word' id='word_1_414' title='bbox 3315 2586 3534 2659; x_wconf 74' lang='lat' dir='ltr'><strong>Signiﬁ-</strong></span> <span class='ocrx_word' id='word_1_415' title='bbox 3613 2617 3615 2620; x_wconf 47' lang='grc' dir='ltr'>έ</span> 
     </span>
    </p>
   </div>
   <div class='ocr_carea' id='block_1_57' title="bbox 1961 2680 3535 2752">
    <p class='ocr_par' dir='ltr' id='par_1_57' title="bbox 1961 2680 3535 2752">
     <span class='ocr_line' id='line_1_57' title="bbox 1961 2680 3535 2752; baseline -0.001 -14"><span class='ocrx_word' id='word_1_416' title='bbox 1961 2690 2050 2738; x_wconf 90' lang='lat' dir='ltr'><strong>cat</strong></span> <span class='ocrx_word' id='word_1_417' title='bbox 2073 2682 2218 2752; x_wconf 89' lang='lat' dir='ltr'><strong>quod</strong></span> <span class='ocrx_word' id='word_1_418' title='bbox 2245 2681 2472 2752; x_wconf 87' lang='lat' dir='ltr'><strong>apostoli</strong></span> <span class='ocrx_word' id='word_1_419' title='bbox 2503 2689 2558 2735; x_wconf 89' lang='lat' dir='ltr'><strong>et</strong></span> <span class='ocrx_word' id='word_1_420' title='bbox 2601 2681 2883 2751; x_wconf 83' lang='lat' dir='ltr'><strong>pr0pbetae</strong></span> <span class='ocrx_word' id='word_1_421' title='bbox 2911 2680 3112 2736; x_wconf 89' lang='lat' dir='ltr'><strong>nullam</strong></span> <span class='ocrx_word' id='word_1_422' title='bbox 3153 2681 3535 2737; x_wconf 87' lang='lat' dir='ltr'><strong>necessitatem</strong></span> 
     </span>
    </p>
   </div>
   <div class='ocr_carea' id='block_1_58' title="bbox 1960 2770 3537 2843">
    <p class='ocr_par' dir='ltr' id='par_1_58' title="bbox 1960 2770 3537 2843">
     <span class='ocr_line' id='line_1_58' title="bbox 1960 2770 3537 2843; baseline -0.003 -14"><span class='ocrx_word' id='word_1_423' title='bbox 1960 2773 2228 2829; x_wconf 88' lang='lat' dir='ltr'><strong>tractandi</strong></span> <span class='ocrx_word' id='word_1_424' title='bbox 2275 2771 2360 2828; x_wconf 88' lang='lat' dir='ltr'><strong>vel</strong></span> <span class='ocrx_word' id='word_1_425' title='bbox 2400 2771 2682 2843; x_wconf 90' lang='lat' dir='ltr'><strong>penuriam</strong></span> <span class='ocrx_word' id='word_1_426' title='bbox 2728 2770 2983 2842; x_wconf 89' lang='lat' dir='ltr'><strong>loquendi</strong></span> <span class='ocrx_word' id='word_1_427' title='bbox 3027 2771 3405 2842; x_wconf 82' lang='lat' dir='ltr'><strong>patiebantur;</strong></span> <span class='ocrx_word' id='word_1_428' title='bbox 3439 2770 3537 2826; x_wconf 86' lang='lat' dir='ltr'><strong>sed</strong></span> 
     </span>
    </p>
   </div>
   <div class='ocr_carea' id='block_1_59' title="bbox 1960 2862 3064 2936">
    <p class='ocr_par' dir='ltr' id='par_1_59' title="bbox 1960 2862 3064 2936">
     <span class='ocr_line' id='line_1_59' title="bbox 1960 2862 3064 2936; baseline -0.005 -15"><span class='ocrx_word' id='word_1_429' title='bbox 1960 2873 2207 2936; x_wconf 88' lang='lat' dir='ltr'><strong>prompte</strong></span> <span class='ocrx_word' id='word_1_430' title='bbox 2228 2873 2282 2920; x_wconf 91' lang='lat' dir='ltr'><strong>et</strong></span> <span class='ocrx_word' id='word_1_431' title='bbox 2305 2863 2462 2920; x_wconf 78' lang='lat' dir='ltr'><strong>facile</strong></span> <span class='ocrx_word' id='word_1_432' title='bbox 2495 2863 2673 2919; x_wconf 90' lang='lat' dir='ltr'><strong>omnia</strong></span> <span class='ocrx_word' id='word_1_433' title='bbox 2695 2862 3064 2934; x_wconf 80' lang='lat' dir='ltr'><strong>proferebant.</strong></span> 
     </span>
    </p>
   </div>
   <div class='ocr_carea' id='block_1_60' title="bbox 2031 2953 3540 3027">
    <p class='ocr_par' dir='ltr' id='par_1_60' title="bbox 2031 2953 3540 3027">
     <span class='ocr_line' id='line_1_60' title="bbox 2031 2953 3540 3027; baseline 0 -16"><span class='ocrx_word' id='word_1_434' title='bbox 2031 2954 2196 3013; x_wconf 73' lang='lat' dir='ltr'><strong>Vens.</strong></span> <span class='ocrx_word' id='word_1_435' title='bbox 2240 2955 2332 3012; x_wconf 76' lang='grc'><strong>25.</strong></span> <span class='ocrx_word' id='word_1_436' title='bbox 2353 2986 2425 2997; x_wconf 90' lang='grc'><strong>-</strong></span> <span class='ocrx_word' id='word_1_437' title='bbox 2452 2953 2753 3027; x_wconf 84' lang='lat' dir='ltr'><strong>Etprojecit</strong></span> <span class='ocrx_word' id='word_1_438' title='bbox 2783 2956 2839 3010; x_wconf 90' lang='lat' dir='ltr'><strong>in</strong></span> <span class='ocrx_word' id='word_1_439' title='bbox 2863 2957 3054 3026; x_wconf 86' lang='lat' dir='ltr'><strong>ignem.</strong></span> <span class='ocrx_word' id='word_1_440' title='bbox 3081 2954 3354 3026; x_wconf 89' lang='lat' dir='ltr'><strong>Stupenda</strong></span> <span class='ocrx_word' id='word_1_441' title='bbox 3380 2956 3540 3011; x_wconf 76' lang='lat' dir='ltr'><strong>indu-</strong></span> 
     </span>
    </p>
   </div>
   <div class='ocr_carea' id='block_1_61' title="bbox 1962 3045 3543 3118">
    <p class='ocr_par' dir='ltr' id='par_1_61' title="bbox 1962 3045 3543 3118">
     <span class='ocr_line' id='line_1_61' title="bbox 1962 3045 3543 3118; baseline -0.001 -16"><span class='ocrx_word' id='word_1_442' title='bbox 1962 3045 2066 3102; x_wconf 87' lang='lat' dir='ltr'><strong>rati</strong></span> <span class='ocrx_word' id='word_1_443' title='bbox 2095 3045 2277 3103; x_wconf 89' lang='lat' dir='ltr'><strong>cordis</strong></span> <span class='ocrx_word' id='word_1_444' title='bbox 2305 3045 2568 3117; x_wconf 90' lang='lat' dir='ltr'><strong>nequitia,</strong></span> <span class='ocrx_word' id='word_1_445' title='bbox 2614 3054 2744 3113; x_wconf 90' lang='lat' dir='ltr'><strong>etc.,</strong></span> <span class='ocrx_word' id='word_1_446' title='bbox 2771 3062 2933 3118; x_wconf 88' lang='lat' dir='ltr'><strong>usque</strong></span> <span class='ocrx_word' id='word_1_447' title='bbox 2960 3045 3029 3100; x_wconf 94' lang='lat' dir='ltr'><strong>ad</strong></span> <span class='ocrx_word' id='word_1_448' title='bbox 3057 3060 3126 3103; x_wconf 89' lang='lat' dir='ltr'><strong>ne</strong></span> <span class='ocrx_word' id='word_1_449' title='bbox 3170 3047 3454 3104; x_wconf 87' lang='lat' dir='ltr'><strong>crederent</strong></span> <span class='ocrx_word' id='word_1_450' title='bbox 3481 3054 3543 3102; x_wconf 87' lang='lat' dir='ltr'><strong>et</strong></span> 
     </span>
    </p>
   </div>
   <div class='ocr_carea' id='block_1_62' title="bbox 1892 3141 2317 3251">
    <p class='ocr_par' dir='ltr' id='par_1_62' title="bbox 1892 3141 2317 3251">
     <span class='ocr_line' id='line_1_62' title="bbox 1892 3141 2317 3251; baseline -0.007 -54"><span class='ocrx_word' id='word_1_451' title='bbox 1892 3188 1937 3251; x_wconf 64' lang='grc' dir='ltr'>Ο</span> <span class='ocrx_word' id='word_1_452' title='bbox 1965 3141 2317 3212; x_wconf 72' lang='lat' dir='ltr'><strong>pmniterent.</strong></span> 
     </span>
    </p>
   </div>
   <div class='ocr_carea' id='block_1_63' title="bbox 2039 3231 3541 3304">
    <p class='ocr_par' dir='ltr' id='par_1_63' title="bbox 2039 3231 3541 3304">
     <span class='ocr_line' id='line_1_63' title="bbox 2039 3231 3541 3304; baseline 0.001 -18"><span class='ocrx_word' id='word_1_453' title='bbox 2039 3232 2204 3289; x_wconf 66' lang='lat' dir='ltr'><strong>Vens.</strong></span> <span class='ocrx_word' id='word_1_454' title='bbox 2220 3232 2310 3288; x_wconf 71' lang='lat'><strong>26.</strong></span> <span class='ocrx_word' id='word_1_455' title='bbox 2321 3233 2684 3288; x_wconf 82' lang='lat' dir='ltr'><strong>—Abscondit</strong></span> <span class='ocrx_word' id='word_1_456' title='bbox 2698 3243 2889 3300; x_wconf 90' lang='lat' dir='ltr'><strong>autem,</strong></span> <span class='ocrx_word' id='word_1_457' title='bbox 2907 3241 3013 3289; x_wconf 91' lang='lat' dir='ltr'><strong>etc.</strong></span> <span class='ocrx_word' id='word_1_458' title='bbox 3031 3231 3234 3288; x_wconf 83' lang='lat' dir='ltr'><strong>Contra</strong></span> <span class='ocrx_word' id='word_1_459' title='bbox 3247 3249 3405 3304; x_wconf 82' lang='lat' dir='ltr'><strong>quem</strong></span> <span class='ocrx_word' id='word_1_460' title='bbox 3421 3231 3541 3288; x_wconf 57' lang='lat' dir='ltr'><strong>[rue</strong></span> 
     </span>
    </p>
   </div>
   <div class='ocr_carea' id='block_1_64' title="bbox 1969 3325 3538 3400">
    <p class='ocr_par' dir='ltr' id='par_1_64' title="bbox 1969 3325 3538 3400">
     <span class='ocr_line' id='line_1_64' title="bbox 1969 3325 3538 3400; baseline 0.001 -20"><span class='ocrx_word' id='word_1_461' title='bbox 1969 3331 2082 3381; x_wconf 86' lang='lat' dir='ltr'><strong>stra</strong></span> <span class='ocrx_word' id='word_1_462' title='bbox 2098 3325 2290 3382; x_wconf 90' lang='lat' dir='ltr'><strong>nititur</strong></span> <span class='ocrx_word' id='word_1_463' title='bbox 2299 3327 2536 3382; x_wconf 87' lang='lat' dir='ltr'><strong>humana</strong></span> <span class='ocrx_word' id='word_1_464' title='bbox 2549 3329 2916 3400; x_wconf 63' lang='lat' dir='ltr'><strong>praesumptio.</strong></span> <span class='ocrx_word' id='word_1_465' title='bbox 2935 3327 3174 3384; x_wconf 84' lang='lat' dir='ltr'><strong>Custodit</strong></span> <span class='ocrx_word' id='word_1_466' title='bbox 3199 3329 3336 3396; x_wconf 86' lang='lat' dir='ltr'><strong>enim</strong></span> <span class='ocrx_word' id='word_1_467' title='bbox 3354 3327 3538 3382; x_wconf 84' lang='lat' dir='ltr'><strong>Domi-</strong></span> 
     </span>
    </p>
   </div>
   <div class='ocr_carea' id='block_1_65' title="bbox 1968 3417 3534 3493">
    <p class='ocr_par' dir='ltr' id='par_1_65' title="bbox 1968 3417 3534 3493">
     <span class='ocr_line' id='line_1_65' title="bbox 1968 3417 3534 3493; baseline 0.003 -23"><span class='ocrx_word' id='word_1_468' title='bbox 1968 3425 2066 3472; x_wconf 81' lang='lat' dir='ltr'><strong>nus</strong></span> <span class='ocrx_word' id='word_1_469' title='bbox 2094 3434 2268 3472; x_wconf 86' lang='lat' dir='ltr'><strong>omnes</strong></span> <span class='ocrx_word' id='word_1_470' title='bbox 2289 3417 2559 3490; x_wconf 85' lang='lat' dir='ltr'><strong>diligentes</strong></span> <span class='ocrx_word' id='word_1_471' title='bbox 2585 3437 2660 3488; x_wconf 88' lang='lat' dir='ltr'><strong>se,</strong></span> <span class='ocrx_word' id='word_1_472' title='bbox 2676 3431 2723 3476; x_wconf 88' lang='lat' dir='ltr'><strong>et</strong></span> <span class='ocrx_word' id='word_1_473' title='bbox 2737 3437 2913 3476; x_wconf 83' lang='lat' dir='ltr'><strong>omnes</strong></span> <span class='ocrx_word' id='word_1_474' title='bbox 2938 3430 3234 3493; x_wconf 86' lang='lat' dir='ltr'><strong>peccatores</strong></span> <span class='ocrx_word' id='word_1_475' title='bbox 3254 3420 3534 3492; x_wconf 84' lang='lat' dir='ltr'><strong>disperdet.</strong></span> 
     </span>
    </p>
   </div>
   <div class='ocr_carea' id='block_1_66' title="bbox 2041 3503 3542 3583">
    <p class='ocr_par' dir='ltr' id='par_1_66' title="bbox 2041 3503 3542 3583">
     <span class='ocr_line' id='line_1_66' title="bbox 2041 3503 3542 3583; baseline 0.003 -21"><span class='ocrx_word' id='word_1_476' title='bbox 2041 3503 2203 3564; x_wconf 69' lang='lat' dir='ltr'><strong>Vens.</strong></span> <span class='ocrx_word' id='word_1_477' title='bbox 2249 3506 2340 3564; x_wconf 76' lang='lat'><strong>30.</strong></span> <span class='ocrx_word' id='word_1_478' title='bbox 2382 3535 2454 3551; x_wconf 78' lang='grc' dir='ltr'><strong>-ι</strong></span> <span class='ocrx_word' id='word_1_479' title='bbox 2487 3503 2810 3583; x_wconf 71' lang='lat' dir='ltr'><strong>Propterea,</strong></span> <span class='ocrx_word' id='word_1_480' title='bbox 2839 3519 2944 3568; x_wconf 90' lang='lat' dir='ltr'><strong>etc.</strong></span> <span class='ocrx_word' id='word_1_481' title='bbox 2987 3509 3160 3581; x_wconf 93' lang='lat' dir='ltr'><strong>Digna</strong></span> <span class='ocrx_word' id='word_1_482' title='bbox 3207 3508 3377 3580; x_wconf 88' lang='lat' dir='ltr'><strong>ultio,</strong></span> <span class='ocrx_word' id='word_1_483' title='bbox 3407 3516 3542 3576; x_wconf 86' lang='lat' dir='ltr'><strong>etc.,</strong></span> 
     </span>
    </p>
   </div>
   <div class='ocr_carea' id='block_1_67' title="bbox 288 3581 3253 3675">
    <p class='ocr_par' dir='ltr' id='par_1_67' title="bbox 288 3581 3253 3675">
     <span class='ocr_line' id='line_1_67' title="bbox 288 3581 3253 3675; baseline 0.003 -24"><span class='ocrx_word' id='word_1_484' title='bbox 288 3594 672 3671; x_wconf 83' lang='lat' dir='ltr'><strong>peccatoribus</strong></span> <span class='ocrx_word' id='word_1_485' title='bbox 713 3591 975 3655; x_wconf 69' lang='lat' dir='ltr'><strong>Vindicta.</strong></span> <span class='ocrx_word' id='word_1_486' title='bbox 1012 3595 1142 3654; x_wconf 60' lang='lat' dir='ltr'><strong>etc»</strong></span> <span class='ocrx_word' id='word_1_487' title='bbox 1165 3600 1329 3658; x_wconf 63' lang='lat' dir='ltr'><strong>“3W</strong></span> <span class='ocrx_word' id='word_1_488' title='bbox 1360 3584 1430 3638; x_wconf 68' lang='grc' dir='ltr'><strong>σά</strong></span> <span class='ocrx_word' id='word_1_489' title='bbox 1464 3583 1638 3640; x_wconf 70' lang='lat' dir='ltr'><strong>donec</strong></span> <span class='ocrx_word' id='word_1_490' title='bbox 1685 3597 1717 3638; x_wconf 67' lang='grc'><strong>³</strong></span> <span class='ocrx_word' id='word_1_491' title='bbox 1758 3581 1870 3638; x_wconf 65' lang='grc' dir='ltr'><strong>Βο-</strong></span> <span class='ocrx_word' id='word_1_492' title='bbox 1969 3616 2133 3673; x_wconf 88' lang='lat' dir='ltr'><strong>usque</strong></span> <span class='ocrx_word' id='word_1_493' title='bbox 2162 3601 2232 3658; x_wconf 88' lang='lat' dir='ltr'><strong>ad</strong></span> <span class='ocrx_word' id='word_1_494' title='bbox 2249 3609 2384 3658; x_wconf 74' lang='lat' dir='ltr'><strong>testu</strong></span> <span class='ocrx_word' id='word_1_495' title='bbox 2409 3602 2537 3659; x_wconf 90' lang='lat' dir='ltr'><strong>solis</strong></span> <span class='ocrx_word' id='word_1_496' title='bbox 2564 3581 2619 3659; x_wconf 83' lang='lat' dir='ltr'><strong>et</strong></span> <span class='ocrx_word' id='word_1_497' title='bbox 2638 3605 2760 3675; x_wconf 87' lang='lat' dir='ltr'><strong>gelu</strong></span> <span class='ocrx_word' id='word_1_498' title='bbox 2784 3604 2957 3662; x_wconf 90' lang='lat' dir='ltr'><strong>noctis</strong></span> <span class='ocrx_word' id='word_1_499' title='bbox 2983 3611 3253 3660; x_wconf 91' lang='lat' dir='ltr'><strong>ureretur.</strong></span> 
     </span>
    </p>
   </div>
   <div class='ocr_carea' id='block_1_68' title="bbox 283 3678 1400 3762">
    <p class='ocr_par' dir='ltr' id='par_1_68' title="bbox 283 3678 1400 3762">
     <span class='ocr_line' id='line_1_68' title="bbox 283 3678 1400 3762; baseline -0.013 -14"><span class='ocrx_word' id='word_1_500' title='bbox 283 3690 473 3748; x_wconf 75' lang='lat' dir='ltr'><strong>manis</strong></span> <span class='ocrx_word' id='word_1_501' title='bbox 492 3704 589 3762; x_wconf 91' lang='lat' dir='ltr'><strong>per</strong></span> <span class='ocrx_word' id='word_1_502' title='bbox 617 3696 786 3744; x_wconf 86' lang='lat' dir='ltr'><strong>totum</strong></span> <span class='ocrx_word' id='word_1_503' title='bbox 807 3685 997 3742; x_wconf 89' lang='lat' dir='ltr'><strong>orbem</strong></span> <span class='ocrx_word' id='word_1_504' title='bbox 1016 3679 1247 3752; x_wconf 86' lang='lat' dir='ltr'><strong>dispersi</strong></span> <span class='ocrx_word' id='word_1_505' title='bbox 1275 3678 1400 3736; x_wconf 86' lang='lat' dir='ltr'><strong>sint.</strong></span> 
     </span>
    </p>
   </div>
   <div class='ocr_carea' id='block_1_69' title="bbox 368 3766 1866 3841">
    <p class='ocr_par' dir='ltr' id='par_1_69' title="bbox 368 3766 1866 3841">
     <span class='ocr_line' id='line_1_69' title="bbox 368 3766 1866 3841; baseline -0.009 -6"><span class='ocrx_word' id='word_1_506' title='bbox 368 3778 534 3835; x_wconf 72' lang='lat' dir='ltr'><strong>Vens.</strong></span> <span class='ocrx_word' id='word_1_507' title='bbox 573 3777 630 3832; x_wconf 81' lang='lat'><strong>5.</strong></span> <span class='ocrx_word' id='word_1_508' title='bbox 648 3805 722 3818; x_wconf 90' lang='lat'><strong>—</strong></span> <span class='ocrx_word' id='word_1_509' title='bbox 746 3773 934 3832; x_wconf 85' lang='lat' dir='ltr'><strong>Clama</strong></span> <span class='ocrx_word' id='word_1_510' title='bbox 959 3773 1028 3828; x_wconf 88' lang='lat' dir='ltr'><strong>ad</strong></span> <span class='ocrx_word' id='word_1_511' title='bbox 1055 3788 1159 3837; x_wconf 89' lang='lat' dir='ltr'><strong>me,</strong></span> <span class='ocrx_word' id='word_1_512' title='bbox 1189 3778 1239 3825; x_wconf 90' lang='lat' dir='ltr'><strong>et</strong></span> <span class='ocrx_word' id='word_1_513' title='bbox 1280 3785 1374 3841; x_wconf 85' lang='lat' dir='ltr'><strong>ego</strong></span> <span class='ocrx_word' id='word_1_514' title='bbox 1419 3766 1699 3823; x_wconf 70' lang='lat' dir='ltr'><strong>exaudiam</strong></span> <span class='ocrx_word' id='word_1_515' title='bbox 1731 3781 1866 3822; x_wconf 88' lang='lat' dir='ltr'><strong>eum.</strong></span> 
     </span>
    </p>
   </div>
   <div class='ocr_carea' id='block_1_70' title="bbox 291 3863 1872 3941">
    <p class='ocr_par' dir='ltr' id='par_1_70' title="bbox 291 3863 1872 3941">
     <span class='ocr_line' id='line_1_70' title="bbox 291 3863 1872 3941; baseline -0.011 -10"><span class='ocrx_word' id='word_1_516' title='bbox 291 3871 552 3931; x_wconf 81' lang='lat' dir='ltr'><strong>Ostendit</strong></span> <span class='ocrx_word' id='word_1_517' title='bbox 577 3871 723 3941; x_wconf 88' lang='lat' dir='ltr'><strong>quod</strong></span> <span class='ocrx_word' id='word_1_518' title='bbox 738 3881 840 3940; x_wconf 91' lang='lat' dir='ltr'><strong>per</strong></span> <span class='ocrx_word' id='word_1_519' title='bbox 862 3864 1140 3922; x_wconf 89' lang='lat' dir='ltr'><strong>orationes</strong></span> <span class='ocrx_word' id='word_1_520' title='bbox 1165 3863 1552 3932; x_wconf 84' lang='lat' dir='ltr'><strong>prophetarum</strong></span> <span class='ocrx_word' id='word_1_521' title='bbox 1578 3867 1633 3914; x_wconf 89' lang='lat' dir='ltr'><strong>et</strong></span> <span class='ocrx_word' id='word_1_522' title='bbox 1662 3867 1872 3914; x_wconf 87' lang='lat' dir='ltr'><strong>sancto-</strong></span> 
     </span>
    </p>
   </div>
   <div class='ocr_carea' id='block_1_71' title="bbox 2363 3725 3026 3794">
    <p class='ocr_par' dir='ltr' id='par_1_71' title="bbox 2363 3725 3026 3794">
     <span class='ocr_line' id='line_1_71' title="bbox 2363 3725 3026 3794; baseline 0.005 -4"><span class='ocrx_word' id='word_1_523' title='bbox 2363 3784 2374 3790; x_wconf 85' lang='lat'><strong>-</strong></span> <span class='ocrx_word' id='word_1_524' title='bbox 2493 3736 2718 3794; x_wconf 82' lang='lat' dir='ltr'><strong>CAPUT</strong></span> <span class='ocrx_word' id='word_1_525' title='bbox 2761 3725 3026 3793; x_wconf 81' lang='lat' dir='ltr'><strong>XXXVII.</strong></span> 
     </span>
    </p>
   </div>
   <div class='ocr_carea' id='block_1_72' title="bbox 2043 3851 3549 3924">
    <p class='ocr_par' dir='ltr' id='par_1_72' title="bbox 2043 3851 3549 3924">
     <span class='ocr_line' id='line_1_72' title="bbox 2043 3851 3549 3924; baseline 0.001 -16"><span class='ocrx_word' id='word_1_526' title='bbox 2043 3851 2207 3909; x_wconf 72' lang='lat' dir='ltr'><strong>Vens.</strong></span> <span class='ocrx_word' id='word_1_527' title='bbox 2247 3853 2298 3908; x_wconf 86' lang='grc'><strong>1.</strong></span> <span class='ocrx_word' id='word_1_528' title='bbox 2325 3883 2396 3894; x_wconf 87' lang='lat'><strong>--</strong></span> <span class='ocrx_word' id='word_1_529' title='bbox 2424 3852 2495 3908; x_wconf 89' lang='lat' dir='ltr'><strong>Et</strong></span> <span class='ocrx_word' id='word_1_530' title='bbox 2534 3855 2761 3924; x_wconf 78' lang='lat' dir='ltr'><strong>regnavit</strong></span> <span class='ocrx_word' id='word_1_531' title='bbox 2800 3870 2894 3909; x_wconf 75' lang='lat' dir='ltr'><strong>rex</strong></span> <span class='ocrx_word' id='word_1_532' title='bbox 2939 3851 3214 3919; x_wconf 87' lang='lat' dir='ltr'><strong>Sedecias,</strong></span> <span class='ocrx_word' id='word_1_533' title='bbox 3256 3862 3362 3910; x_wconf 93' lang='lat' dir='ltr'><strong>etc.</strong></span> <span class='ocrx_word' id='word_1_534' title='bbox 3394 3852 3549 3922; x_wconf 83' lang='lat' dir='ltr'><strong>Quod</strong></span> 
     </span>
    </p>
   </div>
   <div class='ocr_carea' id='block_1_73' title="bbox 296 3941 3552 4033">
    <p class='ocr_par' dir='ltr' id='par_1_73' title="bbox 296 3941 3552 4033">
     <span class='ocr_line' id='line_1_73' title="bbox 296 3941 3552 4033; baseline -0.007 -11"><span class='ocrx_word' id='word_1_535' title='bbox 296 3980 447 4029; x_wconf 84' lang='lat' dir='ltr'><strong>rum,</strong></span> <span class='ocrx_word' id='word_1_536' title='bbox 477 3962 568 4033; x_wconf 91' lang='lat' dir='ltr'><strong>qui</strong></span> <span class='ocrx_word' id='word_1_537' title='bbox 598 3961 818 4017; x_wconf 87' lang='lat' dir='ltr'><strong>fuerunt</strong></span> <span class='ocrx_word' id='word_1_538' title='bbox 855 3957 910 4011; x_wconf 90' lang='lat' dir='ltr'><strong>in</strong></span> <span class='ocrx_word' id='word_1_539' title='bbox 954 3953 1129 4026; x_wconf 89' lang='lat' dir='ltr'><strong>plebe,</strong></span> <span class='ocrx_word' id='word_1_540' title='bbox 1156 3951 1416 4007; x_wconf 91' lang='lat' dir='ltr'><strong>Dominus</strong></span> <span class='ocrx_word' id='word_1_541' title='bbox 1436 3948 1681 4020; x_wconf 90' lang='lat' dir='ltr'><strong>placatus</strong></span> <span class='ocrx_word' id='word_1_542' title='bbox 1709 3948 1780 4003; x_wconf 88' lang='lat' dir='ltr'><strong>sit</strong></span> <span class='ocrx_word' id='word_1_543' title='bbox 1817 3956 1873 4004; x_wconf 91' lang='lat' dir='ltr'><strong>et</strong></span> <span class='ocrx_word' id='word_1_544' title='bbox 1976 3941 2228 3998; x_wconf 83' lang='lat' dir='ltr'><strong>Sedecias</strong></span> <span class='ocrx_word' id='word_1_545' title='bbox 2271 3951 2394 4014; x_wconf 88' lang='lat' dir='ltr'><strong>post</strong></span> <span class='ocrx_word' id='word_1_546' title='bbox 2433 3942 2698 4010; x_wconf 86' lang='lat' dir='ltr'><strong>Joachim,</strong></span> <span class='ocrx_word' id='word_1_547' title='bbox 2741 3950 2870 4008; x_wconf 90' lang='lat' dir='ltr'><strong>etc.,</strong></span> <span class='ocrx_word' id='word_1_548' title='bbox 2919 3960 3080 4013; x_wconf 83' lang='lat' dir='ltr'><strong>usque</strong></span> <span class='ocrx_word' id='word_1_549' title='bbox 3119 3944 3188 3997; x_wconf 90' lang='lat' dir='ltr'><strong>ad</strong></span> <span class='ocrx_word' id='word_1_550' title='bbox 3233 3945 3328 4000; x_wconf 89' lang='lat' dir='ltr'><strong>sed</strong></span> <span class='ocrx_word' id='word_1_551' title='bbox 3360 3958 3552 4000; x_wconf 87' lang='lat' dir='ltr'><strong>omnes</strong></span> 
     </span>
    </p>
   </div>
   <div class='ocr_carea' id='block_1_74' title="bbox 293 4033 3366 4116">
    <p class='ocr_par' dir='ltr' id='par_1_74' title="bbox 293 4033 3366 4116">
     <span class='ocr_line' id='line_1_74' title="bbox 293 4033 3366 4116; baseline -0.009 0"><span class='ocrx_word' id='word_1_552' title='bbox 293 4055 624 4116; x_wconf 69' lang='lat' dir='ltr'><strong>mvelaverit</strong></span> <span class='ocrx_word' id='word_1_553' title='bbox 643 4054 722 4110; x_wconf 89' lang='lat' dir='ltr'><strong>eis</strong></span> <span class='ocrx_word' id='word_1_554' title='bbox 749 4049 1117 4107; x_wconf 79' lang='lat' dir='ltr'><strong>reversionem</strong></span> <span class='ocrx_word' id='word_1_555' title='bbox 1142 4046 1196 4100; x_wconf 89' lang='lat' dir='ltr'><strong>in</strong></span> <span class='ocrx_word' id='word_1_556' title='bbox 1219 4053 1420 4102; x_wconf 90' lang='lat' dir='ltr'><strong>terram</strong></span> <span class='ocrx_word' id='word_1_557' title='bbox 1443 4041 1874 4110; x_wconf 69' lang='lat' dir='ltr'><strong>suam,qute‘ad-</strong></span> <span class='ocrx_word' id='word_1_558' title='bbox 1974 4034 2144 4105; x_wconf 85' lang='lat' dir='ltr'><strong>iniqui</strong></span> <span class='ocrx_word' id='word_1_559' title='bbox 2179 4033 2396 4090; x_wconf 81' lang='lat' dir='ltr'><strong>fuerunt</strong></span> <span class='ocrx_word' id='word_1_560' title='bbox 2417 4042 2472 4090; x_wconf 93' lang='lat' dir='ltr'><strong>et</strong></span> <span class='ocrx_word' id='word_1_561' title='bbox 2491 4034 2812 4099; x_wconf 76' lang='lat' dir='ltr'><strong>idololatrze,</strong></span> <span class='ocrx_word' id='word_1_562' title='bbox 2848 4041 2905 4088; x_wconf 90' lang='lat' dir='ltr'><strong>et</strong></span> <span class='ocrx_word' id='word_1_563' title='bbox 2934 4033 3054 4088; x_wconf 88' lang='lat' dir='ltr'><strong>ideo</strong></span> <span class='ocrx_word' id='word_1_564' title='bbox 3073 4034 3366 4106; x_wconf 88' lang='lat' dir='ltr'><strong>perierunt.</strong></span> 
     </span>
    </p>
   </div>
   <div class='ocr_carea' id='block_1_75' title="bbox 295 4123 3554 4208">
    <p class='ocr_par' dir='ltr' id='par_1_75' title="bbox 295 4123 3554 4208">
     <span class='ocr_line' id='line_1_75' title="bbox 295 4123 3554 4208; baseline -0.008 -1"><span class='ocrx_word' id='word_1_565' title='bbox 295 4152 411 4208; x_wconf 80' lang='lat' dir='ltr'><strong>huc</strong></span> <span class='ocrx_word' id='word_1_566' title='bbox 439 4147 645 4204; x_wconf 88' lang='lat' dir='ltr'><strong>occulta</strong></span> <span class='ocrx_word' id='word_1_567' title='bbox 671 4142 891 4198; x_wconf 87' lang='lat' dir='ltr'><strong>latebat.</strong></span> <span class='ocrx_word' id='word_1_568' title='bbox 2047 4124 2211 4181; x_wconf 70' lang='lat' dir='ltr'><strong>Vens.</strong></span> <span class='ocrx_word' id='word_1_569' title='bbox 2237 4127 2373 4180; x_wconf 76' lang='lat'><strong>5.-—-</strong></span> <span class='ocrx_word' id='word_1_570' title='bbox 2397 4123 2507 4180; x_wconf 90' lang='lat' dir='ltr'><strong>Ora</strong></span> <span class='ocrx_word' id='word_1_571' title='bbox 2531 4141 2642 4195; x_wconf 87' lang='lat' dir='ltr'><strong>pro.</strong></span> <span class='ocrx_word' id='word_1_572' title='bbox 2669 4124 3018 4194; x_wconf 87' lang='lat' dir='ltr'><strong>Nequaquam</strong></span> <span class='ocrx_word' id='word_1_573' title='bbox 3057 4139 3158 4193; x_wconf 90' lang='lat' dir='ltr'><strong>pro</strong></span> <span class='ocrx_word' id='word_1_574' title='bbox 3185 4139 3242 4180; x_wconf 88' lang='lat' dir='ltr'><strong>se</strong></span> <span class='ocrx_word' id='word_1_575' title='bbox 3270 4139 3427 4179; x_wconf 90' lang='lat' dir='ltr'><strong>orare</strong></span> <span class='ocrx_word' id='word_1_576' title='bbox 3459 4139 3554 4194; x_wconf 84' lang='lat' dir='ltr'><strong>po-</strong></span> 
     </span>
    </p>
   </div>
   <div class='ocr_carea' id='block_1_76' title="bbox 373 4213 3548 4298">
    <p class='ocr_par' dir='ltr' id='par_1_76' title="bbox 373 4213 3548 4298">
     <span class='ocr_line' id='line_1_76' title="bbox 373 4213 3548 4298; baseline -0.009 1"><span class='ocrx_word' id='word_1_577' title='bbox 373 4242 526 4298; x_wconf 84' lang='lat' dir='ltr'><strong>Nunc</strong></span> <span class='ocrx_word' id='word_1_578' title='bbox 547 4248 725 4296; x_wconf 89' lang='lat' dir='ltr'><strong>autem</strong></span> <span class='ocrx_word' id='word_1_579' title='bbox 757 4237 955 4294; x_wconf 89' lang='lat' dir='ltr'><strong>dicitur</strong></span> <span class='ocrx_word' id='word_1_580' title='bbox 983 4253 997 4288; x_wconf 90' lang='lat'><strong>:</strong></span> <span class='ocrx_word' id='word_1_581' title='bbox 1024 4231 1208 4288; x_wconf 87' lang='lat' dir='ltr'><strong>Clama</strong></span> <span class='ocrx_word' id='word_1_582' title='bbox 1225 4231 1293 4284; x_wconf 90' lang='lat' dir='ltr'><strong>ad</strong></span> <span class='ocrx_word' id='word_1_583' title='bbox 1313 4245 1415 4294; x_wconf 88' lang='lat' dir='ltr'><strong>me,</strong></span> <span class='ocrx_word' id='word_1_584' title='bbox 1431 4225 1774 4282; x_wconf 77' lang='lat' dir='ltr'><strong>etexaudiam</strong></span> <span class='ocrx_word' id='word_1_585' title='bbox 1803 4232 1873 4279; x_wconf 89' lang='lat' dir='ltr'><strong>te.</strong></span> <span class='ocrx_word' id='word_1_586' title='bbox 1979 4218 2216 4282; x_wconf 86' lang='lat' dir='ltr'><strong>stulavit,</strong></span> <span class='ocrx_word' id='word_1_587' title='bbox 2247 4218 2372 4286; x_wconf 89' lang='lat' dir='ltr'><strong>quia</strong></span> <span class='ocrx_word' id='word_1_588' title='bbox 2405 4217 2605 4272; x_wconf 89' lang='lat' dir='ltr'><strong>divinis</strong></span> <span class='ocrx_word' id='word_1_589' title='bbox 2633 4216 2904 4272; x_wconf 82' lang='lat' dir='ltr'><strong>mandatis</strong></span> <span class='ocrx_word' id='word_1_590' title='bbox 2925 4216 3298 4286; x_wconf 87' lang='lat' dir='ltr'><strong>obtemperare</strong></span> <span class='ocrx_word' id='word_1_591' title='bbox 3328 4213 3500 4270; x_wconf 77' lang='lat' dir='ltr'><strong>noluit</strong></span> <span class='ocrx_word' id='word_1_592' title='bbox 3533 4233 3548 4269; x_wconf 92' lang='lat'><strong>:</strong></span> 
     </span>
    </p>
   </div>
   <div class='ocr_carea' id='block_1_77' title="bbox 293 4307 3550 4404">
    <p class='ocr_par' dir='ltr' id='par_1_77' title="bbox 293 4307 3550 4404">
     <span class='ocr_line' id='line_1_77' title="bbox 293 4307 3550 4404; baseline -0.008 -15"><span class='ocrx_word' id='word_1_593' title='bbox 293 4333 444 4404; x_wconf 73' lang='lat' dir='ltr'><strong>Quia</strong></span> <span class='ocrx_word' id='word_1_594' title='bbox 483 4331 862 4388; x_wconf 78' lang='lat' dir='ltr'><strong>imminentem</strong></span> <span class='ocrx_word' id='word_1_595' title='bbox 907 4323 1275 4396; x_wconf 78' lang='lat' dir='ltr'><strong>captivitatem</strong></span> <span class='ocrx_word' id='word_1_596' title='bbox 1326 4318 1586 4375; x_wconf 91' lang='lat' dir='ltr'><strong>Dominus</strong></span> <span class='ocrx_word' id='word_1_597' title='bbox 1631 4322 1878 4371; x_wconf 86' lang='lat' dir='ltr'><strong>avertere</strong></span> <span class='ocrx_word' id='word_1_598' title='bbox 1980 4312 2240 4380; x_wconf 75' lang='lat' dir='ltr'><strong>Quienim</strong></span> <span class='ocrx_word' id='word_1_599' title='bbox 2265 4311 2646 4366; x_wconf 85' lang='lat' dir='ltr'><strong>avertitaurcm</strong></span> <span class='ocrx_word' id='word_1_600' title='bbox 2674 4325 2827 4365; x_wconf 86' lang='lat' dir='ltr'><strong>suam</strong></span> <span class='ocrx_word' id='word_1_601' title='bbox 2863 4325 2927 4364; x_wconf 89' lang='lat' dir='ltr'><strong>ne</strong></span> <span class='ocrx_word' id='word_1_602' title='bbox 2955 4307 3138 4364; x_wconf 89' lang='lat' dir='ltr'><strong>audiat</strong></span> <span class='ocrx_word' id='word_1_603' title='bbox 3172 4307 3355 4380; x_wconf 84' lang='lat' dir='ltr'><strong>legem,</strong></span> <span class='ocrx_word' id='word_1_604' title='bbox 3381 4308 3550 4364; x_wconf 86' lang='lat' dir='ltr'><strong>oratio</strong></span> 
     </span>
    </p>
   </div>
   <div class='ocr_carea' id='block_1_78' title="bbox 298 4401 3058 4493">
    <p class='ocr_par' dir='ltr' id='par_1_78' title="bbox 298 4401 3058 4493">
     <span class='ocr_line' id='line_1_78' title="bbox 298 4401 3058 4493; baseline -0.012 -10"><span class='ocrx_word' id='word_1_605' title='bbox 298 4401 513 4491; x_wconf 70' lang='lat' dir='ltr'><strong>noluit,</strong></span> <span class='ocrx_word' id='word_1_606' title='bbox 554 4432 615 4479; x_wconf 90' lang='lat' dir='ltr'><strong>ut</strong></span> <span class='ocrx_word' id='word_1_607' title='bbox 650 4421 884 4493; x_wconf 89' lang='lat' dir='ltr'><strong>primum</strong></span> <span class='ocrx_word' id='word_1_608' title='bbox 923 4416 1192 4474; x_wconf 88' lang='lat' dir='ltr'><strong>solverent</strong></span> <span class='ocrx_word' id='word_1_609' title='bbox 1231 4425 1448 4484; x_wconf 69' lang='lat' dir='ltr'><strong>poenam</strong></span> <span class='ocrx_word' id='word_1_610' title='bbox 1501 4407 1708 4480; x_wconf 90' lang='lat' dir='ltr'><strong>peccati</strong></span> <span class='ocrx_word' id='word_1_611' title='bbox 1759 4406 1873 4473; x_wconf 87' lang='lat' dir='ltr'><strong>sui;</strong></span> <span class='ocrx_word' id='word_1_612' title='bbox 1978 4403 2094 4474; x_wconf 84' lang='lat' dir='ltr'><strong>ejus</strong></span> <span class='ocrx_word' id='word_1_613' title='bbox 2121 4403 2219 4456; x_wconf 87' lang='lat' dir='ltr'><strong>erit</strong></span> <span class='ocrx_word' id='word_1_614' title='bbox 2239 4401 2591 4458; x_wconf 77' lang='lat' dir='ltr'><strong>exsecrabilis.</strong></span> <span class='ocrx_word' id='word_1_615' title='bbox 2730 4434 2732 4436; x_wconf 59' lang='grc' dir='ltr'><strong><em>τ</em></strong></span> <span class='ocrx_word' id='word_1_616' title='bbox 3037 4446 3058 4466; x_wconf 44' lang='grc' dir='ltr'>δ</span> 
     </span>
    </p>
   </div>
   <div class='ocr_carea' id='block_1_79' title="bbox 299 4493 3555 4592">
    <p class='ocr_par' dir='ltr' id='par_1_79' title="bbox 299 4493 3555 4592">
     <span class='ocr_line' id='line_1_79' title="bbox 299 4493 3555 4592; baseline -0.006 -20"><span class='ocrx_word' id='word_1_617' title='bbox 299 4521 496 4592; x_wconf 66' lang='lat' dir='ltr'><strong>postea</strong></span> <span class='ocrx_word' id='word_1_618' title='bbox 519 4525 654 4592; x_wconf 79' lang='lat' dir='ltr'><strong>vero</strong></span> <span class='ocrx_word' id='word_1_619' title='bbox 697 4507 1062 4568; x_wconf 84' lang='lat' dir='ltr'><strong>reversionem</strong></span> <span class='ocrx_word' id='word_1_620' title='bbox 1102 4519 1210 4560; x_wconf 89' lang='lat' dir='ltr'><strong>non</strong></span> <span class='ocrx_word' id='word_1_621' title='bbox 1235 4500 1468 4574; x_wconf 87' lang='lat' dir='ltr'><strong>negavit,</strong></span> <span class='ocrx_word' id='word_1_622' title='bbox 1509 4513 1671 4570; x_wconf 90' lang='lat' dir='ltr'><strong>quam</strong></span> <span class='ocrx_word' id='word_1_623' title='bbox 1715 4495 1875 4553; x_wconf 92' lang='lat' dir='ltr'><strong>modo</strong></span> <span class='ocrx_word' id='word_1_624' title='bbox 1904 4556 1958 4592; x_wconf 64' lang='grc' dir='ltr'>ῃ</span> <span class='ocrx_word' id='word_1_625' title='bbox 2055 4497 2216 4553; x_wconf 78' lang='lat' dir='ltr'><strong>Vens.</strong></span> <span class='ocrx_word' id='word_1_626' title='bbox 2247 4496 2314 4552; x_wconf 72' lang='grc'><strong>4.·</strong></span> <span class='ocrx_word' id='word_1_627' title='bbox 2359 4527 2430 4538; x_wconf 92' lang='lat'><strong>-—</strong></span> <span class='ocrx_word' id='word_1_628' title='bbox 2462 4497 2636 4568; x_wconf 83' lang='lat' dir='ltr'><strong>Igitur</strong></span> <span class='ocrx_word' id='word_1_629' title='bbox 2670 4498 2946 4554; x_wconf 75' lang='lat' dir='ltr'><strong>exercitus.</strong></span> <span class='ocrx_word' id='word_1_630' title='bbox 2987 4495 3269 4566; x_wconf 88' lang='lat' dir='ltr'><strong>Quomodo</strong></span> <span class='ocrx_word' id='word_1_631' title='bbox 3316 4493 3555 4592; x_wconf 72' lang='lat' dir='ltr'><strong>Chaldaei</strong></span> 
     </span>
    </p>
   </div>
   <div class='ocr_carea' id='block_1_80' title="bbox 301 4583 3556 4686">
    <p class='ocr_par' dir='ltr' id='par_1_80' title="bbox 301 4583 3556 4686">
     <span class='ocr_line' id='line_1_80' title="bbox 301 4583 3556 4686; baseline -0.005 -28"><span class='ocrx_word' id='word_1_632' title='bbox 301 4583 594 4686; x_wconf 44' lang='lat' dir='ltr'><strong>imminit.</strong></span> <span class='ocrx_word' id='word_1_633' title='bbox 629 4583 646 4604; x_wconf 75' lang='grc'><strong>⁸</strong></span> <span class='ocrx_word' id='word_1_634' title='bbox 1905 4583 1958 4616; x_wconf 79' lang='grc' dir='ltr'><strong>ν</strong></span> <span class='ocrx_word' id='word_1_635' title='bbox 1983 4591 2290 4658; x_wconf 89' lang='lat' dir='ltr'><strong>solverunt,</strong></span> <span class='ocrx_word' id='word_1_636' title='bbox 2316 4598 2447 4660; x_wconf 91' lang='lat' dir='ltr'><strong>etc.,</strong></span> <span class='ocrx_word' id='word_1_637' title='bbox 2474 4608 2634 4664; x_wconf 82' lang='lat' dir='ltr'><strong>usque</strong></span> <span class='ocrx_word' id='word_1_638' title='bbox 2664 4592 2733 4646; x_wconf 87' lang='lat' dir='ltr'><strong>ad</strong></span> <span class='ocrx_word' id='word_1_639' title='bbox 2762 4591 3026 4648; x_wconf 85' lang='lat' dir='ltr'><strong>Jeremias</strong></span> <span class='ocrx_word' id='word_1_640' title='bbox 3049 4605 3180 4647; x_wconf 84' lang='lat' dir='ltr'><strong>vero</strong></span> <span class='ocrx_word' id='word_1_641' title='bbox 3208 4588 3478 4647; x_wconf 89' lang='lat' dir='ltr'><strong>contraria</strong></span> <span class='ocrx_word' id='word_1_642' title='bbox 3497 4585 3556 4670; x_wconf 71' lang='lat' dir='ltr'><strong>et</strong></span> 
     </span>
    </p>
   </div>
   <div class='ocr_carea' id='block_1_81' title="bbox 379 4678 1867 4761">
    <p class='ocr_par' dir='ltr' id='par_1_81' title="bbox 379 4678 1867 4761">
     <span class='ocr_line' id='line_1_81' title="bbox 379 4678 1867 4761; baseline -0.019 0"><span class='ocrx_word' id='word_1_643' title='bbox 379 4704 546 4761; x_wconf 69' lang='lat' dir='ltr'><strong>Vens.</strong></span> <span class='ocrx_word' id='word_1_644' title='bbox 577 4695 664 4758; x_wconf 77' lang='grc'><strong>10.</strong></span> <span class='ocrx_word' id='word_1_645' title='bbox 693 4699 764 4740; x_wconf 63' lang='grc' dir='ltr'><strong>-έ-</strong></span> <span class='ocrx_word' id='word_1_646' title='bbox 785 4695 972 4750; x_wconf 73' lang='lat' dir='ltr'><strong>Adhuc</strong></span> <span class='ocrx_word' id='word_1_647' title='bbox 1012 4691 1259 4747; x_wconf 85' lang='lat' dir='ltr'><strong>audietur</strong></span> <span class='ocrx_word' id='word_1_648' title='bbox 1295 4678 1353 4741; x_wconf 89' lang='lat' dir='ltr'><strong>in</strong></span> <span class='ocrx_word' id='word_1_649' title='bbox 1376 4685 1489 4740; x_wconf 90' lang='lat' dir='ltr'><strong>loco</strong></span> <span class='ocrx_word' id='word_1_650' title='bbox 1512 4685 1632 4747; x_wconf 83' lang='lat' dir='ltr'><strong>isto,</strong></span> <span class='ocrx_word' id='word_1_651' title='bbox 1663 4690 1768 4736; x_wconf 90' lang='lat' dir='ltr'><strong>etc.</strong></span> <span class='ocrx_word' id='word_1_652' title='bbox 1805 4679 1867 4734; x_wconf 66' lang='lat' dir='ltr'><strong>Ne</strong></span> 
     </span>
    </p>
   </div>
   <div class='ocr_carea' id='block_1_82' title="bbox 1964 4678 2492 4761">
    <p class='ocr_par' dir='ltr' id='par_1_82' title="bbox 1985 4681 2492 4754">
     <span class='ocr_line' id='line_1_82' title="bbox 1985 4681 2492 4754; baseline -0.004 -16"><span class='ocrx_word' id='word_1_653' title='bbox 1985 4696 2111 4738; x_wconf 86' lang='lat' dir='ltr'><strong>vera</strong></span> <span class='ocrx_word' id='word_1_654' title='bbox 2135 4681 2492 4754; x_wconf 89' lang='lat' dir='ltr'><strong>prophetavit.</strong></span> 
     </span>
    </p>
   </div>
   <div class='ocr_carea' id='block_1_83' title="bbox 305 4769 1882 4863">
    <p class='ocr_par' dir='ltr' id='par_1_83' title="bbox 305 4769 1882 4863">
     <span class='ocr_line' id='line_1_83' title="bbox 305 4769 1882 4863; baseline -0.018 -11"><span class='ocrx_word' id='word_1_655' title='bbox 305 4796 599 4863; x_wconf 83' lang='lat' dir='ltr'><strong>desperent</strong></span> <span class='ocrx_word' id='word_1_656' title='bbox 623 4787 791 4846; x_wconf 70' lang='lat' dir='ltr'><strong>Judaei</strong></span> <span class='ocrx_word' id='word_1_657' title='bbox 818 4792 1043 4858; x_wconf 92' lang='lat' dir='ltr'><strong>propter</strong></span> <span class='ocrx_word' id='word_1_658' title='bbox 1071 4782 1245 4837; x_wconf 90' lang='lat' dir='ltr'><strong>minas</strong></span> <span class='ocrx_word' id='word_1_659' title='bbox 1279 4785 1336 4834; x_wconf 90' lang='lat' dir='ltr'><strong>et</strong></span> <span class='ocrx_word' id='word_1_660' title='bbox 1362 4774 1711 4846; x_wconf 90' lang='lat' dir='ltr'><strong>captivitates</strong></span> <span class='ocrx_word' id='word_1_661' title='bbox 1737 4769 1882 4826; x_wconf 82' lang='lat' dir='ltr'><strong>futu-</strong></span> 
     </span>
    </p>
   </div>
   <div class='ocr_carea' id='block_1_84' title="bbox 303 4864 1881 4953">
    <p class='ocr_par' dir='ltr' id='par_1_84' title="bbox 303 4864 1881 4953">
     <span class='ocr_line' id='line_1_84' title="bbox 303 4864 1881 4953; baseline -0.018 -8"><span class='ocrx_word' id='word_1_662' title='bbox 303 4901 421 4953; x_wconf 73' lang='lat' dir='ltr'><strong>ras,</strong></span> <span class='ocrx_word' id='word_1_663' title='bbox 445 4879 856 4940; x_wconf 87' lang='lat' dir='ltr'><strong>restaurationis</strong></span> <span class='ocrx_word' id='word_1_664' title='bbox 876 4878 1018 4934; x_wconf 89' lang='lat' dir='ltr'><strong>bona</strong></span> <span class='ocrx_word' id='word_1_665' title='bbox 1043 4872 1331 4946; x_wconf 90' lang='lat' dir='ltr'><strong>promittit,</strong></span> <span class='ocrx_word' id='word_1_666' title='bbox 1359 4878 1419 4925; x_wconf 91' lang='lat' dir='ltr'><strong>ut</strong></span> <span class='ocrx_word' id='word_1_667' title='bbox 1451 4869 1622 4933; x_wconf 91' lang='lat' dir='ltr'><strong>locus,</strong></span> <span class='ocrx_word' id='word_1_668' title='bbox 1651 4864 1740 4935; x_wconf 91' lang='lat' dir='ltr'><strong>qui</strong></span> <span class='ocrx_word' id='word_1_669' title='bbox 1790 4865 1881 4920; x_wconf 89' lang='lat' dir='ltr'><strong>de-</strong></span> 
     </span>
    </p>
   </div>
   <div class='ocr_carea' id='block_1_85' title="bbox 261 4963 1883 5045">
    <p class='ocr_par' dir='ltr' id='par_1_85' title="bbox 261 4963 1883 5045">
     <span class='ocr_line' id='line_1_85' title="bbox 261 4963 1883 5045; baseline -0.015 -9"><span class='ocrx_word' id='word_1_670' title='bbox 261 4981 274 4988; x_wconf 78' lang='lat'><strong>‘</strong></span> <span class='ocrx_word' id='word_1_671' title='bbox 306 4986 487 5035; x_wconf 79' lang='lat' dir='ltr'><strong>set-tus</strong></span> <span class='ocrx_word' id='word_1_672' title='bbox 516 4977 692 5032; x_wconf 79' lang='lat' dir='ltr'><strong>fuerat</strong></span> <span class='ocrx_word' id='word_1_673' title='bbox 726 4981 952 5045; x_wconf 88' lang='lat' dir='ltr'><strong>propter</strong></span> <span class='ocrx_word' id='word_1_674' title='bbox 993 4968 1199 5025; x_wconf 89' lang='lat' dir='ltr'><strong>scelera</strong></span> <span class='ocrx_word' id='word_1_675' title='bbox 1246 4963 1632 5025; x_wconf 86' lang='lat' dir='ltr'><strong>habitatorum,</strong></span> <span class='ocrx_word' id='word_1_676' title='bbox 1657 4965 1883 5030; x_wconf 87' lang='lat' dir='ltr'><strong>propter</strong></span> 
     </span>
    </p>
   </div>
   <div class='ocr_carea' id='block_1_86' title="bbox 306 5053 1572 5126">
    <p class='ocr_par' dir='ltr' id='par_1_86' title="bbox 306 5053 1572 5126">
     <span class='ocr_line' id='line_1_86' title="bbox 306 5053 1572 5126; baseline -0.016 0"><span class='ocrx_word' id='word_1_677' title='bbox 306 5067 702 5126; x_wconf 85' lang='lat' dir='ltr'><strong>correctionem</strong></span> <span class='ocrx_word' id='word_1_678' title='bbox 727 5073 784 5122; x_wconf 89' lang='lat' dir='ltr'><strong>et</strong></span> <span class='ocrx_word' id='word_1_679' title='bbox 807 5062 1234 5121; x_wconf 88' lang='lat' dir='ltr'><strong>emendationem</strong></span> <span class='ocrx_word' id='word_1_680' title='bbox 1255 5053 1572 5126; x_wconf 86' lang='lat' dir='ltr'><strong>habitetur.|</strong></span> 
     </span>
    </p>
   </div>
   <div class='ocr_carea' id='block_1_87' title="bbox 2497 4815 3041 4874">
    <p class='ocr_par' dir='ltr' id='par_1_87' title="bbox 2497 4815 3041 4874">
     <span class='ocr_line' id='line_1_87' title="bbox 2497 4815 3041 4874; baseline -0.007 -1"><span class='ocrx_word' id='word_1_681' title='bbox 2497 4815 2721 4874; x_wconf 81' lang='lat' dir='ltr'><strong>CAPUT</strong></span> <span class='ocrx_word' id='word_1_682' title='bbox 2758 4815 3041 4872; x_wconf 81' lang='lat' dir='ltr'><strong>XXXVIII.</strong></span> 
     </span>
    </p>
   </div>
   <div class='ocr_carea' id='block_1_88' title="bbox 2055 4925 3561 4994">
    <p class='ocr_par' dir='ltr' id='par_1_88' title="bbox 2055 4925 3561 4994">
     <span class='ocr_line' id='line_1_88' title="bbox 2055 4925 3561 4994; baseline -0.005 -4"><span class='ocrx_word' id='word_1_683' title='bbox 2055 4932 2216 4990; x_wconf 72' lang='lat' dir='ltr'><strong>Vane.</strong></span> <span class='ocrx_word' id='word_1_684' title='bbox 2261 4932 2317 4989; x_wconf 79' lang='lat'><strong>5.</strong></span> <span class='ocrx_word' id='word_1_685' title='bbox 2363 4962 2435 4975; x_wconf 91' lang='lat'>—</span> <span class='ocrx_word' id='word_1_686' title='bbox 2477 4931 2550 4988; x_wconf 86' lang='lat' dir='ltr'><strong>Et</strong></span> <span class='ocrx_word' id='word_1_687' title='bbox 2589 4931 2714 4987; x_wconf 74' lang='lat' dir='ltr'><strong>dicit</strong></span> <span class='ocrx_word' id='word_1_688' title='bbox 2763 4946 2855 4986; x_wconf 71' lang='lat' dir='ltr'><strong>rex</strong></span> <span class='ocrx_word' id='word_1_689' title='bbox 2903 4926 3182 4994; x_wconf 85' lang='lat' dir='ltr'><strong>Sedecias,</strong></span> <span class='ocrx_word' id='word_1_690' title='bbox 3239 4934 3344 4982; x_wconf 87' lang='lat' dir='ltr'><strong>etc.</strong></span> <span class='ocrx_word' id='word_1_691' title='bbox 3396 4925 3561 4982; x_wconf 81' lang='lat' dir='ltr'><strong>Pater</strong></span> 
     </span>
    </p>
   </div>
   <div class='ocr_carea' id='block_1_89' title="bbox 1990 5013 3556 5095">
    <p class='ocr_par' dir='ltr' id='par_1_89' title="bbox 1990 5013 3556 5095">
     <span class='ocr_line' id='line_1_89' title="bbox 1990 5013 3556 5095; baseline -0.007 -16"><span class='ocrx_word' id='word_1_692' title='bbox 1990 5019 2272 5079; x_wconf 89' lang='lat' dir='ltr'><strong>Sedeciam</strong></span> <span class='ocrx_word' id='word_1_693' title='bbox 2294 5023 2410 5080; x_wconf 87' lang='lat' dir='ltr'><strong>sine</strong></span> <span class='ocrx_word' id='word_1_694' title='bbox 2427 5037 2564 5095; x_wconf 90' lang='lat' dir='ltr'><strong>puro</strong></span> <span class='ocrx_word' id='word_1_695' title='bbox 2576 5021 2788 5087; x_wconf 77' lang='lat' dir='ltr'><strong>affectu,</strong></span> <span class='ocrx_word' id='word_1_696' title='bbox 2810 5027 2939 5083; x_wconf 91' lang='lat' dir='ltr'><strong>etc.,</strong></span> <span class='ocrx_word' id='word_1_697' title='bbox 2966 5033 3129 5088; x_wconf 82' lang='lat' dir='ltr'><strong>usque</strong></span> <span class='ocrx_word' id='word_1_698' title='bbox 3140 5015 3208 5071; x_wconf 84' lang='lat' dir='ltr'><strong>ad</strong></span> <span class='ocrx_word' id='word_1_699' title='bbox 3221 5013 3412 5070; x_wconf 88' lang='lat' dir='ltr'><strong>Postea</strong></span> <span class='ocrx_word' id='word_1_700' title='bbox 3426 5029 3556 5069; x_wconf 88' lang='lat' dir='ltr'><strong>vero</strong></span> 
     </span>
    </p>
   </div>
   <div class='ocr_carea' id='block_1_90' title="bbox 306 5107 1867 5220">
    <p class='ocr_par' dir='ltr' id='par_1_90' title="bbox 306 5107 1867 5220">
     <span class='ocr_line' id='line_1_90' title="bbox 306 5107 1867 5220; baseline -0.011 -7"><span class='ocrx_word' id='word_1_701' title='bbox 306 5107 784 5212; x_wconf 57' lang='grc' dir='ltr'><strong>Ἵέζέἶῖἒῗζῖ</strong></span> <span class='ocrx_word' id='word_1_702' title='bbox 808 5107 1456 5220; x_wconf 53' lang='grc' dir='ltr'><strong>’.ἶέἔιὶῖιῖιξὲἷιὲἷιᾞνέζιίιῆι’.⁷</strong></span> <span class='ocrx_word' id='word_1_703' title='bbox 1470 5107 1678 5214; x_wconf 69' lang='lat' dir='ltr'><strong>Creges</strong></span> <span class='ocrx_word' id='word_1_704' title='bbox 1704 5141 1867 5198; x_wconf 83' lang='lat' dir='ltr'><strong>Eecle</strong></span> 
     </span>
    </p>
   </div>
   <div class='ocr_carea' id='block_1_91' title="bbox 1964 5107 3554 5220">
    <p class='ocr_par' dir='ltr' id='par_1_91' title="bbox 1989 5107 3554 5188">
     <span class='ocr_line' id='line_1_91' title="bbox 1989 5107 3554 5188; baseline -0.007 -16"><span class='ocrx_word' id='word_1_705' title='bbox 1989 5115 2317 5188; x_wconf 80' lang='lat' dir='ltr'><strong>ﬂagellatum</strong></span> <span class='ocrx_word' id='word_1_706' title='bbox 2349 5117 2570 5173; x_wconf 88' lang='lat' dir='ltr'><strong>tradidit</strong></span> <span class='ocrx_word' id='word_1_707' title='bbox 2589 5129 2712 5171; x_wconf 90' lang='lat' dir='ltr'><strong>eum</strong></span> <span class='ocrx_word' id='word_1_708' title='bbox 2749 5112 2980 5177; x_wconf 72' lang='lat' dir='ltr'><strong>Judteis,</strong></span> <span class='ocrx_word' id='word_1_709' title='bbox 3029 5118 3088 5166; x_wconf 93' lang='lat' dir='ltr'><strong>ut</strong></span> <span class='ocrx_word' id='word_1_710' title='bbox 3128 5107 3554 5179; x_wconf 81' lang='lat' dir='ltr'><strong>cruciﬁgeretur.</strong></span> 
     </span>
    </p>
   </div>
   <div class='ocr_carea' id='block_1_92' title="bbox 307 5197 3562 5316">
    <p class='ocr_par' dir='ltr' id='par_1_92' title="bbox 307 5197 3562 5316">
     <span class='ocr_line' id='line_1_92' title="bbox 307 5197 3562 5316; baseline -0.007 -9"><span class='ocrx_word' id='word_1_711' title='bbox 307 5197 675 5314; x_wconf 44' lang='lat' dir='ltr'><strong>milites“</strong></span> <span class='ocrx_word' id='word_1_712' title='bbox 699 5197 768 5302; x_wconf 82' lang='lat' dir='ltr'><strong>de</strong></span> <span class='ocrx_word' id='word_1_713' title='bbox 790 5197 1777 5316; x_wconf 42' lang='lat' dir='ltr'><strong>angulsggzga;&#39;.;..,&quot;...,..</strong></span> <span class='ocrx_word' id='word_1_714' title='bbox 1794 5197 1882 5287; x_wconf 80' lang='lat' dir='ltr'><strong>ad</strong></span> <span class='ocrx_word' id='word_1_715' title='bbox 2057 5207 2226 5313; x_wconf 50' lang='lat' dir='ltr'><strong>Far-s-</strong></span> <span class='ocrx_word' id='word_1_716' title='bbox 2255 5207 2310 5264; x_wconf 86' lang='lat'><strong>7-</strong></span> <span class='ocrx_word' id='word_1_717' title='bbox 2336 5237 2408 5313; x_wconf 70' lang='grc' dir='ltr'><strong>-τ</strong></span> <span class='ocrx_word' id='word_1_718' title='bbox 2437 5207 2670 5316; x_wconf 46' lang='lat' dir='ltr'><strong>Audiet</strong></span> <span class='ocrx_word' id='word_1_719' title='bbox 2686 5201 3251 5316; x_wconf 52' lang='grc' dir='ltr'><strong>ααιεπξέξξξνξιειςξίξο</strong></span> <span class='ocrx_word' id='word_1_720' title='bbox 3298 5197 3462 5316; x_wconf 45' lang='lat' dir='ltr'><strong>ﬁgi</strong></span> <span class='ocrx_word' id='word_1_721' title='bbox 3482 5199 3562 5316; x_wconf 63' lang='lat' dir='ltr'><strong>[&quot;j</strong></span> 
     </span>
    </p>
   </div>
   <div class='ocr_carea' id='block_1_93' title="bbox 313 5293 3561 5408">
    <p class='ocr_par' dir='ltr' id='par_1_93' title="bbox 313 5293 3561 5408">
     <span class='ocr_line' id='line_1_93' title="bbox 313 5293 3561 5408; baseline -0.016 -10"><span class='ocrx_word' id='word_1_722' title='bbox 1332 5293 1616 5385; x_wconf 43' lang='lat' dir='ltr'><strong>et&#39;ovium</strong></span> <span class='ocrx_word' id='word_1_723' title='bbox 1660 5293 1882 5380; x_wconf 71' lang='lat' dir='ltr'><strong>suarum</strong></span> <span class='ocrx_word' id='word_1_724' title='bbox 1986 5301 2288 5408; x_wconf 66' lang='lat' dir='ltr'><strong>PriﬂcipeS.</strong></span> <span class='ocrx_word' id='word_1_725' title='bbox 2428 5299 2765 5408; x_wconf 68' lang='lat' dir='ltr'><strong>prophetam</strong></span> <span class='ocrx_word' id='word_1_726' title='bbox 2797 5298 3101 5408; x_wconf 66' lang='lat' dir='ltr'><strong>miserunt,</strong></span> <span class='ocrx_word' id='word_1_727' title='bbox 3147 5302 3275 5361; x_wconf 86' lang='lat' dir='ltr'><strong>etc.,</strong></span> <span class='ocrx_word' id='word_1_728' title='bbox 3300 5309 3463 5365; x_wconf 80' lang='lat' dir='ltr'><strong>usque</strong></span> <span class='ocrx_word' id='word_1_729' title='bbox 3488 5293 3561 5346; x_wconf 89' lang='lat' dir='ltr'><strong>ad</strong></span> 
     </span>
    </p>
   </div>
   <div class='ocr_carea' id='block_1_94' title="bbox 313 5395 3061 5501">
    <p class='ocr_par' dir='ltr' id='par_1_94' title="bbox 313 5395 3061 5501">
     <span class='ocr_line' id='line_1_94' title="bbox 313 5395 3061 5501; baseline -0.013 -21"><span class='ocrx_word' id='word_1_730' title='bbox 623 5395 918 5501; x_wconf 69' lang='grc' dir='ltr'><strong>ρέιιιίηεηι,</strong></span> <span class='ocrx_word' id='word_1_731' title='bbox 1989 5402 2189 5501; x_wconf 67' lang='lat' dir='ltr'><strong>quanto</strong></span> <span class='ocrx_word' id='word_1_732' title='bbox 2216 5409 2318 5501; x_wconf 63' lang='lat' dir='ltr'><strong>nos</strong></span> <span class='ocrx_word' id='word_1_733' title='bbox 2343 5395 2636 5501; x_wconf 73' lang='lat' dir='ltr'><strong>districtius</strong></span> <span class='ocrx_word' id='word_1_734' title='bbox 2647 5407 2776 5501; x_wconf 65' lang='lat' dir='ltr'><strong>reos</strong></span> <span class='ocrx_word' id='word_1_735' title='bbox 2797 5400 3061 5495; x_wconf 78' lang='lat' dir='ltr'><strong>tenemus.</strong></span> 
     </span>
    </p>
   </div>
   <div class='ocr_carea' id='block_1_95' title="bbox 314 5477 1867 5580">
    <p class='ocr_par' dir='ltr' id='par_1_95' title="bbox 314 5477 1848 5580">
     <span class='ocr_line' id='line_1_95' title="bbox 314 5477 1848 5580; baseline -0.012 -3"><span class='ocrx_word' id='word_1_736' title='bbox 881 5477 1103 5572; x_wconf 76' lang='lat' dir='ltr'><strong>domum</strong></span> <span class='ocrx_word' id='word_1_737' title='bbox 1129 5511 1300 5570; x_wconf 86' lang='lat' dir='ltr'><strong>Israel</strong></span> <span class='ocrx_word' id='word_1_738' title='bbox 1315 5512 1428 5568; x_wconf 87' lang='lat' dir='ltr'><strong>:De</strong></span> <span class='ocrx_word' id='word_1_739' title='bbox 1453 5508 1651 5580; x_wconf 89' lang='lat' dir='ltr'><strong>quibus</strong></span> <span class='ocrx_word' id='word_1_740' title='bbox 1678 5505 1848 5562; x_wconf 90' lang='lat' dir='ltr'><strong>Isaias</strong></span> 
     </span>
    </p>
   </div>
   <div class='ocr_carea' id='block_1_96' title="bbox 1964 5477 3558 5580">
    <p class='ocr_par' dir='ltr' id='par_1_96' title="bbox 1999 5477 3558 5580">
     <span class='ocr_line' id='line_1_96' title="bbox 1999 5477 3558 5580; baseline -0.011 -34"><span class='ocrx_word' id='word_1_741' title='bbox 1999 5540 2008 5548; x_wconf 91' lang='lat'><strong>.</strong></span> <span class='ocrx_word' id='word_1_742' title='bbox 2060 5487 2225 5543; x_wconf 78' lang='lat' dir='ltr'><strong>Vens.</strong></span> <span class='ocrx_word' id='word_1_743' title='bbox 2253 5485 2508 5543; x_wconf 84' lang='lat' dir='ltr'><strong>l7.-—Si</strong></span> <span class='ocrx_word' id='word_1_744' title='bbox 2543 5486 2802 5556; x_wconf 79' lang='lat' dir='ltr'><strong>profectus</strong></span> <span class='ocrx_word' id='word_1_745' title='bbox 2839 5481 3060 5546; x_wconf 72' lang='lat' dir='ltr'><strong>exieris,</strong></span> <span class='ocrx_word' id='word_1_746' title='bbox 3109 5488 3215 5536; x_wconf 90' lang='lat' dir='ltr'><strong>etc.</strong></span> <span class='ocrx_word' id='word_1_747' title='bbox 3267 5477 3558 5580; x_wconf 61' lang='lat' dir='ltr'><strong>Propheta,</strong></span> 
     </span>
    </p>
   </div>
   <div class='ocr_carea' id='block_1_97' title="bbox 315 5563 3562 5676">
    <p class='ocr_par' dir='ltr' id='par_1_97' title="bbox 315 5563 3562 5676">
     <span class='ocr_line' id='line_1_97' title="bbox 315 5563 3562 5676; baseline -0.006 -7"><span class='ocrx_word' id='word_1_748' title='bbox 315 5563 866 5670; x_wconf 44' lang='lat' dir='ltr'><strong>&#39;noVissimis</strong></span> <span class='ocrx_word' id='word_1_749' title='bbox 1117 5563 1654 5676; x_wconf 43' lang='lat' dir='ltr'><strong>prieparatus‘mons</strong></span> <span class='ocrx_word' id='word_1_750' title='bbox 1702 5597 1893 5653; x_wconf 84' lang='lat' dir='ltr'><strong>domus</strong></span> <span class='ocrx_word' id='word_1_751' title='bbox 1990 5580 2292 5652; x_wconf 65' lang='grc' dir='ltr'><strong>Ρτεενίάεηδ</strong></span> <span class='ocrx_word' id='word_1_752' title='bbox 2309 5578 2579 5676; x_wconf 53' lang='grc' dir='ltr'><strong>οίνίξεξιθω</strong></span> <span class='ocrx_word' id='word_1_753' title='bbox 2595 5592 2726 5676; x_wconf 37' lang='grc' dir='ltr'><strong>,θθῇθ</strong></span> <span class='ocrx_word' id='word_1_754' title='bbox 2749 5573 3070 5676; x_wconf 41' lang='lat' dir='ltr'><strong>mimum?</strong></span> <span class='ocrx_word' id='word_1_755' title='bbox 3089 5571 3160 5676; x_wconf 64' lang='lat' dir='ltr'><strong>i“_</strong></span> <span class='ocrx_word' id='word_1_756' title='bbox 3179 5563 3562 5676; x_wconf 41' lang='lat' dir='ltr'><strong>maﬂﬂﬁlﬂ:</strong></span> 
     </span>
    </p>
   </div>
   <div class='ocr_carea' id='block_1_98' title="bbox 321 5662 3566 5770">
    <p class='ocr_par' dir='ltr' id='par_1_98' title="bbox 321 5662 3566 5770">
     <span class='ocr_line' id='line_1_98' title="bbox 321 5662 3566 5770; baseline -0.016 -8"><span class='ocrx_word' id='word_1_757' title='bbox 871 5662 1153 5768; x_wconf 61' lang='grc' dir='ltr'><strong>ηιοηιίιιηξ,</strong></span> <span class='ocrx_word' id='word_1_758' title='bbox 1190 5662 1294 5756; x_wconf 42' lang='lat' dir='ltr'><strong>ei}...</strong></span> <span class='ocrx_word' id='word_1_759' title='bbox 1993 5675 2257 5770; x_wconf 63' lang='lat' dir='ltr'><strong>deorum,</strong></span> <span class='ocrx_word' id='word_1_760' title='bbox 2279 5669 2557 5770; x_wconf 77' lang='lat' dir='ltr'><strong>consilium</strong></span> <span class='ocrx_word' id='word_1_761' title='bbox 2578 5669 2726 5770; x_wconf 71' lang='lat' dir='ltr'><strong>dedit</strong></span> <span class='ocrx_word' id='word_1_762' title='bbox 2746 5667 2857 5770; x_wconf 78' lang='lat' dir='ltr'><strong>regi</strong></span> <span class='ocrx_word' id='word_1_763' title='bbox 2879 5674 3018 5770; x_wconf 46' lang='lat' dir='ltr'><strong>ut‘se</strong></span> <span class='ocrx_word' id='word_1_764' title='bbox 3041 5662 3566 5770; x_wconf 47' lang='lat' dir='ltr'><strong>traderet!</strong></span> 
     </span>
    </p>
   </div>
   <div class='ocr_carea' id='block_1_99' title="bbox 398 5743 3566 5863">
    <p class='ocr_par' dir='ltr' id='par_1_99' title="bbox 398 5743 3566 5863">
     <span class='ocr_line' id='line_1_99' title="bbox 398 5743 3566 5863; baseline -0.021 0"><span class='ocrx_word' id='word_1_765' title='bbox 398 5743 860 5863; x_wconf 47' lang='grc' dir='ltr'><strong>ξεέἶὶωῇ</strong></span> <span class='ocrx_word' id='word_1_766' title='bbox 1467 5787 1644 5852; x_wconf 87' lang='lat' dir='ltr'><strong>Supra</strong></span> <span class='ocrx_word' id='word_1_767' title='bbox 1682 5785 1896 5842; x_wconf 81' lang='lat' dir='ltr'><strong>dixerat</strong></span> <span class='ocrx_word' id='word_1_768' title='bbox 1995 5772 2141 5845; x_wconf 79' lang='lat' dir='ltr'><strong>regis</strong></span> <span class='ocrx_word' id='word_1_769' title='bbox 2167 5764 2456 5838; x_wconf 72' lang='lat' dir='ltr'><strong>Babylonis</strong></span> <span class='ocrx_word' id='word_1_770' title='bbox 2471 5803 2490 5831; x_wconf 90' lang='lat'><strong>,</strong></span> <span class='ocrx_word' id='word_1_771' title='bbox 2513 5771 2572 5818; x_wconf 89' lang='lat' dir='ltr'><strong>ut</strong></span> <span class='ocrx_word' id='word_1_772' title='bbox 2597 5761 2682 5818; x_wconf 72' lang='lat' dir='ltr'><strong>sic</strong></span> <span class='ocrx_word' id='word_1_773' title='bbox 2696 5757 3046 5816; x_wconf 67' lang='lat' dir='ltr'><strong>iuribumlum</strong></span> <span class='ocrx_word' id='word_1_774' title='bbox 3065 5752 3183 5824; x_wconf 72' lang='lat' dir='ltr'><strong>eius</strong></span> <span class='ocrx_word' id='word_1_775' title='bbox 3201 5750 3442 5807; x_wconf 75' lang='lat' dir='ltr'><strong>animum</strong></span> <span class='ocrx_word' id='word_1_776' title='bbox 3461 5743 3566 5800; x_wconf 88' lang='lat' dir='ltr'><strong>mi-</strong></span> 
     </span>
    </p>
   </div>
  </div>
