4068 6344
514 342 578 398 δι
1007 340 1399 398 WALAFRIDI
1437 304 1684 401 srnaut
1722 337 1924 397 eum.
1964 333 2131 397 non.
2168 335 2319 392 ore.
2360 333 2539 390 psus
2575 334 2616 388 ι.
2657 363 2727 375 -
2764 332 3216 390 THEOLOGICA.

3682 337 3753 396 5!

512 455 731 526 tigaret,
762 464 819 509 et
835 454 1092 512 leviorem
1119 456 1441 513 sententiam
1463 456 1789 526 susciperet;
1814 454 1912 512 sed
1937 451 2169 519 mens-A
2196 448 2407 505 Domini
2437 448 2633 503 ibidem
2654 449 2853 503 habere
2882 463 2988 503 non
3014 448 3303 503 debebant.
3336 446 3556 518 Mystice
3582 458 3765 505 autem

516 545 767 601 indurata
804 546 1001 619 corrigi
1032 563 1135 603 non
1161 556 1391 618 poterat.

589 636 749 693 Vens.
784 637 874 693 22.
905 669 976 679 --
1010 638 1164 693 Ecce.
1200 638 1482 712 Signiﬁcat
1520 639 1664 710 quod
1706 637 1852 693 ﬂuxa
1882 636 2092 709 cogita-

517 729 610 795 tio,
652 737 799 795 etc.‘,
830 747 989 801 usque
1012 729 1082 786 ad
1122 739 1178 786 et
1209 732 1448 786 animam
1476 732 1599 804 igne
1628 731 1910 788 comburet
1939 731 2092 787 inex—

510 820 827 890 stinguibili.

1041 890 1267 949 CAPUT
1316 892 1556 948 XXXIX.

584 1004 746 1059 Vens.
777 1004 863 1058 l7.
890 1035 960 1045 —
993 1003 1063 1067 Et
1089 1005 1318 1061 liberabo
1343 1016 1412 1060 te.
1441 1005 1544 1072 Qui
1565 1013 1774 1075 sperant
1795 1004 2088 1060 inDomino

512 1109 614 1147 non
652 1093 1040 1163 confundentur
1078 1093 1227 1166 (Sap.
1278 1087 1862 1168 nx).'Confundentur
1910 1099 2088 1149 attines

509 1184 687 1255 iniqua
722 1193 928 1255 agentes
968 1184 1137 1257 (Psal.
1174 1189 1340 1260 xxtv).
1374 1187 1514 1242 Ecce
1541 1187 1815 1256 principes
1847 1186 1941 1256 qui
1966 1186 2087 1254 anig-

512 1291 656 1329 tnam
704 1274 951 1332 Ieremia:
990 1279 1337 1347 quaerebant,
1390 1279 1749 1347 captivantnr.
1798 1278 2089 1335 Eunuchm

511 1369 604 1437 qui
643 1384 765 1423 eum
811 1369 1134 1424 liberaverat
1175 1370 1413 1440 perfecta
1454 1371 1655 1441 potitus
1694 1378 1778 1425 est
1815 1369 2085 1424 libertate.

513 1458 606 1514 Sic
635 1475 845 1530 quoque
866 1460 1106 1516 liberatis
1133 1463 1333 1517 sanctis
1352 1462 1817 1532 praidicatoribus,
1837 1477 2091 1534 persecu-

506 1558 658 1608 tores
685 1548 888 1609 aeterna
914 1553 1120 1617 ultione
1146 1554 1453 1624 punientur.

1106 1665 1333 1725 CAPUT
1371 1667 1484 1723 XL.

2192 556 2297 597 non
2321 547 2546 595 vocatur
2572 555 2766 595 nomen
2786 540 3000 594 Domini
3017 555 3113 595 ore
3140 539 3516 595 haereticorum
3540 540 3593 595 in
3620 548 3767 598 terra

2189 631 2410 703 Egypti
2447 650 2460 686 :
2493 632 2619 701 quia
2647 647 2747 687 nec
2770 647 2950 687 sermo
2983 646 3172 687 eorum
3202 647 3305 687 nec
3328 632 3540 699 oratio,
3563 633 3689 687 dum
3712 632 3769 689 in

2189 741 2377 785 errore
2395 734 2551 791 sunt,
2579 733 2801 795 accepta
2824 733 2908 780 est
2943 724 3075 779 Deo.
3118 724 3242 779 Non
3269 725 3407 779 enim
3441 734 3515 780 est
3548 723 3771 795 pulchra

2189 818 2307 873 laus
2332 819 2388 875 in
2424 834 2513 873 ore
2552 818 2835 887 peccatoris
2856 816 3025 889 (Eccl.
3051 817 3164 887 xv).
3200 816 3302 883 Qui
3338 831 3466 886 ergo
3504 817 3557 871 in
3583 831 3773 872 errore

2184 911 2671 981 perseveraverint,
2700 911 2952 981 peribunt
2979 909 3156 981 gladio
3177 910 3407 965 districti
3433 909 3639 980 iudicii.
3664 909 3770 976 Qui

2184 1003 2592 1068 autem,relicto
2619 1016 2824 1068 errore,
2849 1003 2917 1059 de
2944 1001 3180 1072 Egypto
3208 1001 3263 1055 in
3291 1008 3495 1057 terram
3521 1000 3656 1057 Iuda
3674 1016 3765 1056 re-

2190 1092 2386 1147 dierint
2428 1091 2751 1162 poeuitentes
2787 1109 2802 1145 :
2838 1102 2893 1147 et
2941 1093 3194 1165 deinceps
3236 1092 3559 1149 catholicam
3608 1090 3775 1147 ﬁdem

2192 1190 2434 1242 tenentes
2461 1183 2831 1239 salvabuntur.

2754 1296 2981 1353 CAPUT
3033 1295 3194 1351 XLV.

2260 1406 2424 1463 Vens.
2455 1407 2507 1461 1.
2532 1437 2604 1447 -
2629 1404 2851 1460 Verbum
2872 1405 3011 1476 quod
3038 1405 3242 1461 locutus
3263 1414 3338 1461 est
3357 1403 3634 1469 Jeremias,
3661 1413 3772 1460 etc.

2190 1496 2361 1552 Rudis
2387 1498 2559 1552 adhuc
2588 1496 2644 1551 in
2678 1496 2958 1552 tolerantia
2986 1498 3295 1567 passionum
3320 1510 3455 1566 quas
3483 1503 3775 1566 exspertu-

2191 1605 2286 1646 rus
2327 1600 2445 1646 erat
2490 1589 2727 1655 Baruch,
2780 1584 3009 1660 expavit
3045 1591 3373 1661 captivitatis
3409 1590 3778 1646 calamitatem

2192 1698 2311 1754 quae
2333 1692 2569 1752 tempore
2598 1680 2838 1737 Joachim
2876 1681 2972 1736 ﬁlii
2995 1680 3154 1738 Josia:
3189 1681 3332 1750 regis
3358 1679 3493 1736 Juda
3524 1680 3780 1735 immine-

584 1773 744 1831 Vens.
789 1777 838 1830 1.
870 1808 941 1817 -
978 1777 1163 1833 Sermo
1194 1780 1285 1850 qui
1320 1779 1492 1850 factus
1525 1789 1635 1846 est,
1675 1788 1779 1835 etc.
1819 1779 2092 1848 Quaeritur
2115 1813 2166 1879 Β
2193 1774 2319 1839 bat,
2355 1774 2501 1829 unde
2529 1773 2876 1842 conqueritur
2909 1772 3146 1828 dolorem
3176 1773 3416 1829 additum
3452 1770 3625 1826 dolori
3650 1785 3776 1839 suo,

512 1869 781 1940 quomodo
802 1869 890 1925 hic
909 1886 1087 1926 sermo
1108 1873 1343 1940 Domini,
1368 1883 1499 1942 etc.,
1524 1891 1686 1946 usque
1708 1874 1777 1929 ad
1793 1874 1947 1946 juxta
1968 1889 2089 1931 εθντ

513 1979 726 2018 monem
756 1963 970 2020 Domini
1000 1965 1259 2023 liberatus
1280 1979 1388 2024 est.

583 2058 746 2112 Vens.
773 2057 827 2111 2.
854 2086 927 2099 --
948 2057 1154 2113 Tollens
1197 2076 1336 2131 ergo.
1371 2061 1646 2131 Descripta
1675 2060 1975 2115 vastatione
1998 2075 2091 2115 ur-

510 2147 616 2214 bis,
646 2158 699 2203 et
730 2150 971 2215 interitu,
995 2152 1372 2220 ctcaptivitate
1393 2154 1594 2224 populi,
1612 2154 1901 2224 etperﬁdia
1923 2153 2084 2224 regis,

511 2239 756 2308 sequitur
785 2241 910 2309 quid
940 2242 1006 2295 de
1032 2239 1261 2296 Ieremia
1299 2242 1499 2299 factum
1531 2245 1634 2308 sit,
1664 2252 1720 2298 et
1750 2245 1817 2299 de
1846 2244 2093 2313 reliquiis

509 2328 723 2398 populi,
764 2346 899 2399 quas
925 2332 1182 2401 propheta
1215 2335 1425 2388 monuit
1455 2350 1521 2390 ex
1558 2336 1724 2390 verbo
1763 2335 1975 2390 Domini
2004 2350 2091 2391 se-

508 2419 637 2476 dere
664 2422 716 2478 in
743 2430 887 2478 terra
905 2439 1022 2492 sua,
1049 2435 1104 2480 et
1128 2427 1331 2482 servire
1358 2429 1469 2498 regi
1494 2428 1801 2500 Babylonis,
1830 2429 1931 2499 ipsi
1962 2442 2093 2485 vero

433 2531 437 2536 ’
511 2511 819 2569 maluerunt
838 2515 917 2571 ire
944 2516 996 2571 in
1022 2515 1337 2589 zEgypwm,
1361 2521 1451 2574 ubi
1478 2534 1572 2576 eos
1593 2530 1781 2591 postea
1805 2520 2095 2576 Nabucho-

513 2603 747 2659 donosor
780 2608 1086 2675 trucidavit,
1118 2619 1173 2664 et
1201 2611 1373 2681 ipsam
1400 2611 1697 2684 IEgyptum
1728 2614 1981 2669 vastavit.

583 2694 747 2753 Vens.
785 2700 838 2754 ὅ.
872 2731 943 2741 -
976 2701 1044 2756 Et
1066 2702 1236 2773 fastus
1260 2715 1337 2761 est
1364 2706 1525 2762 vobis.
1548 2706 1625 2762 Ex
1653 2709 1758 2764 hoc
1783 2709 1947 2763 etiam
1971 2707 2094 2765 loco

514 2789 858 2847 manifestum
916 2804 999 2849 est
1049 2796 1251 2864 Deum,
1300 2806 1432 2864 etc.,
1483 2816 1646 2871 usque
1698 2801 1769 2855 nd
1817 2801 1913 2855 Dei
1962 2815 2094 2857 vero

513 2886 832 2940 sententiam
857 2886 1059 2956 justam
1081 2890 1466 2959 praedicabant.

1101 2998 1328 3056 CAPUT
1376 3001 1509 3056 XLI.

583 3109 745 3166 Vens.
779 3110 833 3166 8.
863 3141 935 3153 --
960 3112 1146 3169 Decem
1175 3116 1272 3170 viri
1296 3118 1482 3187 reperti
1510 3128 1629 3171 sunt
1655 3119 1791 3173 inter
1818 3136 1933 3187 eos,
1956 3127 2083 3185 etc.,

513 3201 759 3257 habemus
793 3204 1113 3259 thesaurum.
1146 3206 1453 3263 Thesaurus
1481 3210 1624 3262 enim
1669 3210 1720 3263 in
1763 3225 1922 3281 agro,
1954 3220 2085 3277 etc.,

516 3311 678 3365 usque
704 3297 772 3349 ad
798 3296 902 3352 Per
927 3298 1235 3355 calcaneum
1259 3303 1422 3365 enim,
1447 3302 1536 3371 qui
1572 3301 1695 3358 linis
1719 3313 1803 3359 est
1829 3302 2092 3376 corporis,

519 3386 780 3441 terminus
803 3387 1140 3459 signiﬁcatur
1166 3391 1412 3447 actionis.

588 3476 752 3533 Vens.
785 3479 1109 3536 lli—Tulit
1129 3499 1248 3554 ergo
1274 3484 1520 3540 Johanan
1545 3486 1688 3555 [ilius
1714 3486 1892 3543 Carea.’
1908 3496 1955 3541 et
1984 3504 2096 3541 om-

519 3584 608 3623 nes
633 3569 888 3638 principes
916 3569 1223 3626 bellatorum
1246 3574 1333 3644 qui
1356 3584 1504 3628 erant
1535 3592 1652 3628 cum
1688 3593 1765 3636 eo,
1799 3584 1904 3633 etc.
1943 3575 2095 3649 Hanc

515 3659 699 3728 fugam
728 3658 1071 3729 reliquiarum
1105 3672 1161 3719 et
1188 3667 1471 3721 transitum
1510 3677 1698 3723 contra
1742 3667 1957 3723 verbum
1986 3651 2105 3723 Do-i

517 3750 647 3804 mini
684 3750 737 3804 in
768 3751 1055 3824 Egyptum
1087 3771 1245 3827 quem
1287 3756 1550 3815 Jersmias
1594 3760 1751 3830 longa
1786 3759 2097 3815 narratione

516 3841 606 3895 hic
633 3844 895 3908 retexuit,
920 3845 1075 3916 longe
1097 3857 1224 3902 ante
1248 3848 1415 3904 Isaias
1443 3852 1713 3920 prtedixit,
1745 3859 1964 3907 centum
1990 3851 2098 3911 sci-

516 3931 645 3984 licet
668 3933 1059 4005 quinquaginta
1090 3937 1268 4003 annis,
1295 3940 1386 4009 qui
1414 3938 1630 3995 luerunt
1654 3941 1798 3997 inter
1823 3941 2018 3997 Isaiam
2044 3949 2103 3999 ct

516 4020 806 4080 Jeremiam
825 4067 840 4092 ,
865 4028 1077 4085 dicens:
1104 4027 1195 4084 Vw
1216 4030 1319 4100 ﬁlii
1341 4032 1649 4100 desertores,
1671 4034 1797 4089 dicit
1818 4034 2096 4103 Dominus,

518 4124 572 4167 ut
598 4115 832 4185 faceritis
859 4117 1136 4175 consilium
1155 4162 1169 4188 ,
1201 4131 1248 4176 et
1280 4139 1383 4177 non
1407 4142 1471 4179 ea:
1500 4142 1581 4180 me
1607 4126 1762 4198 (Isai.
1801 4127 1962 4197 xxx),
1987 4135 2095 4183 etc.

966 4230 1213 4288 CAPITA
1260 4233 1417 4301 XLII,
1470 4235 1648 4291 XLIII.

835 4344 1054 4415 (Textus
1091 4363 1241 4401 sacer
1269 4350 1380 4403 sine
1415 4351 1779 4422 expositione.)

1088 4459 1316 4519 CAPUT
1353 4464 1534 4520 XLIV.

601 4575 756 4631 Vens.
812 4575 899 4632 l5.
931 4608 1002 4619 —
1030 4576 1421 4651 Responderunt
1460 4592 1634 4637 autem
1673 4584 1946 4652 Jeremiw,
1993 4596 2099 4645 etc.

525 4667 698 4721 Stulta
729 4668 1032 4739 responsio.
1066 4670 1401 4727 Confitentur
1437 4690 1558 4729 eum
1606 4676 1751 4748 loqui
1797 4678 1850 4734 in
1886 4682 2105 4738 nomine

528 4762 762 4828 Domini,
791 4772 846 4818 et
870 4782 973 4819 non
1000 4767 1382 4836 acquiescant,
1414 4769 1507 4824 sed
1543 4780 1843 4841 sequuntur
1867 4773 2106 4843 pravita-

528 4857 596 4907 tis
620 4870 729 4909 suee
748 4858 1050 4913 consilium.
1083 4859 1326 4931 Mystice.
1353 4861 1551 4917 Omnes
1579 4864 1813 4919 lueretici
1851 4866 1902 4919 in
1932 4863 2103 4935 Egy-

526 4956 616 5017 pto
650 4949 805 5021 hujus
836 4952 1047 5007 mundi.
1071 4953 1127 5007 Id
1162 4962 1247 5010 est
1266 4996 1279 5017 ,
1323 4956 1377 5013 in
1406 4958 1643 5013 tenebris
1673 4958 1874 5013 erroris
1901 4955 2098 5012 consti-

528 5040 651 5119 tqti,
677 5040 941 5097 sacriﬁcia
960 5059 1068 5099 non
1088 5045 1196 5101 Deo
1213 5059 1359 5112 vero,
1382 5048 1475 5103 sed
1498 5048 1830 5107 daemonibus
1849 5047 2104 5116 otl'erunt,

529 5147 651 5185 cum
713 5132 966 5204 ﬁgmenta
1021 5144 1075 5191 et
1126 5153 1295 5207 prava
1344 5141 1596 5211 dogmata
1650 5141 1719 5195 ad
1763 5141 2111 5211 decipiendos

532 5224 778 5285 homines
822 5236 878 5285 et
914 5227 1073 5287 ﬁdem
1118 5232 1534 5289 subvertendam
1571 5233 1837 5289 scribunt.
1868 5232 1995 5289 Ideo
2018 5245 2110 5286 ve-

531 5322 683 5377 nient
711 5336 876 5393 super
895 5336 989 5380 eos
1016 5324 1175 5399 mala,
1204 5332 1260 5381 et
1288 5334 1447 5381 erunt
1475 5326 1531 5381 in
1557 5324 1945 5382 desolationem
1968 5331 2027 5379 et
2054 5322 2110 5379 in

533 5419 830 5481 stuporem.

606 5501 767 5559 Vens.
805 5502 897 5561 26.
925 5535 998 5547 —
1027 5503 1163 5560 Vivit
1193 5505 1473 5570 Dominus,
1500 5515 1605 5561 etc.
1631 5504 1968 5562 Contradicit
1989 5518 2110 5574 pro-

534 5597 694 5667 pheta
736 5613 806 5654 ex
848 5614 1100 5663 sermone
1139 5599 1348 5654 Domini
1389 5614 1458 5653 ne
1492 5615 1687 5654 nomen
1721 5598 1840 5668 ejus
1887 5606 2138 5687 vocetur.

534 5704 629 5743 ore
658 5688 966 5745 Iudaeorum
987 5690 1043 5745 in
1078 5698 1221 5744 terra
1243 5688 1463 5760 [Egypti
1484 5730 1499 5750 .
1522 5689 1777 5758 quoniam
1799 5689 1890 5758 qui
1920 5696 2108 5745 contra

540 5779 632 5838 υιέὶ
675 5789 1002 5855 praeceptum
1048 5780 1173 5838 illuc
1218 5780 1680 5854 pertransierant,
1718 5779 2108 5855 protectionern

2117 3164 2165 3228 C

2194 1871 2278 1926 cui
2312 1886 2627 1941 responsum
2669 1879 2752 1924 est
2792 1884 2819 1922 a
2861 1868 3086 1923 Domino
3114 1868 3238 1939 quia
3273 1865 3538 1940 superﬂue
3563 1871 3779 1936 quaerat

2192 1964 2293 2019 sibi
2323 1980 2534 2033 pacem,
2565 1979 2687 2019 cum
2719 1971 2860 2018 totus
2887 1963 3115 2033 populus
3146 1963 3351 2019 laboret
3373 1962 3472 2017 sub
3496 1960 3640 2017 fasce
3673 1958 3779 2015 tri-

2189 2060 2544 2115 bulationum.
2597 2058 2876 2129 Signiﬁcat
2923 2067 3105 2113 autem
3155 2072 3248 2112 eos
3296 2055 3386 2126 qui
3428 2055 3480 2109 in
3520 2066 3780 2124 pressura

2194 2152 2595 2207 tribulationum
2619 2151 2701 2205 vel
2728 2151 3158 2221 persecutionum
3176 2191 3192 2215 ,
3220 2149 3416 2217 quibus
3443 2148 3497 2201 in
3521 2143 3781 2217 praesenti

2191 2243 2431 2300 Ecclesia
2454 2254 2727 2317 gravatur,
2759 2242 3198 2315 pusillanimitate
3235 2241 3487 2305 titubant,
3520 2247 3778 2310 quaeren-

2193 2348 2273 2397 tes
2292 2339 2733 2403 consolationem,
2761 2354 2879 2409 qure
2900 2338 2953 2392 in
2980 2335 3160 2392 futuro
3185 2335 3541 2406 promittitur.
3572 2331 3727 2389 Unde
3753 2347 3775 2387 :

2199 2431 2303 2487 Vos
2339 2441 2513 2485 autem
2545 2428 3008 2495 contristabimini,
3037 2426 3127 2483 sed
3164 2427 3377 2483 tristitia
3408 2434 3577 2481 vestra
3606 2431 3776 2479 verte-

2193 2535 2280 2579 tur
2304 2525 2357 2578 in
2382 2523 2636 2595 gaudium
2666 2519 2847 2594 (Joan.
2888 2518 3021 2593 xvi).

2762 2634 2989 2692 CAPUT
3019 2631 3205 2689 XLVI.

2262 2748 2430 2806 Vens.
2456 2749 2508 2803 1.
2543 2777 2613 2788 -
2640 2746 2793 2813 Quod
2822 2746 3022 2816 factum
3051 2755 3127 2800 est
3159 2745 3400 2810 uerbum,
3439 2750 3545 2799 etc.
3587 2742 3771 2816 (BAL)

2193 2841 2465 2898 Hactenus
2510 2834 2772 2912 propheta
2818 2840 3017 2895 mistirn
3058 2841 3124 2894 de
3169 2838 3308 2894 Juda
3358 2846 3413 2895 et
3461 2837 3659 2902 Israel,
3707 2836 3775 2893 de

2192 2933 2461 2988 Chaldaeis
2500 2941 2555 2987 et
2589 2930 2858 3003 Egyptiis
2891 2946 2993 3001 pro
3030 2929 3404 2985 convenientia
3447 2928 3776 2985 narrationis

2192 3028 2333 3097 egit,
2365 3035 2496 3089 etc.,
2521 3042 2684 3097 usque
2709 3024 2778 3079 ad
2807 3039 2947 3079 anno
2973 3022 3217 3080 Joachim
3250 3023 3343 3078 lilii
3363 3021 3526 3078 Josiae
3551 3021 3769 3093 quando

2192 3118 2408 3177 Pharao
2450 3116 2663 3173 Nechao
2708 3133 2804 3172 rex
2838 3115 3074 3187 u'Egypti
3125 3116 3179 3170 in
3236 3114 3587 3170 Charchamis
3645 3129 3771 3169 cum

2196 3208 2689 3263 Nabuchodonosor
2718 3208 3003 3278 pugnavit,
3033 3214 3090 3261 et
3114 3214 3399 3276 superatus
3421 3213 3525 3285 est.

2267 3303 2429 3357 Vens.
2458 3302 2509 3356 9.
2537 3330 2609 3341 -
2633 3300 2905 3354 Ascendite
2925 3316 3097 3372 equos.
3128 3297 3250 3369 (11).)
3278 3298 3526 3353 Haeretici
3553 3308 3608 3353 et
3635 3298 3780 3354 schi-

2196 3393 2404 3447 smatici
2441 3407 2506 3447 ex
2535 3392 2763 3446 diversis
2782 3392 3072 3461 provinciis
3092 3388 3229 3454 orti,
3255 3387 3458 3444 frustra
3487 3390 3779 3459 disponunt

2197 3491 2383 3538 contra
2413 3483 2689 3539 civitatem
2711 3464 2807 3536 Dei
2838 3482 3004 3547 bella,
3039 3490 3171 3545 etc.,
3202 3494 3366 3552 usque
3402 3481 3477 3534 ad
3502 3494 3627 3536 cum
3663 3488 3777 3535 tra-

2197 3577 2398 3637 duntur
2438 3576 2492 3631 in
2540 3590 2733 3633 manus
2770 3573 2887 3643 eius
2926 3574 3020 3645 qui
3069 3573 3264 3629 solium
3304 3587 3464 3629 suum
3499 3572 3679 3643 posuit
3709 3571 3785 3628 ad

2197 3666 2556 3738 Aquilonem,
2615 3675 2674 3720 ut
2731 3666 2912 3721 mittat
2957 3677 3052 3725 eos
3112 3664 3168 3720 in
3220 3672 3472 3735 stagnum
3526 3662 3667 3734 ignis
3725 3668 3793 3718 et

2200 3758 2495 3830 sulphuris.
3092 3786 3117 3803 ιι
3228 3782 3233 3797 ι

2274 3849 2434 3906 Vens.
2462 3850 2551 3906 11.
2588 3879 2660 3891 —
2683 3849 2915 3905 Ascende
2935 3850 2993 3905 in
3018 3848 3248 3906 Galaad.
3277 3848 3489 3922 (Ηιιι.)
3516 3848 3671 3905 Mons
3695 3856 3782 3906 est

2201 3943 2269 3999 ad
2302 3955 2463 4013 quem
2504 3941 2732 4012 septi-ma
2760 3941 2847 3996 die
2884 3940 3033 3997 venit
3058 3939 3244 4004 Iacob,
3295 3942 3365 3996 de
3391 3941 3652 3996 Chamm
3692 3939 3781 3995 fu-

2201 4031 2355 4101 giens
2378 4048 2392 4087 :
2417 4039 2500 4085 est
2521 4037 2701 4086 autem
2723 4031 2790 4085 ad
2820 4038 3029 4099 tergum
3058 4030 3334 4087 Phoenicis
3360 4039 3416 4086 et
3444 4030 3656 4085 Arabia:
3675 4029 3786 4086 col-

2202 4121 2344 4176 libus
2372 4120 2561 4175 Libani
2593 4120 2872 4190 copulatus
2890 4160 2904 4185 ,
2943 4119 3359 4193 extenditurque
3386 4134 3483 4192 per
3510 4122 3785 4177 desertum

2203 4226 2376 4285 usque
2413 4212 2483 4266 ad
2534 4221 2685 4268 trans
2726 4210 3020 4271 Iordanem
3062 4213 3153 4271 ubi
3191 4214 3458 4273 habitavit
3499 4213 3643 4271 Seon
3685 4228 3784 4268 rex

2202 4302 2660 4359 Amorrbaeorum.
2706 4303 2912 4360 Cecidit
2954 4314 3136 4375 autem
3186 4306 3241 4362 in
3297 4315 3501 4363 sortem
3548 4305 3789 4371 ﬁliorum

2204 4394 2393 4451 Ruben
2418 4406 2473 4451 et
2496 4396 2613 4451 Gad
2635 4438 2650 4462 ,
2686 4405 2741 4454 et
2771 4396 3007 4453 dimidim
3030 4397 3208 4457 tribus
3232 4398 3495 4456 latrasse.

2125 4525 2181 4587 Β
2281 4484 2424 4540 Tolle
2475 4460 2719 4542 resinam.
2743 4486 2925 4558 (Ιὶη.)
2949 4485 3142 4551 Graeci,
3168 4489 3375 4561 ῥητέαι,
3410 4460 3644 4583 vo.cant;
3682 4491 3787 4563 ρἄ

2203 4576 2348 4631 enim
2372 4576 2570 4630 dicitur
2596 4577 2663 4631 de
2692 4592 2757 4632 eo
2783 4577 2926 4647 quod
2954 4558 3321 4645 manat,'etc.,
3356 4558 3517 4650 usqu°e
3549 4579 3619 4634 ad
3656 4558 3789 4650 quia

2206 4685 2311 4726 non
2338 4670 2605 4740 accipient
2639 4672 2706 4727 ab
2731 4672 2810 4729 eis
2838 4672 3125 4728 sanitatem
3142 4713 3157 4737 ,
3189 4672 3285 4729 sed
3312 4670 3710 4729 confusionem.

2276 4764 2440 4821 Vens.
2486 4764 2572 4827 η.
2608 4794 2675 4805 -
2717 4764 3011 4820 Audierant
3078 4775 3273 4835 gentes.
3317 4763 3447 4835 (In.)
3486 4763 3622 4831 Quia
3675 4762 3791 4819 fru-

2205 4866 2376 4915 strato
2404 4856 2596 4913 solatio
2623 4855 2906 4923 idolorum,
2934 4864 3063 4923 etc.,
3082 4872 3243 4926 usque
3266 4856 3336 4911 ad
3372 4872 3480 4912 non
3500 4855 3788 4913 victoriam

2204 4950 2447 5005 veritatis
2483 4948 2774 5018 accipiunt,
2801 4947 2896 5005 sed
2932 4963 3118 5005 errore
3147 4948 3346 5018 captivi
3380 4950 3591 5021 pariter
3612 4950 3668 5003 in
3700 4946 3788 5004 fo-

2209 5056 2364 5096 veam
2389 5039 2704 5109 perditionis
2730 5039 2949 5103 cadunt.

2285 5133 2439 5187 Vens.
2467 5132 2552 5186 14.
2572 5161 2639 5171 -
2662 5131 2981 5191 Annuntiate
3003 5131 3256 5203 Egypto.
3285 5132 3449 5201 Quasi
3476 5133 3655 5188 dicat:
3680 5131 3789 5191 Vos

2211 5222 2304 5293 qui
2354 5222 2580 5291 audistis
2617 5208 2934 5283 vaticinium
2974 5238 3183 5289 meum,
3224 5226 3473 5283 nuntiate
3514 5216 3787 5281 Pharaoni

2211 5311 2349 5382 quia
2368 5327 2531 5383 prope
2560 5321 2644 5381 est
2672 5320 2884 5383 tempus
2906 5323 2963 5368 et
2990 5314 3251 5375 tumultus
3279 5314 3426 5372 belli.

2287 5405 2451 5460 Vens.
2486 5405 2567 5459 l8.
2592 5436 2661 5444 —
2700 5404 2961 5471 Quoniam
2999 5408 3133 5461 sicut
3167 5406 3393 5462 Thabor.
3445 5406 3563 5463 Hoc
3599 5416 3684 5463 est
3719 5422 3789 5465 ex

2218 5498 2616 5569 comparatione
2641 5497 2881 5553 locorum
2910 5497 3325 5569 frugiferarum,
3365 5498 3523 5567 quasi
3557 5498 3613 5553 in
3648 5500 3787 5555 mari

2218 5593 2650 5655 submersorum,
2684 5593 2943 5661 grandem
2965 5591 3340 5663 Egyptiorum
3376 5593 3601 5663 potestis
3630 5593 3789 5649 intel-

2219 5686 2385 5756 ligere
2411 5684 2640 5738 ruinam.
2670 5682 2876 5753 (litem)
2898 5681 3112 5741 Tbahor
3137 5685 3402 5741 terminus
3421 5695 3504 5741 est
3525 5685 3793 5744 Zabulon.

2220 5793 2376 5834 mons
2417 5776 2471 5830 in
2517 5774 2692 5833 medio
2734 5772 2966 5833 Galilaere
3006 5790 3231 5850 campo,
3280 5777 3418 5833 mira
3460 5777 3787 5863 rotunditatg
