4068 6344
322 384 394 443 53
830 396 845 411 ‘
1126 385 1392 446 GLOSSA
1430 389 1823 448 ORDINARIA.
1864 421 1934 433 -
1965 388 2360 448 PROPHETIA
2399 388 2737 446 JEREMIE.
3507 386 3577 443 54

322 497 608 603 sublimis:
643 500 845 603 distans
870 516 900 555 a
925 501 1272 603 Diocaasarma
1296 506 1483 603 decem
1508 506 1743 561 millibus
1770 522 1897 562 con-
1917 537 1975 603 Α
2065 595 2107 603 ﬂ
2263 597 2278 603 _
2433 595 2445 603 -
2481 596 2491 603 .

320 600 405 645 tra
434 591 745 647 orientalem
772 593 1003 663 plagam.
1054 595 1156 662 Qui
1185 596 1474 651 confinium
1505 612 1720 669 quoque
1749 600 1891 663 inter
1917 591 1975 603 ””
2065 595 2229 651 Vsus.
2256 597 2392 652 1.-
2410 595 2491 651 Ad
2515 595 2669 649 Moab
2692 596 2802 649 haec
2826 595 2950 648 dicit
2972 592 3248 657 Dominus,
3267 599 3374 648 etc.
3392 592 3578 666 (ΗΑΒ.)

321 681 497 736 tribus
536 681 784 740 lssachar
823 692 881 738 et
919 683 1264 755 Nephthalim
1309 687 1409 741 fuit
1446 687 1754 754 Carmelus,
1801 689 1892 745 ubi
1996 686 2253 742 Sicutest
2275 686 2618 741 circumcisio
2635 686 2871 741 carnalis
2891 693 2948 740 et
2967 683 3294 755 spiritualis:
3318 684 3397 739 sic
3422 682 3581 739 Moab

319 772 493 827 Nabal
526 772 808 831 Carmelus
846 776 951 831 fuit
986 787 1040 833 et
1076 794 1219 835 nunc
1246 778 1368 834 villa
1400 790 1483 836 est
1507 781 1755 837 Carmela
1792 800 1893 838 no-
1993 778 2230 833 carnalis
2249 788 2303 833 et
2320 778 2635 849 spiritualis.
2667 775 3397 846 Meabinterpretatnr,etc.,
3418 791 3581 845 usque

319 863 494 926 mine,
544 864 757 922 decimo
800 866 978 938 lapide
1020 870 1200 939 oppidi
1236 870 1515 937 Chebron,
1554 890 1783 943 vergens
1825 875 1894 931 ad
1994 870 2064 922 ad
2098 869 2195 923 Est
2217 878 2398 924 autem
2430 869 2585 924 Moab
2618 869 2896 939 provincia
2922 867 3179 933 Arabum,
3211 866 3361 923 Nabo
3388 868 3583 923 civitas

317 955 637 1015 Orientaiem
667 957 876 1036 plagam
907 961 995 1016 ubi
1025 960 1389 1018 Romanorum
1415 966 1724 1034 praesidium
1750 975 1853 1022 est,
1995 959 2218 1025 nobilis,
2264 960 2316 1014 iu
2347 974 2454 1030 qua
2488 968 2609 1014 erat
2633 958 2871 1016 Chamos
2909 958 3129 1024 idolum,
3161 958 3304 1027 quod
3342 967 3396 1013 et
3428 957 3583 1013 Beel-

389 1046 573 1118 (ΒΑΒ.)
616 1048 841 1121 Mystice
870 1062 1082 1119 autem,
1122 1054 1246 1124 quia
1288 1054 1523 1123 Thabor,
1557 1065 1687 1123 etc.,
1733 1074 1899 1131 usque

617 1048 841 1121 Mystice
870 1062 1082 1119 autem,
1122 1054 1246 1124 quia
1288 1054 1523 1123 Thabor,
1557 1065 1687 1123 etc.,
1733 1074 1899 1131 usque
1995 1051 2223 1122 phegor-

316 1135 387 1189 ad
413 1136 466 1191 in
497 1136 655 1207 hujus
682 1140 862 1197 saeculi
892 1158 1041 1198 mare
1072 1144 1339 1213 demersi,
1378 1156 1433 1201 et
1466 1147 1520 1202 in
1549 1149 1896 1205 damnatione

2067 1140 2231 1196 Vsus.
2277 1142 2331 1196 6.
2377 1172 2447 1183 -—
2495 1140 2708 1198 Salvete
2750 1142 2956 1196 animas
2998 1150 3214 1196 vestras.
3265 1141 3367 1209 Qui
3397 1141 3581 1215 volunt

314 1236 599 1297 ιιθτροιιω.
1997 1235 2208 1291 salvare
2249 1237 2487 1291 animam
2529 1251 2684 1291 suam
2725 1235 2932 1307 fugiant
2968 1249 3252 1290 versuram
3284 1235 3582 1291 doctrinam

388 1316 555 1381 Vm.
580 1319 756 1377 20.—-
775 1320 972 1379 Visula.
997 1325 1132 1394 Quia
1153 1327 1404 1401 Egyptia
1425 1331 1579 1401 plebs
1604 1333 1657 1386 in
1687 1333 1899 1390 deliciis
1996 1326 2444 1398 philosophorum
2471 1337 2525 1383 et
2554 1314 2953 1391 hereticorum,
2977 1327 3066 1381 ubi
3094 1334 3276 1381 certus
3304 1333 3387 1379 est
3415 1326 3586 1379 inter-

315 1410 551 1478 nutrita,
594 1412 885 1482 indomita,
928 1416 1151 1486 lasciva,
1188 1419 1376 1492 iugum
1416 1424 1716 1495 disciplina;
1741 1441 1899 1483 rec“-
1999 1418 2108 1472 itus
2146 1436 2158 1471 :
2212 1428 2268 1473 et
2332 1434 2429 1489 per
2472 1420 2827 1474 humilitatem
2869 1418 3226 1474 confessionis
3271 1425 3435 1487 agant
3470 1432 3583 1487 pte-

316 1502 475 1557 savit.
1998 1509 2284 1564 nitentiam
2323 1511 2528 1566 erroris
2576 1512 2628 1565 in
2678 1511 2890 1566 deserto
2939 1509 3197 1565 districta:
3244 1508 3584 1564 abstinentiae

389 1590 554 1649 V388.
598 1593 1142 1656 9L—Mercenarii.
1196 1602 1378 1677 (ΚΑΒ.)
1424 1605 1701 1681 Principes
1728 1610 1899 1683 Egy-
2000 1609 2381 1671 maneantque’
2417 1602 2473 1657 in
2529 1602 2873 1671 simplicitate
2928 1610 2981 1655 et
3029 1600 3255 1655 veritate
3304 1598 3585 1654 Catholicae

314 1684 552 1754 ptiorum
585 1702 691 1745 non
720 1698 992 1759 pastores,
1023 1694 1118 1749 sed
1149 1701 1514 1754 merccuarios
1542 1711 1730 1770 vocat,
1761 1712 1896 1772 etc.,
2002 1690 2282 1745 ἀοοινίηω·

315 1790 477 1846 usque
516 1777 586 1833 ad
630 1778 986 1838 Mercenarius
1013 1794 1219 1853 autem,
1268 1799 1315 1844 et
1344 1792 1434 1861 qui
1465 1809 1567 1847 non
1596 1804 1668 1849 est
1695 1806 1896 1865 pastor,
2073 1781 2237 1840 Vsus.
2266 1783 2319 1837 9.
2344 1811 2415 1823 --
2448 1782 2582 1836 Date
2607 1784 2819 1853 ﬂorem,
2852 1790 2957 1836 etc.
3006 1780 3106 1848 Qui
3146 1779 3452 1834 inventione
3481 1779 3581 1832 hu-

317 1885 434 1959 cum
487 1870 619 1925 videt
668 1870 848 1943 lupum
880 1877 1192 1945 venientem,
1228 1881 1443 1936 dimittit
1482 1901 1627 1949 oves,
1676 1895 1724 1941 et
1763 1888 1901 1959 fugit

2002 1891 2161 1929 maua
2208 1884 2264 1930 et
2308 1876 2363 1931 in
2407 1874 2648 1930 saeculari
2688 1872 2913 1928 scicntia
2951 1872 3142 1927 llorerc
3177 1871 3480 1936 videbatur,
3530 1870 3583 1925 in

884 1924 1192 1945 --.ην---πη
1482 1924 1596 1939 νη,
1676 1924 1721 1941 ο,
1790 1924 1818 1942 ι.
1860 1924 1895 1941 ,,
2002 1924 2161 1929 --η-Μ
2213 1924 2263 1930 η
2407 1924 2648 1930 ---ηψπ
3214 1924 3247 1927 ,ν
3282 1924 3323 1926 η
3383 1924 3389 1925 ,
3468 1924 3479 1936 ,
3554 1924 3557 1925 ν

317 1956 504 2028 (Ῐοαη-
533 1961 606 2031 1)-
1614 1927 1627 1949 ⁹
1763 1924 1777 1957 Ι
1824 1924 1852 1959 y
1925 1924 2278 2020 ldesertum
2330 1975 2385 2020 et
2431 1965 2484 2019 in
2535 1964 2879 2019 solitudinem
2927 1962 3219 2033 redigetur.
3272 1963 3406 2029 Quia
3452 1952 3585 2014 vero

393 2049 555 2110 VERS-
587 2052 766 2108 26.—
791 2053 861 2112 Et
886 2068 1001 2129 post
1027 2060 1161 2127 hac,
1188 2070 1293 2118 etc.
1322 2063 1446 2137 (1ο.)
1476 2065 1626 2121 Licet
1650 2069 1900 2124 videami-
2002 2058 2251 2127 displicet
2274 2058 2383 2114 Deo
2404 2058 2582 2113 omnis
2610 2056 2936 2128 hypocrisis,
2975 2064 3034 2109 ut
3061 2070 3290 2125 sequens
3317 2054 3585 2109 sententia

319 2140 572 2203 intimare
609 2160 835 2218 regnum
860 2149 1239 2224 Egyptiornm
1269 2171 1374 2212 non
1409 2159 1835 2231 irreparabiliter
1864 2177 1896 2217 a
2002 2150 2275 2205 οειθηάῖιε

318 2231 814 2295 Nabuchodonosor
859 2256 980 2298 esse
1011 2244 1366 2312 destructum,
1412 2258 1544 2315 etc.,
1575 2267 1739 2322 usque
1779 2253 1848 2306 ad
1872 2271 1892 2311 :
2077 2243 2241 2299 Vsus.
2273 2244 2447 2299 lO.—
2474 2243 2788 2299 Maledictus
2816 2243 2904 2315 qui
2934 2242 3076 2313 facit,
3103 2249 3209 2297 etc.
3244 2239 3471 2296 Necesse
3499 2248 3584 2295 est

320 2325 584 2391 Percutiet
614 2330 870 2389 Dominus
899 2335 1189 2407 JEggptum
1230 2339 1386 2410 plaga
1431 2352 1480 2395 et
1525 2344 1733 2397 sanabit
1780 2352 1909 2400 eam‘
2003 2338 2147 2394 enim
2173 2346 2232 2392 ut
2252 2354 2356 2393 non
2381 2338 2555 2393 solum
2578 2338 2883 2392 intueamur
2901 2334 3040 2407 quod
3056 2334 3286 2407 agimus,
3306 2333 3399 2390 sed
3420 2333 3585 2388 etiam

321 2418 455 2491 (lsa.
483 2421 620 2494 xu),
647 2431 755 2480 etc.
2005 2443 2110 2501 qua
2137 2429 2463 2485 discretione
2490 2429 2719 2498 agimus.

392 2506 554 2566 Vsus.
583 2510 758 2567 27.—
782 2512 850 2567 Et
879 2526 937 2570 tu
968 2517 1075 2572 noli
1103 2520 1301 2586 timere,
1326 2530 1431 2576 etc.
1464 2523 1591 2578 Haec
1610 2527 1900 2595 promissio
2076 2520 2409 2576 Maledictus.
2442 2519 2621 2593 (ΗΑΒ.)
2655 2519 2866 2575 Desidia
2894 2533 2991 2589 per
3018 2526 3289 2588 torporem
3317 2516 3579 2582 nascitur,

321 2616 425 2657 non
447 2604 585 2660 bene
604 2610 856 2663 convenit
874 2607 1072 2666 Judaeis
1089 2630 1103 2664 :
1119 2613 1212 2683 qui
1235 2622 1345 2669 toto
1364 2616 1495 2671 orbe
1516 2617 1897 2686 dispersi,etc.,

2005 2610 2154 2665 fraus
2182 2626 2279 2681 per
2310 2612 2575 2682 privatam
2604 2611 2963 2673 dilectionem,
2994 2618 3119 2675 etc.,
3154 2625 3315 2680 usque
3344 2608 3413 2663 ad
3442 2620 3584 2677 saepe

320 2708 483 2764 usque
510 2696 580 2749 ad
602 2710 621 2748 :
644 2697 781 2763 Quia
795 2717 861 2755 ea:
891 2712 1039 2771 parte
1067 2706 1275 2760 edacitas
1303 2709 1518 2779 contigit
1549 2709 1603 2763 in
1627 2708 1818 2776 Israel,
1850 2717 1901 2765 et
2006 2700 2210 2755 desidia
2245 2702 2630 2756 interveniente
2658 2701 2930 2765 deficiunt,
2964 2710 3017 2755 et
3046 2698 3369 2771 frigescente
3396 2711 3584 2754 amore

320 2799 439 2837 cum
458 2785 726 2855 plenitudo
746 2794 971 2861 gentium
992 2796 1379 2865 subintraverit,
1396 2810 1522 2857 tunc
1542 2804 1708 2858 omnis
1728 2802 1902 2859 Israel
2004 2793 2287 2848 ίθῧθίίιιηῑσ
3226 2784 3227 2787 Ἴ

317 2874 492 2932 “Im
516 2877 606 2948 βαι
632 2880 803 2952 (Rom.
834 2889 932 2959 xi).
2079 2887 2146 2941 Et
2166 2888 2491 2943 maledictus.
2521 2887 2703 2943 Potest
2726 2887 2841 2942 haec
2865 2883 3169 2941 maledictio
3190 2881 3438 2939 omnibus
3460 2897 3585 2938 con-

870 3018 1099 3079 CAPUT
1134 3021 1321 3083 XLV"
2002 2979 2189 3034 venire
2229 2980 2317 3049 qui
2363 2977 2562 3033 ﬂuxum
2595 2976 2772 3033 seculi
2804 2984 3117 3047 sequuntur,
3149 2983 3201 3032 et
3232 2989 3458 3045 corpora
3487 2987 3585 3028 sua

1327 3067 1341 3081 ’
2004 3071 2274 3141 castigare
2303 3080 2358 3126 et
2386 3070 2630 3126 servituti
2659 3069 2923 3137 subjicere
2951 3067 3255 3140 negligunt,
3287 3067 3583 3141 secundum

393 3141 555 3199 ἾΕΜ·
587 3146 720 3203 1ο·-
743 3148 893 3213 Quod
929 3151 1124 3219 factum
1151 3142 1231 3213 est
1247 3159 1478 3226 verbum,
1498 3168 1604 3217 etc.
1633 3161 1898 3221 Jeremias
2006 3163 2136 3219 illud
2192 3163 2309 3230 Qui
2334 3174 2506 3219 autem
2531 3173 2649 3217 sunt
2673 3160 2867 3217 Christi
2891 3176 3101 3215 carnem
3126 3177 3279 3215 suam
3307 3140 3586 3229 cruci/itte-

317 3230 463 3286 sicut
508 3233 685 3307 Isaias,
723 3246 779 3293 et
825 3238 1075 3301 Ezechiel
1117 3245 1309 3305 viduis
1356 3250 1666 3306 nationibus
1714 3253 1900 3324 plagas
1928 3300 1973 3325 η
2008 3263 2128 3308 runt
2156 3252 2356 3323 (Galat.
2380 3253 2457 3325 v),
2480 3261 2583 3308 etc.
2618 3252 2755 3318 Quia
2776 3251 2889 3306 sine
2910 3251 3180 3321 sanguinis
3206 3249 3459 3319 effusione
3479 3266 3582 3303 non

318 3333 582 3416 Ῡθηίυτδθ
602 3330 868 3399 praedicit.
897 3334 1024 3403 quia
1052 3338 1303 3408 populum
1333 3340 1428 3396 Dei
1454 3300 1834 3412 infestam-rvit,u
1844 3355 1902 3402 et
1926 3300 1976 3366 α
2004 3346 2066 3415 ﬁt
2094 3300 2327 3401 remissio
2355 3300 2699 3416 pelecatorum.
2730 3344 2868 3398 Caro
2894 3300 3033 3397 enin:
3055 3354 3100 3397 et
3126 3344 3339 3414 sanguis
3368 3359 3584 3413 regnum

319 3415 375 3475 ίη
407 3417 551 3509 milis
576 3419 905 3489 adversitate
929 3428 1255 3497 gaudebant.
1271 3431 1734 3509 Palaestinis‘ergo,
1760 3439 1900 3496 sicut
1991 3437 2106 3492 .Dei
2135 3455 2237 3493 non
2259 3415 2591 3507 possidebunt
2608 3434 2694 3508 (II
2714 3434 2837 3491 Cor.
2855 3434 2968 3508 xv).
3006 3434 3316 3491 Malcdictus
3338 3452 3466 3508 ergo
3490 3437 3583 3507 qui

319 3516 450 3599 ante
471 3507 764 3583 Egyptiis,
791 3518 1117 3584 praenuntiat
1136 3522 1505 3592 captivitatem
1532 3507 1835 3585 venturam.
2002 3526 2256 3599 prohibet
2280 3526 2535 3597 gladium,
2580 3507 2635 3582 id
2673 3533 2777 3593 est,
2812 3526 3031 3581 verbum
3072 3526 3166 3581 Dei
3205 3541 3234 3581 a
3271 3507 3579 3599 sanguine:

396 3598 559 3657 V338-
587 3601 639 3675 4-
680 3634 754 3671 -_-
799 3605 867 3667 Et
907 3607 1265 3680 dissipabitur.
1312 3616 1561 3672 Ostendit
1596 3618 1799 3690 Tyrum
1841 3630 1902 3678 et
2002 3598 2109 3689 quo
2157 3618 2364 3675 scilicet
2413 3618 2685 3674 animatur
2733 3617 2959 3674 materia
3008 3598 3397 3691 peccatorumi
3458 3617 3584 3673 fun-

324 3692 582 3750 Sidonent
609 3697 679 3754 ad
703 3696 1014 3765 Palaestinos
1043 3705 1441 3772 attinere,‘licet
1476 3711 1652 3783 Tyrus
1689 3713 1743 3768 in
1780 3729 1900 3770 sor-
2005 3710 2236 3766 dendum
2276 3718 2360 3767 est
2399 3711 2659 3782 quidquid
2708 3711 2764 3766 in
2811 3702 3071 3767 membris
3119 3712 3319 3767 nostris
3364 3712 3583 3768 carnale

320 3792 432 3845 ίθπι
458 3785 799 3858 Nephlhalim
825 3794 1105 3862 ceciderit,
1130 3805 1185 3855 et
1210 3798 1377 3856 Sidon
1401 3804 1665 3859 terminus
1687 3804 1900 3861 Chanaa
2003 3810 2059 3857 et
2099 3811 2372 3859 terrenum
2413 3802 2636 3858 inolevit
2674 3811 2729 3858 et
2770 3803 3124 3859 resecandum
3163 3802 3397 3873 gladium
3426 3802 3580 3858 verbi

316 3889 560 3937 nieorum
607 3879 662 3933 in
700 3891 899 3938 sortem
946 3885 1124 3942 Aser:
1173 3890 1267 3944 sed
1314 3907 1419 3947 non
1463 3908 1582 3949 eam
1626 3898 1894 3965 possedit,
2003 3892 2119 3948 Dei-

320 3966 449 4057 quia
492 3969 675 4031 hostes
713 3975 980 4046 expellere
1018 3972 1352 4040 non‘valuit.
1401 3983 1669 4057 Reliquias
1709 3990 1897 4047 insula:

2072 3983 2290 4056 ((ἓιιεσ.)
2316 3982 2566 4039 Gladium
2596 3999 2626 4038 a
2657 3984 2916 4055 sanguine
2940 3985 3250 4056 prohibere,
3278 3991 3361 4038 est
3385 3983 3582 4053 praedi-

323 4054 691 4131 Cappadocite.
722 4063 782 4118 In
807 4081 912 4136 qua
937 4067 1256 4127 habitabant
1281 4054 1629 4145 Cappadoces
1654 4079 1899 4148 pristinis
2001 4054 2230 4133 cat-iouis
2246 4078 2467 4132 verbum
2490 4093 2519 4132 a
2536 4075 2769 4131 carnalis
2789 4077 2912 4130 vitm
2933 4054 3303 4131 interfectione
3320 4074 3576 4141 retinere,

323 4150 623 4220 cultoribus
656 4157 974 4217 interfectis.
1010 4162 1136 4220 Haec
1164 4173 1248 4222 est
1283 4169 1546 4225 terminus
1566 4170 1902 4231 Chananaao-
2003 4171 2071 4224 de
2092 4185 2197 4239 quo
2220 4167 2689 4223 dicitur:Gladius
2709 4184 2859 4222 meus.
2877 4166 3143 4221 devorabit
3163 4181 3344 4220 carnes
3362 4163 3576 4236 (Isa.t).

322 4256 443 4321 '9‘”
474 4244 631 4315 Ῑυκιθ
664 4246 992 4322 Ευρωηι,
1041 4255 1343 4328 ceciditque
1379 4260 1434 4315 in
1475 4269 1674 4317 sortem
1706 4262 1857 4321 Iudae
1882 4284 1896 4321 :
2002 4261 2140 4317 Hinc
2169 4261 2365 4316 Paulus
2391 4261 2498 4326 ait,
2532 4258 2806 4315 Contestor
2828 4259 2982 4314 hodie
3006 4260 3129 4332 quia
3156 4258 3383 4314 mundus
3406 4275 3521 4313 sum
3546 4274 3581 4313 a

288 4382 297 4393 .
322 4336 416 4428 sed
439 4350 559 4390 eam
584 4354 688 4393 non
709 4341 961 4407 obtinuit,
988 4346 1114 4414 quia
1144 4348 1421 4416 Enachim,
1447 4352 1500 4407 id
1520 4362 1624 4420 est,
1655 4356 1904 4428 gigantes
2001 4353 2256 4425 sanguine
2292 4353 2542 4408 omnium.
2598 4351 2723 4407 Non
2757 4354 2893 4407 enim
2920 4351 3243 4423 subterfugi,
3293 4353 3574 4423 quominus

323 4424 718 4521 allophylorum
769 4431 1063 4503 fortissime
1104 4441 1426 4499 restiterunt
1452 4461 1465 4498 :
1508 4454 1566 4500 et
1606 4424 1690 4503 est
1716 4424 1900 4521 iusque
2003 4424 2372 4499 annuntiarem
2398 4458 2548 4498 omne
2571 4443 2847 4499 consilium
2872 4442 2970 4498 Dei
2994 4443 3134 4498 vobis
3157 4442 3294 4516 (Act.
3320 4443 3397 4516 ι).

323 4515 485 4575 hodie
532 4520 761 4592 insignis
804 4526 999 4584 civitas
1042 4529 1344 4593 Palaestina
1366 4574 1381 4600 ,
1436 4540 1684 4606 quamvis
1724 4542 1793 4599 de
1812 4515 1901 4600 ’θα
2074 4535 2237 4591 Vens.
2271 4536 2357 4591 ll.
2381 4568 2453 4577 —
2481 4535 2714 4592 Fertilis.
2764 4536 3080 4594 Ostenditur
3113 4536 3270 4593 Moab
3306 4515 3375 4594 et
3412 4536 3580 4593 abun-

288 4676 293 4679 _
322 4611 698 4708 prophetatum
829 4615 978 4673 Gaza
1004 4620 1186 4688 futura
1215 4635 1291 4679 est
1328 4625 1383 4683 in
1418 4630 1677 4687 tumulum
1707 4637 1897 4708 sempi-
1921 4670 1977 4708 η
2004 4627 2183 4681 dantia
2211 4627 2265 4682 in
2291 4627 2470 4682 odium
2494 4636 2549 4684 et
2568 4628 2855 4685 elationem
2876 4627 3111 4695 venisse,
3132 4637 3186 4683 et
3204 4629 3456 4699 populum
3481 4628 3580 4685 Dei

321 4706 525 4798 fetuum
702 4706 796 4798 ubi
818 4708 968 4778 prius
988 4709 1090 4767 fuit
1104 4713 1195 4769 vix
1218 4713 1321 4775 ulla
1345 4730 1627 4777 remanent
1645 4705 1892 4797 vestigia,
1917 4705 1977 4735 ν
2001 4717 2254 4773 afﬂictum
2285 4719 2622 4790 despexisse,
2653 4720 2776 4793 quia
2805 4720 2939 4777 nihil
2966 4719 3270 4776 aictionis
3294 4720 3379 4775 vel
3408 4719 3580 4792 capti-

321 4790 376 4843 in
402 4790 509 4846 alio
532 4793 677 4849 enim
702 4795 819 4853 loco
843 4798 1105 4857 aediﬁcata
1128 4811 1231 4859 est.
1787 4790 1814 4797 ν
1876 4790 1885 4793 ⁷
2000 4810 2182 4865 vitatis
2209 4809 2532 4881 patiebatur.

394 4881 559 4938 Vsus.
587 4884 640 4939 5.
662 4916 734 4927 —-
761 4885 932 4956 Venit,
963 4899 1068 4947 etc.
1119 4892 1302 4968 ima.)
1333 4895 1613 4958 Haereticis
1640 4910 1695 4958 et
1721 4905 1896 4961 schis-

2072 4900 2236 4955 Vnns.
2271 4901 2359 4955 ιε.
2381 4930 2454 4941 —
2483 4900 2690 4959 Mittam
2719 4903 2790 4967 ei,
2819 4910 2923 4958 etc.
2964 4900 3145 4973 (ΒΑΕ.)
3176 4900 3493 4972 Quicunque
3522 4901 3575 4957 in

321 4977 551 5041 tuaticis,
575 4987 632 5037 et
669 4984 921 5042 omnibus
947 4986 1201 5047 Ecclesia:
1235 4990 1485 5049 hostibus
1525 4994 1736 5067 plagam
1765 5012 1895 5053 ven-
1995 4991 2232 5045 humana
2259 4991 2599 5062 philosophia
2628 4991 2906 5047 confidunt
2931 4992 3291 5063 despicientes
3320 4991 3577 5047 Ecclesiae

322 5077 500 5129 turam
521 5074 811 5146 significat,
837 5087 965 5147 etc.,
1006 5098 1169 5155 usque
1203 5085 1274 5140 ad
1311 5085 1417 5143 Pei-
1443 5087 1720 5145 libidinem
1747 5091 1908 5151 enim,
1998 5082 2158 5138 ﬁdem
2202 5092 2257 5137 et
2299 5084 2603 5139 doctrinam
2643 5082 2966 5153 simplicem,
2991 5092 3123 5150 etc.,
3157 5098 3322 5154 usque
3348 5084 3417 5138 ad
3448 5090 3579 5139 tunc

321 5162 623 5221 carnalium
657 5177 865 5231 mentes
886 5171 1105 5235 esurit:
1142 5174 1236 5232 sed
1264 5175 1558 5233 novissimo
1585 5178 1892 5252 pmcipita-
2002 5173 2158 5229 ibunt
2175 5188 2296 5229 cum
2319 5174 2531 5230 diabolo
2558 5181 2613 5230 et
2638 5175 2843 5245 angelis
2866 5173 2983 5244 ejus
3009 5175 3063 5230 in
3092 5175 3267 5245 ignem
3289 5183 3573 5230 uernum.

318 5251 486 5310 bitur.
1752 5251 1764 5252 ί
1999 5265 2136 5322 Justi
2162 5275 2339 5322 autem
2370 5268 2423 5322 in
2448 5267 2615 5322 vitam
2638 5275 2916 5323 mternam.

392 5345 560 5404 Vsus.
590 5348 644 5405 7.
669 5379 739 5391 --
771 5350 1045 5418 Quo-edo
1070 5355 1317 5425 quiescet,
1346 5366 1453 5414 etc.
1504 5357 1668 5427 Quasi
1703 5362 1888 5419 dicat:
2070 5356 2235 5416 Vitas.
2266 5358 2832 5416 l7.-Consolamini.
2864 5360 3073 5418 lronice
3096 5360 3183 5417 vel
3211 5359 3576 5432 adpmniten-

320 5435 437 5494 Non
478 5449 658 5509 potest
697 5442 906 5513 gladius
943 5445 1249 5515 quiescere,
1285 5448 1390 5504 nisi
1418 5449 1646 5507 Domino
1668 5449 1896 5520 iubente
2000 5452 2130 5508 tiam
2160 5461 2435 5524 provocat,
2466 5461 2525 5508 ut
2553 5468 2651 5524 per
2677 5454 3098 5511 satisfactionem
3126 5466 3417 5527 congruam
3449 5468 3573 5509 eva-

321 5528 475 5599 cujus
500 5534 789 5592 vindictam
815 5547 1060 5604 exercet,
1090 5538 1177 5594 vel
1202 5558 1217 5593 :
1245 5539 1410 5607 Quasi
1446 5557 1514 5598 ex
1550 5557 1780 5613 persona
1812 5545 1893 5600 af-
1944 5614 1957 5619 _
2000 5545 2129 5600 dant
2170 5545 2463 5600 miseriam.
2515 5544 2757 5618 Mystice.
2810 5546 3092 5619 Sapientes
3116 5546 3275 5617 huius
3298 5544 3481 5602 mundi
3518 5556 3574 5599 et

319 5620 593 5687 dictorum
623 5628 690 5684 ad
725 5628 959 5700 gladium
986 5630 1199 5689 Domini
1236 5633 1449 5692 loeutus
1470 5644 1624 5705 erat,
1668 5638 1762 5694 sed
1802 5638 1893 5694 hic
1943 5614 1957 5638 ’
1998 5636 2260 5703 haeretici,
2284 5652 2420 5707 quos
2441 5614 2595 5695 Moab
2618 5614 2907 5711 significat,
2932 5640 2978 5694 si
3006 5614 3288 5696 stultitiam
3311 5654 3416 5693 non
3449 5650 3572 5692 cor-

323 5718 608 5789 respondet
634 5720 687 5775 in
713 5736 939 5792 persona
964 5738 1080 5780 sua.
1996 5730 2243 5785 rexerint
2275 5718 2347 5785 ad.
2379 5730 2537 5786 tidem
2575 5731 2898 5788 catholicam
2928 5731 3210 5799 conversi,
3251 5729 3430 5787 veniet
3465 5726 3572 5784 illis

794 5812 801 5817 ’
1376 5880 1387 5892 ,
1540 5852 1543 5857 -
1997 5819 2154 5876 ruina
2181 5829 2235 5876 et
2260 5831 2492 5878 vastatio
2520 5822 2769 5880 omnibus
2794 5823 3022 5881 urbibus
3048 5839 3253 5891 eorum,
3283 5819 3336 5878 id
3357 5829 3460 5888 est,
3489 5817 3545 5907 di
