  <div class='ocr_page' id='page_1' title='image "/cluster/home/n/w/nwhite01/storage/ocr_20150623/114/hvd.32044018909580/033.png"; bbox 0 0 4068 6344; ppageno 0'>
   <div class='ocr_carea' id='block_1_1' title="bbox 456 416 3702 511">
    <p class='ocr_par' dir='ltr' id='par_1_1' title="bbox 456 416 3702 511">
     <span class='ocr_line' id='line_1_1' title="bbox 456 416 3702 511; baseline -0.003 -1"><span class='ocrx_word' id='word_1_1' title='bbox 456 454 526 511; x_wconf 77' lang='lat'><strong>55</strong></span> <span class='ocrx_word' id='word_1_2' title='bbox 955 448 1342 506; x_wconf 84' lang='lat' dir='ltr'><strong>WALAFRIDI</strong></span> <span class='ocrx_word' id='word_1_3' title='bbox 1381 423 1626 503; x_wconf 70' lang='lat' dir='ltr'><strong>STRABI</strong></span> <span class='ocrx_word' id='word_1_4' title='bbox 1662 445 1866 503; x_wconf 87' lang='lat' dir='ltr'><strong>FULD.</strong></span> <span class='ocrx_word' id='word_1_5' title='bbox 1909 443 2073 500; x_wconf 86' lang='lat' dir='ltr'><strong>MON.</strong></span> <span class='ocrx_word' id='word_1_6' title='bbox 2113 439 2262 499; x_wconf 88' lang='lat' dir='ltr'><strong>OPP.</strong></span> <span class='ocrx_word' id='word_1_7' title='bbox 2301 440 2481 498; x_wconf 79' lang='lat' dir='ltr'><strong>PARS</strong></span> <span class='ocrx_word' id='word_1_8' title='bbox 2520 419 2574 498; x_wconf 30' lang='lat' dir='ltr'><strong>I.&#39;</strong></span> <span class='ocrx_word' id='word_1_9' title='bbox 2602 470 2672 482; x_wconf 92' lang='lat'><strong><em>—</em></strong></span> <span class='ocrx_word' id='word_1_10' title='bbox 2709 416 3162 499; x_wconf 82' lang='lat' dir='ltr'><strong>THEOLOGICA.</strong></span> <span class='ocrx_word' id='word_1_11' title='bbox 3443 438 3448 443; x_wconf 82' lang='grc'><strong>’</strong></span> <span class='ocrx_word' id='word_1_12' title='bbox 3631 445 3702 502; x_wconf 81' lang='lat'><strong>56</strong></span> 
     </span>
    </p>
   </div>
   <div class='ocr_carea' id='block_1_2' title="bbox 455 554 3710 636">
    <p class='ocr_par' dir='ltr' id='par_1_2' title="bbox 455 554 3710 636">
     <span class='ocr_line' id='line_1_2' title="bbox 455 554 3710 636; baseline -0.003 -14"><span class='ocrx_word' id='word_1_13' title='bbox 455 569 629 625; x_wconf 83' lang='lat' dir='ltr'><strong>versis</strong></span> <span class='ocrx_word' id='word_1_14' title='bbox 656 567 838 624; x_wconf 81' lang='lat' dir='ltr'><strong>sectis.</strong></span> <span class='ocrx_word' id='word_1_15' title='bbox 890 566 1019 634; x_wconf 76' lang='lat' dir='ltr'><strong>Qua:</strong></span> <span class='ocrx_word' id='word_1_16' title='bbox 1056 567 1200 619; x_wconf 92' lang='lat' dir='ltr'><strong>enim</strong></span> <span class='ocrx_word' id='word_1_17' title='bbox 1235 565 1394 636; x_wconf 88' lang='lat' dir='ltr'><strong>longe</strong></span> <span class='ocrx_word' id='word_1_18' title='bbox 1424 564 1510 619; x_wconf 90' lang='lat' dir='ltr'><strong>vel</strong></span> <span class='ocrx_word' id='word_1_19' title='bbox 1547 579 1712 635; x_wconf 86' lang='lat' dir='ltr'><strong>prope</strong></span> <span class='ocrx_word' id='word_1_20' title='bbox 1743 579 1773 618; x_wconf 89' lang='lat' dir='ltr'><strong>a</strong></span> <span class='ocrx_word' id='word_1_21' title='bbox 1802 562 2028 617; x_wconf 88' lang='lat' dir='ltr'><strong>veritate</strong></span> <span class='ocrx_word' id='word_1_22' title='bbox 2053 559 2105 622; x_wconf 81' lang='grc' dir='ltr'>Α</span> <span class='ocrx_word' id='word_1_23' title='bbox 2130 557 2277 612; x_wconf 89' lang='lat' dir='ltr'><strong>bium</strong></span> <span class='ocrx_word' id='word_1_24' title='bbox 2296 599 2312 623; x_wconf 92' lang='lat'><strong>,</strong></span> <span class='ocrx_word' id='word_1_25' title='bbox 2355 571 2457 613; x_wconf 90' lang='lat' dir='ltr'><strong>nec</strong></span> <span class='ocrx_word' id='word_1_26' title='bbox 2481 557 2654 612; x_wconf 87' lang='lat' dir='ltr'><strong>virtus</strong></span> <span class='ocrx_word' id='word_1_27' title='bbox 2693 557 2959 613; x_wconf 80' lang='lat' dir='ltr'><strong>idolorum</strong></span> <span class='ocrx_word' id='word_1_28' title='bbox 2985 557 3152 613; x_wconf 92' lang='lat' dir='ltr'><strong>valuit</strong></span> <span class='ocrx_word' id='word_1_29' title='bbox 3180 565 3233 613; x_wconf 88' lang='lat' dir='ltr'><strong>te</strong></span> <span class='ocrx_word' id='word_1_30' title='bbox 3262 554 3586 613; x_wconf 75' lang='lat' dir='ltr'><strong>defendere:</strong></span> <span class='ocrx_word' id='word_1_31' title='bbox 3631 558 3710 614; x_wconf 90' lang='lat' dir='ltr'><strong>sic</strong></span> 
     </span>
    </p>
   </div>
   <div class='ocr_carea' id='block_1_3' title="bbox 459 657 1656 728">
    <p class='ocr_par' dir='ltr' id='par_1_3' title="bbox 459 657 1656 728">
     <span class='ocr_line' id='line_1_3' title="bbox 459 657 1656 728; baseline -0.006 -10"><span class='ocrx_word' id='word_1_32' title='bbox 459 663 682 727; x_wconf 78' lang='lat' dir='ltr'><strong>distant,</strong></span> <span class='ocrx_word' id='word_1_33' title='bbox 711 660 922 716; x_wconf 83' lang='lat' dir='ltr'><strong>lucente</strong></span> <span class='ocrx_word' id='word_1_34' title='bbox 949 657 1236 728; x_wconf 87' lang='lat' dir='ltr'><strong>Evangelio</strong></span> <span class='ocrx_word' id='word_1_35' title='bbox 1260 659 1656 712; x_wconf 78' lang='lat' dir='ltr'><strong>subvertantur.</strong></span> 
     </span>
    </p>
   </div>
   <div class='ocr_carea' id='block_1_4' title="bbox 528 745 2031 820">
    <p class='ocr_par' dir='ltr' id='par_1_4' title="bbox 528 745 2031 820">
     <span class='ocr_line' id='line_1_4' title="bbox 528 745 2031 820; baseline -0.005 -13"><span class='ocrx_word' id='word_1_36' title='bbox 528 751 690 807; x_wconf 79' lang='lat' dir='ltr'><strong>Vens.</strong></span> <span class='ocrx_word' id='word_1_37' title='bbox 723 752 810 807; x_wconf 75' lang='grc'><strong>25.</strong></span> <span class='ocrx_word' id='word_1_38' title='bbox 841 781 911 792; x_wconf 90' lang='lat'><strong>——</strong></span> <span class='ocrx_word' id='word_1_39' title='bbox 941 749 1255 803; x_wconf 78' lang='lat' dir='ltr'><strong>Abscissum.</strong></span> <span class='ocrx_word' id='word_1_40' title='bbox 1294 746 1500 820; x_wconf 59' lang='lat' dir='ltr'><strong>(Iliam)</strong></span> <span class='ocrx_word' id='word_1_41' title='bbox 1542 745 1692 802; x_wconf 88' lang='lat' dir='ltr'><strong>Sicut</strong></span> <span class='ocrx_word' id='word_1_42' title='bbox 1717 753 1906 802; x_wconf 90' lang='lat' dir='ltr'><strong>contra</strong></span> <span class='ocrx_word' id='word_1_43' title='bbox 1929 745 2031 800; x_wconf 85' lang='lat' dir='ltr'><strong>Ba-</strong></span> 
     </span>
    </p>
   </div>
   <div class='ocr_carea' id='block_1_5' title="bbox 456 839 2031 916">
    <p class='ocr_par' dir='ltr' id='par_1_5' title="bbox 456 839 2031 916">
     <span class='ocr_line' id='line_1_5' title="bbox 456 839 2031 916; baseline -0.008 -16"><span class='ocrx_word' id='word_1_44' title='bbox 456 845 708 916; x_wconf 86' lang='lat' dir='ltr'><strong>bylonem</strong></span> <span class='ocrx_word' id='word_1_45' title='bbox 754 851 809 898; x_wconf 92' lang='lat' dir='ltr'><strong>et</strong></span> <span class='ocrx_word' id='word_1_46' title='bbox 847 840 1177 897; x_wconf 87' lang='lat' dir='ltr'><strong>Philisthiim</strong></span> <span class='ocrx_word' id='word_1_47' title='bbox 1212 839 1534 893; x_wconf 82' lang='lat' dir='ltr'><strong>vaticinatus</strong></span> <span class='ocrx_word' id='word_1_48' title='bbox 1566 845 1681 902; x_wconf 91' lang='lat' dir='ltr'><strong>est,</strong></span> <span class='ocrx_word' id='word_1_49' title='bbox 1709 845 1841 902; x_wconf 90' lang='lat' dir='ltr'><strong>etc.,</strong></span> <span class='ocrx_word' id='word_1_50' title='bbox 1871 851 2031 907; x_wconf 69' lang='lat' dir='ltr'><strong>usque</strong></span> 
     </span>
    </p>
   </div>
   <div class='ocr_carea' id='block_1_6' title="bbox 457 926 2033 1004">
    <p class='ocr_par' dir='ltr' id='par_1_6' title="bbox 457 926 2033 1004">
     <span class='ocr_line' id='line_1_6' title="bbox 457 926 2033 1004; baseline -0.008 -16"><span class='ocrx_word' id='word_1_51' title='bbox 457 936 527 988; x_wconf 88' lang='lat' dir='ltr'><strong>ad</strong></span> <span class='ocrx_word' id='word_1_52' title='bbox 549 932 802 1004; x_wconf 81' lang='lat' dir='ltr'><strong>quidquid</strong></span> <span class='ocrx_word' id='word_1_53' title='bbox 824 931 891 984; x_wconf 89' lang='lat' dir='ltr'><strong>ad</strong></span> <span class='ocrx_word' id='word_1_54' title='bbox 913 939 1180 984; x_wconf 82' lang='lat' dir='ltr'><strong>terrenam</strong></span> <span class='ocrx_word' id='word_1_55' title='bbox 1197 928 1476 984; x_wconf 87' lang='lat' dir='ltr'><strong>scientiam</strong></span> <span class='ocrx_word' id='word_1_56' title='bbox 1492 926 1726 996; x_wconf 86' lang='lat' dir='ltr'><strong>pertinet</strong></span> <span class='ocrx_word' id='word_1_57' title='bbox 1743 932 1799 979; x_wconf 94' lang='lat' dir='ltr'><strong>et</strong></span> <span class='ocrx_word' id='word_1_58' title='bbox 1814 931 2033 994; x_wconf 84' lang='lat' dir='ltr'><strong>putatur</strong></span> 
     </span>
    </p>
   </div>
   <div class='ocr_carea' id='block_1_7' title="bbox 459 1014 2034 1089">
    <p class='ocr_par' dir='ltr' id='par_1_7' title="bbox 459 1014 2034 1089">
     <span class='ocr_line' id='line_1_7' title="bbox 459 1014 2034 1089; baseline -0.007 -8"><span class='ocrx_word' id='word_1_59' title='bbox 459 1026 762 1088; x_wconf 80' lang='lat' dir='ltr'><strong>robustum,</strong></span> <span class='ocrx_word' id='word_1_60' title='bbox 790 1023 1138 1085; x_wconf 78' lang='lat' dir='ltr'><strong>subvertitur,</strong></span> <span class='ocrx_word' id='word_1_61' title='bbox 1163 1028 1224 1076; x_wconf 88' lang='lat' dir='ltr'><strong>ut</strong></span> <span class='ocrx_word' id='word_1_62' title='bbox 1245 1018 1380 1074; x_wconf 82' lang='lat' dir='ltr'><strong>nihil</strong></span> <span class='ocrx_word' id='word_1_63' title='bbox 1405 1017 1663 1089; x_wconf 89' lang='lat' dir='ltr'><strong>probetur</strong></span> <span class='ocrx_word' id='word_1_64' title='bbox 1684 1017 1825 1088; x_wconf 86' lang='lat' dir='ltr'><strong>quod</strong></span> <span class='ocrx_word' id='word_1_65' title='bbox 1851 1014 2034 1071; x_wconf 87' lang='lat' dir='ltr'><strong>fortis-</strong></span> 
     </span>
    </p>
   </div>
   <div class='ocr_carea' id='block_1_8' title="bbox 457 1113 989 1183">
    <p class='ocr_par' dir='ltr' id='par_1_8' title="bbox 457 1113 989 1183">
     <span class='ocr_line' id='line_1_8' title="bbox 457 1113 989 1183; baseline -0.006 -14"><span class='ocrx_word' id='word_1_66' title='bbox 457 1115 652 1169; x_wconf 89' lang='lat' dir='ltr'><strong>simum</strong></span> <span class='ocrx_word' id='word_1_67' title='bbox 679 1113 989 1183; x_wconf 86' lang='lat' dir='ltr'><strong>putabatur.</strong></span> 
     </span>
    </p>
   </div>
   <div class='ocr_carea' id='block_1_9' title="bbox 528 1198 2034 1270">
    <p class='ocr_par' dir='ltr' id='par_1_9' title="bbox 528 1198 2034 1270">
     <span class='ocr_line' id='line_1_9' title="bbox 528 1198 2034 1270; baseline -0.003 -12"><span class='ocrx_word' id='word_1_68' title='bbox 528 1203 688 1259; x_wconf 73' lang='lat' dir='ltr'><strong>Vens.</strong></span> <span class='ocrx_word' id='word_1_69' title='bbox 727 1204 814 1258; x_wconf 70' lang='lat'><strong>29.</strong></span> <span class='ocrx_word' id='word_1_70' title='bbox 841 1235 914 1244; x_wconf 91' lang='lat'><strong>—</strong></span> <span class='ocrx_word' id='word_1_71' title='bbox 940 1203 1268 1257; x_wconf 77' lang='lat' dir='ltr'><strong>Audiuimus.</strong></span> <span class='ocrx_word' id='word_1_72' title='bbox 1316 1201 1452 1268; x_wconf 87' lang='lat' dir='ltr'><strong>Quia</strong></span> <span class='ocrx_word' id='word_1_73' title='bbox 1483 1200 1536 1255; x_wconf 94' lang='lat' dir='ltr'><strong>in</strong></span> <span class='ocrx_word' id='word_1_74' title='bbox 1566 1198 1732 1270; x_wconf 89' lang='lat' dir='ltr'><strong>priori</strong></span> <span class='ocrx_word' id='word_1_75' title='bbox 1764 1206 2034 1254; x_wconf 81' lang='lat' dir='ltr'><strong>commate</strong></span> 
     </span>
    </p>
   </div>
   <div class='ocr_carea' id='block_1_10' title="bbox 455 1288 2032 1364">
    <p class='ocr_par' dir='ltr' id='par_1_10' title="bbox 455 1288 2032 1364">
     <span class='ocr_line' id='line_1_10' title="bbox 455 1288 2032 1364; baseline -0.004 -14"><span class='ocrx_word' id='word_1_76' title='bbox 455 1303 700 1350; x_wconf 72' lang='lat' dir='ltr'><strong>errantes</strong></span> <span class='ocrx_word' id='word_1_77' title='bbox 729 1293 795 1348; x_wconf 91' lang='lat' dir='ltr'><strong>ad</strong></span> <span class='ocrx_word' id='word_1_78' title='bbox 821 1292 1191 1364; x_wconf 87' lang='lat' dir='ltr'><strong>paenitentiam</strong></span> <span class='ocrx_word' id='word_1_79' title='bbox 1218 1289 1562 1361; x_wconf 86' lang='lat' dir='ltr'><strong>provocabat,</strong></span> <span class='ocrx_word' id='word_1_80' title='bbox 1591 1297 1646 1344; x_wconf 89' lang='lat' dir='ltr'><strong>et</strong></span> <span class='ocrx_word' id='word_1_81' title='bbox 1670 1290 1735 1344; x_wconf 90' lang='lat' dir='ltr'><strong>ad</strong></span> <span class='ocrx_word' id='word_1_82' title='bbox 1760 1288 2032 1344; x_wconf 90' lang='lat' dir='ltr'><strong>Christum</strong></span> 
     </span>
    </p>
   </div>
   <div class='ocr_carea' id='block_1_11' title="bbox 457 1380 2033 1453">
    <p class='ocr_par' dir='ltr' id='par_1_11' title="bbox 457 1380 2033 1453">
     <span class='ocr_line' id='line_1_11' title="bbox 457 1380 2033 1453; baseline -0.003 -13"><span class='ocrx_word' id='word_1_83' title='bbox 457 1385 699 1440; x_wconf 83' lang='lat' dir='ltr'><strong>converti</strong></span> <span class='ocrx_word' id='word_1_84' title='bbox 740 1385 1024 1448; x_wconf 89' lang='lat' dir='ltr'><strong>monebat;</strong></span> <span class='ocrx_word' id='word_1_85' title='bbox 1069 1390 1130 1437; x_wconf 86' lang='lat' dir='ltr'><strong>ut</strong></span> <span class='ocrx_word' id='word_1_86' title='bbox 1174 1382 1229 1436; x_wconf 91' lang='lat' dir='ltr'><strong>in</strong></span> <span class='ocrx_word' id='word_1_87' title='bbox 1268 1381 1385 1453; x_wconf 84' lang='lat' dir='ltr'><strong>ejus</strong></span> <span class='ocrx_word' id='word_1_88' title='bbox 1414 1380 1520 1436; x_wconf 87' lang='lat' dir='ltr'><strong>ﬁde</strong></span> <span class='ocrx_word' id='word_1_89' title='bbox 1556 1389 1817 1452; x_wconf 85' lang='lat' dir='ltr'><strong>perpetuo</strong></span> <span class='ocrx_word' id='word_1_90' title='bbox 1843 1396 2033 1436; x_wconf 89' lang='lat' dir='ltr'><strong>mane-</strong></span> 
     </span>
    </p>
   </div>
   <div class='ocr_carea' id='block_1_12' title="bbox 458 1474 2035 1546">
    <p class='ocr_par' dir='ltr' id='par_1_12' title="bbox 458 1474 2035 1546">
     <span class='ocr_line' id='line_1_12' title="bbox 458 1474 2035 1546; baseline -0.002 -14"><span class='ocrx_word' id='word_1_91' title='bbox 458 1489 602 1543; x_wconf 89' lang='lat' dir='ltr'><strong>rent;</strong></span> <span class='ocrx_word' id='word_1_92' title='bbox 625 1492 768 1532; x_wconf 91' lang='lat' dir='ltr'><strong>nunc</strong></span> <span class='ocrx_word' id='word_1_93' title='bbox 790 1476 1181 1546; x_wconf 89' lang='lat' dir='ltr'><strong>incorrigibiles</strong></span> <span class='ocrx_word' id='word_1_94' title='bbox 1194 1474 1454 1545; x_wconf 89' lang='lat' dir='ltr'><strong>plurimos</strong></span> <span class='ocrx_word' id='word_1_95' title='bbox 1475 1481 1529 1529; x_wconf 91' lang='lat' dir='ltr'><strong>et</strong></span> <span class='ocrx_word' id='word_1_96' title='bbox 1553 1476 1851 1530; x_wconf 89' lang='lat' dir='ltr'><strong>obstinatos</strong></span> <span class='ocrx_word' id='word_1_97' title='bbox 1871 1489 2035 1544; x_wconf 78' lang='lat' dir='ltr'><strong>agno-</strong></span> 
     </span>
    </p>
   </div>
   <div class='ocr_carea' id='block_1_13' title="bbox 459 1563 2030 1635">
    <p class='ocr_par' dir='ltr' id='par_1_13' title="bbox 459 1563 2030 1635">
     <span class='ocr_line' id='line_1_13' title="bbox 459 1563 2030 1635; baseline -0.002 -13"><span class='ocrx_word' id='word_1_98' title='bbox 459 1582 638 1633; x_wconf 87' lang='lat' dir='ltr'><strong>scens,</strong></span> <span class='ocrx_word' id='word_1_99' title='bbox 668 1580 735 1620; x_wconf 78' lang='lat' dir='ltr'><strong>ex</strong></span> <span class='ocrx_word' id='word_1_100' title='bbox 763 1577 990 1635; x_wconf 78' lang='lat' dir='ltr'><strong>persona</strong></span> <span class='ocrx_word' id='word_1_101' title='bbox 1021 1580 1229 1630; x_wconf 89' lang='lat' dir='ltr'><strong>eorum,</strong></span> <span class='ocrx_word' id='word_1_102' title='bbox 1259 1564 1351 1633; x_wconf 85' lang='lat' dir='ltr'><strong>qui</strong></span> <span class='ocrx_word' id='word_1_103' title='bbox 1380 1565 1445 1619; x_wconf 88' lang='lat' dir='ltr'><strong>de</strong></span> <span class='ocrx_word' id='word_1_104' title='bbox 1476 1563 1628 1619; x_wconf 84' lang='lat' dir='ltr'><strong>Moab</strong></span> <span class='ocrx_word' id='word_1_105' title='bbox 1655 1565 1846 1620; x_wconf 87' lang='lat' dir='ltr'><strong>salvati</strong></span> <span class='ocrx_word' id='word_1_106' title='bbox 1874 1573 2030 1630; x_wconf 91' lang='lat' dir='ltr'><strong>sunt,</strong></span> 
     </span>
    </p>
   </div>
   <div class='ocr_carea' id='block_1_14' title="bbox 457 1656 2029 1728">
    <p class='ocr_par' dir='ltr' id='par_1_14' title="bbox 457 1656 2029 1728">
     <span class='ocr_line' id='line_1_14' title="bbox 457 1656 2029 1728; baseline -0.001 -16"><span class='ocrx_word' id='word_1_107' title='bbox 457 1666 514 1712; x_wconf 90' lang='lat' dir='ltr'><strong>et</strong></span> <span class='ocrx_word' id='word_1_108' title='bbox 540 1658 908 1728; x_wconf 82' lang='lat' dir='ltr'><strong>experimento</strong></span> <span class='ocrx_word' id='word_1_109' title='bbox 937 1671 1036 1711; x_wconf 91' lang='lat' dir='ltr'><strong>suo</strong></span> <span class='ocrx_word' id='word_1_110' title='bbox 1063 1656 1180 1727; x_wconf 87' lang='lat' dir='ltr'><strong>ejus</strong></span> <span class='ocrx_word' id='word_1_111' title='bbox 1209 1657 1512 1725; x_wconf 88' lang='lat' dir='ltr'><strong>superbiam</strong></span> <span class='ocrx_word' id='word_1_112' title='bbox 1543 1656 1880 1723; x_wconf 86' lang='lat' dir='ltr'><strong>didicerunt,</strong></span> <span class='ocrx_word' id='word_1_113' title='bbox 1921 1657 2029 1711; x_wconf 88' lang='lat' dir='ltr'><strong>ait:</strong></span> 
     </span>
    </p>
   </div>
   <div class='ocr_carea' id='block_1_15' title="bbox 455 1746 2033 1819">
    <p class='ocr_par' dir='ltr' id='par_1_15' title="bbox 455 1746 2033 1819">
     <span class='ocr_line' id='line_1_15' title="bbox 455 1746 2033 1819; baseline 0 -17"><span class='ocrx_word' id='word_1_114' title='bbox 455 1748 762 1803; x_wconf 77' lang='lat' dir='ltr'><strong>Audiuimus</strong></span> <span class='ocrx_word' id='word_1_115' title='bbox 797 1747 1088 1819; x_wconf 81' lang='lat' dir='ltr'><strong>superbiam</strong></span> <span class='ocrx_word' id='word_1_116' title='bbox 1116 1746 1295 1814; x_wconf 84' lang='lat' dir='ltr'><strong>Moab,</strong></span> <span class='ocrx_word' id='word_1_117' title='bbox 1323 1755 1428 1802; x_wconf 88' lang='lat' dir='ltr'><strong>etc.</strong></span> <span class='ocrx_word' id='word_1_118' title='bbox 1479 1747 1547 1802; x_wconf 89' lang='lat' dir='ltr'><strong>Et</strong></span> <span class='ocrx_word' id='word_1_119' title='bbox 1581 1747 1735 1802; x_wconf 86' lang='lat' dir='ltr'><strong>Moab</strong></span> <span class='ocrx_word' id='word_1_120' title='bbox 1772 1747 2033 1818; x_wconf 67' lang='lat' dir='ltr'><strong>superbiae</strong></span> 
     </span>
    </p>
   </div>
   <div class='ocr_carea' id='block_1_16' title="bbox 458 1834 2032 1909">
    <p class='ocr_par' dir='ltr' id='par_1_16' title="bbox 458 1834 2032 1909">
     <span class='ocr_line' id='line_1_16' title="bbox 458 1834 2032 1909; baseline 0.003 -20"><span class='ocrx_word' id='word_1_121' title='bbox 458 1837 656 1909; x_wconf 77' lang='lat' dir='ltr'><strong>arguit,</strong></span> <span class='ocrx_word' id='word_1_122' title='bbox 679 1837 804 1907; x_wconf 84' lang='lat' dir='ltr'><strong>quia</strong></span> <span class='ocrx_word' id='word_1_123' title='bbox 827 1837 945 1909; x_wconf 92' lang='lat' dir='ltr'><strong>plus</strong></span> <span class='ocrx_word' id='word_1_124' title='bbox 965 1834 1187 1892; x_wconf 85' lang='lat' dir='ltr'><strong>eﬁ&#39;ertur</strong></span> <span class='ocrx_word' id='word_1_125' title='bbox 1210 1851 1370 1907; x_wconf 88' lang='lat' dir='ltr'><strong>quam</strong></span> <span class='ocrx_word' id='word_1_126' title='bbox 1394 1836 1589 1908; x_wconf 87' lang='lat' dir='ltr'><strong>possit,</strong></span> <span class='ocrx_word' id='word_1_127' title='bbox 1609 1838 1694 1892; x_wconf 88' lang='lat' dir='ltr'><strong>vel</strong></span> <span class='ocrx_word' id='word_1_128' title='bbox 1712 1845 1898 1907; x_wconf 89' lang='lat' dir='ltr'><strong>poscat</strong></span> <span class='ocrx_word' id='word_1_129' title='bbox 1916 1836 2032 1907; x_wconf 87' lang='lat' dir='ltr'><strong>ejus</strong></span> 
     </span>
    </p>
   </div>
   <div class='ocr_carea' id='block_1_17' title="bbox 453 1929 734 1985">
    <p class='ocr_par' dir='ltr' id='par_1_17' title="bbox 453 1929 734 1985">
     <span class='ocr_line' id='line_1_17' title="bbox 453 1929 734 1985; baseline 0.007 -2"><span class='ocrx_word' id='word_1_130' title='bbox 453 1929 734 1985; x_wconf 77' lang='lat' dir='ltr'><strong>fortitudo.</strong></span> 
     </span>
    </p>
   </div>
   <div class='ocr_carea' id='block_1_18' title="bbox 526 2019 2034 2099">
    <p class='ocr_par' dir='ltr' id='par_1_18' title="bbox 526 2019 2034 2099">
     <span class='ocr_line' id='line_1_18' title="bbox 526 2019 2034 2099; baseline 0 -24"><span class='ocrx_word' id='word_1_131' title='bbox 526 2019 689 2099; x_wconf 71' lang='lat' dir='ltr'><strong>Vens;</strong></span> <span class='ocrx_word' id='word_1_132' title='bbox 723 2022 810 2078; x_wconf 82' lang='grc'><strong>51.</strong></span> <span class='ocrx_word' id='word_1_133' title='bbox 833 2052 905 2063; x_wconf 94' lang='grc'><strong><em>-</em></strong></span> <span class='ocrx_word' id='word_1_134' title='bbox 929 2022 1060 2078; x_wconf 84' lang='lat' dir='ltr'><strong>Ideo</strong></span> <span class='ocrx_word' id='word_1_135' title='bbox 1089 2039 1245 2093; x_wconf 84' lang='lat' dir='ltr'><strong>super</strong></span> <span class='ocrx_word' id='word_1_136' title='bbox 1269 2021 1428 2077; x_wconf 79' lang='lat' dir='ltr'><strong>Moab</strong></span> <span class='ocrx_word' id='word_1_137' title='bbox 1459 2020 1687 2092; x_wconf 83' lang='lat' dir='ltr'><strong>ejulabo.</strong></span> <span class='ocrx_word' id='word_1_138' title='bbox 1731 2021 2034 2076; x_wconf 86' lang='lat' dir='ltr'><strong>Potentiam</strong></span> 
     </span>
    </p>
   </div>
   <div class='ocr_carea' id='block_1_19' title="bbox 453 2111 2034 2185">
    <p class='ocr_par' dir='ltr' id='par_1_19' title="bbox 453 2111 2034 2185">
     <span class='ocr_line' id='line_1_19' title="bbox 453 2111 2034 2185; baseline 0.003 -19"><span class='ocrx_word' id='word_1_139' title='bbox 453 2112 702 2184; x_wconf 27' lang='lat' dir='ltr'><strong>pristinae:</strong></span> <span class='ocrx_word' id='word_1_140' title='bbox 719 2111 992 2170; x_wconf 78' lang='lat' dir='ltr'><strong>felicitatis</strong></span> <span class='ocrx_word' id='word_1_141' title='bbox 1017 2123 1072 2169; x_wconf 88' lang='lat' dir='ltr'><strong>et</strong></span> <span class='ocrx_word' id='word_1_142' title='bbox 1097 2115 1311 2185; x_wconf 82' lang='lat' dir='ltr'><strong>plagam</strong></span> <span class='ocrx_word' id='word_1_143' title='bbox 1341 2114 1636 2183; x_wconf 74' lang='lat' dir='ltr'><strong>repentina:</strong></span> <span class='ocrx_word' id='word_1_144' title='bbox 1666 2114 2034 2170; x_wconf 84' lang='lat' dir='ltr'><strong>subversionis</strong></span> 
     </span>
    </p>
   </div>
   <div class='ocr_carea' id='block_1_20' title="bbox 455 2203 2031 2274">
    <p class='ocr_par' dir='ltr' id='par_1_20' title="bbox 455 2203 2031 2274">
     <span class='ocr_line' id='line_1_20' title="bbox 455 2203 2031 2274; baseline -0.001 -14"><span class='ocrx_word' id='word_1_145' title='bbox 455 2205 710 2260; x_wconf 88' lang='lat' dir='ltr'><strong>ostendit.</strong></span> <span class='ocrx_word' id='word_1_146' title='bbox 745 2205 904 2260; x_wconf 77' lang='lat' dir='ltr'><strong>Moab</strong></span> <span class='ocrx_word' id='word_1_147' title='bbox 935 2206 1226 2260; x_wconf 78' lang='lat' dir='ltr'><strong>universam</strong></span> <span class='ocrx_word' id='word_1_148' title='bbox 1254 2203 1509 2259; x_wconf 86' lang='lat' dir='ltr'><strong>clamabo.</strong></span> <span class='ocrx_word' id='word_1_149' title='bbox 1545 2203 1675 2271; x_wconf 66' lang='lat' dir='ltr'><strong>Quae</strong></span> <span class='ocrx_word' id='word_1_150' title='bbox 1706 2205 2031 2274; x_wconf 83' lang='lat' dir='ltr'><strong>interpreta-</strong></span> 
     </span>
    </p>
   </div>
   <div class='ocr_carea' id='block_1_21' title="bbox 459 2295 2034 2368">
    <p class='ocr_par' dir='ltr' id='par_1_21' title="bbox 459 2295 2034 2368">
     <span class='ocr_line' id='line_1_21' title="bbox 459 2295 2034 2368; baseline 0 -16"><span class='ocrx_word' id='word_1_151' title='bbox 459 2306 546 2352; x_wconf 86' lang='lat' dir='ltr'><strong>tur</strong></span> <span class='ocrx_word' id='word_1_152' title='bbox 568 2297 821 2366; x_wconf 78' lang='lat' dir='ltr'><strong>fortitudo</strong></span> <span class='ocrx_word' id='word_1_153' title='bbox 847 2313 1046 2363; x_wconf 84' lang='lat' dir='ltr'><strong>corum,</strong></span> <span class='ocrx_word' id='word_1_154' title='bbox 1067 2307 1123 2353; x_wconf 91' lang='lat' dir='ltr'><strong>et</strong></span> <span class='ocrx_word' id='word_1_155' title='bbox 1146 2296 1414 2368; x_wconf 78' lang='lat' dir='ltr'><strong>significat</strong></span> <span class='ocrx_word' id='word_1_156' title='bbox 1439 2295 1726 2352; x_wconf 84' lang='lat' dir='ltr'><strong>fortissima</strong></span> <span class='ocrx_word' id='word_1_157' title='bbox 1755 2297 2034 2352; x_wconf 83' lang='lat' dir='ltr'><strong>haeretico-</strong></span> 
     </span>
    </p>
   </div>
   <div class='ocr_carea' id='block_1_22' title="bbox 456 2389 2036 2461">
    <p class='ocr_par' dir='ltr' id='par_1_22' title="bbox 456 2389 2036 2461">
     <span class='ocr_line' id='line_1_22' title="bbox 456 2389 2036 2461; baseline 0.001 -19"><span class='ocrx_word' id='word_1_158' title='bbox 456 2405 577 2444; x_wconf 91' lang='lat' dir='ltr'><strong>rum</strong></span> <span class='ocrx_word' id='word_1_159' title='bbox 607 2392 856 2461; x_wconf 83' lang='lat' dir='ltr'><strong>dogmata</strong></span> <span class='ocrx_word' id='word_1_160' title='bbox 891 2390 1171 2447; x_wconf 86' lang='lat' dir='ltr'><strong>dialectice</strong></span> <span class='ocrx_word' id='word_1_161' title='bbox 1204 2399 1543 2455; x_wconf 89' lang='lat' dir='ltr'><strong>constructa,</strong></span> <span class='ocrx_word' id='word_1_162' title='bbox 1579 2389 1635 2444; x_wconf 91' lang='lat' dir='ltr'><strong>in</strong></span> <span class='ocrx_word' id='word_1_163' title='bbox 1670 2390 1864 2460; x_wconf 89' lang='lat' dir='ltr'><strong>quibus</strong></span> <span class='ocrx_word' id='word_1_164' title='bbox 1886 2389 2036 2446; x_wconf 86' lang='lat' dir='ltr'><strong>vide-</strong></span> 
     </span>
    </p>
   </div>
   <div class='ocr_carea' id='block_1_23' title="bbox 455 2482 1288 2538">
    <p class='ocr_par' dir='ltr' id='par_1_23' title="bbox 455 2482 1288 2538">
     <span class='ocr_line' id='line_1_23' title="bbox 455 2482 1288 2538; baseline 0.001 -2"><span class='ocrx_word' id='word_1_165' title='bbox 455 2482 616 2536; x_wconf 89' lang='lat' dir='ltr'><strong>batur</strong></span> <span class='ocrx_word' id='word_1_166' title='bbox 640 2497 761 2538; x_wconf 90' lang='lat' dir='ltr'><strong>esse</strong></span> <span class='ocrx_word' id='word_1_167' title='bbox 785 2483 1043 2538; x_wconf 81' lang='lat' dir='ltr'><strong>fortitudo</strong></span> <span class='ocrx_word' id='word_1_168' title='bbox 1066 2484 1288 2538; x_wconf 90' lang='lat' dir='ltr'><strong>erroris.</strong></span> 
     </span>
    </p>
   </div>
   <div class='ocr_carea' id='block_1_24' title="bbox 526 2570 2030 2641">
    <p class='ocr_par' dir='ltr' id='par_1_24' title="bbox 526 2570 2030 2641">
     <span class='ocr_line' id='line_1_24' title="bbox 526 2570 2030 2641; baseline 0.001 -17"><span class='ocrx_word' id='word_1_169' title='bbox 526 2570 686 2628; x_wconf 70' lang='lat' dir='ltr'><strong>Vens.</strong></span> <span class='ocrx_word' id='word_1_170' title='bbox 721 2572 807 2628; x_wconf 72' lang='lat'><strong>32.</strong></span> <span class='ocrx_word' id='word_1_171' title='bbox 840 2603 908 2613; x_wconf 97' lang='lat'><strong>—</strong></span> <span class='ocrx_word' id='word_1_172' title='bbox 936 2570 1165 2627; x_wconf 83' lang='lat' dir='ltr'><strong>Plorabo</strong></span> <span class='ocrx_word' id='word_1_173' title='bbox 1197 2573 1310 2639; x_wconf 86' lang='lat' dir='ltr'><strong>tibi,</strong></span> <span class='ocrx_word' id='word_1_174' title='bbox 1339 2573 1487 2627; x_wconf 82' lang='lat' dir='ltr'><strong>uinea</strong></span> <span class='ocrx_word' id='word_1_175' title='bbox 1513 2570 1758 2626; x_wconf 88' lang='lat' dir='ltr'><strong>Sabama.</strong></span> <span class='ocrx_word' id='word_1_176' title='bbox 1803 2570 2030 2641; x_wconf 88' lang='lat' dir='ltr'><strong>Tempe-</strong></span> 
     </span>
    </p>
   </div>
   <div class='ocr_carea' id='block_1_25' title="bbox 453 2661 2035 2734">
    <p class='ocr_par' dir='ltr' id='par_1_25' title="bbox 453 2661 2035 2734">
     <span class='ocr_line' id='line_1_25' title="bbox 453 2661 2035 2734; baseline 0.002 -18"><span class='ocrx_word' id='word_1_177' title='bbox 453 2671 650 2716; x_wconf 88' lang='lat' dir='ltr'><strong>statem</strong></span> <span class='ocrx_word' id='word_1_178' title='bbox 676 2665 835 2734; x_wconf 85' lang='lat' dir='ltr'><strong>hujus</strong></span> <span class='ocrx_word' id='word_1_179' title='bbox 856 2663 1055 2720; x_wconf 72' lang='lat' dir='ltr'><strong>saeculi.</strong></span> <span class='ocrx_word' id='word_1_180' title='bbox 1081 2664 1308 2721; x_wconf 85' lang='lat' dir='ltr'><strong>Videtur</strong></span> <span class='ocrx_word' id='word_1_181' title='bbox 1325 2664 1468 2718; x_wconf 88' lang='lat' dir='ltr'><strong>enim</strong></span> <span class='ocrx_word' id='word_1_182' title='bbox 1496 2662 1800 2734; x_wconf 86' lang='lat' dir='ltr'><strong>signiﬁcare</strong></span> <span class='ocrx_word' id='word_1_183' title='bbox 1825 2661 2035 2732; x_wconf 85' lang='lat' dir='ltr'><strong>aliquos</strong></span> 
     </span>
    </p>
   </div>
   <div class='ocr_carea' id='block_1_26' title="bbox 458 2754 2031 2811">
    <p class='ocr_par' dir='ltr' id='par_1_26' title="bbox 458 2754 2031 2811">
     <span class='ocr_line' id='line_1_26' title="bbox 458 2754 2031 2811; baseline -0.001 -2"><span class='ocrx_word' id='word_1_184' title='bbox 458 2757 525 2810; x_wconf 89' lang='lat' dir='ltr'><strong>de</strong></span> <span class='ocrx_word' id='word_1_185' title='bbox 556 2755 709 2811; x_wconf 82' lang='lat' dir='ltr'><strong>Moab</strong></span> <span class='ocrx_word' id='word_1_186' title='bbox 741 2758 806 2810; x_wconf 85' lang='lat' dir='ltr'><strong>ad</strong></span> <span class='ocrx_word' id='word_1_187' title='bbox 838 2756 1122 2811; x_wconf 89' lang='lat' dir='ltr'><strong>Dominum</strong></span> <span class='ocrx_word' id='word_1_188' title='bbox 1150 2757 1390 2811; x_wconf 85' lang='lat' dir='ltr'><strong>converti</strong></span> <span class='ocrx_word' id='word_1_189' title='bbox 1419 2755 1573 2810; x_wconf 89' lang='lat' dir='ltr'><strong>velle.</strong></span> <span class='ocrx_word' id='word_1_190' title='bbox 1626 2754 1857 2810; x_wconf 90' lang='lat' dir='ltr'><strong>Sabama</strong></span> <span class='ocrx_word' id='word_1_191' title='bbox 1888 2754 2031 2808; x_wconf 80' lang='lat' dir='ltr'><strong>enim</strong></span> 
     </span>
    </p>
   </div>
   <div class='ocr_carea' id='block_1_27' title="bbox 456 2845 2030 2918">
    <p class='ocr_par' dir='ltr' id='par_1_27' title="bbox 456 2845 2030 2918">
     <span class='ocr_line' id='line_1_27' title="bbox 456 2845 2030 2918; baseline -0.001 -18"><span class='ocrx_word' id='word_1_192' title='bbox 456 2848 723 2902; x_wconf 79' lang='lat' dir='ltr'><strong>conversio</strong></span> <span class='ocrx_word' id='word_1_193' title='bbox 765 2848 941 2918; x_wconf 81' lang='lat' dir='ltr'><strong>aliqua</strong></span> <span class='ocrx_word' id='word_1_194' title='bbox 985 2848 1394 2917; x_wconf 83' lang='lat' dir='ltr'><strong>interpretatur.</strong></span> <span class='ocrx_word' id='word_1_195' title='bbox 1449 2845 1615 2900; x_wconf 82' lang='lat' dir='ltr'><strong>Vinea</strong></span> <span class='ocrx_word' id='word_1_196' title='bbox 1641 2845 1896 2910; x_wconf 89' lang='lat' dir='ltr'><strong>Sabama,</strong></span> <span class='ocrx_word' id='word_1_197' title='bbox 1924 2853 2030 2900; x_wconf 90' lang='lat' dir='ltr'><strong>etc.</strong></span> 
     </span>
    </p>
   </div>
   <div class='ocr_carea' id='block_1_28' title="bbox 454 2931 2034 3009">
    <p class='ocr_par' dir='ltr' id='par_1_28' title="bbox 454 2931 2034 3009">
     <span class='ocr_line' id='line_1_28' title="bbox 454 2931 2034 3009; baseline -0.003 -15"><span class='ocrx_word' id='word_1_198' title='bbox 454 2939 721 2994; x_wconf 88' lang='lat' dir='ltr'><strong>Attollcns</strong></span> <span class='ocrx_word' id='word_1_199' title='bbox 740 2931 1097 3005; x_wconf 63' lang='lat' dir='ltr'><strong>altitudinem,</strong></span> <span class='ocrx_word' id='word_1_200' title='bbox 1121 2939 1247 3009; x_wconf 87' lang='lat' dir='ltr'><strong>quia</strong></span> <span class='ocrx_word' id='word_1_201' title='bbox 1266 2937 1517 3009; x_wconf 89' lang='lat' dir='ltr'><strong>superbia</strong></span> <span class='ocrx_word' id='word_1_202' title='bbox 1537 2937 1728 2992; x_wconf 90' lang='lat' dir='ltr'><strong>turrim</strong></span> <span class='ocrx_word' id='word_1_203' title='bbox 1749 2936 1817 2992; x_wconf 90' lang='lat' dir='ltr'><strong>ad</strong></span> <span class='ocrx_word' id='word_1_204' title='bbox 1836 2935 2034 2992; x_wconf 67' lang='lat' dir='ltr'><strong>caelum</strong></span> 
     </span>
    </p>
   </div>
   <div class='ocr_carea' id='block_1_29' title="bbox 456 3027 1890 3103">
    <p class='ocr_par' dir='ltr' id='par_1_29' title="bbox 456 3027 1890 3103">
     <span class='ocr_line' id='line_1_29' title="bbox 456 3027 1890 3103; baseline 0.001 -20"><span class='ocrx_word' id='word_1_205' title='bbox 456 3039 688 3086; x_wconf 89' lang='lat' dir='ltr'><strong>conatur</strong></span> <span class='ocrx_word' id='word_1_206' title='bbox 707 3027 937 3103; x_wconf 81' lang='lat' dir='ltr'><strong>erigere.</strong></span> <span class='ocrx_word' id='word_1_207' title='bbox 1158 3039 1162 3048; x_wconf 90' lang='lat'><strong>‘</strong></span> <span class='ocrx_word' id='word_1_208' title='bbox 1556 3043 1560 3050; x_wconf 85' lang='lat'>&#39;</span> <span class='ocrx_word' id='word_1_209' title='bbox 1888 3064 1890 3066; x_wconf 60' lang='grc' dir='ltr'><strong><em>τ</em></strong></span> 
     </span>
    </p>
   </div>
   <div class='ocr_carea' id='block_1_30' title="bbox 530 3119 2036 3196">
    <p class='ocr_par' dir='ltr' id='par_1_30' title="bbox 530 3119 2036 3196">
     <span class='ocr_line' id='line_1_30' title="bbox 530 3119 2036 3196; baseline 0.001 -21"><span class='ocrx_word' id='word_1_210' title='bbox 530 3120 691 3179; x_wconf 79' lang='lat' dir='ltr'><strong>Vens.</strong></span> <span class='ocrx_word' id='word_1_211' title='bbox 726 3123 814 3177; x_wconf 72' lang='grc'><strong>54.</strong></span> <span class='ocrx_word' id='word_1_212' title='bbox 836 3153 907 3164; x_wconf 92' lang='grc'><strong>--</strong></span> <span class='ocrx_word' id='word_1_213' title='bbox 933 3123 978 3176; x_wconf 85' lang='grc' dir='ltr'><em>Α</em></span> <span class='ocrx_word' id='word_1_214' title='bbox 1025 3122 1190 3196; x_wconf 88' lang='lat' dir='ltr'><strong>Segor</strong></span> <span class='ocrx_word' id='word_1_215' title='bbox 1227 3137 1390 3195; x_wconf 74' lang='lat' dir='ltr'><strong>usque</strong></span> <span class='ocrx_word' id='word_1_216' title='bbox 1429 3121 1498 3176; x_wconf 87' lang='lat' dir='ltr'><strong>ad</strong></span> <span class='ocrx_word' id='word_1_217' title='bbox 1541 3121 1813 3176; x_wconf 82' lang='lat' dir='ltr'><strong>Oronaim.</strong></span> <span class='ocrx_word' id='word_1_218' title='bbox 1864 3119 2036 3191; x_wconf 86' lang='lat' dir='ltr'><strong>Segor</strong></span> 
     </span>
    </p>
   </div>
   <div class='ocr_carea' id='block_1_31' title="bbox 455 3208 2033 3281">
    <p class='ocr_par' dir='ltr' id='par_1_31' title="bbox 455 3208 2033 3281">
     <span class='ocr_line' id='line_1_31' title="bbox 455 3208 2033 3281; baseline 0.001 -18"><span class='ocrx_word' id='word_1_219' title='bbox 455 3208 589 3265; x_wconf 88' lang='lat' dir='ltr'><strong>urbs</strong></span> <span class='ocrx_word' id='word_1_220' title='bbox 615 3209 973 3281; x_wconf 73' lang='lat' dir='ltr'><strong>quae&#39;Mortuo</strong></span> <span class='ocrx_word' id='word_1_221' title='bbox 1001 3213 1134 3268; x_wconf 91' lang='lat' dir='ltr'><strong>mari</strong></span> <span class='ocrx_word' id='word_1_222' title='bbox 1168 3212 1444 3278; x_wconf 86' lang='lat' dir='ltr'><strong>imminet,</strong></span> <span class='ocrx_word' id='word_1_223' title='bbox 1474 3211 1567 3267; x_wconf 88' lang='lat' dir='ltr'><strong>ubi</strong></span> <span class='ocrx_word' id='word_1_224' title='bbox 1595 3211 1857 3267; x_wconf 89' lang='lat' dir='ltr'><strong>terminus</strong></span> <span class='ocrx_word' id='word_1_225' title='bbox 1883 3209 2033 3265; x_wconf 82' lang='lat' dir='ltr'><strong>Moa-</strong></span> 
     </span>
    </p>
   </div>
   <div class='ocr_carea' id='block_1_32' title="bbox 2128 645 3708 718">
    <p class='ocr_par' dir='ltr' id='par_1_32' title="bbox 2128 645 3708 718">
     <span class='ocr_line' id='line_1_32' title="bbox 2128 645 3708 718; baseline -0.001 -14"><span class='ocrx_word' id='word_1_226' title='bbox 2128 648 2233 704; x_wconf 87' lang='lat' dir='ltr'><strong>erit</strong></span> <span class='ocrx_word' id='word_1_227' title='bbox 2271 656 2585 718; x_wconf 90' lang='lat' dir='ltr'><strong>perpetuum</strong></span> <span class='ocrx_word' id='word_1_228' title='bbox 2635 662 2711 704; x_wconf 77' lang='lat' dir='ltr'><strong>vae</strong></span> <span class='ocrx_word' id='word_1_229' title='bbox 2748 647 2834 702; x_wconf 88' lang='lat' dir='ltr'><strong>his</strong></span> <span class='ocrx_word' id='word_1_230' title='bbox 2869 648 2961 718; x_wconf 87' lang='lat' dir='ltr'><strong>qui</strong></span> <span class='ocrx_word' id='word_1_231' title='bbox 2999 645 3276 704; x_wconf 90' lang='lat' dir='ltr'><strong>conﬁdunt</strong></span> <span class='ocrx_word' id='word_1_232' title='bbox 3342 647 3398 703; x_wconf 92' lang='lat' dir='ltr'><strong>in</strong></span> <span class='ocrx_word' id='word_1_233' title='bbox 3439 646 3708 718; x_wconf 85' lang='lat' dir='ltr'><strong>sapientia</strong></span> 
     </span>
    </p>
   </div>
   <div class='ocr_carea' id='block_1_33' title="bbox 2128 737 3576 814">
    <p class='ocr_par' dir='ltr' id='par_1_33' title="bbox 2128 737 3576 814">
     <span class='ocr_line' id='line_1_33' title="bbox 2128 737 3576 814; baseline -0.001 -19"><span class='ocrx_word' id='word_1_234' title='bbox 2128 740 2383 806; x_wconf 87' lang='lat' dir='ltr'><strong>humana,</strong></span> <span class='ocrx_word' id='word_1_235' title='bbox 2411 746 2468 794; x_wconf 87' lang='lat' dir='ltr'><strong>et</strong></span> <span class='ocrx_word' id='word_1_236' title='bbox 2491 739 2732 794; x_wconf 88' lang='lat' dir='ltr'><strong>serviunt</strong></span> <span class='ocrx_word' id='word_1_237' title='bbox 2754 738 3033 794; x_wconf 91' lang='lat' dir='ltr'><strong>erroribus</strong></span> <span class='ocrx_word' id='word_1_238' title='bbox 3059 737 3311 793; x_wconf 84' lang='lat' dir='ltr'><strong>diversis.</strong></span> <span class='ocrx_word' id='word_1_239' title='bbox 3549 809 3576 814; x_wconf 33' lang='grc' dir='ltr'>η</span> 
     </span>
    </p>
   </div>
   <div class='ocr_carea' id='block_1_34' title="bbox 2198 827 3709 902">
    <p class='ocr_par' dir='ltr' id='par_1_34' title="bbox 2198 827 3709 902">
     <span class='ocr_line' id='line_1_34' title="bbox 2198 827 3709 902; baseline -0.002 -14"><span class='ocrx_word' id='word_1_240' title='bbox 2198 832 2362 888; x_wconf 67' lang='lat' dir='ltr'><strong>Vens.</strong></span> <span class='ocrx_word' id='word_1_241' title='bbox 2393 831 2484 886; x_wconf 75' lang='grc'><strong>47.</strong></span> <span class='ocrx_word' id='word_1_242' title='bbox 2509 862 2582 872; x_wconf 95' lang='grc'><strong>-</strong></span> <span class='ocrx_word' id='word_1_243' title='bbox 2606 830 2678 886; x_wconf 89' lang='lat' dir='ltr'><strong>Et</strong></span> <span class='ocrx_word' id='word_1_244' title='bbox 2705 840 3001 886; x_wconf 77' lang='lat' dir='ltr'><strong>convertam</strong></span> <span class='ocrx_word' id='word_1_245' title='bbox 3024 830 3372 902; x_wconf 78' lang='lat' dir='ltr'><strong>captivitatem</strong></span> <span class='ocrx_word' id='word_1_246' title='bbox 3403 827 3584 885; x_wconf 76' lang='lat' dir='ltr'><strong>Moab.</strong></span> <span class='ocrx_word' id='word_1_247' title='bbox 3617 829 3709 885; x_wconf 83' lang='lat' dir='ltr'><strong>Vi-</strong></span> 
     </span>
    </p>
   </div>
   <div class='ocr_carea' id='block_1_35' title="bbox 2129 912 3710 1000">
    <p class='ocr_par' dir='ltr' id='par_1_35' title="bbox 2129 912 3710 1000">
     <span class='ocr_line' id='line_1_35' title="bbox 2129 912 3710 1000; baseline -0.002 -20"><span class='ocrx_word' id='word_1_248' title='bbox 2129 923 2288 980; x_wconf 87' lang='lat' dir='ltr'><strong>detur</strong></span> <span class='ocrx_word' id='word_1_249' title='bbox 2322 931 2532 992; x_wconf 88' lang='lat' dir='ltr'><strong>tempus</strong></span> <span class='ocrx_word' id='word_1_250' title='bbox 2566 922 2752 994; x_wconf 73' lang='lat' dir='ltr'><strong>gratia:</strong></span> <span class='ocrx_word' id='word_1_251' title='bbox 2789 920 3130 991; x_wconf 79' lang='lat' dir='ltr'><strong>signiﬁcare,</strong></span> <span class='ocrx_word' id='word_1_252' title='bbox 3175 921 3230 976; x_wconf 92' lang='lat' dir='ltr'><strong>in</strong></span> <span class='ocrx_word' id='word_1_253' title='bbox 3271 936 3380 992; x_wconf 90' lang='lat' dir='ltr'><strong>quo</strong></span> <span class='ocrx_word' id='word_1_254' title='bbox 3415 912 3710 1000; x_wconf 76' lang='lat' dir='ltr'><strong>quicunque</strong></span> 
     </span>
    </p>
   </div>
   <div class='ocr_carea' id='block_1_36' title="bbox 2129 1014 3546 1089">
    <p class='ocr_par' dir='ltr' id='par_1_36' title="bbox 2129 1014 3546 1089">
     <span class='ocr_line' id='line_1_36' title="bbox 2129 1014 3546 1089; baseline 0.002 -20"><span class='ocrx_word' id='word_1_255' title='bbox 2129 1015 2443 1072; x_wconf 77' lang='lat' dir='ltr'><strong>invocaverit</strong></span> <span class='ocrx_word' id='word_1_256' title='bbox 2471 1031 2659 1071; x_wconf 84' lang='lat' dir='ltr'><strong>nomen</strong></span> <span class='ocrx_word' id='word_1_257' title='bbox 2686 1014 2920 1081; x_wconf 86' lang='lat' dir='ltr'><strong>Domini,</strong></span> <span class='ocrx_word' id='word_1_258' title='bbox 2947 1015 3125 1071; x_wconf 76' lang='lat' dir='ltr'><strong>salvus</strong></span> <span class='ocrx_word' id='word_1_259' title='bbox 3148 1015 3248 1071; x_wconf 80' lang='lat' dir='ltr'><strong>erit</strong></span> <span class='ocrx_word' id='word_1_260' title='bbox 3272 1014 3434 1089; x_wconf 76' lang='lat' dir='ltr'><strong>(Ioel.</strong></span> <span class='ocrx_word' id='word_1_261' title='bbox 3459 1016 3546 1089; x_wconf 83' lang='lat' dir='ltr'><strong>tt).</strong></span> 
     </span>
    </p>
   </div>
   <div class='ocr_carea' id='block_1_37' title="bbox 2687 1107 3121 1165">
    <p class='ocr_par' dir='ltr' id='par_1_37' title="bbox 2687 1107 3121 1165">
     <span class='ocr_line' id='line_1_37' title="bbox 2687 1107 3121 1165; baseline -0.007 0"><span class='ocrx_word' id='word_1_262' title='bbox 2687 1107 2913 1165; x_wconf 82' lang='lat' dir='ltr'><strong>CAPUT</strong></span> <span class='ocrx_word' id='word_1_263' title='bbox 2933 1107 3121 1164; x_wconf 80' lang='lat' dir='ltr'><strong>XLIX.</strong></span> 
     </span>
    </p>
   </div>
   <div class='ocr_carea' id='block_1_38' title="bbox 2201 1199 3709 1270">
    <p class='ocr_par' dir='ltr' id='par_1_38' title="bbox 2201 1199 3709 1270">
     <span class='ocr_line' id='line_1_38' title="bbox 2201 1199 3709 1270; baseline -0.003 -12"><span class='ocrx_word' id='word_1_264' title='bbox 2201 1201 2365 1258; x_wconf 82' lang='lat' dir='ltr'><strong>Vxns.</strong></span> <span class='ocrx_word' id='word_1_265' title='bbox 2399 1203 2452 1256; x_wconf 81' lang='lat' dir='ltr'><strong>l.</strong></span> <span class='ocrx_word' id='word_1_266' title='bbox 2476 1231 2547 1243; x_wconf 91' lang='lat'>—</span> <span class='ocrx_word' id='word_1_267' title='bbox 2571 1200 2653 1255; x_wconf 83' lang='lat' dir='ltr'><strong>Ad</strong></span> <span class='ocrx_word' id='word_1_268' title='bbox 2672 1199 2833 1270; x_wconf 78' lang='lat' dir='ltr'><strong>ﬁlios.</strong></span> <span class='ocrx_word' id='word_1_269' title='bbox 2857 1199 2987 1256; x_wconf 90' lang='lat' dir='ltr'><strong>Post</strong></span> <span class='ocrx_word' id='word_1_270' title='bbox 3007 1199 3163 1256; x_wconf 87' lang='lat' dir='ltr'><strong>Moab</strong></span> <span class='ocrx_word' id='word_1_271' title='bbox 3192 1199 3261 1255; x_wconf 91' lang='lat' dir='ltr'><strong>ad</strong></span> <span class='ocrx_word' id='word_1_272' title='bbox 3292 1199 3433 1257; x_wconf 85' lang='lat' dir='ltr'><strong>ﬁlios</strong></span> <span class='ocrx_word' id='word_1_273' title='bbox 3475 1199 3709 1257; x_wconf 85' lang='lat' dir='ltr'><strong>Ammon</strong></span> 
     </span>
    </p>
   </div>
   <div class='ocr_carea' id='block_1_39' title="bbox 2130 1285 3710 1358">
    <p class='ocr_par' dir='ltr' id='par_1_39' title="bbox 2130 1285 3710 1358">
     <span class='ocr_line' id='line_1_39' title="bbox 2130 1285 3710 1358; baseline -0.004 -11"><span class='ocrx_word' id='word_1_274' title='bbox 2130 1290 2297 1347; x_wconf 81' lang='lat' dir='ltr'><strong>verba</strong></span> <span class='ocrx_word' id='word_1_275' title='bbox 2309 1297 2614 1355; x_wconf 90' lang='lat' dir='ltr'><strong>vertuntur,</strong></span> <span class='ocrx_word' id='word_1_276' title='bbox 2629 1299 2686 1344; x_wconf 91' lang='lat' dir='ltr'><strong>et</strong></span> <span class='ocrx_word' id='word_1_277' title='bbox 2698 1289 3065 1358; x_wconf 89' lang='lat' dir='ltr'><strong>increpantur,</strong></span> <span class='ocrx_word' id='word_1_278' title='bbox 3083 1285 3226 1358; x_wconf 91' lang='lat' dir='ltr'><strong>quod</strong></span> <span class='ocrx_word' id='word_1_279' title='bbox 3239 1288 3354 1343; x_wconf 90' lang='lat' dir='ltr'><strong>ausi</strong></span> <span class='ocrx_word' id='word_1_280' title='bbox 3367 1296 3494 1344; x_wconf 91' lang='lat' dir='ltr'><strong>sunt</strong></span> <span class='ocrx_word' id='word_1_281' title='bbox 3508 1295 3710 1344; x_wconf 88' lang='lat' dir='ltr'><strong>terram</strong></span> 
     </span>
    </p>
   </div>
   <div class='ocr_carea' id='block_1_40' title="bbox 2129 1379 3709 1451">
    <p class='ocr_par' dir='ltr' id='par_1_40' title="bbox 2129 1379 3709 1451">
     <span class='ocr_line' id='line_1_40' title="bbox 2129 1379 3709 1451; baseline -0.003 -13"><span class='ocrx_word' id='word_1_282' title='bbox 2129 1382 2296 1439; x_wconf 85' lang='lat' dir='ltr'><strong>Israel</strong></span> <span class='ocrx_word' id='word_1_283' title='bbox 2316 1381 2590 1448; x_wconf 85' lang='lat' dir='ltr'><strong>invadere,</strong></span> <span class='ocrx_word' id='word_1_284' title='bbox 2613 1381 2756 1436; x_wconf 90' lang='lat' dir='ltr'><strong>unde</strong></span> <span class='ocrx_word' id='word_1_285' title='bbox 2779 1389 2834 1436; x_wconf 91' lang='lat' dir='ltr'><strong>et</strong></span> <span class='ocrx_word' id='word_1_286' title='bbox 2852 1382 2932 1436; x_wconf 91' lang='lat' dir='ltr'><strong>eis</strong></span> <span class='ocrx_word' id='word_1_287' title='bbox 2954 1379 3087 1436; x_wconf 90' lang='lat' dir='ltr'><strong>ultio</strong></span> <span class='ocrx_word' id='word_1_288' title='bbox 3107 1379 3265 1451; x_wconf 87' lang='lat' dir='ltr'><strong>digna</strong></span> <span class='ocrx_word' id='word_1_289' title='bbox 3289 1380 3709 1450; x_wconf 83' lang='lat' dir='ltr'><strong>praenuntiatur,</strong></span> 
     </span>
    </p>
   </div>
   <div class='ocr_carea' id='block_1_41' title="bbox 2132 1461 3688 1546">
    <p class='ocr_par' dir='ltr' id='par_1_41' title="bbox 2132 1461 3688 1546">
     <span class='ocr_line' id='line_1_41' title="bbox 2132 1461 3688 1546; baseline -0.003 -15"><span class='ocrx_word' id='word_1_290' title='bbox 2132 1483 2189 1531; x_wconf 89' lang='lat' dir='ltr'><strong>et</strong></span> <span class='ocrx_word' id='word_1_291' title='bbox 2207 1475 2370 1530; x_wconf 89' lang='lat' dir='ltr'><strong>Israel</strong></span> <span class='ocrx_word' id='word_1_292' title='bbox 2390 1488 2730 1546; x_wconf 88' lang='lat' dir='ltr'><strong>possessores</strong></span> <span class='ocrx_word' id='word_1_293' title='bbox 2749 1489 2877 1530; x_wconf 93' lang='lat' dir='ltr'><strong>suos</strong></span> <span class='ocrx_word' id='word_1_294' title='bbox 2903 1472 3214 1544; x_wconf 86' lang='lat' dir='ltr'><strong>praedicitur</strong></span> <span class='ocrx_word' id='word_1_295' title='bbox 3236 1487 3604 1542; x_wconf 87' lang='lat' dir='ltr'><strong>possessurus.</strong></span> <span class='ocrx_word' id='word_1_296' title='bbox 3629 1461 3634 1472; x_wconf 46' lang='grc' dir='ltr'><strong><em>ί</em></strong></span> <span class='ocrx_word' id='word_1_297' title='bbox 3677 1472 3688 1481; x_wconf 88' lang='grc'><em>’</em></span> 
     </span>
    </p>
   </div>
   <div class='ocr_carea' id='block_1_42' title="bbox 2202 1562 3718 1635">
    <p class='ocr_par' dir='ltr' id='par_1_42' title="bbox 2202 1562 3718 1635">
     <span class='ocr_line' id='line_1_42' title="bbox 2202 1562 3718 1635; baseline -0.004 -12"><span class='ocrx_word' id='word_1_298' title='bbox 2202 1567 2428 1623; x_wconf 73' lang='lat' dir='ltr'><strong>Vnns‘.2</strong></span> <span class='ocrx_word' id='word_1_299' title='bbox 2477 1597 2550 1608; x_wconf 89' lang='lat'><strong>—-</strong></span> <span class='ocrx_word' id='word_1_300' title='bbox 2596 1565 2750 1621; x_wconf 70' lang='lat' dir='ltr'><strong>Filiae</strong></span> <span class='ocrx_word' id='word_1_301' title='bbox 2791 1565 3051 1620; x_wconf 79' lang='lat' dir='ltr'><strong>Rabbatlt.</strong></span> <span class='ocrx_word' id='word_1_302' title='bbox 3093 1563 3407 1635; x_wconf 88' lang='lat' dir='ltr'><strong>Metropolis</strong></span> <span class='ocrx_word' id='word_1_303' title='bbox 3451 1562 3718 1620; x_wconf 85' lang='lat' dir='ltr'><strong>Moabita-</strong></span> 
     </span>
    </p>
   </div>
   <div class='ocr_carea' id='block_1_43' title="bbox 2132 1656 3718 1730">
    <p class='ocr_par' dir='ltr' id='par_1_43' title="bbox 2132 1656 3718 1730">
     <span class='ocr_line' id='line_1_43' title="bbox 2132 1656 3718 1730; baseline -0.003 -14"><span class='ocrx_word' id='word_1_304' title='bbox 2132 1675 2277 1725; x_wconf 86' lang='lat' dir='ltr'><strong>rum,</strong></span> <span class='ocrx_word' id='word_1_305' title='bbox 2305 1675 2424 1730; x_wconf 63' lang='lat' dir='ltr'><strong>qum</strong></span> <span class='ocrx_word' id='word_1_306' title='bbox 2448 1674 2593 1714; x_wconf 93' lang='lat' dir='ltr'><strong>nunc</strong></span> <span class='ocrx_word' id='word_1_307' title='bbox 2614 1656 2883 1728; x_wconf 86' lang='lat' dir='ltr'><strong>Ariopolis</strong></span> <span class='ocrx_word' id='word_1_308' title='bbox 2912 1656 3132 1722; x_wconf 91' lang='lat' dir='ltr'><strong>dicitur,</strong></span> <span class='ocrx_word' id='word_1_309' title='bbox 3161 1656 3462 1727; x_wconf 91' lang='lat' dir='ltr'><strong>composito</strong></span> <span class='ocrx_word' id='word_1_310' title='bbox 3495 1656 3718 1712; x_wconf 88' lang='lat' dir='ltr'><strong>nomine</strong></span> 
     </span>
    </p>
   </div>
   <div class='ocr_carea' id='block_1_44' title="bbox 2133 1743 3719 1824">
    <p class='ocr_par' dir='ltr' id='par_1_44' title="bbox 2133 1743 3719 1824">
     <span class='ocr_line' id='line_1_44' title="bbox 2133 1743 3719 1824; baseline -0.004 -17"><span class='ocrx_word' id='word_1_311' title='bbox 2133 1767 2202 1808; x_wconf 85' lang='lat' dir='ltr'><strong>ex</strong></span> <span class='ocrx_word' id='word_1_312' title='bbox 2244 1750 2470 1806; x_wconf 70' lang='lat' dir='ltr'><strong>Hebraeo</strong></span> <span class='ocrx_word' id='word_1_313' title='bbox 2489 1758 2547 1805; x_wconf 88' lang='lat' dir='ltr'><strong>et</strong></span> <span class='ocrx_word' id='word_1_314' title='bbox 2565 1747 2776 1815; x_wconf 75' lang='lat' dir='ltr'><strong>Graeco,</strong></span> <span class='ocrx_word' id='word_1_315' title='bbox 2807 1746 2952 1819; x_wconf 90' lang='lat' dir='ltr'><strong>quod</strong></span> <span class='ocrx_word' id='word_1_316' title='bbox 2976 1744 3154 1824; x_wconf 73' lang='grc' dir='ltr'><strong>ἄρκος,</strong></span> <span class='ocrx_word' id='word_1_317' title='bbox 3186 1746 3241 1802; x_wconf 88' lang='lat' dir='ltr'><strong>id</strong></span> <span class='ocrx_word' id='word_1_318' title='bbox 3264 1754 3370 1813; x_wconf 86' lang='lat' dir='ltr'><strong>est,</strong></span> <span class='ocrx_word' id='word_1_319' title='bbox 3412 1743 3601 1801; x_wconf 82' lang='lat' dir='ltr'><strong>Martis</strong></span> <span class='ocrx_word' id='word_1_320' title='bbox 3639 1744 3719 1801; x_wconf 83' lang='lat' dir='ltr'><strong>ci-</strong></span> 
     </span>
    </p>
   </div>
   <div class='ocr_carea' id='block_1_45' title="bbox 2133 1842 2550 1898">
    <p class='ocr_par' dir='ltr' id='par_1_45' title="bbox 2133 1842 2550 1898">
     <span class='ocr_line' id='line_1_45' title="bbox 2133 1842 2550 1898; baseline -0.002 -1"><span class='ocrx_word' id='word_1_321' title='bbox 2133 1842 2276 1897; x_wconf 88' lang='lat' dir='ltr'><strong>vitas</strong></span> <span class='ocrx_word' id='word_1_322' title='bbox 2301 1851 2550 1898; x_wconf 91' lang='lat' dir='ltr'><strong>vocetur.</strong></span> 
     </span>
    </p>
   </div>
   <div class='ocr_carea' id='block_1_46' title="bbox 2056 1918 3716 2003">
    <p class='ocr_par' dir='ltr' id='par_1_46' title="bbox 2056 1918 3716 2003">
     <span class='ocr_line' id='line_1_46' title="bbox 2056 1918 3716 2003; baseline -0.004 -13"><span class='ocrx_word' id='word_1_323' title='bbox 2056 1918 2128 1981; x_wconf 66' lang='grc' dir='ltr'><strong>Β</strong></span> <span class='ocrx_word' id='word_1_324' title='bbox 2205 1929 2366 1989; x_wconf 71' lang='lat' dir='ltr'><strong>Vens.</strong></span> <span class='ocrx_word' id='word_1_325' title='bbox 2391 1932 2444 1988; x_wconf 90' lang='lat'><strong>6.</strong></span> <span class='ocrx_word' id='word_1_326' title='bbox 2473 1962 2544 1975; x_wconf 92' lang='lat'><strong>——</strong></span> <span class='ocrx_word' id='word_1_327' title='bbox 2573 1929 2776 2003; x_wconf 72' lang='lat' dir='ltr'><strong>Etpost</strong></span> <span class='ocrx_word' id='word_1_328' title='bbox 2813 1931 2946 1986; x_wconf 67' lang='lat' dir='ltr'><strong>hinc.</strong></span> <span class='ocrx_word' id='word_1_329' title='bbox 2971 1928 3107 1999; x_wconf 86' lang='lat' dir='ltr'><strong>Quia</strong></span> <span class='ocrx_word' id='word_1_330' title='bbox 3148 1939 3272 2002; x_wconf 92' lang='lat' dir='ltr'><strong>post</strong></span> <span class='ocrx_word' id='word_1_331' title='bbox 3308 1944 3716 1986; x_wconf 83' lang='lat' dir='ltr'><strong>conversmnem</strong></span> 
     </span>
    </p>
   </div>
   <div class='ocr_carea' id='block_1_47' title="bbox 2133 2018 3725 2092">
    <p class='ocr_par' dir='ltr' id='par_1_47' title="bbox 2133 2018 3725 2092">
     <span class='ocr_line' id='line_1_47' title="bbox 2133 2018 3725 2092; baseline -0.003 -11"><span class='ocrx_word' id='word_1_332' title='bbox 2133 2024 2511 2081; x_wconf 84' lang='lat' dir='ltr'><strong>haereticorum</strong></span> <span class='ocrx_word' id='word_1_333' title='bbox 2542 2024 2610 2079; x_wconf 93' lang='lat' dir='ltr'><strong>ad</strong></span> <span class='ocrx_word' id='word_1_334' title='bbox 2634 2023 2790 2080; x_wconf 92' lang='lat' dir='ltr'><strong>ﬁdem</strong></span> <span class='ocrx_word' id='word_1_335' title='bbox 2818 2032 3042 2087; x_wconf 90' lang='lat' dir='ltr'><strong>rectam,</strong></span> <span class='ocrx_word' id='word_1_336' title='bbox 3065 2022 3348 2092; x_wconf 89' lang='lat' dir='ltr'><strong>captivitas</strong></span> <span class='ocrx_word' id='word_1_337' title='bbox 3371 2020 3580 2091; x_wconf 88' lang='lat' dir='ltr'><strong>peccati</strong></span> <span class='ocrx_word' id='word_1_338' title='bbox 3611 2018 3725 2076; x_wconf 90' lang='lat' dir='ltr'><strong>dis-</strong></span> 
     </span>
    </p>
   </div>
   <div class='ocr_carea' id='block_1_48' title="bbox 2135 2110 3718 2185">
    <p class='ocr_par' dir='ltr' id='par_1_48' title="bbox 2135 2110 3718 2185">
     <span class='ocr_line' id='line_1_48' title="bbox 2135 2110 3718 2185; baseline -0.004 -12"><span class='ocrx_word' id='word_1_339' title='bbox 2135 2118 2392 2182; x_wconf 90' lang='lat' dir='ltr'><strong>solvetur,</strong></span> <span class='ocrx_word' id='word_1_340' title='bbox 2413 2115 2740 2185; x_wconf 90' lang='lat' dir='ltr'><strong>recipientur</strong></span> <span class='ocrx_word' id='word_1_341' title='bbox 2760 2115 2814 2170; x_wconf 92' lang='lat' dir='ltr'><strong>in</strong></span> <span class='ocrx_word' id='word_1_342' title='bbox 2831 2112 3262 2168; x_wconf 90' lang='lat' dir='ltr'><strong>communionem</strong></span> <span class='ocrx_word' id='word_1_343' title='bbox 3275 2110 3553 2177; x_wconf 72' lang='lat' dir='ltr'><strong>Ecclesiae,</strong></span> <span class='ocrx_word' id='word_1_344' title='bbox 3569 2110 3718 2167; x_wconf 87' lang='lat' dir='ltr'><strong>unde</strong></span> 
     </span>
    </p>
   </div>
   <div class='ocr_carea' id='block_1_49' title="bbox 2135 2203 3718 2276">
    <p class='ocr_par' dir='ltr' id='par_1_49' title="bbox 2135 2203 3718 2276">
     <span class='ocr_line' id='line_1_49' title="bbox 2135 2203 3718 2276; baseline -0.006 -12"><span class='ocrx_word' id='word_1_345' title='bbox 2135 2208 2400 2264; x_wconf 81' lang='lat' dir='ltr'><strong>exierant.</strong></span> <span class='ocrx_word' id='word_1_346' title='bbox 2429 2205 2498 2262; x_wconf 85' lang='lat' dir='ltr'><strong>Et</strong></span> <span class='ocrx_word' id='word_1_347' title='bbox 2528 2207 2774 2276; x_wconf 82' lang='lat' dir='ltr'><strong>captivos.</strong></span> <span class='ocrx_word' id='word_1_348' title='bbox 2810 2205 3103 2260; x_wconf 90' lang='lat' dir='ltr'><strong>Possumus</strong></span> <span class='ocrx_word' id='word_1_349' title='bbox 3143 2219 3242 2274; x_wconf 90' lang='lat' dir='ltr'><strong>per</strong></span> <span class='ocrx_word' id='word_1_350' title='bbox 3279 2203 3420 2259; x_wconf 89' lang='lat' dir='ltr'><strong>ﬁlios</strong></span> <span class='ocrx_word' id='word_1_351' title='bbox 3462 2203 3718 2268; x_wconf 85' lang='lat' dir='ltr'><strong>Ammon,</strong></span> 
     </span>
    </p>
   </div>
   <div class='ocr_carea' id='block_1_50' title="bbox 2135 2296 3722 2373">
    <p class='ocr_par' dir='ltr' id='par_1_50' title="bbox 2135 2296 3722 2373">
     <span class='ocr_line' id='line_1_50' title="bbox 2135 2296 3722 2373; baseline -0.004 -17"><span class='ocrx_word' id='word_1_352' title='bbox 2135 2300 2230 2373; x_wconf 90' lang='lat' dir='ltr'><strong>qui</strong></span> <span class='ocrx_word' id='word_1_353' title='bbox 2259 2300 2325 2356; x_wconf 89' lang='lat' dir='ltr'><strong>de</strong></span> <span class='ocrx_word' id='word_1_354' title='bbox 2349 2299 2486 2356; x_wconf 88' lang='lat' dir='ltr'><strong>Loth</strong></span> <span class='ocrx_word' id='word_1_355' title='bbox 2515 2299 2569 2354; x_wconf 93' lang='lat' dir='ltr'><strong>in</strong></span> <span class='ocrx_word' id='word_1_356' title='bbox 2599 2299 2876 2369; x_wconf 90' lang='lat' dir='ltr'><strong>spelunca,</strong></span> <span class='ocrx_word' id='word_1_357' title='bbox 2911 2307 2966 2354; x_wconf 90' lang='lat' dir='ltr'><strong>et</strong></span> <span class='ocrx_word' id='word_1_358' title='bbox 3001 2299 3056 2354; x_wconf 93' lang='lat' dir='ltr'><strong>in</strong></span> <span class='ocrx_word' id='word_1_359' title='bbox 3103 2299 3384 2364; x_wconf 88' lang='lat' dir='ltr'><strong>ebrietate,</strong></span> <span class='ocrx_word' id='word_1_360' title='bbox 3413 2304 3468 2352; x_wconf 91' lang='lat' dir='ltr'><strong>et</strong></span> <span class='ocrx_word' id='word_1_361' title='bbox 3509 2296 3722 2352; x_wconf 88' lang='lat' dir='ltr'><strong>incestu</strong></span> 
     </span>
    </p>
   </div>
   <div class='ocr_carea' id='block_1_51' title="bbox 2135 2386 3718 2464">
    <p class='ocr_par' dir='ltr' id='par_1_51' title="bbox 2135 2386 3718 2464">
     <span class='ocr_line' id='line_1_51' title="bbox 2135 2386 3718 2464; baseline -0.004 -15"><span class='ocrx_word' id='word_1_362' title='bbox 2135 2393 2377 2464; x_wconf 73' lang='lat' dir='ltr'><strong>generati</strong></span> <span class='ocrx_word' id='word_1_363' title='bbox 2415 2402 2540 2448; x_wconf 92' lang='lat' dir='ltr'><strong>sunt</strong></span> <span class='ocrx_word' id='word_1_364' title='bbox 2578 2392 2863 2448; x_wconf 73' lang='lat' dir='ltr'><strong>haereticos</strong></span> <span class='ocrx_word' id='word_1_365' title='bbox 2919 2391 3188 2462; x_wconf 91' lang='lat' dir='ltr'><strong>accipere,</strong></span> <span class='ocrx_word' id='word_1_366' title='bbox 3229 2389 3523 2446; x_wconf 87' lang='lat' dir='ltr'><strong>secundum</strong></span> <span class='ocrx_word' id='word_1_367' title='bbox 3562 2386 3718 2453; x_wconf 90' lang='lat' dir='ltr'><strong>illud,</strong></span> 
     </span>
    </p>
   </div>
   <div class='ocr_carea' id='block_1_52' title="bbox 2135 2477 3717 2551">
    <p class='ocr_par' dir='ltr' id='par_1_52' title="bbox 2135 2477 3717 2551">
     <span class='ocr_line' id='line_1_52' title="bbox 2135 2477 3717 2551; baseline -0.004 -12"><span class='ocrx_word' id='word_1_368' title='bbox 2135 2482 2222 2539; x_wconf 81' lang='lat' dir='ltr'><strong>Ea:</strong></span> <span class='ocrx_word' id='word_1_369' title='bbox 2260 2484 2406 2539; x_wconf 83' lang='lat' dir='ltr'><strong>nobis</strong></span> <span class='ocrx_word' id='word_1_370' title='bbox 2435 2483 2694 2548; x_wconf 71' lang='lat' dir='ltr'><strong>exierunt,</strong></span> <span class='ocrx_word' id='word_1_371' title='bbox 2713 2483 2802 2538; x_wconf 79' lang='lat' dir='ltr'><strong>sed</strong></span> <span class='ocrx_word' id='word_1_372' title='bbox 2839 2499 2902 2538; x_wconf 81' lang='lat' dir='ltr'><strong>ea:</strong></span> <span class='ocrx_word' id='word_1_373' title='bbox 2930 2482 3076 2537; x_wconf 76' lang='lat' dir='ltr'><strong>nobis</strong></span> <span class='ocrx_word' id='word_1_374' title='bbox 3102 2497 3205 2537; x_wconf 88' lang='lat' dir='ltr'><strong>non</strong></span> <span class='ocrx_word' id='word_1_375' title='bbox 3224 2489 3373 2536; x_wconf 84' lang='lat' dir='ltr'><strong>erant</strong></span> <span class='ocrx_word' id='word_1_376' title='bbox 3418 2477 3598 2550; x_wconf 80' lang='lat' dir='ltr'><strong>(Joan.</strong></span> <span class='ocrx_word' id='word_1_377' title='bbox 3627 2477 3717 2551; x_wconf 85' lang='lat' dir='ltr'><strong>Il).</strong></span> 
     </span>
    </p>
   </div>
   <div class='ocr_carea' id='block_1_53' title="bbox 2210 2571 3723 2645">
    <p class='ocr_par' dir='ltr' id='par_1_53' title="bbox 2210 2571 3723 2645">
     <span class='ocr_line' id='line_1_53' title="bbox 2210 2571 3723 2645; baseline -0.005 -12"><span class='ocrx_word' id='word_1_378' title='bbox 2210 2575 2376 2633; x_wconf 75' lang='lat' dir='ltr'><strong>Vens.</strong></span> <span class='ocrx_word' id='word_1_379' title='bbox 2407 2577 2460 2631; x_wconf 87' lang='lat'><strong>7.</strong></span> <span class='ocrx_word' id='word_1_380' title='bbox 2488 2607 2558 2618; x_wconf 93' lang='lat'><strong>—-</strong></span> <span class='ocrx_word' id='word_1_381' title='bbox 2580 2576 2662 2630; x_wconf 86' lang='lat' dir='ltr'><strong>Ad</strong></span> <span class='ocrx_word' id='word_1_382' title='bbox 2685 2575 3001 2630; x_wconf 74' lang='lat' dir='ltr'><strong>Iduma&#39;am.</strong></span> <span class='ocrx_word' id='word_1_383' title='bbox 3031 2573 3214 2645; x_wconf 58' lang='lat' dir='ltr'><strong>(Rem)</strong></span> <span class='ocrx_word' id='word_1_384' title='bbox 3240 2571 3723 2643; x_wconf 87' lang='lat' dir='ltr'><strong>Tropologiceldu-</strong></span> 
     </span>
    </p>
   </div>
   <div class='ocr_carea' id='block_1_54' title="bbox 2135 2664 3720 2739">
    <p class='ocr_par' dir='ltr' id='par_1_54' title="bbox 2135 2664 3720 2739">
     <span class='ocr_line' id='line_1_54' title="bbox 2135 2664 3720 2739; baseline -0.006 -12"><span class='ocrx_word' id='word_1_385' title='bbox 2135 2686 2271 2727; x_wconf 67' lang='lat' dir='ltr'><strong>mea</strong></span> <span class='ocrx_word' id='word_1_386' title='bbox 2300 2679 2512 2726; x_wconf 86' lang='lat' dir='ltr'><strong>terrena</strong></span> <span class='ocrx_word' id='word_1_387' title='bbox 2539 2678 2594 2724; x_wconf 92' lang='lat' dir='ltr'><strong>et</strong></span> <span class='ocrx_word' id='word_1_388' title='bbox 2617 2683 2811 2725; x_wconf 88' lang='lat' dir='ltr'><strong>carnea</strong></span> <span class='ocrx_word' id='word_1_389' title='bbox 2839 2668 3145 2734; x_wconf 88' lang='lat' dir='ltr'><strong>delectatio,</strong></span> <span class='ocrx_word' id='word_1_390' title='bbox 3182 2683 3301 2739; x_wconf 72' lang='lat' dir='ltr'><strong>qua:</strong></span> <span class='ocrx_word' id='word_1_391' title='bbox 3330 2665 3606 2737; x_wconf 77' lang='lat' dir='ltr'><strong>consurgit</strong></span> <span class='ocrx_word' id='word_1_392' title='bbox 3624 2664 3720 2719; x_wconf 84' lang='lat' dir='ltr'><strong>ad-</strong></span> 
     </span>
    </p>
   </div>
   <div class='ocr_carea' id='block_1_55' title="bbox 2136 2751 3713 2834">
    <p class='ocr_par' dir='ltr' id='par_1_55' title="bbox 2136 2751 3713 2834">
     <span class='ocr_line' id='line_1_55' title="bbox 2136 2751 3713 2834; baseline -0.005 -15"><span class='ocrx_word' id='word_1_393' title='bbox 2136 2780 2326 2822; x_wconf 87' lang='lat' dir='ltr'><strong>versus</strong></span> <span class='ocrx_word' id='word_1_394' title='bbox 2337 2763 2604 2834; x_wconf 91' lang='lat' dir='ltr'><strong>spiritum,</strong></span> <span class='ocrx_word' id='word_1_395' title='bbox 2638 2771 2697 2816; x_wconf 94' lang='lat' dir='ltr'><strong>ut</strong></span> <span class='ocrx_word' id='word_1_396' title='bbox 2719 2777 2824 2817; x_wconf 92' lang='lat' dir='ltr'><strong>non</strong></span> <span class='ocrx_word' id='word_1_397' title='bbox 2843 2751 3105 2816; x_wconf 76' lang='lat' dir='ltr'><strong>faciamus</strong></span> <span class='ocrx_word' id='word_1_398' title='bbox 3120 2777 3182 2816; x_wconf 91' lang='lat' dir='ltr'><strong>ea</strong></span> <span class='ocrx_word' id='word_1_399' title='bbox 3198 2776 3317 2830; x_wconf 85' lang='lat' dir='ltr'><strong>quae</strong></span> <span class='ocrx_word' id='word_1_400' title='bbox 3332 2758 3713 2830; x_wconf 91' lang='lat' dir='ltr'><strong>suntspiritus,</strong></span> 
     </span>
    </p>
   </div>
   <div class='ocr_carea' id='block_1_56' title="bbox 2137 2849 3722 2925">
    <p class='ocr_par' dir='ltr' id='par_1_56' title="bbox 2137 2849 3722 2925">
     <span class='ocr_line' id='line_1_56' title="bbox 2137 2849 3722 2925; baseline -0.007 -12"><span class='ocrx_word' id='word_1_401' title='bbox 2137 2867 2192 2915; x_wconf 91' lang='lat' dir='ltr'><strong>et</strong></span> <span class='ocrx_word' id='word_1_402' title='bbox 2214 2858 2467 2922; x_wconf 89' lang='lat' dir='ltr'><strong>animam,</strong></span> <span class='ocrx_word' id='word_1_403' title='bbox 2509 2869 2640 2921; x_wconf 91' lang='lat' dir='ltr'><strong>etc.,</strong></span> <span class='ocrx_word' id='word_1_404' title='bbox 2676 2871 2836 2925; x_wconf 81' lang='lat' dir='ltr'><strong>usque</strong></span> <span class='ocrx_word' id='word_1_405' title='bbox 2859 2854 2930 2908; x_wconf 87' lang='lat' dir='ltr'><strong>ad</strong></span> <span class='ocrx_word' id='word_1_406' title='bbox 2971 2851 3106 2909; x_wconf 91' lang='lat' dir='ltr'><strong>Cum</strong></span> <span class='ocrx_word' id='word_1_407' title='bbox 3161 2852 3303 2907; x_wconf 91' lang='lat' dir='ltr'><strong>enim</strong></span> <span class='ocrx_word' id='word_1_408' title='bbox 3332 2849 3543 2921; x_wconf 89' lang='lat' dir='ltr'><strong>spiritui</strong></span> <span class='ocrx_word' id='word_1_409' title='bbox 3589 2863 3722 2903; x_wconf 88' lang='lat' dir='ltr'><strong>caro</strong></span> 
     </span>
    </p>
   </div>
   <div class='ocr_carea' id='block_1_57' title="bbox 2137 2942 3721 3016">
    <p class='ocr_par' dir='ltr' id='par_1_57' title="bbox 2137 2942 3721 3016">
     <span class='ocr_line' id='line_1_57' title="bbox 2137 2942 3721 3016; baseline -0.006 -12"><span class='ocrx_word' id='word_1_410' title='bbox 2137 2947 2376 3016; x_wconf 83' lang='lat' dir='ltr'><strong>subjecta</strong></span> <span class='ocrx_word' id='word_1_411' title='bbox 2395 2946 2580 3012; x_wconf 80' lang='lat' dir='ltr'><strong>fuerit,</strong></span> <span class='ocrx_word' id='word_1_412' title='bbox 2607 2946 2839 3002; x_wconf 74' lang='lat' dir='ltr'><strong>ldumma</strong></span> <span class='ocrx_word' id='word_1_413' title='bbox 2865 2943 3116 3000; x_wconf 89' lang='lat' dir='ltr'><strong>transibit</strong></span> <span class='ocrx_word' id='word_1_414' title='bbox 3137 2942 3192 2999; x_wconf 91' lang='lat' dir='ltr'><strong>in</strong></span> <span class='ocrx_word' id='word_1_415' title='bbox 3218 2942 3478 3010; x_wconf 63' lang='lat' dir='ltr'><strong>Iudaeam,</strong></span> <span class='ocrx_word' id='word_1_416' title='bbox 3508 2948 3564 2998; x_wconf 92' lang='lat' dir='ltr'><strong>et</strong></span> <span class='ocrx_word' id='word_1_417' title='bbox 3587 2953 3721 2998; x_wconf 88' lang='lat' dir='ltr'><strong>caro</strong></span> 
     </span>
    </p>
   </div>
   <div class='ocr_carea' id='block_1_58' title="bbox 2138 3025 3732 3097">
    <p class='ocr_par' dir='ltr' id='par_1_58' title="bbox 2138 3025 3732 3097">
     <span class='ocr_line' id='line_1_58' title="bbox 2138 3025 3732 3097; baseline -0.004 0"><span class='ocrx_word' id='word_1_418' title='bbox 2138 3041 2337 3097; x_wconf 86' lang='lat' dir='ltr'><strong>serviet</strong></span> <span class='ocrx_word' id='word_1_419' title='bbox 2358 3040 2573 3095; x_wconf 90' lang='lat' dir='ltr'><strong>rationi.</strong></span> <span class='ocrx_word' id='word_1_420' title='bbox 2900 3027 2903 3030; x_wconf 66' lang='grc'><em>’</em></span> <span class='ocrx_word' id='word_1_421' title='bbox 3607 3029 3630 3047; x_wconf 79' lang='grc'><em>¹’</em></span> <span class='ocrx_word' id='word_1_422' title='bbox 3727 3025 3732 3030; x_wconf 68' lang='grc'><em>’</em></span> 
     </span>
    </p>
   </div>
   <div class='ocr_carea' id='block_1_59' title="bbox 2210 3122 3724 3200">
    <p class='ocr_par' dir='ltr' id='par_1_59' title="bbox 2210 3122 3724 3200">
     <span class='ocr_line' id='line_1_59' title="bbox 2210 3122 3724 3200; baseline -0.003 -15"><span class='ocrx_word' id='word_1_423' title='bbox 2210 3130 2372 3185; x_wconf 72' lang='lat' dir='ltr'><strong>Vens.</strong></span> <span class='ocrx_word' id='word_1_424' title='bbox 2400 3130 2452 3186; x_wconf 92' lang='lat'><strong>9.</strong></span> <span class='ocrx_word' id='word_1_425' title='bbox 2484 3127 2544 3185; x_wconf 90' lang='lat' dir='ltr'><strong>Si</strong></span> <span class='ocrx_word' id='word_1_426' title='bbox 2584 3129 2743 3200; x_wconf 78' lang='lat' dir='ltr'><strong>fures.</strong></span> <span class='ocrx_word' id='word_1_427' title='bbox 2779 3126 3028 3184; x_wconf 68' lang='lat' dir='ltr'><strong>Haeretici</strong></span> <span class='ocrx_word' id='word_1_428' title='bbox 3054 3127 3147 3198; x_wconf 92' lang='lat' dir='ltr'><strong>qui</strong></span> <span class='ocrx_word' id='word_1_429' title='bbox 3173 3127 3422 3183; x_wconf 83' lang='lat' dir='ltr'><strong>furantur</strong></span> <span class='ocrx_word' id='word_1_430' title='bbox 3457 3122 3724 3182; x_wconf 75' lang='lat' dir='ltr'><strong>suficien-</strong></span> 
     </span>
    </p>
   </div>
   <div class='ocr_carea' id='block_1_60' title="bbox 2141 3209 3726 3293">
    <p class='ocr_par' dir='ltr' id='par_1_60' title="bbox 2141 3209 3726 3293">
     <span class='ocr_line' id='line_1_60' title="bbox 2141 3209 3726 3293; baseline -0.004 -14"><span class='ocrx_word' id='word_1_431' title='bbox 2141 3226 2274 3279; x_wconf 81' lang='lat' dir='ltr'><strong>tiam</strong></span> <span class='ocrx_word' id='word_1_432' title='bbox 2302 3213 2426 3289; x_wconf 80' lang='lat' dir='ltr'><strong>sibi,</strong></span> <span class='ocrx_word' id='word_1_433' title='bbox 2463 3209 2518 3279; x_wconf 86' lang='lat' dir='ltr'><strong>et</strong></span> <span class='ocrx_word' id='word_1_434' title='bbox 2561 3223 2800 3293; x_wconf 90' lang='lat' dir='ltr'><strong>quotidie</strong></span> <span class='ocrx_word' id='word_1_435' title='bbox 2842 3221 3049 3292; x_wconf 89' lang='lat' dir='ltr'><strong>aliquos</strong></span> <span class='ocrx_word' id='word_1_436' title='bbox 3096 3219 3163 3278; x_wconf 90' lang='lat' dir='ltr'><strong>d&#39;e</strong></span> <span class='ocrx_word' id='word_1_437' title='bbox 3203 3219 3446 3276; x_wconf 67' lang='lat' dir='ltr'><strong>Ecclea&#39;a</strong></span> <span class='ocrx_word' id='word_1_438' title='bbox 3479 3219 3726 3289; x_wconf 79' lang='lat' dir='ltr'><strong>rapiunt,</strong></span> 
     </span>
    </p>
   </div>
   <div class='ocr_carea' id='block_1_61' title="bbox 455 3272 3742 3396">
    <p class='ocr_par' dir='ltr' id='par_1_61' title="bbox 455 3272 3742 3396">
     <span class='ocr_line' id='line_1_61' title="bbox 455 3272 3742 3396; baseline -0.002 -39"><span class='ocrx_word' id='word_1_439' title='bbox 455 3303 712 3359; x_wconf 80' lang='lat' dir='ltr'><strong>biturum.</strong></span> <span class='ocrx_word' id='word_1_440' title='bbox 745 3296 948 3396; x_wconf 80' lang='lat' dir='ltr'><strong>Iudicat</strong></span> <span class='ocrx_word' id='word_1_441' title='bbox 974 3317 1125 3376; x_wconf 88' lang='lat' dir='ltr'><strong>ergo,</strong></span> <span class='ocrx_word' id='word_1_442' title='bbox 1157 3305 1283 3376; x_wconf 91' lang='lat' dir='ltr'><strong>quia</strong></span> <span class='ocrx_word' id='word_1_443' title='bbox 1309 3319 1482 3374; x_wconf 89' lang='lat' dir='ltr'><strong>usque</strong></span> <span class='ocrx_word' id='word_1_444' title='bbox 1509 3304 1575 3359; x_wconf 93' lang='lat' dir='ltr'><strong>ad</strong></span> <span class='ocrx_word' id='word_1_445' title='bbox 1603 3311 1883 3396; x_wconf 70' lang='lat' dir='ltr'><strong>extremos</strong></span> <span class='ocrx_word' id='word_1_446' title='bbox 1887 3301 2038 3396; x_wconf 62' lang='lat' dir='ltr'><strong>fines</strong></span> <span class='ocrx_word' id='word_1_447' title='bbox 2065 3272 2111 3337; x_wconf 69' lang='grc' dir='ltr'>Ο</span> <span class='ocrx_word' id='word_1_448' title='bbox 2146 3272 2508 3396; x_wconf 54' lang='grc' dir='ltr'><strong>ὶημθᾴξθιέιθε</strong></span> <span class='ocrx_word' id='word_1_449' title='bbox 2527 3272 2742 3368; x_wconf 57' lang='grc' dir='ltr'><strong>γῖηθεω</strong></span> <span class='ocrx_word' id='word_1_450' title='bbox 2771 3272 3006 3376; x_wconf 56' lang='grc' dir='ltr'><strong>Βοωίῖιί,</strong></span> <span class='ocrx_word' id='word_1_451' title='bbox 3027 3310 3268 3390; x_wconf 76' lang='lat' dir='ltr'><strong>quamde</strong></span> <span class='ocrx_word' id='word_1_452' title='bbox 3287 3309 3523 3383; x_wconf 45' lang='grc' dir='ltr'><strong>λεπριο</strong></span> <span class='ocrx_word' id='word_1_453' title='bbox 3543 3272 3742 3365; x_wconf 52' lang='lat' dir='ltr'><strong>Erat“:-</strong></span> 
     </span>
    </p>
   </div>
   <div class='ocr_carea' id='block_1_62' title="bbox 455 3390 2056 3475">
    <p class='ocr_par' dir='ltr' id='par_1_62' title="bbox 455 3390 2056 3475">
     <span class='ocr_line' id='line_1_62' title="bbox 455 3390 2056 3475; baseline -0.001 -27"><span class='ocrx_word' id='word_1_454' title='bbox 455 3396 746 3464; x_wconf 70' lang='lat' dir='ltr'><strong>proviucize</strong></span> <span class='ocrx_word' id='word_1_455' title='bbox 772 3394 1005 3452; x_wconf 79' lang='lat' dir='ltr'><strong>ululatus</strong></span> <span class='ocrx_word' id='word_1_456' title='bbox 1029 3397 1358 3466; x_wconf 89' lang='lat' dir='ltr'><strong>personabit.</strong></span> <span class='ocrx_word' id='word_1_457' title='bbox 1393 3396 1468 3452; x_wconf 89' lang='lat' dir='ltr'><strong>De</strong></span> <span class='ocrx_word' id='word_1_458' title='bbox 1493 3410 1598 3464; x_wconf 92' lang='lat' dir='ltr'><strong>quo</strong></span> <span class='ocrx_word' id='word_1_459' title='bbox 1623 3394 1792 3449; x_wconf 78' lang='lat' dir='ltr'><strong>Isaias</strong></span> <span class='ocrx_word' id='word_1_460' title='bbox 1816 3412 1828 3448; x_wconf 92' lang='lat'><strong>:</strong></span> <span class='ocrx_word' id='word_1_461' title='bbox 1861 3390 2056 3475; x_wconf 73' lang='lat' dir='ltr'><strong>Vectee</strong></span> 
     </span>
    </p>
   </div>
   <div class='ocr_carea' id='block_1_63' title="bbox 460 3482 2041 3557">
    <p class='ocr_par' dir='ltr' id='par_1_63' title="bbox 460 3482 2041 3557">
     <span class='ocr_line' id='line_1_63' title="bbox 460 3482 2041 3557; baseline 0 -19"><span class='ocrx_word' id='word_1_462' title='bbox 460 3485 579 3555; x_wconf 75' lang='lat' dir='ltr'><strong>ejus</strong></span> <span class='ocrx_word' id='word_1_463' title='bbox 615 3503 776 3556; x_wconf 82' lang='lat' dir='ltr'><strong>usque</strong></span> <span class='ocrx_word' id='word_1_464' title='bbox 810 3484 974 3557; x_wconf 84' lang='lat' dir='ltr'><strong>Segor</strong></span> <span class='ocrx_word' id='word_1_465' title='bbox 991 3487 1208 3541; x_wconf 83' lang='lat' dir='ltr'><strong>vitulam</strong></span> <span class='ocrx_word' id='word_1_466' title='bbox 1227 3494 1643 3540; x_wconf 84' lang='lat' dir='ltr'><strong>consternantem</strong></span> <span class='ocrx_word' id='word_1_467' title='bbox 1673 3483 1808 3555; x_wconf 78' lang='lat' dir='ltr'><strong>(Isa.</strong></span> <span class='ocrx_word' id='word_1_468' title='bbox 1835 3482 1948 3555; x_wconf 82' lang='lat' dir='ltr'><strong>xv),</strong></span> <span class='ocrx_word' id='word_1_469' title='bbox 1985 3483 2041 3538; x_wconf 87' lang='lat' dir='ltr'><strong>id</strong></span> 
     </span>
    </p>
   </div>
   <div class='ocr_carea' id='block_1_64' title="bbox 456 3573 2040 3644">
    <p class='ocr_par' dir='ltr' id='par_1_64' title="bbox 456 3573 2040 3644">
     <span class='ocr_line' id='line_1_64' title="bbox 456 3573 2040 3644; baseline -0.001 -14"><span class='ocrx_word' id='word_1_470' title='bbox 456 3583 561 3640; x_wconf 87' lang='lat' dir='ltr'><strong>est,</strong></span> <span class='ocrx_word' id='word_1_471' title='bbox 588 3575 843 3644; x_wconf 70' lang='lat' dir='ltr'><strong>perfectae</strong></span> <span class='ocrx_word' id='word_1_472' title='bbox 871 3578 1067 3632; x_wconf 81' lang='lat' dir='ltr'><strong>aetatis.</strong></span> <span class='ocrx_word' id='word_1_473' title='bbox 1103 3577 1258 3632; x_wconf 89' lang='lat' dir='ltr'><strong>Sicut</strong></span> <span class='ocrx_word' id='word_1_474' title='bbox 1281 3575 1428 3631; x_wconf 91' lang='lat' dir='ltr'><strong>enim</strong></span> <span class='ocrx_word' id='word_1_475' title='bbox 1456 3575 1509 3630; x_wconf 92' lang='lat' dir='ltr'><strong>in</strong></span> <span class='ocrx_word' id='word_1_476' title='bbox 1541 3574 1850 3631; x_wconf 90' lang='lat' dir='ltr'><strong>hominibus</strong></span> <span class='ocrx_word' id='word_1_477' title='bbox 1879 3573 2040 3629; x_wconf 86' lang='lat' dir='ltr'><strong>trice-</strong></span> 
     </span>
    </p>
   </div>
   <div class='ocr_carea' id='block_1_65' title="bbox 459 3665 2086 3738">
    <p class='ocr_par' dir='ltr' id='par_1_65' title="bbox 459 3665 2086 3738">
     <span class='ocr_line' id='line_1_65' title="bbox 459 3665 2086 3738; baseline 0.001 -17"><span class='ocrx_word' id='word_1_478' title='bbox 459 3667 630 3724; x_wconf 78' lang='lat' dir='ltr'><strong>simus</strong></span> <span class='ocrx_word' id='word_1_479' title='bbox 667 3681 874 3734; x_wconf 89' lang='lat' dir='ltr'><strong>annus,</strong></span> <span class='ocrx_word' id='word_1_480' title='bbox 925 3668 1002 3722; x_wconf 86' lang='lat' dir='ltr'><strong>ita</strong></span> <span class='ocrx_word' id='word_1_481' title='bbox 1042 3667 1099 3723; x_wconf 90' lang='lat' dir='ltr'><strong>in</strong></span> <span class='ocrx_word' id='word_1_482' title='bbox 1141 3667 1438 3738; x_wconf 89' lang='lat' dir='ltr'><strong>pecudibus</strong></span> <span class='ocrx_word' id='word_1_483' title='bbox 1479 3674 1533 3722; x_wconf 88' lang='lat' dir='ltr'><strong>et</strong></span> <span class='ocrx_word' id='word_1_484' title='bbox 1565 3665 1826 3736; x_wconf 86' lang='lat' dir='ltr'><strong>jumentis</strong></span> <span class='ocrx_word' id='word_1_485' title='bbox 1863 3680 2040 3722; x_wconf 85' lang='lat' dir='ltr'><strong>annus</strong></span> <span class='ocrx_word' id='word_1_486' title='bbox 2065 3690 2086 3710; x_wconf 68' lang='grc' dir='ltr'><strong>ει</strong></span> 
     </span>
    </p>
   </div>
   <div class='ocr_carea' id='block_1_66' title="bbox 459 3760 2038 3834">
    <p class='ocr_par' dir='ltr' id='par_1_66' title="bbox 459 3760 2038 3834">
     <span class='ocr_line' id='line_1_66' title="bbox 459 3760 2038 3834; baseline -0.001 -17"><span class='ocrx_word' id='word_1_487' title='bbox 459 3762 654 3818; x_wconf 78' lang='lat' dir='ltr'><strong>tertius</strong></span> <span class='ocrx_word' id='word_1_488' title='bbox 701 3762 1112 3819; x_wconf 78' lang='lat' dir='ltr'><strong>robustissimus</strong></span> <span class='ocrx_word' id='word_1_489' title='bbox 1155 3773 1257 3818; x_wconf 87' lang='lat' dir='ltr'><strong>est.</strong></span> <span class='ocrx_word' id='word_1_490' title='bbox 1316 3763 1481 3834; x_wconf 68' lang='lat' dir='ltr'><strong>Aqua</strong></span> <span class='ocrx_word' id='word_1_491' title='bbox 1526 3778 1730 3833; x_wconf 71' lang='lat' dir='ltr'><strong>quoque</strong></span> <span class='ocrx_word' id='word_1_492' title='bbox 1776 3760 2038 3816; x_wconf 68' lang='lat' dir='ltr'><strong>Nemi-im.</strong></span> 
     </span>
    </p>
   </div>
   <div class='ocr_carea' id='block_1_67' title="bbox 457 3851 2040 3928">
    <p class='ocr_par' dir='ltr' id='par_1_67' title="bbox 457 3851 2040 3928">
     <span class='ocr_line' id='line_1_67' title="bbox 457 3851 2040 3928; baseline -0.002 -18"><span class='ocrx_word' id='word_1_493' title='bbox 457 3855 656 3910; x_wconf 83' lang='lat' dir='ltr'><strong>Isaias:</strong></span> <span class='ocrx_word' id='word_1_494' title='bbox 671 3856 833 3928; x_wconf 72' lang='lat' dir='ltr'><strong>Aqua:</strong></span> <span class='ocrx_word' id='word_1_495' title='bbox 849 3856 986 3910; x_wconf 77' lang='lat' dir='ltr'><strong>enim</strong></span> <span class='ocrx_word' id='word_1_496' title='bbox 997 3854 1238 3909; x_wconf 78' lang='lat' dir='ltr'><strong>Nemrim</strong></span> <span class='ocrx_word' id='word_1_497' title='bbox 1253 3855 1475 3910; x_wconf 74' lang='lat' dir='ltr'><strong>desertw</strong></span> <span class='ocrx_word' id='word_1_498' title='bbox 1487 3863 1639 3910; x_wconf 80' lang='lat' dir='ltr'><strong>erunt</strong></span> <span class='ocrx_word' id='word_1_499' title='bbox 1653 3852 1788 3927; x_wconf 73' lang='lat' dir='ltr'><strong>(lea.</strong></span> <span class='ocrx_word' id='word_1_500' title='bbox 1804 3851 1919 3925; x_wconf 91' lang='lat' dir='ltr'><strong>xv),</strong></span> <span class='ocrx_word' id='word_1_501' title='bbox 1933 3861 2040 3909; x_wconf 86' lang='lat' dir='ltr'><strong>etc.</strong></span> 
     </span>
    </p>
   </div>
   <div class='ocr_carea' id='block_1_68' title="bbox 459 3945 2039 4016">
    <p class='ocr_par' dir='ltr' id='par_1_68' title="bbox 459 3945 2039 4016">
     <span class='ocr_line' id='line_1_68' title="bbox 459 3945 2039 4016; baseline -0.001 -15"><span class='ocrx_word' id='word_1_502' title='bbox 459 3946 527 4001; x_wconf 85' lang='lat' dir='ltr'><strong>Et</strong></span> <span class='ocrx_word' id='word_1_503' title='bbox 544 3961 664 4016; x_wconf 87' lang='lat' dir='ltr'><strong>quae</strong></span> <span class='ocrx_word' id='word_1_504' title='bbox 682 3947 769 4002; x_wconf 90' lang='lat' dir='ltr'><strong>hic</strong></span> <span class='ocrx_word' id='word_1_505' title='bbox 787 3947 967 4002; x_wconf 87' lang='lat' dir='ltr'><strong>minus</strong></span> <span class='ocrx_word' id='word_1_506' title='bbox 983 3947 1256 4013; x_wconf 89' lang='lat' dir='ltr'><strong>dicuntur,</strong></span> <span class='ocrx_word' id='word_1_507' title='bbox 1271 3947 1324 4000; x_wconf 92' lang='lat' dir='ltr'><strong>in</strong></span> <span class='ocrx_word' id='word_1_508' title='bbox 1344 3945 1482 4002; x_wconf 89' lang='lat' dir='ltr'><strong>Isaia</strong></span> <span class='ocrx_word' id='word_1_509' title='bbox 1499 3945 1656 4016; x_wconf 91' lang='lat' dir='ltr'><strong>plene</strong></span> <span class='ocrx_word' id='word_1_510' title='bbox 1675 3953 2039 4014; x_wconf 76' lang='lat' dir='ltr'><strong>exponuntur.</strong></span> 
     </span>
    </p>
   </div>
   <div class='ocr_carea' id='block_1_69' title="bbox 458 4033 1938 4113">
    <p class='ocr_par' dir='ltr' id='par_1_69' title="bbox 458 4033 1938 4113">
     <span class='ocr_line' id='line_1_69' title="bbox 458 4033 1938 4113; baseline 0 -24"><span class='ocrx_word' id='word_1_511' title='bbox 458 4035 562 4110; x_wconf 5' lang='lat' dir='ltr'><strong>Est)</strong></span> <span class='ocrx_word' id='word_1_512' title='bbox 579 4036 724 4092; x_wconf 88' lang='lat' dir='ltr'><strong>enim</strong></span> <span class='ocrx_word' id='word_1_513' title='bbox 749 4035 976 4113; x_wconf 62' lang='lat' dir='ltr'><strong>ltiimrim</strong></span> <span class='ocrx_word' id='word_1_514' title='bbox 1000 4036 1255 4108; x_wconf 87' lang='lat' dir='ltr'><strong>oppidum</strong></span> <span class='ocrx_word' id='word_1_515' title='bbox 1279 4051 1440 4107; x_wconf 87' lang='lat' dir='ltr'><strong>super</strong></span> <span class='ocrx_word' id='word_1_516' title='bbox 1464 4050 1616 4091; x_wconf 91' lang='lat' dir='ltr'><strong>mare</strong></span> <span class='ocrx_word' id='word_1_517' title='bbox 1640 4033 1938 4102; x_wconf 73' lang='lat' dir='ltr'><strong>Mortuum.</strong></span> 
     </span>
    </p>
   </div>
   <div class='ocr_carea' id='block_1_70' title="bbox 536 4127 2044 4200">
    <p class='ocr_par' dir='ltr' id='par_1_70' title="bbox 536 4127 2044 4200">
     <span class='ocr_line' id='line_1_70' title="bbox 536 4127 2044 4200; baseline -0.001 -17"><span class='ocrx_word' id='word_1_518' title='bbox 536 4127 700 4190; x_wconf 64' lang='lat' dir='ltr'><strong>Vens.</strong></span> <span class='ocrx_word' id='word_1_519' title='bbox 725 4128 901 4185; x_wconf 54' lang='grc' dir='ltr'><strong>55η-</strong></span> <span class='ocrx_word' id='word_1_520' title='bbox 921 4129 991 4184; x_wconf 89' lang='lat' dir='ltr'><strong>Et</strong></span> <span class='ocrx_word' id='word_1_521' title='bbox 1014 4129 1253 4200; x_wconf 80' lang='lat' dir='ltr'><strong>auferam</strong></span> <span class='ocrx_word' id='word_1_522' title='bbox 1273 4129 1337 4184; x_wconf 88' lang='lat' dir='ltr'><strong>de</strong></span> <span class='ocrx_word' id='word_1_523' title='bbox 1357 4127 1537 4186; x_wconf 78' lang='lat' dir='ltr'><strong>Moab.</strong></span> <span class='ocrx_word' id='word_1_524' title='bbox 1564 4128 1874 4186; x_wconf 89' lang='lat' dir='ltr'><strong>Intereunte</strong></span> <span class='ocrx_word' id='word_1_525' title='bbox 1895 4134 2044 4200; x_wconf 86' lang='lat' dir='ltr'><strong>secta</strong></span> 
     </span>
    </p>
   </div>
   <div class='ocr_carea' id='block_1_71' title="bbox 461 4219 2073 4298">
    <p class='ocr_par' dir='ltr' id='par_1_71' title="bbox 461 4219 2073 4298">
     <span class='ocr_line' id='line_1_71' title="bbox 461 4219 2073 4298; baseline -0.003 -19"><span class='ocrx_word' id='word_1_526' title='bbox 461 4223 712 4288; x_wconf 65' lang='lat' dir='ltr'><strong>humana:</strong></span> <span class='ocrx_word' id='word_1_527' title='bbox 737 4223 1033 4298; x_wconf 68' lang='lat' dir='ltr'><strong>sapientiae,</strong></span> <span class='ocrx_word' id='word_1_528' title='bbox 1063 4221 1294 4278; x_wconf 86' lang='lat' dir='ltr'><strong>cessavit</strong></span> <span class='ocrx_word' id='word_1_529' title='bbox 1320 4235 1515 4291; x_wconf 90' lang='lat' dir='ltr'><strong>pompa</strong></span> <span class='ocrx_word' id='word_1_530' title='bbox 1541 4228 1597 4276; x_wconf 89' lang='lat' dir='ltr'><strong>et</strong></span> <span class='ocrx_word' id='word_1_531' title='bbox 1617 4220 1823 4276; x_wconf 88' lang='lat' dir='ltr'><strong>clamor</strong></span> <span class='ocrx_word' id='word_1_532' title='bbox 1847 4219 2043 4274; x_wconf 88' lang='lat' dir='ltr'><strong>verbo-</strong></span> <span class='ocrx_word' id='word_1_533' title='bbox 2069 4277 2073 4282; x_wconf 62' lang='grc'><em>,</em></span> 
     </span>
    </p>
   </div>
   <div class='ocr_carea' id='block_1_72' title="bbox 459 4310 2045 4388">
    <p class='ocr_par' dir='ltr' id='par_1_72' title="bbox 459 4310 2045 4388">
     <span class='ocr_line' id='line_1_72' title="bbox 459 4310 2045 4388; baseline -0.004 -16"><span class='ocrx_word' id='word_1_534' title='bbox 459 4333 582 4388; x_wconf 67' lang='lat' dir='ltr'><strong>rum</strong></span> <span class='ocrx_word' id='word_1_535' title='bbox 600 4357 615 4383; x_wconf 92' lang='lat'><strong>,</strong></span> <span class='ocrx_word' id='word_1_536' title='bbox 649 4325 718 4372; x_wconf 91' lang='lat' dir='ltr'><strong>.ut</strong></span> <span class='ocrx_word' id='word_1_537' title='bbox 745 4316 1049 4388; x_wconf 74' lang='lat' dir='ltr'><strong>philosophi</strong></span> <span class='ocrx_word' id='word_1_538' title='bbox 1075 4331 1180 4371; x_wconf 89' lang='lat' dir='ltr'><strong>nec</strong></span> <span class='ocrx_word' id='word_1_539' title='bbox 1204 4313 1446 4371; x_wconf 76' lang='lat' dir='ltr'><strong>haeretici</strong></span> <span class='ocrx_word' id='word_1_540' title='bbox 1473 4314 1541 4370; x_wconf 88' lang='lat' dir='ltr'><strong>de</strong></span> <span class='ocrx_word' id='word_1_541' title='bbox 1563 4312 1805 4368; x_wconf 87' lang='lat' dir='ltr'><strong>Ecclesia</strong></span> <span class='ocrx_word' id='word_1_542' title='bbox 1841 4310 2045 4383; x_wconf 80' lang='lat' dir='ltr'><strong>egressi</strong></span> 
     </span>
    </p>
   </div>
   <div class='ocr_carea' id='block_1_73' title="bbox 2146 3397 3721 3475">
    <p class='ocr_par' dir='ltr' id='par_1_73' title="bbox 2146 3397 3721 3475">
     <span class='ocr_line' id='line_1_73' title="bbox 2146 3397 3721 3475; baseline -0.005 -14"><span class='ocrx_word' id='word_1_543' title='bbox 2146 3405 2294 3470; x_wconf 90' lang='lat' dir='ltr'><strong>tulit,</strong></span> <span class='ocrx_word' id='word_1_544' title='bbox 2337 3404 2562 3475; x_wconf 88' lang='lat' dir='ltr'><strong>cupiunt</strong></span> <span class='ocrx_word' id='word_1_545' title='bbox 2603 3402 2853 3458; x_wconf 89' lang='lat' dir='ltr'><strong>universa</strong></span> <span class='ocrx_word' id='word_1_546' title='bbox 2891 3401 3156 3474; x_wconf 88' lang='lat' dir='ltr'><strong>populari,</strong></span> <span class='ocrx_word' id='word_1_547' title='bbox 3219 3409 3278 3455; x_wconf 91' lang='lat' dir='ltr'><strong>ut</strong></span> <span class='ocrx_word' id='word_1_548' title='bbox 3314 3400 3408 3456; x_wconf 84' lang='lat' dir='ltr'><strong>vix</strong></span> <span class='ocrx_word' id='word_1_549' title='bbox 3445 3397 3721 3455; x_wconf 86' lang='lat' dir='ltr'><strong>racemum</strong></span> 
     </span>
    </p>
   </div>
   <div class='ocr_carea' id='block_1_74' title="bbox 2145 3478 3723 3565">
    <p class='ocr_par' dir='ltr' id='par_1_74' title="bbox 2145 3478 3723 3565">
     <span class='ocr_line' id='line_1_74' title="bbox 2145 3478 3723 3565; baseline -0.003 -16"><span class='ocrx_word' id='word_1_550' title='bbox 2145 3493 2201 3549; x_wconf 92' lang='lat' dir='ltr'><strong>in</strong></span> <span class='ocrx_word' id='word_1_551' title='bbox 2224 3509 2287 3550; x_wconf 88' lang='lat' dir='ltr'><strong>ea</strong></span> <span class='ocrx_word' id='word_1_552' title='bbox 2308 3495 2631 3565; x_wconf 90' lang='lat' dir='ltr'><strong>relinquant.</strong></span> <span class='ocrx_word' id='word_1_553' title='bbox 2656 3493 2762 3549; x_wconf 91' lang='lat' dir='ltr'><strong>Sed</strong></span> <span class='ocrx_word' id='word_1_554' title='bbox 2783 3492 3040 3549; x_wconf 91' lang='lat' dir='ltr'><strong>Dominus</strong></span> <span class='ocrx_word' id='word_1_555' title='bbox 3060 3508 3090 3548; x_wconf 93' lang='lat' dir='ltr'><strong>e</strong></span> <span class='ocrx_word' id='word_1_556' title='bbox 3104 3478 3292 3548; x_wconf 82' lang='lat' dir='ltr'><strong>contra</strong></span> <span class='ocrx_word' id='word_1_557' title='bbox 3310 3481 3493 3549; x_wconf 82' lang='lat' dir='ltr'><strong>omnia</strong></span> <span class='ocrx_word' id='word_1_558' title='bbox 3513 3499 3723 3548; x_wconf 88' lang='lat' dir='ltr'><strong>secreta</strong></span> 
     </span>
    </p>
   </div>
   <div class='ocr_carea' id='block_1_75' title="bbox 2144 3581 3725 3657">
    <p class='ocr_par' dir='ltr' id='par_1_75' title="bbox 2144 3581 3725 3657">
     <span class='ocr_line' id='line_1_75' title="bbox 2144 3581 3725 3657; baseline -0.005 -15"><span class='ocrx_word' id='word_1_559' title='bbox 2144 3601 2356 3653; x_wconf 89' lang='lat' dir='ltr'><strong>eorum,</strong></span> <span class='ocrx_word' id='word_1_560' title='bbox 2381 3595 2437 3641; x_wconf 93' lang='lat' dir='ltr'><strong>et</strong></span> <span class='ocrx_word' id='word_1_561' title='bbox 2465 3585 2898 3657; x_wconf 90' lang='lat' dir='ltr'><strong>patriarcharum</strong></span> <span class='ocrx_word' id='word_1_562' title='bbox 2941 3583 3082 3640; x_wconf 86' lang='lat' dir='ltr'><strong>Esau</strong></span> <span class='ocrx_word' id='word_1_563' title='bbox 3116 3584 3230 3656; x_wconf 88' lang='lat' dir='ltr'><strong>(qui</strong></span> <span class='ocrx_word' id='word_1_564' title='bbox 3269 3583 3472 3655; x_wconf 85' lang='lat' dir='ltr'><strong>primas</strong></span> <span class='ocrx_word' id='word_1_565' title='bbox 3513 3581 3725 3637; x_wconf 84' lang='lat' dir='ltr'><strong>scilicet</strong></span> 
     </span>
    </p>
   </div>
   <div class='ocr_carea' id='block_1_76' title="bbox 2144 3665 3722 3752">
    <p class='ocr_par' dir='ltr' id='par_1_76' title="bbox 2144 3665 3722 3752">
     <span class='ocr_line' id='line_1_76' title="bbox 2144 3665 3722 3752; baseline -0.004 -16"><span class='ocrx_word' id='word_1_566' title='bbox 2144 3679 2379 3736; x_wconf 71' lang='lat' dir='ltr'><strong>haereses</strong></span> <span class='ocrx_word' id='word_1_567' title='bbox 2407 3665 2746 3752; x_wconf 81' lang='lat' dir='ltr'><strong>invenerunt)</strong></span> <span class='ocrx_word' id='word_1_568' title='bbox 2771 3679 2918 3734; x_wconf 89' lang='lat' dir='ltr'><strong>viros</strong></span> <span class='ocrx_word' id='word_1_569' title='bbox 2939 3677 3338 3734; x_wconf 83' lang='lat' dir='ltr'><strong>ecclesiasticos</strong></span> <span class='ocrx_word' id='word_1_570' title='bbox 3376 3684 3433 3733; x_wconf 93' lang='lat' dir='ltr'><strong>et</strong></span> <span class='ocrx_word' id='word_1_571' title='bbox 3473 3677 3722 3733; x_wconf 87' lang='lat' dir='ltr'><strong>doctores</strong></span> 
     </span>
    </p>
   </div>
   <div class='ocr_carea' id='block_1_77' title="bbox 2143 3761 3740 3846">
    <p class='ocr_par' dir='ltr' id='par_1_77' title="bbox 2143 3761 3740 3846">
     <span class='ocr_line' id='line_1_77' title="bbox 2143 3761 3740 3846; baseline -0.003 -18"><span class='ocrx_word' id='word_1_572' title='bbox 2143 3771 2353 3846; x_wconf 83' lang='lat' dir='ltr'><strong>profert</strong></span> <span class='ocrx_word' id='word_1_573' title='bbox 2375 3773 2430 3828; x_wconf 92' lang='lat' dir='ltr'><strong>in</strong></span> <span class='ocrx_word' id='word_1_574' title='bbox 2447 3772 2704 3828; x_wconf 86' lang='lat' dir='ltr'><strong>medium.</strong></span> <span class='ocrx_word' id='word_1_575' title='bbox 2736 3771 2802 3826; x_wconf 88' lang='lat' dir='ltr'><strong>Et</strong></span> <span class='ocrx_word' id='word_1_576' title='bbox 2822 3771 2998 3842; x_wconf 88' lang='lat' dir='ltr'><strong>prima</strong></span> <span class='ocrx_word' id='word_1_577' title='bbox 3020 3769 3163 3827; x_wconf 89' lang='lat' dir='ltr'><strong>illius</strong></span> <span class='ocrx_word' id='word_1_578' title='bbox 3197 3768 3426 3826; x_wconf 82' lang='lat' dir='ltr'><strong>victoria</strong></span> <span class='ocrx_word' id='word_1_579' title='bbox 3462 3777 3547 3826; x_wconf 70' lang='grc' dir='ltr'><strong>εει</strong></span> <span class='ocrx_word' id='word_1_580' title='bbox 3565 3761 3740 3840; x_wconf 77' lang='lat' dir='ltr'><strong>pate-&#39;</strong></span> 
     </span>
    </p>
   </div>
   <div class='ocr_carea' id='block_1_78' title="bbox 2145 3863 3443 3935">
    <p class='ocr_par' dir='ltr' id='par_1_78' title="bbox 2145 3863 3443 3935">
     <span class='ocr_line' id='line_1_78' title="bbox 2145 3863 3443 3935; baseline 0.002 -16"><span class='ocrx_word' id='word_1_581' title='bbox 2145 3863 2327 3922; x_wconf 78' lang='lat' dir='ltr'><strong>facere</strong></span> <span class='ocrx_word' id='word_1_582' title='bbox 2349 3879 2470 3935; x_wconf 60' lang='lat' dir='ltr'><strong>quae</strong></span> <span class='ocrx_word' id='word_1_583' title='bbox 2496 3863 2834 3935; x_wconf 86' lang='lat' dir='ltr'><strong>tegebantur.</strong></span> <span class='ocrx_word' id='word_1_584' title='bbox 3007 3885 3010 3888; x_wconf 61' lang='grc'><strong>’</strong></span> <span class='ocrx_word' id='word_1_585' title='bbox 3049 3891 3058 3904; x_wconf 59' lang='grc' dir='ltr'>ε</span> <span class='ocrx_word' id='word_1_586' title='bbox 3143 3877 3153 3900; x_wconf 67' lang='grc' dir='ltr'><strong><em>ν</em></strong></span> <span class='ocrx_word' id='word_1_587' title='bbox 3437 3922 3443 3929; x_wconf 83' lang='grc'>,</span> 
     </span>
    </p>
   </div>
   <div class='ocr_carea' id='block_1_79' title="bbox 2220 3950 3736 4029">
    <p class='ocr_par' dir='ltr' id='par_1_79' title="bbox 2220 3950 3736 4029">
     <span class='ocr_line' id='line_1_79' title="bbox 2220 3950 3736 4029; baseline -0.003 -17"><span class='ocrx_word' id='word_1_588' title='bbox 2220 3956 2426 4029; x_wconf 70' lang='lat' dir='ltr'><strong>(Iliun).</strong></span> <span class='ocrx_word' id='word_1_589' title='bbox 2477 3955 2679 4013; x_wconf 88' lang='lat' dir='ltr'><strong>Contra</strong></span> <span class='ocrx_word' id='word_1_590' title='bbox 2734 3955 2948 4012; x_wconf 68' lang='lat' dir='ltr'><strong>Judzeos</strong></span> <span class='ocrx_word' id='word_1_591' title='bbox 3000 3953 3177 4012; x_wconf 85' lang='lat' dir='ltr'><strong>factus</strong></span> <span class='ocrx_word' id='word_1_592' title='bbox 3230 3961 3314 4011; x_wconf 86' lang='lat' dir='ltr'><strong>est</strong></span> <span class='ocrx_word' id='word_1_593' title='bbox 3372 3967 3574 4020; x_wconf 88' lang='lat' dir='ltr'><strong>sermo,</strong></span> <span class='ocrx_word' id='word_1_594' title='bbox 3625 3950 3736 4026; x_wconf 74' lang='lat' dir='ltr'><strong>qui</strong></span> 
     </span>
    </p>
   </div>
   <div class='ocr_carea' id='block_1_80' title="bbox 2145 4047 3724 4120">
    <p class='ocr_par' dir='ltr' id='par_1_80' title="bbox 2145 4047 3724 4120">
     <span class='ocr_line' id='line_1_80' title="bbox 2145 4047 3724 4120; baseline -0.007 -9"><span class='ocrx_word' id='word_1_595' title='bbox 2145 4051 2469 4111; x_wconf 86' lang='lat' dir='ltr'><strong>Christianis</strong></span> <span class='ocrx_word' id='word_1_596' title='bbox 2489 4051 2749 4115; x_wconf 90' lang='lat' dir='ltr'><strong>invident,</strong></span> <span class='ocrx_word' id='word_1_597' title='bbox 2774 4058 2903 4116; x_wconf 90' lang='lat' dir='ltr'><strong>etc.,</strong></span> <span class='ocrx_word' id='word_1_598' title='bbox 2936 4065 3096 4120; x_wconf 79' lang='lat' dir='ltr'><strong>usque</strong></span> <span class='ocrx_word' id='word_1_599' title='bbox 3123 4049 3193 4103; x_wconf 87' lang='lat' dir='ltr'><strong>ad</strong></span> <span class='ocrx_word' id='word_1_600' title='bbox 3232 4056 3292 4104; x_wconf 93' lang='lat' dir='ltr'><strong>ut</strong></span> <span class='ocrx_word' id='word_1_601' title='bbox 3335 4047 3724 4104; x_wconf 87' lang='lat' dir='ltr'><strong>mortiﬁcantes</strong></span> 
     </span>
    </p>
   </div>
   <div class='ocr_carea' id='block_1_81' title="bbox 2145 4137 3724 4217">
    <p class='ocr_par' dir='ltr' id='par_1_81' title="bbox 2145 4137 3724 4217">
     <span class='ocr_line' id='line_1_81' title="bbox 2145 4137 3724 4217; baseline -0.007 -14"><span class='ocrx_word' id='word_1_602' title='bbox 2145 4147 2387 4210; x_wconf 87' lang='lat' dir='ltr'><strong>membra</strong></span> <span class='ocrx_word' id='word_1_603' title='bbox 2407 4147 2618 4217; x_wconf 74' lang='lat' dir='ltr'><strong>:nostra</strong></span> <span class='ocrx_word' id='word_1_604' title='bbox 2669 4142 3148 4217; x_wconf 81' lang='lat' dir='ltr'><strong>(fornicationem,</strong></span> <span class='ocrx_word' id='word_1_605' title='bbox 3185 4141 3392 4198; x_wconf 88' lang='lat' dir='ltr'><strong>scilicet</strong></span> <span class='ocrx_word' id='word_1_606' title='bbox 3429 4137 3724 4217; x_wconf 73' lang='lat' dir='ltr'><strong>immundi—</strong></span> 
     </span>
    </p>
   </div>
   <div class='ocr_carea' id='block_1_82' title="bbox 2147 4208 3772 4314">
    <p class='ocr_par' dir='ltr' id='par_1_82' title="bbox 2147 4208 3772 4314">
     <span class='ocr_line' id='line_1_82' title="bbox 2147 4208 3772 4314; baseline -0.006 -22"><span class='ocrx_word' id='word_1_607' title='bbox 2147 4208 2306 4302; x_wconf 86' lang='lat' dir='ltr'><strong>tiam,</strong></span> <span class='ocrx_word' id='word_1_608' title='bbox 2336 4208 2764 4307; x_wconf 49' lang='lat' dir='ltr'><strong>et&#39;hujusmodi)</strong></span> <span class='ocrx_word' id='word_1_609' title='bbox 2803 4241 3060 4289; x_wconf 73' lang='lat' dir='ltr'><strong>aeternam</strong></span> <span class='ocrx_word' id='word_1_610' title='bbox 3087 4232 3142 4289; x_wconf 90' lang='lat' dir='ltr'><strong>in</strong></span> <span class='ocrx_word' id='word_1_611' title='bbox 3171 4230 3387 4290; x_wconf 85' lang='lat' dir='ltr'><strong>Christo</strong></span> <span class='ocrx_word' id='word_1_612' title='bbox 3435 4208 3720 4314; x_wconf 54' lang='lat' dir='ltr'><strong>victoriam</strong></span> <span class='ocrx_word' id='word_1_613' title='bbox 3761 4223 3772 4242; x_wconf 75' lang='grc'><em>³</em></span> 
     </span>
    </p>
   </div>
   <div class='ocr_carea' id='block_1_83' title="bbox 2147 4323 3289 4398">
    <p class='ocr_par' dir='ltr' id='par_1_83' title="bbox 2147 4323 3289 4398">
     <span class='ocr_line' id='line_1_83' title="bbox 2147 4323 3289 4398; baseline -0.004 -14"><span class='ocrx_word' id='word_1_614' title='bbox 2147 4330 2565 4398; x_wconf 79' lang='lat' dir='ltr'><strong>consequamur.</strong></span> <span class='ocrx_word' id='word_1_615' title='bbox 3275 4323 3289 4328; x_wconf 73' lang='grc'><strong><em>’</em></strong></span> 
     </span>
    </p>
   </div>
   <div class='ocr_carea' id='block_1_84' title="bbox 461 4397 3747 4492">
    <p class='ocr_par' dir='ltr' id='par_1_84' title="bbox 461 4397 3747 4492">
     <span class='ocr_line' id='line_1_84' title="bbox 461 4397 3747 4492; baseline -0.004 -13"><span class='ocrx_word' id='word_1_616' title='bbox 461 4406 663 4481; x_wconf 65' lang='lat' dir='ltr'><strong>aliquid</strong></span> <span class='ocrx_word' id='word_1_617' title='bbox 694 4406 974 4492; x_wconf 57' lang='lat' dir='ltr'><strong>inveniam</strong></span> <span class='ocrx_word' id='word_1_618' title='bbox 1005 4407 1060 4461; x_wconf 85' lang='lat' dir='ltr'><strong>in</strong></span> <span class='ocrx_word' id='word_1_619' title='bbox 1084 4405 1329 4461; x_wconf 73' lang='lat' dir='ltr'><strong>doctrina</strong></span> <span class='ocrx_word' id='word_1_620' title='bbox 1355 4418 1452 4459; x_wconf 78' lang='lat' dir='ltr'><strong>sua</strong></span> <span class='ocrx_word' id='word_1_621' title='bbox 1483 4402 1626 4475; x_wconf 80' lang='lat' dir='ltr'><strong>quod</strong></span> <span class='ocrx_word' id='word_1_622' title='bbox 1649 4401 1899 4476; x_wconf 62' lang='lat' dir='ltr'><strong>humanm</strong></span> <span class='ocrx_word' id='word_1_623' title='bbox 1919 4400 2045 4460; x_wconf 54' lang='lat' dir='ltr'><strong>vita</strong></span> <span class='ocrx_word' id='word_1_624' title='bbox 2073 4449 2076 4456; x_wconf 85' lang='lat'><strong><em>-</em></strong></span> <span class='ocrx_word' id='word_1_625' title='bbox 2219 4397 2388 4476; x_wconf 67' lang='lat' dir='ltr'><strong>Vens.</strong></span> <span class='ocrx_word' id='word_1_626' title='bbox 2417 4421 2504 4475; x_wconf 71' lang='lat' dir='ltr'><strong>it.</strong></span> <span class='ocrx_word' id='word_1_627' title='bbox 2531 4451 2604 4461; x_wconf 94' lang='lat'><strong>—</strong></span> <span class='ocrx_word' id='word_1_628' title='bbox 2623 4418 2836 4475; x_wconf 81' lang='lat' dir='ltr'><strong>Audivi.</strong></span> <span class='ocrx_word' id='word_1_629' title='bbox 2865 4417 2993 4475; x_wconf 77' lang='lat' dir='ltr'><strong>Haec</strong></span> <span class='ocrx_word' id='word_1_630' title='bbox 3019 4414 3286 4474; x_wconf 70' lang='lat' dir='ltr'><strong>sententia</strong></span> <span class='ocrx_word' id='word_1_631' title='bbox 3311 4414 3363 4469; x_wconf 93' lang='lat' dir='ltr'><strong>in</strong></span> <span class='ocrx_word' id='word_1_632' title='bbox 3384 4413 3554 4468; x_wconf 86' lang='lat' dir='ltr'><strong>Abdia</strong></span> <span class='ocrx_word' id='word_1_633' title='bbox 3581 4397 3747 4492; x_wconf 4' lang='lat' dir='ltr'><strong>penei</strong></span> 
     </span>
    </p>
   </div>
   <div class='ocr_carea' id='block_1_85' title="bbox 459 4485 3770 4580">
    <p class='ocr_par' dir='ltr' id='par_1_85' title="bbox 459 4485 3770 4580">
     <span class='ocr_line' id='line_1_85' title="bbox 459 4485 3770 4580; baseline -0.003 -14"><span class='ocrx_word' id='word_1_634' title='bbox 459 4499 594 4556; x_wconf 73' lang='grc' dir='ltr'><strong>υῑὶιθ</strong></span> <span class='ocrx_word' id='word_1_635' title='bbox 621 4499 710 4553; x_wconf 75' lang='grc' dir='ltr'><strong>είίο</strong></span> <span class='ocrx_word' id='word_1_636' title='bbox 907 4487 912 4492; x_wconf 41' lang='grc'><em>’</em></span> <span class='ocrx_word' id='word_1_637' title='bbox 2147 4510 2352 4568; x_wconf 89' lang='lat' dir='ltr'><strong>eisdem</strong></span> <span class='ocrx_word' id='word_1_638' title='bbox 2379 4512 2560 4568; x_wconf 88' lang='lat' dir='ltr'><strong>verbis</strong></span> <span class='ocrx_word' id='word_1_639' title='bbox 2594 4511 2920 4580; x_wconf 86' lang='lat' dir='ltr'><strong>continetur,</strong></span> <span class='ocrx_word' id='word_1_640' title='bbox 2952 4503 3008 4565; x_wconf 85' lang='lat' dir='ltr'><strong>et</strong></span> <span class='ocrx_word' id='word_1_641' title='bbox 3034 4507 3200 4563; x_wconf 87' lang='lat' dir='ltr'><strong>multa</strong></span> <span class='ocrx_word' id='word_1_642' title='bbox 3224 4505 3382 4576; x_wconf 84' lang='lat' dir='ltr'><strong>hujus</strong></span> <span class='ocrx_word' id='word_1_643' title='bbox 3409 4503 3649 4576; x_wconf 89' lang='lat' dir='ltr'><strong>capituli.</strong></span> <span class='ocrx_word' id='word_1_644' title='bbox 3677 4500 3700 4508; x_wconf 85' lang='grc'><em>”</em></span> 
     </span>
    </p>
   </div>
   <div class='ocr_carea' id='block_1_86' title="bbox 529 4582 3770 4698">
    <p class='ocr_par' dir='ltr' id='par_1_86' title="bbox 529 4582 3770 4698">
     <span class='ocr_line' id='line_1_86' title="bbox 529 4582 3770 4698; baseline -0.015 -4"><span class='ocrx_word' id='word_1_645' title='bbox 529 4589 702 4698; x_wconf 44' lang='lat' dir='ltr'><strong>&quot;VEB-8°</strong></span> <span class='ocrx_word' id='word_1_646' title='bbox 734 4589 824 4694; x_wconf 41' lang='grc' dir='ltr'><strong>ῃ</strong></span> <span class='ocrx_word' id='word_1_647' title='bbox 855 4618 936 4698; x_wconf 31' lang='grc' dir='ltr'><strong>θ’,</strong></span> <span class='ocrx_word' id='word_1_648' title='bbox 964 4586 1128 4698; x_wconf 50' lang='lat' dir='ltr'><strong>07mg</strong></span> <span class='ocrx_word' id='word_1_649' title='bbox 1165 4588 1305 4692; x_wconf 32' lang='lat' dir='ltr'><strong>mf&quot;)</strong></span> <span class='ocrx_word' id='word_1_650' title='bbox 1339 4593 1495 4680; x_wconf 54' lang='grc' dir='ltr'><strong>ἒανυί</strong></span> <span class='ocrx_word' id='word_1_651' title='bbox 1529 4583 1816 4698; x_wconf 49' lang='lat' dir='ltr'><strong>calvi‘fun‘&quot;</strong></span> <span class='ocrx_word' id='word_1_652' title='bbox 1857 4582 2040 4698; x_wconf 49' lang='grc' dir='ltr'><strong>(ξίλξς)</strong></span> <span class='ocrx_word' id='word_1_653' title='bbox 2065 4633 2145 4698; x_wconf 36' lang='grc' dir='ltr'><strong>Β.</strong></span> <span class='ocrx_word' id='word_1_654' title='bbox 2219 4604 2386 4661; x_wconf 77' lang='lat' dir='ltr'><strong>Vens.</strong></span> <span class='ocrx_word' id='word_1_655' title='bbox 2429 4605 2514 4661; x_wconf 80' lang='grc'><strong>15.</strong></span> <span class='ocrx_word' id='word_1_656' title='bbox 2549 4635 2621 4647; x_wconf 92' lang='lat'><strong>—</strong></span> <span class='ocrx_word' id='word_1_657' title='bbox 2659 4602 2795 4660; x_wconf 87' lang='lat' dir='ltr'><strong>Ecce</strong></span> <span class='ocrx_word' id='word_1_658' title='bbox 2821 4587 2976 4659; x_wconf 83' lang='lat' dir='ltr'><strong>enim.</strong></span> <span class='ocrx_word' id='word_1_659' title='bbox 3021 4599 3206 4672; x_wconf 64' lang='lat' dir='ltr'><strong>(Ihm)</strong></span> <span class='ocrx_word' id='word_1_660' title='bbox 3259 4595 3425 4672; x_wconf 82' lang='lat' dir='ltr'><strong>Quasi</strong></span> <span class='ocrx_word' id='word_1_661' title='bbox 3470 4596 3614 4652; x_wconf 89' lang='lat' dir='ltr'><strong>dicat</strong></span> <span class='ocrx_word' id='word_1_662' title='bbox 3639 4613 3654 4650; x_wconf 87' lang='lat'><strong>:</strong></span> 
     </span>
    </p>
   </div>
   <div class='ocr_carea' id='block_1_87' title="bbox 458 4663 3778 4770">
    <p class='ocr_par' dir='ltr' id='par_1_87' title="bbox 458 4663 3778 4770">
     <span class='ocr_line' id='line_1_87' title="bbox 458 4663 3778 4770; baseline 0.002 -32"><span class='ocrx_word' id='word_1_663' title='bbox 458 4684 614 4770; x_wconf 85' lang='lat' dir='ltr'><strong>Apud</strong></span> <span class='ocrx_word' id='word_1_664' title='bbox 645 4683 898 4764; x_wconf 85' lang='lat' dir='ltr'><strong>antiquos</strong></span> <span class='ocrx_word' id='word_1_665' title='bbox 924 4682 1104 4736; x_wconf 82' lang='lat' dir='ltr'><strong>barbae</strong></span> <span class='ocrx_word' id='word_1_666' title='bbox 1133 4671 1430 4750; x_wconf 85' lang='lat' dir='ltr'><strong>capitisque</strong></span> <span class='ocrx_word' id='word_1_667' title='bbox 1462 4693 1659 4770; x_wconf 82' lang='lat' dir='ltr'><strong>rasura</strong></span> <span class='ocrx_word' id='word_1_668' title='bbox 1678 4677 1856 4733; x_wconf 91' lang='lat' dir='ltr'><strong>luctus</strong></span> <span class='ocrx_word' id='word_1_669' title='bbox 1893 4675 2036 4732; x_wconf 85' lang='lat' dir='ltr'><strong>indi-</strong></span> <span class='ocrx_word' id='word_1_670' title='bbox 2065 4663 2120 4698; x_wconf 70' lang='grc' dir='ltr'><strong><em>υ</em></strong></span> <span class='ocrx_word' id='word_1_671' title='bbox 2139 4665 2338 4768; x_wconf 62' lang='grc' dir='ltr'><strong>Ἐὰοω,</strong></span> <span class='ocrx_word' id='word_1_672' title='bbox 2369 4698 2459 4769; x_wconf 89' lang='lat' dir='ltr'><strong>qui</strong></span> <span class='ocrx_word' id='word_1_673' title='bbox 2480 4699 2658 4754; x_wconf 91' lang='lat' dir='ltr'><strong>minor</strong></span> <span class='ocrx_word' id='word_1_674' title='bbox 2678 4712 2739 4754; x_wconf 89' lang='lat' dir='ltr'><strong>es</strong></span> <span class='ocrx_word' id='word_1_675' title='bbox 2765 4697 2906 4770; x_wconf 80' lang='lat' dir='ltr'><strong>inter</strong></span> <span class='ocrx_word' id='word_1_676' title='bbox 2924 4663 3111 4750; x_wconf 82' lang='lat' dir='ltr'><strong>omnes</strong></span> <span class='ocrx_word' id='word_1_677' title='bbox 3133 4663 3433 4747; x_wconf 39' lang='lat' dir='ltr'><strong>in&#39;circuitu</strong></span> <span class='ocrx_word' id='word_1_678' title='bbox 3457 4663 3778 4770; x_wconf 36' lang='lat' dir='ltr'><strong>nationes,“</strong></span> 
     </span>
    </p>
   </div>
   <div class='ocr_carea' id='block_1_88' title="bbox 461 4763 3727 4860">
    <p class='ocr_par' dir='ltr' id='par_1_88' title="bbox 461 4763 3727 4860">
     <span class='ocr_line' id='line_1_88' title="bbox 461 4763 3727 4860; baseline -0.003 -30"><span class='ocrx_word' id='word_1_679' title='bbox 461 4765 604 4832; x_wconf 83' lang='lat' dir='ltr'><strong>cium</strong></span> <span class='ocrx_word' id='word_1_680' title='bbox 637 4776 756 4842; x_wconf 79' lang='lat' dir='ltr'><strong>fuit,</strong></span> <span class='ocrx_word' id='word_1_681' title='bbox 789 4786 919 4840; x_wconf 90' lang='lat' dir='ltr'><strong>etc.,</strong></span> <span class='ocrx_word' id='word_1_682' title='bbox 950 4790 1110 4845; x_wconf 82' lang='lat' dir='ltr'><strong>usque</strong></span> <span class='ocrx_word' id='word_1_683' title='bbox 1142 4774 1216 4852; x_wconf 21' lang='lat' dir='ltr'><strong>ad,</strong></span> <span class='ocrx_word' id='word_1_684' title='bbox 1238 4772 1363 4827; x_wconf 91' lang='lat' dir='ltr'><strong>hinc</strong></span> <span class='ocrx_word' id='word_1_685' title='bbox 1391 4770 1557 4827; x_wconf 86' lang='lat' dir='ltr'><strong>Isaias</strong></span> <span class='ocrx_word' id='word_1_686' title='bbox 1583 4789 1596 4825; x_wconf 91' lang='lat'>:</span> <span class='ocrx_word' id='word_1_687' title='bbox 1629 4768 1697 4825; x_wconf 84' lang='lat' dir='ltr'><strong>In</strong></span> <span class='ocrx_word' id='word_1_688' title='bbox 1727 4770 1924 4825; x_wconf 78' lang='lat' dir='ltr'><strong>cunctis</strong></span> <span class='ocrx_word' id='word_1_689' title='bbox 1951 4787 2042 4824; x_wconf 89' lang='lat' dir='ltr'><strong>ca—</strong></span> <span class='ocrx_word' id='word_1_690' title='bbox 2090 4841 2094 4850; x_wconf 27' lang='grc' dir='ltr'><em>ι</em></span> <span class='ocrx_word' id='word_1_691' title='bbox 2147 4797 2277 4856; x_wconf 56' lang='grc' dir='ltr'><strong>αα,</strong></span> <span class='ocrx_word' id='word_1_692' title='bbox 2301 4763 2462 4860; x_wconf 47' lang='grc' dir='ltr'><strong>ἀμίαι</strong></span> <span class='ocrx_word' id='word_1_693' title='bbox 2481 4788 2552 4841; x_wconf 72' lang='grc' dir='ltr'>σά</span> <span class='ocrx_word' id='word_1_694' title='bbox 2580 4786 2704 4842; x_wconf 68' lang='lat' dir='ltr'><strong>inde</strong></span> <span class='ocrx_word' id='word_1_695' title='bbox 2732 4796 2784 4841; x_wconf 69' lang='grc' dir='ltr'>ιε</span> <span class='ocrx_word' id='word_1_696' title='bbox 2810 4763 3171 4850; x_wconf 52' lang='lat' dir='ltr'><strong>detrahere“),</strong></span> <span class='ocrx_word' id='word_1_697' title='bbox 3200 4789 3256 4836; x_wconf 57' lang='lat' dir='ltr'><strong>et</strong></span> <span class='ocrx_word' id='word_1_698' title='bbox 3275 4781 3343 4836; x_wconf 72' lang='lat' dir='ltr'><strong>ad</strong></span> <span class='ocrx_word' id='word_1_699' title='bbox 3390 4773 3591 4835; x_wconf 56' lang='lat' dir='ltr'><strong>teri-am</strong></span> <span class='ocrx_word' id='word_1_700' title='bbox 3615 4763 3727 4833; x_wconf 65' lang='lat' dir='ltr'><strong>‘i-e.</strong></span> 
     </span>
    </p>
   </div>
   <div class='ocr_carea' id='block_1_89' title="bbox 463 4853 3669 4948">
    <p class='ocr_par' dir='ltr' id='par_1_89' title="bbox 463 4853 3669 4948">
     <span class='ocr_line' id='line_1_89' title="bbox 463 4853 3669 4948; baseline -0.003 -26"><span class='ocrx_word' id='word_1_701' title='bbox 463 4869 658 4946; x_wconf 74' lang='lat' dir='ltr'><strong>ritibus</strong></span> <span class='ocrx_word' id='word_1_702' title='bbox 685 4869 798 4948; x_wconf 79' lang='lat' dir='ltr'><strong>ejus</strong></span> <span class='ocrx_word' id='word_1_703' title='bbox 825 4866 1111 4944; x_wconf 76' lang='lat' dir='ltr'><strong>calvitium,</strong></span> <span class='ocrx_word' id='word_1_704' title='bbox 1141 4865 1307 4919; x_wconf 81' lang='lat' dir='ltr'><strong>omnis</strong></span> <span class='ocrx_word' id='word_1_705' title='bbox 1336 4864 1495 4918; x_wconf 90' lang='lat' dir='ltr'><strong>barba</strong></span> <span class='ocrx_word' id='word_1_706' title='bbox 1524 4863 1738 4918; x_wconf 87' lang='lat' dir='ltr'><strong>radetur</strong></span> <span class='ocrx_word' id='word_1_707' title='bbox 1764 4861 1898 4935; x_wconf 85' lang='lat' dir='ltr'><strong>(Isa.</strong></span> <span class='ocrx_word' id='word_1_708' title='bbox 1923 4861 2038 4932; x_wconf 82' lang='lat' dir='ltr'><strong>xv).</strong></span> <span class='ocrx_word' id='word_1_709' title='bbox 2147 4853 2400 4935; x_wconf 57' lang='grc' dir='ltr'><strong>ἀπένθιῇ</strong></span> <span class='ocrx_word' id='word_1_710' title='bbox 2425 4859 2741 4931; x_wconf 49' lang='lat' dir='ltr'><strong>ceterarum</strong></span> <span class='ocrx_word' id='word_1_711' title='bbox 2773 4853 3034 4944; x_wconf 44' lang='lat' dir='ltr'><strong>gentium,</strong></span> <span class='ocrx_word' id='word_1_712' title='bbox 3085 4863 3088 4866; x_wconf 81' lang='grc'><strong>’</strong></span> <span class='ocrx_word' id='word_1_713' title='bbox 3348 4878 3357 4886; x_wconf 92' lang='grc'><strong>·</strong></span> <span class='ocrx_word' id='word_1_714' title='bbox 3663 4867 3669 4880; x_wconf 88' lang='grc'><em>’</em></span> 
     </span>
    </p>
   </div>
   <div class='ocr_carea' id='block_1_90' title="bbox 537 4949 2038 5040">
    <p class='ocr_par' dir='ltr' id='par_1_90' title="bbox 537 4949 2038 5040">
     <span class='ocr_line' id='line_1_90' title="bbox 537 4949 2038 5040; baseline -0.001 -28"><span class='ocrx_word' id='word_1_715' title='bbox 537 4949 697 5030; x_wconf 75' lang='lat' dir='ltr'><strong>Vens.</strong></span> <span class='ocrx_word' id='word_1_716' title='bbox 727 4958 815 5014; x_wconf 78' lang='lat'><strong>58.</strong></span> <span class='ocrx_word' id='word_1_717' title='bbox 851 4989 919 5000; x_wconf 83' lang='lat'><strong>——</strong></span> <span class='ocrx_word' id='word_1_718' title='bbox 959 4957 1220 5040; x_wconf 86' lang='lat' dir='ltr'><strong>Quoniam</strong></span> <span class='ocrx_word' id='word_1_719' title='bbox 1258 4956 1475 5011; x_wconf 83' lang='lat' dir='ltr'><strong>contrivi</strong></span> <span class='ocrx_word' id='word_1_720' title='bbox 1502 4954 1680 5010; x_wconf 81' lang='lat' dir='ltr'><strong>Moab.</strong></span> <span class='ocrx_word' id='word_1_721' title='bbox 1733 4955 1922 5010; x_wconf 89' lang='lat' dir='ltr'><strong>Omnis</strong></span> <span class='ocrx_word' id='word_1_722' title='bbox 1946 4955 2038 5010; x_wconf 90' lang='lat' dir='ltr'><strong>do-</strong></span> 
     </span>
    </p>
   </div>
   <div class='ocr_carea' id='block_1_91' title="bbox 2134 4949 3728 5040">
    <p class='ocr_par' dir='ltr' id='par_1_91' title="bbox 2222 4949 3728 5040">
     <span class='ocr_line' id='line_1_91' title="bbox 2222 4949 3728 5040; baseline -0.006 -17"><span class='ocrx_word' id='word_1_723' title='bbox 2222 4967 2510 5023; x_wconf 83' lang='lat' dir='ltr'><strong>Parvulum</strong></span> <span class='ocrx_word' id='word_1_724' title='bbox 2538 4961 2658 5021; x_wconf 85' lang='lat' dir='ltr'><strong>dedi</strong></span> <span class='ocrx_word' id='word_1_725' title='bbox 2678 4974 2725 5020; x_wconf 87' lang='lat' dir='ltr'><strong>te</strong></span> <span class='ocrx_word' id='word_1_726' title='bbox 2744 4965 2797 5018; x_wconf 91' lang='lat' dir='ltr'><strong>in</strong></span> <span class='ocrx_word' id='word_1_727' title='bbox 2817 4963 3070 5040; x_wconf 77' lang='lat' dir='ltr'><strong>gentibus.</strong></span> <span class='ocrx_word' id='word_1_728' title='bbox 3096 4959 3141 5018; x_wconf 85' lang='grc'>0</span> <span class='ocrx_word' id='word_1_729' title='bbox 3161 4949 3436 5027; x_wconf 68' lang='lat' dir='ltr'><strong>haeretica,</strong></span> <span class='ocrx_word' id='word_1_730' title='bbox 3459 4959 3586 5016; x_wconf 83' lang='lat' dir='ltr'><strong>licet</strong></span> <span class='ocrx_word' id='word_1_731' title='bbox 3612 4973 3728 5014; x_wconf 88' lang='lat' dir='ltr'><strong>ma-</strong></span> 
     </span>
    </p>
   </div>
   <div class='ocr_carea' id='block_1_92' title="bbox 471 5039 3725 5140">
    <p class='ocr_par' dir='ltr' id='par_1_92' title="bbox 471 5039 3725 5140">
     <span class='ocr_line' id='line_1_92' title="bbox 471 5039 3725 5140; baseline -0 -35"><span class='ocrx_word' id='word_1_732' title='bbox 471 5051 651 5137; x_wconf 37' lang='lat' dir='ltr'><strong>Clinia.</strong></span> <span class='ocrx_word' id='word_1_733' title='bbox 679 5049 1113 5140; x_wconf 80' lang='lat' dir='ltr'><strong>philosophorum</strong></span> <span class='ocrx_word' id='word_1_734' title='bbox 1144 5059 1201 5105; x_wconf 89' lang='lat' dir='ltr'><strong>et.</strong></span> <span class='ocrx_word' id='word_1_735' title='bbox 1228 5050 1606 5105; x_wconf 85' lang='lat' dir='ltr'><strong>haereticorqu</strong></span> <span class='ocrx_word' id='word_1_736' title='bbox 1625 5090 1640 5116; x_wconf 90' lang='lat'><strong>,</strong></span> <span class='ocrx_word' id='word_1_737' title='bbox 1683 5049 1808 5119; x_wconf 89' lang='lat' dir='ltr'><strong>quia</strong></span> <span class='ocrx_word' id='word_1_738' title='bbox 1839 5048 2048 5121; x_wconf 84' lang='lat' dir='ltr'><strong>fragilis</strong></span> <span class='ocrx_word' id='word_1_739' title='bbox 2153 5073 2291 5131; x_wconf 71' lang='lat' dir='ltr'><strong>guns</strong></span> <span class='ocrx_word' id='word_1_740' title='bbox 2319 5055 2413 5111; x_wconf 85' lang='lat' dir='ltr'><strong>tibi</strong></span> <span class='ocrx_word' id='word_1_741' title='bbox 2443 5053 2700 5116; x_wconf 85' lang='lat' dir='ltr'><strong>videaris,</strong></span> <span class='ocrx_word' id='word_1_742' title='bbox 2727 5062 2782 5109; x_wconf 89' lang='lat' dir='ltr'><strong>et</strong></span> <span class='ocrx_word' id='word_1_743' title='bbox 2805 5039 3118 5108; x_wconf 85' lang='lat' dir='ltr'><strong>contemnas</strong></span> <span class='ocrx_word' id='word_1_744' title='bbox 3158 5047 3508 5123; x_wconf 72' lang='lat' dir='ltr'><strong>parvitatem‘</strong></span> <span class='ocrx_word' id='word_1_745' title='bbox 3534 5039 3725 5104; x_wconf 68' lang='lat' dir='ltr'><strong>Eccle-</strong></span> 
     </span>
    </p>
   </div>
   <div class='ocr_carea' id='block_1_93' title="bbox 463 5141 3349 5219">
    <p class='ocr_par' dir='ltr' id='par_1_93' title="bbox 463 5141 3349 5219">
     <span class='ocr_line' id='line_1_93' title="bbox 463 5141 3349 5219; baseline 0 -22"><span class='ocrx_word' id='word_1_746' title='bbox 463 5152 549 5197; x_wconf 89' lang='lat' dir='ltr'><strong>est</strong></span> <span class='ocrx_word' id='word_1_747' title='bbox 575 5152 629 5197; x_wconf 91' lang='lat' dir='ltr'><strong>ct</strong></span> <span class='ocrx_word' id='word_1_748' title='bbox 655 5142 879 5209; x_wconf 90' lang='lat' dir='ltr'><strong>inutilis,</strong></span> <span class='ocrx_word' id='word_1_749' title='bbox 907 5159 940 5198; x_wconf 91' lang='lat' dir='ltr'><strong>a</strong></span> <span class='ocrx_word' id='word_1_750' title='bbox 964 5141 1192 5199; x_wconf 82' lang='lat' dir='ltr'><strong>veritate</strong></span> <span class='ocrx_word' id='word_1_751' title='bbox 1217 5143 1516 5198; x_wconf 87' lang='lat' dir='ltr'><strong>conteritur</strong></span> <span class='ocrx_word' id='word_1_752' title='bbox 1540 5151 1594 5198; x_wconf 91' lang='lat' dir='ltr'><strong>et</strong></span> <span class='ocrx_word' id='word_1_753' title='bbox 1618 5142 1931 5211; x_wconf 89' lang='lat' dir='ltr'><strong>dissipatur.</strong></span> <span class='ocrx_word' id='word_1_754' title='bbox 2148 5151 2266 5214; x_wconf 57' lang='lat' dir='ltr'><strong>sim,</strong></span> <span class='ocrx_word' id='word_1_755' title='bbox 2314 5145 2514 5219; x_wconf 79' lang='lat' dir='ltr'><strong>parvus</strong></span> <span class='ocrx_word' id='word_1_756' title='bbox 2539 5154 2718 5202; x_wconf 82' lang='lat' dir='ltr'><strong>tamen</strong></span> <span class='ocrx_word' id='word_1_757' title='bbox 2748 5161 2808 5202; x_wconf 89' lang='lat' dir='ltr'><strong>es</strong></span> <span class='ocrx_word' id='word_1_758' title='bbox 2837 5155 2891 5202; x_wconf 88' lang='lat' dir='ltr'><strong>et</strong></span> <span class='ocrx_word' id='word_1_759' title='bbox 2912 5141 3349 5216; x_wconf 90' lang='lat' dir='ltr'><strong>contemptibilis.</strong></span> 
     </span>
    </p>
   </div>
   <div class='ocr_carea' id='block_1_94' title="bbox 533 5217 3779 5316">
    <p class='ocr_par' dir='ltr' id='par_1_94' title="bbox 533 5217 3779 5316">
     <span class='ocr_line' id='line_1_94' title="bbox 533 5217 3779 5316; baseline -0.002 -26"><span class='ocrx_word' id='word_1_760' title='bbox 533 5236 700 5290; x_wconf 80' lang='lat' dir='ltr'><strong>Vens.</strong></span> <span class='ocrx_word' id='word_1_761' title='bbox 733 5235 918 5291; x_wconf 64' lang='lat' dir='ltr'><strong>ll.—</strong></span> <span class='ocrx_word' id='word_1_762' title='bbox 953 5233 1022 5289; x_wconf 90' lang='lat' dir='ltr'><strong>Et</strong></span> <span class='ocrx_word' id='word_1_763' title='bbox 1051 5237 1150 5291; x_wconf 87' lang='lat' dir='ltr'><strong>erit</strong></span> <span class='ocrx_word' id='word_1_764' title='bbox 1181 5253 1270 5316; x_wconf 79' lang='lat' dir='ltr'><strong>cor</strong></span> <span class='ocrx_word' id='word_1_765' title='bbox 1296 5237 1512 5306; x_wconf 81' lang='lat' dir='ltr'><strong>fortium</strong></span> <span class='ocrx_word' id='word_1_766' title='bbox 1543 5234 1721 5289; x_wconf 81' lang='lat' dir='ltr'><strong>Moab.</strong></span> <span class='ocrx_word' id='word_1_767' title='bbox 1778 5235 1920 5310; x_wconf 85' lang='lat' dir='ltr'><strong>Bene</strong></span> <span class='ocrx_word' id='word_1_768' title='bbox 1949 5250 2044 5291; x_wconf 91' lang='lat' dir='ltr'><strong>cor</strong></span> <span class='ocrx_word' id='word_1_769' title='bbox 2218 5217 2386 5294; x_wconf 66' lang='lat' dir='ltr'><strong>Vens.</strong></span> <span class='ocrx_word' id='word_1_770' title='bbox 2429 5235 2517 5294; x_wconf 77' lang='grc'><strong>16.</strong></span> <span class='ocrx_word' id='word_1_771' title='bbox 2558 5269 2632 5279; x_wconf 93' lang='grc'><strong>-</strong></span> <span class='ocrx_word' id='word_1_772' title='bbox 2669 5235 2801 5293; x_wconf 83' lang='lat' dir='ltr'><strong>Cum</strong></span> <span class='ocrx_word' id='word_1_773' title='bbox 2837 5237 3165 5300; x_wconf 69' lang='lat' dir='ltr'><strong>excitaueris,</strong></span> <span class='ocrx_word' id='word_1_774' title='bbox 3209 5242 3316 5290; x_wconf 90' lang='lat' dir='ltr'><strong>etc.</strong></span> <span class='ocrx_word' id='word_1_775' title='bbox 3364 5231 3548 5306; x_wconf 64' lang='grc' dir='ltr'><strong>(ΗΑΒ.)</strong></span> <span class='ocrx_word' id='word_1_776' title='bbox 3585 5229 3724 5300; x_wconf 88' lang='lat' dir='ltr'><strong>Quia</strong></span> <span class='ocrx_word' id='word_1_777' title='bbox 3753 5217 3779 5256; x_wconf 78' lang='lat'>”</span> 
     </span>
    </p>
   </div>
   <div class='ocr_carea' id='block_1_95' title="bbox 462 5316 2038 5408">
    <p class='ocr_par' dir='ltr' id='par_1_95' title="bbox 462 5316 2038 5408">
     <span class='ocr_line' id='line_1_95' title="bbox 462 5316 2038 5408; baseline -0.001 -24"><span class='ocrx_word' id='word_1_778' title='bbox 462 5327 618 5408; x_wconf 84' lang='lat' dir='ltr'><strong>Moab</strong></span> <span class='ocrx_word' id='word_1_779' title='bbox 645 5316 795 5386; x_wconf 84' lang='lat' dir='ltr'><strong>cordi</strong></span> <span class='ocrx_word' id='word_1_780' title='bbox 825 5317 1067 5386; x_wconf 83' lang='lat' dir='ltr'><strong>mulieris</strong></span> <span class='ocrx_word' id='word_1_781' title='bbox 1094 5321 1446 5400; x_wconf 83' lang='lat' dir='ltr'><strong>parturientis</strong></span> <span class='ocrx_word' id='word_1_782' title='bbox 1477 5317 1788 5397; x_wconf 85' lang='lat' dir='ltr'><strong>comparat;</strong></span> <span class='ocrx_word' id='word_1_783' title='bbox 1824 5327 1949 5397; x_wconf 90' lang='lat' dir='ltr'><strong>quia</strong></span> <span class='ocrx_word' id='word_1_784' title='bbox 1975 5327 2038 5382; x_wconf 86' lang='lat' dir='ltr'><strong>de</strong></span> 
     </span>
    </p>
   </div>
   <div class='ocr_carea' id='block_1_96' title="bbox 2134 5316 3732 5408">
    <p class='ocr_par' dir='ltr' id='par_1_96' title="bbox 2149 5323 3732 5408">
     <span class='ocr_line' id='line_1_96' title="bbox 2149 5323 3732 5408; baseline -0.007 -22"><span class='ocrx_word' id='word_1_785' title='bbox 2149 5330 2387 5386; x_wconf 68' lang='lat' dir='ltr'><strong>haeretici</strong></span> <span class='ocrx_word' id='word_1_786' title='bbox 2409 5329 2741 5384; x_wconf 89' lang='lat' dir='ltr'><strong>altitudinem</strong></span> <span class='ocrx_word' id='word_1_787' title='bbox 2773 5337 2829 5385; x_wconf 89' lang='lat' dir='ltr'><strong>et</strong></span> <span class='ocrx_word' id='word_1_788' title='bbox 2856 5327 3260 5384; x_wconf 88' lang='lat' dir='ltr'><strong>similitudinem</strong></span> <span class='ocrx_word' id='word_1_789' title='bbox 3296 5323 3596 5394; x_wconf 89' lang='lat' dir='ltr'><strong>aquilarum</strong></span> <span class='ocrx_word' id='word_1_790' title='bbox 3617 5323 3732 5408; x_wconf 83' lang='lat' dir='ltr'><strong>pol-</strong></span> 
     </span>
    </p>
   </div>
   <div class='ocr_carea' id='block_1_97' title="bbox 462 5405 3730 5498">
    <p class='ocr_par' dir='ltr' id='par_1_97' title="bbox 462 5405 3730 5498">
     <span class='ocr_line' id='line_1_97' title="bbox 462 5405 3730 5498; baseline -0.002 -22"><span class='ocrx_word' id='word_1_791' title='bbox 462 5405 900 5491; x_wconf 75' lang='lat' dir='ltr'><strong>magna&#39;luxuria</strong></span> <span class='ocrx_word' id='word_1_792' title='bbox 929 5423 996 5478; x_wconf 89' lang='lat' dir='ltr'><strong>ad</strong></span> <span class='ocrx_word' id='word_1_793' title='bbox 1023 5433 1273 5498; x_wconf 85' lang='lat' dir='ltr'><strong>magnam</strong></span> <span class='ocrx_word' id='word_1_794' title='bbox 1299 5419 1611 5489; x_wconf 86' lang='lat' dir='ltr'><strong>pervenitur</strong></span> <span class='ocrx_word' id='word_1_795' title='bbox 1638 5418 1934 5473; x_wconf 91' lang='lat' dir='ltr'><strong>tristitiam.</strong></span> <span class='ocrx_word' id='word_1_796' title='bbox 2147 5420 2542 5488; x_wconf 88' lang='lat' dir='ltr'><strong>licentur&#39;sibi,</strong></span> <span class='ocrx_word' id='word_1_797' title='bbox 2573 5436 2691 5491; x_wconf 65' lang='lat' dir='ltr'><strong>qua:</strong></span> <span class='ocrx_word' id='word_1_798' title='bbox 2735 5421 2802 5476; x_wconf 91' lang='lat' dir='ltr'><strong>ad</strong></span> <span class='ocrx_word' id='word_1_799' title='bbox 2854 5415 3084 5475; x_wconf 76' lang='lat' dir='ltr'><strong>cadaver</strong></span> <span class='ocrx_word' id='word_1_800' title='bbox 3121 5413 3458 5474; x_wconf 77' lang='lat' dir='ltr'><strong>Dominicum</strong></span> <span class='ocrx_word' id='word_1_801' title='bbox 3481 5421 3485 5432; x_wconf 96' lang='lat'><em>&#39;</em></span> <span class='ocrx_word' id='word_1_802' title='bbox 3509 5405 3730 5485; x_wconf 66' lang='lat' dir='ltr'><strong>congre-</strong></span> 
     </span>
    </p>
   </div>
   <div class='ocr_carea' id='block_1_98' title="bbox 535 5505 3779 5586">
    <p class='ocr_par' dir='ltr' id='par_1_98' title="bbox 535 5505 3779 5586">
     <span class='ocr_line' id='line_1_98' title="bbox 535 5505 3779 5586; baseline -0.003 -18"><span class='ocrx_word' id='word_1_803' title='bbox 535 5511 698 5570; x_wconf 80' lang='lat' dir='ltr'><strong>VEns.</strong></span> <span class='ocrx_word' id='word_1_804' title='bbox 729 5509 820 5569; x_wconf 25' lang='lat'><strong>4&#39;5.</strong></span> <span class='ocrx_word' id='word_1_805' title='bbox 843 5507 913 5556; x_wconf 49' lang='lat'><strong><em>4</em></strong></span> <span class='ocrx_word' id='word_1_806' title='bbox 939 5514 1007 5570; x_wconf 90' lang='lat' dir='ltr'><strong>In</strong></span> <span class='ocrx_word' id='word_1_807' title='bbox 1037 5516 1223 5569; x_wconf 87' lang='lat' dir='ltr'><strong>umbra</strong></span> <span class='ocrx_word' id='word_1_808' title='bbox 1253 5511 1494 5567; x_wconf 81' lang='lat' dir='ltr'><strong>Hesebon</strong></span> <span class='ocrx_word' id='word_1_809' title='bbox 1521 5521 1792 5567; x_wconf 76' lang='lat' dir='ltr'><strong>steterunt.</strong></span> <span class='ocrx_word' id='word_1_810' title='bbox 1826 5511 1960 5578; x_wconf 87' lang='lat' dir='ltr'><strong>Quia</strong></span> <span class='ocrx_word' id='word_1_811' title='bbox 1987 5513 2041 5567; x_wconf 91' lang='lat' dir='ltr'><strong>in</strong></span> <span class='ocrx_word' id='word_1_812' title='bbox 2153 5521 2368 5586; x_wconf 85' lang='lat' dir='ltr'><strong>gantur,</strong></span> <span class='ocrx_word' id='word_1_813' title='bbox 2393 5521 2523 5579; x_wconf 88' lang='lat' dir='ltr'><strong>etc.,</strong></span> <span class='ocrx_word' id='word_1_814' title='bbox 2546 5531 2709 5586; x_wconf 77' lang='lat' dir='ltr'><strong>usque</strong></span> <span class='ocrx_word' id='word_1_815' title='bbox 2734 5512 2802 5567; x_wconf 83' lang='lat' dir='ltr'><strong>ad</strong></span> <span class='ocrx_word' id='word_1_816' title='bbox 2831 5511 2984 5579; x_wconf 90' lang='lat' dir='ltr'><strong>Quod</strong></span> <span class='ocrx_word' id='word_1_817' title='bbox 3026 5517 3203 5566; x_wconf 79' lang='lat' dir='ltr'><strong>autem</strong></span> <span class='ocrx_word' id='word_1_818' title='bbox 3229 5515 3416 5564; x_wconf 75' lang='lat' dir='ltr'><strong>contra</strong></span> <span class='ocrx_word' id='word_1_819' title='bbox 3443 5505 3779 5561; x_wconf 52' lang='lat' dir='ltr'><strong>haereticos“</strong></span> 
     </span>
    </p>
   </div>
   <div class='ocr_carea' id='block_1_99' title="bbox 461 5595 3761 5686">
    <p class='ocr_par' dir='ltr' id='par_1_99' title="bbox 461 5595 3761 5686">
     <span class='ocr_line' id='line_1_99' title="bbox 461 5595 3761 5686; baseline -0.004 -23"><span class='ocrx_word' id='word_1_820' title='bbox 461 5607 579 5678; x_wconf 87' lang='lat' dir='ltr'><strong>ejus</strong></span> <span class='ocrx_word' id='word_1_821' title='bbox 607 5595 905 5682; x_wconf 79' lang='lat' dir='ltr'><strong>munitione</strong></span> <span class='ocrx_word' id='word_1_822' title='bbox 935 5597 1187 5686; x_wconf 78' lang='lat' dir='ltr'><strong>Sperabat</strong></span> <span class='ocrx_word' id='word_1_823' title='bbox 1217 5603 1318 5662; x_wconf 90' lang='lat' dir='ltr'><strong>sibi</strong></span> <span class='ocrx_word' id='word_1_824' title='bbox 1350 5604 1633 5668; x_wconf 88' lang='lat' dir='ltr'><strong>solatium,</strong></span> <span class='ocrx_word' id='word_1_825' title='bbox 1675 5605 1770 5672; x_wconf 87' lang='lat' dir='ltr'><strong>sed</strong></span> <span class='ocrx_word' id='word_1_826' title='bbox 1800 5604 1995 5660; x_wconf 85' lang='lat' dir='ltr'><strong>frustra</strong></span> <span class='ocrx_word' id='word_1_827' title='bbox 2021 5623 2036 5660; x_wconf 87' lang='lat'><strong>:</strong></span> <span class='ocrx_word' id='word_1_828' title='bbox 2150 5613 2205 5660; x_wconf 88' lang='lat' dir='ltr'><strong>et</strong></span> <span class='ocrx_word' id='word_1_829' title='bbox 2236 5609 2456 5660; x_wconf 86' lang='lat' dir='ltr'><strong>carnem</strong></span> <span class='ocrx_word' id='word_1_830' title='bbox 2481 5597 2684 5660; x_wconf 88' lang='lat' dir='ltr'><strong>dictum</strong></span> <span class='ocrx_word' id='word_1_831' title='bbox 2714 5613 2818 5671; x_wconf 91' lang='lat' dir='ltr'><strong>est,</strong></span> <span class='ocrx_word' id='word_1_832' title='bbox 2859 5611 3046 5659; x_wconf 90' lang='lat' dir='ltr'><strong>contra</strong></span> <span class='ocrx_word' id='word_1_833' title='bbox 3080 5599 3292 5656; x_wconf 64' lang='lat' dir='ltr'><strong>Iudaeos</strong></span> <span class='ocrx_word' id='word_1_834' title='bbox 3329 5614 3543 5670; x_wconf 83' lang='lat' dir='ltr'><strong>quoque</strong></span> <span class='ocrx_word' id='word_1_835' title='bbox 3568 5597 3761 5653; x_wconf 50' lang='lat' dir='ltr'><strong>intela”</strong></span> 
     </span>
    </p>
   </div>
   <div class='ocr_carea' id='block_1_100' title="bbox 461 5687 3776 5770">
    <p class='ocr_par' dir='ltr' id='par_1_100' title="bbox 461 5687 3776 5770">
     <span class='ocr_line' id='line_1_100' title="bbox 461 5687 3776 5770; baseline -0.007 -17"><span class='ocrx_word' id='word_1_836' title='bbox 461 5698 590 5768; x_wconf 87' lang='lat' dir='ltr'><strong>quia</strong></span> <span class='ocrx_word' id='word_1_837' title='bbox 619 5696 757 5770; x_wconf 79' lang='lat' dir='ltr'><strong>ignis</strong></span> <span class='ocrx_word' id='word_1_838' title='bbox 781 5687 1031 5754; x_wconf 82' lang='lat' dir='ltr'><strong>vindictae</strong></span> <span class='ocrx_word' id='word_1_839' title='bbox 1057 5697 1307 5750; x_wconf 81' lang='lat' dir='ltr'><strong>verticem</strong></span> <span class='ocrx_word' id='word_1_840' title='bbox 1342 5695 1598 5770; x_wconf 85' lang='lat' dir='ltr'><strong>tumultus</strong></span> <span class='ocrx_word' id='word_1_841' title='bbox 1623 5687 1851 5750; x_wconf 80' lang='lat' dir='ltr'><strong>hlioi&#39;um</strong></span> <span class='ocrx_word' id='word_1_842' title='bbox 1882 5694 2038 5753; x_wconf 90' lang='lat' dir='ltr'><strong>Moab</strong></span> <span class='ocrx_word' id='word_1_843' title='bbox 2144 5693 2236 5765; x_wconf 75' lang='grc' dir='ltr'><strong>Ιίςί</strong></span> <span class='ocrx_word' id='word_1_844' title='bbox 2263 5701 2458 5764; x_wconf 88' lang='lat' dir='ltr'><strong>potest.</strong></span> <span class='ocrx_word' id='word_1_845' title='bbox 2553 5697 2559 5710; x_wconf 92' lang='lat'><em>&#39;</em></span> <span class='ocrx_word' id='word_1_846' title='bbox 3149 5703 3154 5720; x_wconf 75' lang='grc' dir='ltr'><strong>ι</strong></span> <span class='ocrx_word' id='word_1_847' title='bbox 3267 5690 3269 5692; x_wconf 77' lang='grc'><em>’</em></span> <span class='ocrx_word' id='word_1_848' title='bbox 3383 5707 3385 5712; x_wconf 91' lang='grc'><strong>·</strong></span> <span class='ocrx_word' id='word_1_849' title='bbox 3772 5687 3776 5710; x_wconf 70' lang='grc' dir='ltr'><em>λ</em></span> 
     </span>
    </p>
   </div>
   <div class='ocr_carea' id='block_1_101' title="bbox 457 5768 3734 5862">
    <p class='ocr_par' dir='ltr' id='par_1_101' title="bbox 457 5768 3734 5862">
     <span class='ocr_line' id='line_1_101' title="bbox 457 5768 3734 5862; baseline -0.003 -18"><span class='ocrx_word' id='word_1_850' title='bbox 457 5788 606 5861; x_wconf 85' lang='lat' dir='ltr'><strong>justo</strong></span> <span class='ocrx_word' id='word_1_851' title='bbox 625 5768 805 5862; x_wconf 80' lang='lat' dir='ltr'><strong>judice</strong></span> <span class='ocrx_word' id='word_1_852' title='bbox 830 5787 1159 5846; x_wconf 85' lang='lat' dir='ltr'><strong>retribucntc</strong></span> <span class='ocrx_word' id='word_1_853' title='bbox 1183 5768 1492 5857; x_wconf 75' lang='lat' dir='ltr'><strong>oppressit.r</strong></span> <span class='ocrx_word' id='word_1_854' title='bbox 1925 5771 1945 5781; x_wconf 63' lang='grc'><strong>”</strong></span> <span class='ocrx_word' id='word_1_855' title='bbox 2217 5785 2380 5842; x_wconf 74' lang='lat' dir='ltr'><strong>Vens.</strong></span> <span class='ocrx_word' id='word_1_856' title='bbox 2423 5787 2509 5843; x_wconf 87' lang='lat' dir='ltr'><strong>l9.</strong></span> <span class='ocrx_word' id='word_1_857' title='bbox 2538 5787 2762 5842; x_wconf 86' lang='lat' dir='ltr'><strong>—Ecce</strong></span> <span class='ocrx_word' id='word_1_858' title='bbox 2791 5781 2942 5856; x_wconf 71' lang='lat' dir='ltr'><strong>quasi</strong></span> <span class='ocrx_word' id='word_1_859' title='bbox 2996 5782 3254 5858; x_wconf 82' lang='lat' dir='ltr'><strong>leo.‘(ln.)</strong></span> <span class='ocrx_word' id='word_1_860' title='bbox 3292 5782 3446 5840; x_wconf 89' lang='lat' dir='ltr'><strong>Sicut</strong></span> <span class='ocrx_word' id='word_1_861' title='bbox 3469 5779 3734 5838; x_wconf 78' lang='lat' dir='ltr'><strong>Dominus</strong></span> 
     </span>
    </p>
   </div>
   <div class='ocr_carea' id='block_1_102' title="bbox 532 5866 3729 5963">
    <p class='ocr_par' dir='ltr' id='par_1_102' title="bbox 532 5866 3729 5963">
     <span class='ocr_line' id='line_1_102' title="bbox 532 5866 3729 5963; baseline -0.003 -25"><span class='ocrx_word' id='word_1_862' title='bbox 532 5883 699 5949; x_wconf 73' lang='lat' dir='ltr'><strong>Vens.</strong></span> <span class='ocrx_word' id='word_1_863' title='bbox 729 5869 913 5940; x_wconf 45' lang='lat'><strong>465&#39;—</strong></span> <span class='ocrx_word' id='word_1_864' title='bbox 937 5869 1030 5938; x_wconf 72' lang='grc' dir='ltr'><strong>ἰνιέ</strong></span> <span class='ocrx_word' id='word_1_865' title='bbox 1057 5879 1170 5948; x_wconf 88' lang='lat' dir='ltr'><strong>tibi,</strong></span> <span class='ocrx_word' id='word_1_866' title='bbox 1197 5878 1376 5938; x_wconf 77' lang='lat' dir='ltr'><strong>Maab.</strong></span> <span class='ocrx_word' id='word_1_867' title='bbox 1403 5873 1539 5950; x_wconf 83' lang='lat' dir='ltr'><strong>Quia</strong></span> <span class='ocrx_word' id='word_1_868' title='bbox 1558 5879 1662 5939; x_wconf 88' lang='lat' dir='ltr'><strong>nec</strong></span> <span class='ocrx_word' id='word_1_869' title='bbox 1683 5880 1913 5940; x_wconf 85' lang='lat' dir='ltr'><strong>munitio</strong></span> <span class='ocrx_word' id='word_1_870' title='bbox 1942 5895 2038 5938; x_wconf 85' lang='lat' dir='ltr'><strong>ur-</strong></span> <span class='ocrx_word' id='word_1_871' title='bbox 2101 5868 2434 5963; x_wconf 35' lang='lat' dir='ltr'><strong>&#39;_cast&#39;igav&#39;it</strong></span> <span class='ocrx_word' id='word_1_872' title='bbox 2451 5881 2756 5953; x_wconf 86' lang='lat' dir='ltr'><strong>superbiam</strong></span> <span class='ocrx_word' id='word_1_873' title='bbox 2785 5876 3117 5945; x_wconf 68' lang='lat' dir='ltr'><strong>Iudaeorum,</strong></span> <span class='ocrx_word' id='word_1_874' title='bbox 3139 5869 3392 5946; x_wconf 69' lang='lat' dir='ltr'><strong>quosner</strong></span> <span class='ocrx_word' id='word_1_875' title='bbox 3411 5866 3729 5936; x_wconf 65' lang='lat' dir='ltr'><strong>Iordanem.</strong></span> 
     </span>
    </p>
   </div>
   <div class='ocr_carea' id='block_1_103' title="bbox 3751 4841 3769 4872">
    <p class='ocr_par' dir='ltr' id='par_1_103' title="bbox 3751 4841 3769 4872">
     <span class='ocr_line' id='line_1_103' title="bbox 3751 4841 3769 4872; baseline 0 -15"><span class='ocrx_word' id='word_1_876' title='bbox 3751 4841 3769 4872; x_wconf 33' lang='grc' dir='ltr'>ἢ</span> 
     </span>
    </p>
   </div>
  </div>
