4068 6344
287 413 356 474 57
1104 419 1370 480 GLOSSA
1407 419 1801 481 onmNARIA.
1840 416 1910 469 μη
1942 420 2330 488 PROPHETIA
2365 426 2709 492 meum.
2894 391 2904 402 ’
3477 435 3545 499 58

287 543 422 601 etc.,
445 550 608 606 usque
631 535 701 591 ad
739 535 834 592 sed
861 535 944 592 leo
983 535 1317 593 saevissimus
1359 537 1415 592 in
1458 545 1721 594 tartarum
1761 553 1857 597 eos
1881 544 1936 608 Α
1959 553 2145 600 monet
2173 545 2465 613 lsraelitas,
2488 548 2579 617 qui
2605 547 2912 618 captivandi
2931 557 3087 605 erant
3113 548 3166 606 in
3189 549 3543 623 Babylonem,

285 635 551 698 perpetuo
583 625 899 682 cruciandos
935 626 1204 682 detrudet.

358 715 522 772 Vens.
549 716 639 772 21.
673 748 745 759 —
771 719 816 773 Α
846 735 965 774 voce
996 719 1184 787 ruinae,
1231 729 1338 778 etc.
1387 718 1649 778 Veniente
1685 731 1868 779 vasta-

287 816 682 888 tore.strepitus
709 817 881 874 ruina:
904 833 1096 875 eorum
1139 819 1297 890 longe
1325 820 1540 890 lateque
1567 817 1864 884 resonabit,

287 913 553 982 terrorem
582 908 852 966 incutiens
889 911 1080 967 vicinis
1126 912 1438 982 provinciis.

357 981 529 1058 Vatis.
554 999 642 1057 εδ.
666 1033 738 1044 -
757 1000 990 1074 Confusa
1019 1013 1110 1058 est.
1130 981 1322 1076 (ιω.)
1357 1003 1487 1058 Post
1506 1002 1867 1068 Philisthaeos,

283 1099 570 1162 Moabitas,
596 1096 934 1152 Ammonitas
975 1110 1187 1166 quoque
1225 1105 1280 1152 et
1316 1096 1597 1162 ldummos,
1647 1095 1716 1150 ad
1764 1077 1870 1150 Da:

285 1207 548 1258 mascum,
583 1190 635 1246 id
667 1198 770 1256 est,
795 1189 1071 1256 Arabiam,
1104 1200 1233 1257 etc.,
1254 1207 1415 1262 usque
1451 1191 1520 1245 ad
1555 1205 1678 1246 cum
1720 1189 1867 1245 enim

284 1292 474 1355 captus
501 1290 584 1338 est
613 1280 841 1353 populus
864 1279 1195 1347 Judaeorum,
1224 1281 1539 1349 Damascus,
1565 1281 1654 1338 cui
1699 1281 1870 1351 impe-

289 1373 446 1430 rabat
472 1372 696 1438 Aretha,
724 1371 974 1428 similiter
999 1381 1156 1444 capta
1181 1381 1286 1429 est.

352 1461 520 1517 Vens.
549 1462 642 1516 24.
691 1492 761 1502 —
809 1461 1101 1518 Dissoluta.
1139 1463 1436 1520 Damascus
1485 1463 1872 1534 interpretatur

281 1553 527 1625 poculum
559 1553 831 1623 sanguinis
852 1594 867 1621 ,
899 1563 992 1610 aut
1019 1556 1324 1626 sanguinem
1370 1557 1578 1620 bibens,
1621 1564 1715 1611 aut
1741 1573 1869 1611 san-

282 1644 398 1716 guis
438 1645 640 1722 cilicii;
685 1660 806 1715 quae
852 1646 1033 1700 omnia
1071 1645 1304 1702 ethnicis
1343 1647 1684 1711 conveniunt,
1737 1655 1868 1714 etc.,

282 1754 446 1808 usque
471 1738 541 1791 ad
563 1737 841 1807 Quomodo
867 1738 1012 1794 enim
1039 1754 1265 1795 acervus
1289 1738 1525 1810 lapidum
1550 1741 1616 1794 de
1659 1739 1869 1810 disper-

281 1827 358 1882 sis
378 1815 647 1898 lapidibus
673 1829 979 1886 cumulatur
1012 1848 1024 1884 :
1055 1829 1132 1886 sic
1167 1830 1234 1885 de
1259 1830 1510 1885 omnibus
1563 1830 1870 1885 nationibus

279 1935 512 1975 acervus
535 1921 870 1976 credentium
916 1929 1272 1994 congregatur
1323 1923 1380 1977 in
1422 1922 1582 1978 ruina
1642 1921 1858 1980 Judteo-
1887 1912 1936 1974 B

280 2029 405 2071 rum
433 2014 738 2070 cadentium
779 2015 905 2070 dum
936 2023 1127 2086 gentes
1154 2023 1403 2087 surgunt.

352 2104 516 2160 Vens.
539 2105 626 2161 28.
658 2135 729 2146 —
750 2106 830 2160 Ad
860 2103 1048 2161 Cedar.
1078 2106 1144 2161 Hi
1164 2106 1398 2177 Agareni
1429 2113 1574 2172 sunt,
1599 2105 1690 2161 sed
1714 2121 1870 2162 usur-

279 2207 407 2269 pato
432 2186 647 2282 nomine
677 2196 937 2254 Saraceni
959 2207 1238 2266 vocantur,
1263 2207 1320 2254 et
1355 2199 1602 2254 habitant
1622 2215 1719 2270 per
1743 2199 1868 2256 soli-

283 2281 531 2348 tudinem
549 2301 741 2362 totam,
771 2294 836 2350 de
871 2293 1067 2366 quibus
1101 2301 1258 2366 poeta
1279 2293 1411 2349 dicit
1439 2310 1453 2348 :
1502 2291 1730 2365 Lateque
1779 2309 1868 2347 va-

279 2394 462 2456 gantes
487 2384 608 2456 Agi.

351 2475 535 2549 (Il/ts.)
565 2475 808 2549 Mystice.
832 2475 1027 2543 Cedar,
1049 2478 1190 2548 quod
1214 2478 1597 2550 interpretatur
1615 2477 1858 2545 tenebrae,

279 2576 336 2624 et
351 2568 511 2635 Asor,
537 2579 669 2636 etc.,
695 2587 858 2642 usque
879 2571 947 2624 ad
969 2571 1060 2641 qui
1083 2585 1143 2627 se
1167 2570 1424 2626 simulant
1443 2570 1583 2626 ﬁlios
1602 2569 1866 2637 Orientis,

279 2675 404 2716 cum
433 2662 556 2717 sint'
569 2664 916 2718 tenebrarum
951 2662 1064 2718 ﬁlii.

350 2750 514 2806 Vsus.
547 2752 636 2809 29.
665 2784 736 2794 —
763 2753 1144 2810 Tabernacula.
1174 2753 1302 2810 Haec
1340 2755 1526 2810 omnia
1561 2751 1866 2809 Saraceno-

276 2858 399 2897 rum
423 2847 638 2917 proprie
659 2856 872 2920 gentem
894 2847 1224 2920 signiﬁcant,
1246 2847 1340 2919 qui
1365 2848 1422 2903 in
1465 2845 1714 2903 tentoriis
1753 2860 1867 2900 ma-

278 2953 512 3020 nent,et
532 2943 623 2998 ubi
647 2957 752 2996 nox
781 2940 1020 3018 coegerit
1067 2941 1223 2996 sedes
1272 2939 1494 3004 habent,
1541 2945 1596 2993 et
1621 2943 1866 2992 armenta

274 3037 470 3102 nulla,
497 3044 552 3091 et
583 3049 802 3105 pecora,
848 3021 1285 3102 camelorumqu'e
1335 3044 1557 3102 greges;
1607 3029 1701 3084 sed
1758 3041 1866 3082 non

276 3129 485 3200 habent
508 3128 666 3200 ostia,
691 3140 795 3198 nec
821 3131 1024 3188 vectes,
1060 3137 1165 3200 non
1189 3121 1338 3200 enim
1383 3127 1668 3176 versantur
1695 3117 1748 3172 in
1774 3133 1868 3172 ur-

276 3193 470 3294 bihcus,
507 3196 600 3290 sed
641 3193 702 3300 in
744 3211 1053 3271 solitudine.
1087 3193 1412 3268 'Hil'omnes
1459 3225 1492 3264 a
1553 3207 1866 3280 Babyloniis

275 3318 408 3384 sunt
437 3307 619 3382 deleti.
647 3369 654 3384 ι

345 3378 542 3470 Vsus.
571 3378 674 3462 35.,
709 3426 783 3440 —
811 3381 962 3452 “Ecce
1004 3410 1096 3467 ego
1137 3383 1486 3464 confringant,
1532 3399 1635 3447 etc.
1683 3387 1866 3462 (ΚΑΒ.)

278 3469 436 3552 Elam
465 3491 610 3565 regio
629 3489 890 3556 Persidis,
929 3487 1070 3543 unde
1120 3486 1386 3542 Elamitaa.
1428 3483 1680 3540 Praedicit
1721 3482 1866 3537 enim

277 3585 563 3662 propheta,
594 3590 726 3648 etc.,
765 3594 925 3664 usque
953 3578 1021 3632 ad
1050 3576 1292 3632 Elamita:
1334 3589 1550 3646 quoque
1586 3573 1866 3645 despicien-

279 3687 358 3734 tes
385 3675 469 3731 vel
497 3683 752 3730 tentantes
793 3672 1240 3741 interpretantur,
1270 3676 1328 3724 et
1352 3667 1659 3740 signiﬁcant
1686 3680 1867 3738 perse-

278 3781 499 3852 cutores
517 3765 795 3826 Ecclesiae.
839 3841 842 3846 _
1137 3823 1144 3836 ,
1309 3807 1314 3828 ,
1821 3754 1826 3760 ’

903 3895 1131 3955 CAPUT
1167 3895 1232 3953 L.

345 4007 516 4094 Vitas.
565 4013 725 4093 1.-
756 4007 1027 4090 Ὓενὸιιᾶη.
1075 4017 1298 4103 Expleto
1356 4032 1612 4089 vaticinio
1667 4042 1862 4090 contra

283 4111 606 4212 Egyptum,
624 4126 956 4190 Palaestinos,
986 4124 1164 4190 Moab,
1194 4124 1335 4179 ﬁlios
1371 4125 1622 4189 Ammon,
1669 4123 1864 4180 Dama-

285 4241 437 4294 scum
463 4238 677 4294 quoque
728 4230 782 4276 et
825 4219 1024 4286 Cedar,
1056 4228 1240 4275 contra
1269 4218 1596 4290 Babylonem
1623 4231 1678 4275 et
1705 4218 1863 4276 Chal-

283 4289 430 4372 daeos
453 4289 632 4370 sermo
663 4313 912 4383 dirigitur
936 4328 950 4378 ;
981 4321 1039 4366 ut
1079 4326 1216 4381 quos
1244 4319 1368 4366 ante
1388 4289 1641 4366 latenter
1664 4312 1862 4384 arguit,

282 4421 430 4481 nunc
467 4404 644 4478 palam
675 4403 878 4470 scelera
908 4417 1095 4470 eorum
1132 4400 1546 4468 manifestando,
1602 4403 1864 4459 vastatio-

284 4473 412 4555 nem
453 4473 510 4554 et
547 4481 933 4570 desolationem
981 4494 1238 4566 subsequi
1285 4502 1469 4564 aperte
1524 4494 1856 4566 pronuntiet,

282 4579 454 4668 Isaias
479 4604 692 4660 quoque
716 4577 773 4666 et
811 4585 1058 4643 Ezechiel
1088 4587 1285 4643 similia
1316 4595 1503 4642 contra
1535 4587 1860 4660 Babylonios

238 4688 241 4690 ’
282 4692 340 4740 et
361 4681 640 4756 Chaldaeos
664 4669 1142 4756 prophetaverunt.

239 4764 247 4786 '
351 4755 523 4854 vita,
551 4771 606 4828 ε.
632 4755 704 4814 -ς
744 4761 982 4843 Confusa
1019 4779 1162 4826 sunt.
1206 4768 1414 4852 Similia
1467 4766 1597 4825 dicit
1643 4768 1857 4824 Isaias:

280 4853 420 4927 Ecce
453 4849 546 4940 ego
575 4865 838 4924 suscitabo
888 4881 1045 4935 super
1087 4879 1174 4919 eos
1205 4849 1410 4929 Medos,
1448 4862 1538 4934 qui
1586 4859 1860 4934 argentum

282 4981 392 5040 non
409 4971 668 5040 quierant,
700 4975 862 5030 neque
887 4974 1077 5034 aurum
1108 4953 1414 5030 velintUsa.
1433 4954 1577 5026 xm).
1834 4945 1836 4948 ’

352 5037 520 5126 Vsus.
619 5083 708 5122 -,
739 5049 948 5107 Venient
975 5051 1076 5120 ﬁlii
1115 5047 1304 5104 Israel.
1335 5046 1518 5120 (ΗΑΒ.)
1566 5045 1691 5103 Haec
1734 5063 1860 5120 pro-

280 5131 469 5209 missio
493 5147 858 5206 reversionem
905 5143 1085 5216 populi
1122 5143 1219 5198 Dei
1257 5142 1322 5197 de
1350 5142 1664 5211 captivitate
1689 5141 1861 5214 .signi-

281 5246 774 5315 ﬁcat,,etc.,usque
794 5239 862 5296 ad
898 5247 956 5294 ut
985 5236 1282 5310 jungantur
1310 5234 1386 5292 illi
1417 5234 1624 5291 foedere
1665 5235 1862 5306 sempi-

283 5349 454 5396 terno.
869 5387 874 5393 .
889 5390 893 5398 ,
1281 5385 1287 5392 .

352 5431 526 5502 Vsus.
561 5428 700 5486 6.-
729 5423 868 5488 Grex
887 5424 1138 5498 perditus.
1171 5421 1284 5477 Hac
1313 5420 1579 5477 sententia
1606 5429 1861 5477 notantur

283 5539 441 5597 reges
461 5521 850 5592 Israelitarum,
890 5517 987 5588 qui
1020 5530 1205 5573 errare
1227 5513 1474 5585 iecerunt
1510 5512 1762 5584 populum
1805 5521 1860 5568 et

284 5608 1016 5686 declinare‘adidololatriam
1053 5625 1066 5661 :
1097 5621 1328 5677 quorum
1359 5603 1680 5674 fuitprimus
1704 5601 1860 5658 Jero-

284 5706 443 5764 boam
472 5681 612 5759 ﬁlius
633 5681 866 5766 Nabath,
895 5701 985 5771 qui
1015 5699 1144 5755 fecit
1175 5697 1388 5753 adorari
1408 5695 1605 5752 vitulos
1621 5711 1814 5752 aureos
1839 5713 1854 5751 :

285 5799 482 5870 deiide
507 5795 694 5870 caeteri
711 5792 1161 5868 praevaricatores
1187 5789 1339 5861 legis.

347 5894 527 5966 ﬁssa.
555 5887 611 5956 8,
632 5915 705 5931 -
749 5883 1026 5956 Recedite,
1063 5891 1170 5956 etc,
1219 5879 1527 5954 secundum
1569 5876 1854 5936 historiam

1966 645 2027 691 ut
2052 650 2162 692 non
2199 638 2444 694 stabilem
2477 640 2875 710 possessionem
2905 642 3240 700 arbitrentur
3267 660 3326 700 se
3350 644 3428 702 ibi
3456 648 3550 702 ha-

1966 728 2197 796 bituros,
2226 731 2320 787 sed
2347 748 2496 803 spem
2521 734 2824 789 revertendi
2850 735 3132 803 haberent,
3150 745 3205 792 et
3231 753 3353 794 cum
3375 740 3547 812 capti-

1966 821 2107 878 vitas
2134 823 2432 890 laxaretur,
2485 824 2736 898 l‘ugerent
2761 825 2922 881 inde:
2949 827 3076 897 quia
3100 836 3389 886 venturum
3428 838 3548 887 erat

1966 922 2028 970 ut
2052 930 2083 969 a
2110 915 2276 971 Medis
2301 924 2355 972 et
2381 915 2567 972 Persis
2594 924 2922 972 vastaretur.

2038 1005 2242 1078 (Οιιιο.)
2271 1005 2551 1076 Quomodo
2579 1021 2777 1078 corpus
2804 1014 3052 1064 nostrum
3082 1009 3138 1065 in
3177 1009 3358 1081 aliquo
3385 1021 3544 1068 terrm

1968 1097 2087 1154 loco
2113 1099 2378 1166 consistit,
2411 1099 2490 1155 sic
2517 1099 2716 1164 anima,
2746 1098 3042 1155 secundum
3069 1108 3268 1156 statum
3295 1117 3450 1157 suum
3482 1103 3535 1157 in

1969 1189 2150 1260 aliquo
2181 1199 2337 1246 terra;
2361 1190 2480 1247 loco
2515 1190 2880 1260 nuncupative
2907 1198 3010 1246 est.
3039 1188 3249 1261 Corpus
3276 1201 3546 1258 nostrum,

1967 1287 2097 1346 etc.,
2135 1297 2296 1351 usque
2331 1279 2400 1334 ad
2433 1280 2512 1335 sic
2540 1280 2592 1335 in
2622 1278 2879 1352 Egypto,
2920 1279 3056 1337 alius
3088 1289 3173 1337 est
3201 1281 3257 1337 in
3287 1282 3545 1353 Taphnis,

1968 1371 2106 1428 alius
2149 1381 2232 1428 est
2260 1373 2312 1428 in
2359 1371 2640 1444 Memphis,
2673 1372 2810 1428 alius
2841 1372 2895 1428 in
2926 1370 3136 1440 Sienni,
3164 1371 3302 1430 alius
3349 1372 3406 1428 in
3436 1373 3544 1428 Bu-

1968 1462 2138 1519 bastis
2165 1463 2395 1518 habitat.

1987 1610 2015 1642 ⁸
2040 1555 2204 1610 Vens.
2236 1554 2323 1608 12.
2346 1543 2416 1594 ὲ-
2443 1551 2676 1624 Confusa
2713 1562 2787 1608 est
2819 1563 2984 1609 mater
3016 1564 3187 1610 vestra
3215 1555 3394 1620 nimis,
3435 1562 3540 1611 etc.

1969 1645 2132 1701 Isaias
2158 1645 2288 1701 dicit
2311 1644 2527 1712 similia,
2571 1643 2637 1698 Et
2678 1645 2774 1699 erit
2813 1643 3052 1716 Babylon
3083 1644 3177 1700 illa
3213 1643 3461 1716 gloriosa,
3491 1645 3547 1699 in

1970 1739 2138 1810 regnis
2167 1737 2384 1808 inclyta,
2428 1737 2484 1791 in
2519 1737 2760 1807 superbia
2796 1736 3187 1804 Chalda’orum,
3227 1737 3549 1793 subvertetur

1970 1832 2106 1886 sicut
2153 1830 2410 1886 Dominus
2464 1830 2713 1885 subvertit
2771 1829 3057 1886 Sodomam
3099 1840 3148 1886 et
3201 1828 3547 1886 Gomorrltam

1964 1923 2102 1997 (Isa.
2144 1923 2288 1995 xm).
2320 1922 2455 1978 Ecce
2490 1923 2771 1978 novissima
2816 1923 2934 1988 erit,
2966 1931 3072 1978 etc.
3099 1923 3160 1978 In
3193 1921 3301 1978 ﬁne
3335 1923 3545 1987 mundi,

1966 2016 2051 2072 vel
2095 2016 2149 2071 in
2202 2023 2377 2070 morte
2414 2013 2696 2084 cujusque,
2743 2015 2920 2070 omnis
2970 2015 3144 2086 gloria
3195 2021 3252 2070 et
3295 2015 3546 2084 superbia

1965 2106 2362 2174 Chaldaeorum,
2392 2116 2448 2164 et
2484 2107 2729 2163 confusio
2757 2108 2942 2162 mundi
2970 2108 3187 2163 recedet
3217 2122 3248 2163 a
3283 2107 3458 2174 nobis,
3494 2116 3550 2164 et

1967 2198 2042 2253 ita
2070 2199 2251 2254 omnia
2286 2199 2688 2264 subvertentur,
2720 2199 2860 2253 sicut
2890 2199 3156 2253 subvertit
3195 2198 3337 2254 Deus
3376 2198 3546 2255 Sodo-

1965 2307 2108 2348 mam
2137 2301 2192 2346 et
2217 2290 2600 2358 Gomorrbam,
2626 2305 2728 2347 nec
2753 2290 2893 2345 ultra
2936 2290 3224 2362 voluptatis
3249 2290 3334 2346 vel
3360 2291 3546 2347 mundi

1966 2384 2178 2441 futurus
2207 2394 2289 2442 est
2309 2391 2500 2440 status.

2036 2479 2202 2536 Vens.
2228 2480 2314 2535 15.
2337 2508 2407 2519 —
2430 2476 2577 2534 Sicut
2601 2477 2742 2548 fecit,
2781 2475 2939 2547 facile
2959 2475 3028 2530 ei.
3055 2474 3115 2530 ld
3145 2481 3247 2540 est,
3278 2473 3419 2530 sicut
3454 2469 3546 2528 illa

1964 2587 2063 2644 per
2086 2571 2580 2628 Nabuchodonosor
2615 2578 2803 2641 gentes
2839 2569 3262 2640 circumquaque
3287 2567 3544 2635 vastavit,

1967 2667 2044 2723 ita
2063 2665 2113 2722 ei
2133 2663 2542 2720 retributionem
2575 2662 2800 2718 reddite.

2037 2759 2202 2814 Vsus.
2256 2758 2343 2812 16.
2375 2785 2446 2798 -
2479 2758 2522 2810 Α
2573 2754 2709 2826 facie
2748 2753 2911 2826 gladii
2963 2749 3234 2806 columba.
3283 2748 3544 2806 Columba

1967 2853 2130 2910 stulta
2161 2851 2379 2917 dicitur,
2420 2850 2546 2921 quia
2578 2849 2749 2904 nutrit
2785 2847 2958 2918 pullos
2985 2845 3220 2911 alienos;
3255 2843 3332 2899 ita
3359 2842 3542 2897 Nabu-

1966 2942 2307 2999 chodonosor
2333 2940 2469 2996 alios
2495 2938 2846 3010 opprimendo
2886 2945 2941 2992 et
2960 2935 3211 2992 fovendo.
3238 2933 3418 2990 Etiam
3444 2930 3547 2987 Na-

1964 3033 2382 3089 buchodonosor
2419 3029 2722 3086 columbam
2770 3034 2948 3093 vocat,
2997 3039 3106 3081 non
3142 3038 3245 3096 pro
3289 3021 3545 3095 simplici-

1967 3133 2100 3192 tate,
2132 3124 2226 3180 sed
2259 3139 2358 3195 pro
2384 3123 2610 3180 stultitia
2647 3120 2933 3192 superbiae.

2039 3219 2202 3276 Vnus.
2238 3217 2326 3272 17.
2349 3247 2421 3258 —
2449 3215 2642 3270 Leones
2672 3214 2956 3284 ejecerunt,
2983 3219 3093 3268 etc.
3131 3207 3548 3283 Teglalbphala-

1890 3281 1936 3344 θ’
1969 3321 2060 3362 sar
2073 3307 2165 3376 qui
2181 3315 2389 3376 partem
2411 3320 2660 3376 magnam
2685 3281 2992 3360 ludmorum
3014 3303 3071 3358 in
3095 3281 3350 3375 Assyrios
3368 3309 3547 3357 trans-

1969 3400 2110 3466 tulit,
2145 3409 2200 3455 et
2245 3398 2612 3455 Sennacberib
2649 3398 2743 3468 qui
2791 3397 2978 3452 decem
3025 3396 3199 3452 tribus
3234 3394 3290 3451 in
3331 3399 3548 3450 montes

1966 3490 2247 3548 Medorum
2273 3489 2532 3557 traduxit,
2560 3489 2616 3545 bi
2647 3489 2833 3548 leones
2857 3487 3214 3560 appellantur.

2034 3603 2200 3661 Vsus.
2233 3606 2319 3662 18.
2349 3635 2422 3646 -
2445 3604 2582 3660 Ecce
2609 3621 2702 3677 ego
2730 3605 2968 3662 uisitabo.
2999 3601 3182 3676 (ΚΑΙ.)
3209 3600 3411 3658 Visitat
3435 3599 3546 3656 Do-

1963 3696 2146 3752 minus
2187 3712 2367 3768 regem
2407 3695 2715 3769 Babylonis,
2760 3696 2817 3752 id
2859 3704 2962 3762 εει,
3000 3692 3356 3758 confusionis,
3399 3691 3544 3748 sicut

1964 3789 2202 3844 visitavit
2242 3804 2423 3858 regem
2452 3788 2643 3854 Assur,
2673 3788 2768 3860 qui
2797 3789 3202 3858 interpretatur,
3241 3793 3349 3851 etc,
3378 3799 3542 3856 usque

1965 3881 2034 3935 ad
2056 3881 2151 3936 sed
2177 3896 2347 3938 novus
2374 3881 2601 3953 populus
2627 3881 2684 3936 in
2716 3886 2855 3936 nova
2889 3880 3107 3936 civitate
3134 3878 3190 3935 in
3220 3885 3539 3951 perpetuum

1965 3973 2276 4030 exultabit.

2033 4089 2196 4144 Vens.
2216 4087 2309 4142 21.
2339 4117 2412 4128 —
2439 4086 2608 4158 Super
2627 4096 2820 4142 terram
2843 4084 3245 4141 dominantium.
3269 4081 3537 4139 Praedica-

1963 4178 2170 4235 toribus
2209 4176 2412 4232 Christi
2453 4177 2785 4247 praecipitur,
2819 4184 2882 4230 ut
2920 4187 3142 4246 regnum
3189 4171 3387 4228 diaboli
3429 4178 3542 4228 stu-
3651 4238 3657 4244 .

1964 4271 2127 4326 deant
2163 4277 2406 4325 evertere
2431 4286 2444 4322 :
2467 4277 2524 4323 et
2567 4282 2730 4340 opera
2781 4267 2898 4338 ejus
2941 4264 3177 4336 maligna
3227 4271 3282 4320 et
3315 4261 3539 4318 consilia

1959 4361 2218 4433 pessima,
2259 4369 2320 4416 ut
2347 4359 2677 4416 interﬁciant
2715 4372 2904 4415 omnes
2931 4364 3246 4429 peccatores
3273 4363 3452 4422 terrae,
3483 4361 3542 4411 et

1961 4455 2278 4524 disperdant
2303 4453 2370 4511 de
2398 4452 2616 4510 civitate
2645 4450 2860 4509 Domini
2895 4463 3087 4507 omnes
3109 4454 3397 4523 operantes
3427 4445 3538 4503 ini-

1961 4547 2246 4617 quitatem.

1884 4645 1941 4708 D
1979 4677 1985 4714 ξ
2037 4660 2200 4718 Vnus.
2254 4657 2344 4714 25.
2383 4687 2454 4699 —
2484 4654 2757 4724 Quomodo
2802 4655 3134 4727 confractus,
3185 4661 3293 4711 etc.
3335 4635 3538 4724 (oml)

1964 4749 2188 4807 Malleus
2238 4749 2503 4804 universae
2540 4755 2700 4802 terrae
2747 4744 2990 4802 diabolus
3032 4751 3135 4800 est.
3179 4742 3286 4800 Sed
3325 4751 3409 4799 est
3443 4739 3537 4813 qui

1962 4857 2071 4897 non
2119 4847 2274 4896 curat
2323 4837 2392 4894 de
2424 4837 2617 4894 malleo
2647 4836 2913 4893 universae
2961 4845 3141 4902 terra,
3189 4833 3276 4890 vir
3311 4831 3534 4898 scilicet,

1962 4940 2112 4989 stans
2139 4944 2301 4999 super
2327 4943 2510 4984 muros
2539 4927 2949 4994 Adamantinos,
2979 4934 3114 4992 etc.,
3143 4941 3307 4997 usque
3332 4925 3402 4980 ad
3429 4925 3534 4996 legi

1961 5026 2105 5082 enim
2136 5023 2232 5080 Dei
2275 5038 2383 5079 non
2434 5019 2740 5092 subjicitur,
2781 5034 2958 5091 neque
2978 5017 3121 5074 enim
3152 5024 3348 5089 potest,
3375 5024 3432 5071 et
3460 5005 3537 5072 in-

1962 5124 2123 5174 venta
2163 5124 2246 5172 est
2281 5114 2544 5188 Babylon,
2593 5121 2650 5170 et
2685 5112 3072 5184 comprehensa
3100 5109 3264 5182 :quia
3310 5108 3536 5165 Domitio
3593 5189 3598 5192 _

1959 5210 2182 5267 restitit.

2036 5323 2196 5379 Vens.
2222 5319 2409 5377 25-27.
2434 5349 2506 5362 —
2530 5317 2745 5390 Aperuit
2789 5315 3044 5372 Dominus
3080 5313 3405 5378 thesaurum,
3423 5318 3531 5366 etc.

1962 5418 2086 5492 (ln.)
2107 5417 2226 5472 Alia
2247 5416 2415 5472 editio
2440 5432 2452 5468 :
2478 5413 2682 5483 Aperite
2717 5412 2994 5483 apothecas
3032 5409 3169 5480 ejus,
3196 5417 3328 5472 etc.,
3370 5412 3432 5460 ut
3457 5403 3533 5458 ait

1961 5507 2250 5576 Apostolus
2273 5504 2449 5576 (Rom.
2475 5500 2552 5572 vt)
2579 5519 2592 5554 :
2620 5497 2846 5554 Pertulit
2871 5499 2928 5553 in
2951 5497 3117 5554 multa
3139 5492 3389 5567 patientia
3405 5507 3531 5546 vasa

1959 5599 2055 5653 ira:
2080 5605 2379 5669 prtrparata
2417 5595 2473 5648 in
2511 5592 2850 5665 perditionem
2889 5604 3044 5660 super
3075 5604 3201 5642 vasa
3241 5581 3532 5640 misericor-

1960 5677 2099 5758 ἀίω.
2140 5696 2245 5743 etc.
2291 5686 2394 5740 Alii
2443 5700 2573 5756 ergo
2612 5697 2740 5738 vasa
2787 5679 3200 5744 misericordiae,
3263 5674 3351 5730 alii
3402 5685 3530 5725 vasa

1959 5783 2077 5849 irae,
2103 5791 2232 5845 etc.,
2265 5793 2428 5848 usque
2456 5775 2525 5830 ad
2555 5776 2645 5846 qui
2671 5774 2868 5830 asserit
2897 5771 3074 5828 sidera
3109 5785 3214 5824 non
3242 5780 3360 5821 esse
3395 5777 3526 5816 can-

1957 5890 2049 5935 ωε
2071 5888 2259 5934 eorum
2292 5886 2413 5946 quae
2438 5868 2576 5927 ﬁunt
2611 5885 2771 5941 super
2791 5879 3014 5933 terram,
3041 5862 3308 5935 pmcipue
3341 5872 3531 5917 eorum
