4068 6344
2699 270 2707 297 t

562 321 631 380 59
1058 328 1450 389 WALAFRlDl
1491 331 1737 409 STRABI
1776 336 1982 393 FULD.
2023 337 2191 417 Mill).
2228 336 2377 392 (lPI’.
2418 339 2599 409 PABS
2632 339 2673 395 Ι.
2713 372 2781 381 -
2821 342 3274 403 THEOLOGICA.
3735 348 3805 409 60

560 452 679 504 qua:
704 436 1025 498 Christianis
1060 443 1343 498 accidunt:
1369 456 1693 517 prmceptum
1714 451 1939 519 Domini
1983 466 2131 505 exse-
2160 454 2213 525 ᾼ
2239 451 2439 505 videris
2474 469 2725 524 magnum
2754 455 2871 523 ejus
2903 474 3056 528 opus,
3086 463 3357 530 quomodo
3394 464 3661 524 subvertit
3697 486 3814 527 om-

560 528 761 596 quitur.

633 621 793 679 Vnus.
818 625 909 680 28.
940 657 1011 666 —
1038 625 1153 681 Vox
1172 627 1502 699 fugientium.
1536 630 1738 701 (Ome)
1770 633 1981 688 Utinam
2015 635 2129 690 haec

558 725 700 772 esset
732 726 916 773 nostra
951 734 1076 784 vox,
1113 736 1146 775 0
1172 724 1563 791 catechumeni,
1595 725 1912 795 fugientium
1941 726 2005 783 de
2029 727 2131 781 Ba-

559 808 766 878 bylone,
793 819 847 869 et
877 800 1214 882 fugientium,
1246 822 1375 879 etc.,
1403 831 1564 884 usque
1584 817 1654 869 ad
1676 817 1917 872 interfice
1943 834 2132 874 omnes

556 912 869 970 peccatores
908 912 1082 971 terrae,
1120 906 1210 976 qui
1241 908 1292 961 in
1327 917 1376 962 te
1425 918 1567 972 sunt,
1600 919 1873 966 etomues
1905 911 2132 982 Babylo-

555 998 690 1058 nios,
742 1006 802 1053 ut
853 1000 1026 1070 possis
1067 1004 1356 1061 mundatus
1401 1004 1453 1058 in
1500 1003 1798 1061 Jerusalem
1831 1007 2130 1078 transgredi

554 1086 825 1143 civitatem
850 1091 967 1146 Dei.

622 1178 789 1235 Vens.
821 1180 909 1236 ⁸51.
939 1214 1008 1223 -
1036 1182 1171 1238 Ecce
1193 1202 1285 1256 ego
1315 1185 1384 1239 ad
1421 1196 1487 1240 te.
1513 1184 1694 1257 (ΗΑΒ.)
1725 1187 1949 1259 Mystice
1990 1204 2129 1258 prte-

554 1272 765 1326 nuntiat
806 1270 1158 1340 Antichristo,
1200 1276 1292 1346 qui
1332 1277 1618 1335 extolletur
1666 1295 1827 1348 super
1868 1295 2028 1334 omne
2076 1279 2128 1334 id

551 1361 695 1430 quod
731 1362 928 1417 dicitur
955 1365 1115 1431 Deus,
1162 1373 1291 1431 etc.,
1325 1384 1484 1439 usque
1514 1368 1582 1422 ad
1614 1370 1740 1438 quia
1782 1386 1887 1425 non
1939 1371 2128 1426 timue-

555 1459 678 1505 runt
708 1451 1030 1508 calumniam
1057 1464 1111 1511 et
1153 1457 1518 1526 captivitatem
1549 1461 1742 1531 populo
1772 1461 1865 1515 Dei
1905 1462 2123 1517 inferre.

620 1540 781 1599 Vsus.
815 1545 904 1600 37.
935 1577 1007 1586 —
1027 1547 1095 1600 Et
1120 1559 1270 1603 erunt
1311 1551 1462 1617 quasi
1498 1552 1757 1609 mulieres.
1788 1554 2126 1626 (ln.)'lmbel-

556 1633 634 1688 les
672 1636 825 1705 quasi
869 1637 1140 1706 mulieres,
1182 1657 1279 1713 per
1321 1641 1502 1698 Medos
1531 1652 1586 1698 et
1631 1643 1827 1701 Persas
1857 1646 2125 1701 destruxit

550 1741 662 1791 eos,
691 1736 819 1794 etc.,
850 1746 1010 1800 usque
1033 1732 1104 1784 ad
1144 1732 1267 1801 quia
1305 1749 1573 1805 synagoga
1604 1751 1788 1790 eorum
1824 1747 1962 1791 terra
1986 1730 2125 1792 scul-

2238 541 2325 594 uia
2361 540 2606 611 dogmata
2637 546 2895 614 gentium,
2938 557 2995 602 ut
3030 552 3309 608 credentes
3341 554 3408 608 de
3441 558 3644 613 erroris
3679 557 3812 632 jugo

2236 632 2517 698 eximeret,
2558 632 2764 689 videbis
2791 637 2915 705 quia
2944 638 2997 691 in
3034 642 3285 709 passione
3309 643 3425 713 ejus
3456 646 3690 718 Babylon
3723 668 3813 705 su-
3833 679 3867 725 τ

2234 720 2346 776 bito
2374 725 2581 778 corruit
2606 734 2660 779 et
2694 728 2921 782 contrita
2965 740 3076 797 est;
3110 733 3288 787 videat
3327 738 3552 806 quisque
3588 738 3810 812 Babylo-
3832 720 3858 803 ,³

2236 826 2355 866 nem
2399 814 2452 868 in
2480 824 2695 883 pectore
2730 834 2830 874 suo
2868 822 3156 878 corruisse.
3208 826 3262 878 in
3293 826 3445 895 cujus
3475 830 3616 883 enim
3647 833 3811 888 corde

2234 916 2339 956 non
2371 906 2585 971 cecidit,
2633 907 2881 965 Christus
2923 913 2970 967 ei
3009 915 3240 969 nondum
3289 919 3545 974 advenit:
3572 920 3808 995 Babylon

2233 997 2362 1064 ruit,
2394 1000 2691 1056 aedificatur
2715 1002 3012 1061 Jerusalem
3047 1008 3239 1063 civitas
3260 1020 3443 1067 sancta
3474 1012 3590 1069 Dei.

2305 1088 2533 1147 Ululate.
2566 1094 2771 1169 (lin-1n.)
2795 1097 2929 1164 Quia
2965 1099 3106 1154 nulla
3136 1103 3311 1156 anima
3350 1107 3489 1175 apud
3526 1107 3692 1161 Deum
3727 1108 3807 1163 in-

2231 1182 2505 1249 sanabilis,
2536 1187 2816 1243 consilium
2843 1191 2932 1243 dat
2967 1192 3046 1245 eis
3087 1193 3173 1261 qui
3209 1208 3452 1264 possunt,
3479 1207 3606 1264 etc.,
3641 1219 3806 1273 usque

2231 1270 2300 1323 ad
2340 1274 2433 1327 sed
2458 1275 2584 1344 quia
2615 1277 2785 1339 noluit
2829 1282 3028 1349 curari,
3070 1284 3408 1343 satisfaciunt
3448 1290 3571 1346 boni
3611 1270 3808 1350 medici

2229 1369 2283 1415 et
2316 1362 2500 1419 dicunt
2525 1386 2538 1420 :

2300 1451 2460 1509 Vsus.
2500 1456 2551 1511 9.
2581 1489 2653 1498 —
2679 1458 3010 1518 Curavimns.
3057 1465 3259 1539 (0mc.)
3308 1471 3439 1527 Vide
3481 1490 3549 1529 ne
3590 1477 3809 1545 quando

2228 1545 2428 1612 angelis
2450 1548 2731 1618 praecipiat.
2755 1550 2895 1607 Deus
2921 1555 3195 1625 languenti
3220 1562 3413 1617 anima:
3445 1575 3547 1623 tuae
3573 1568 3811 1622 medica-

2227 1639 2370 1693 mina
2419 1645 2705 1710 coniicere,
2747 1655 2875 1711 etc.,
2927 1665 3084 1720 usque
3134 1653 3203 1705 ad
3230 1655 3433 1723 profert
3478 1656 3618 1715 Deus
3648 1659 3803 1729 judi-

2227 1732 2366 1786 cium
2396 1750 2550 1789 suum
2583 1736 2647 1790 ed
2676 1738 3063 1796 liumiliandum
3100 1747 3240 1814 quod
3272 1747 3564 1804 exaltatum
3592 1760 3696 1806 est.

547 1818 753 1889 ptilium
786 1829 879 1887 est,
905 1833 951 1877 et
975 1823 1029 1878 in
1055 1825 1325 1895 portentis,
1356 1827 1409 1882 id
1429 1835 1512 1883 est
1546 1825 1694 1884 falsis
1722 1828 1989 1900 ﬁgmentis
2012 1830 2120 1902 glo-
2145 1816 2195 1879 Β
2295 1822 2458 1880 VERS-
2492 1827 2576 1881 16ο
2599 1859 2668 1867 -
2690 1826 2795 1894 Ωιιὶ
2826 1830 2958 1885 levat
2999 1835 3156 1889 nubes
3183 1878 3197 1901 ,
3226 1836 3277 1891 id
3312 1849 3391 1893 BSt
3421 1841 3807 1909 pracdicalol‘cs

549 1911 773 1967 riantur.

602 1999 777 2063 ,Vsns.
808 2002 896 2059 44.
925 2036 999 2044 -
1019 2004 1154 2062 Ecce
1193 2011 1343 2081 quasi
1374 2010 1471 2066 leo.
1501 2010 1624 2085 (10.)
1652 2012 1876 2069 Videtur
1919 2016 2124 2088 signifi-

547 2106 673 2145 care
699 2094 839 2162 quod
876 2095 1390 2168 Nabuchodonosor,
1426 2115 1713 2175 postquam
1763 2123 1999 2183 regnum,
2022 2108 2120 2165 Ju-

547 2180 806 2251 dmorum,
838 2193 968 2251 etc.,
994 2205 1154 2259 usque
1190 2193 1261 2245 ad
1296 2200 1348 2246 et
1378 2200 1436 2247 ut
1480 2195 1807 2252 demonstret
1857 2215 1964 2253 non
1987 2180 2118 2270 'Cyri

548 2275 808 2339 potentia,
837 2275 930 2331 sed
961 2275 1391 2350 Dominijudicio
1417 2280 1620 2341 factum
1653 2300 1794 2354 esse,
1825 2288 2074 2345 subditur
2101 2308 2116 2345 :

547 2361 676 2427 Quis
698 2366 834 2420 enim
856 2368 1042 2439 similis
1063 2372 1205 2426 mei?

1154 2506 1382 2565 CAPUT
1419 2510 1505 2565 Ll.

615 2629 781 2715 Vens.
801 2633 856 2690 5.
879 2667 949 2713 -έ
972 2636 1232 2703 Quoniam
1264 2659 1367 2698 non
1392 2644 1514 2715 fuit,
1544 2656 1650 2704 etc.
1684 2649 1819 2718 Quia
1859 2651 2117 2710 Dominus

544 2726 692 2781 misit
715 2742 809 2782 eos
835 2730 887 2783 in
916 2730 1205 2788 vindictam
1247 2737 1426 2806 populi
1465 2741 1567 2804 sui,
1597 2757 1757 2810 quem
1799 2758 1905 2798 non
1945 2747 2115 2801 corri-

539 2815 732 2885 piendo
760 2821 1061 2892 castigavit,
1094 2827 1186 2880 sed
1213 2827 1479 2886 saeviendo
1499 2834 1753 2889 contrivit
1784 2853 1797 2888 :
1822 2838 1979 2902 unde,
2027 2837 2115 2892 Vcs

541 2908 724 2973 Assur,
758 2912 901 2982 virga
926 2913 1121 2983 furoris
1145 2920 1246 2972 mei
1272 2918 1404 2991 (Isa.
1429 2922 1510 2992 χ).

611 2999 775 3055 Vsus.
801 3003 854 3057 6.
879 3034 947 3044 ——
975 3004 1165 3077 Fugite
1194 3012 1257 3064 de
1279 3012 1471 3079 medio,
1495 3025 1600 3070 etc.
1639 3015 1766 3073 Post
1791 3018 1978 3090 plagas
2006 3020 2110 3075 Ba-

538 3088 770 3161 bylonis,
799 3094 865 3146 ad
891 3092 1104 3171 JtHL'BOS
1131 3099 1409 3167 historice,
1436 3106 1502 3160 ad
1540 3104 1728 3162 fideles
1756 3088 1982 3182 mystice
2017 3124 2113 3165 ex-

2224 1923 2277 1969 et
2304 1918 2609 1987 prophetas,
2642 1921 2733 1989 qui
2766 1938 2862 1976 nos
2902 1938 2931 1977 a
2972 1924 3151 1981 calore
3193 1926 3359 1983 futuri
3392 1928 3579 1997 judicii
3610 1931 3803 1988 defen-

2222 2008 2353 2062 dunt
2380 2009 2551 2065 imbre
2575 2011 2772 2081 eloquii
2801 2015 2903 2081 sui,
2931 2031 3054 2070 cum
3079 2016 3254 2073 futura
3294 2022 3633 2091 depromunt.
3658 2021 3800 2077 Ful-

2220 2114 2373 2167 gura.
2403 2098 2791 2157 Praedicatores
2823 2106 3207 2174 prophetarum
3239 2106 3447 2180 fulgura
3494 2121 3641 2177 sunt,
3673 2128 3800 2168 cum

2222 2187 2470 2244 inimicos
2511 2192 2853 2260 percutiunt:
2887 2194 3100 2262 pluviae,
3132 2212 3254 2251 cum
3285 2201 3507 2255 devotos
3535 2217 3565 2254 a
3602 2217 3801 2271 pecca-

2220 2279 2289 2334 tis
2320 2281 2561 2348 abluunt,
2594 2293 2649 2337 et
2676 2284 2907 2341 imbrem
2950 2286 3141 2343 salutis
3166 2287 3453 2346 infundunt
3479 2308 3491 2345 :
3515 2293 3798 2362 undespi-

2220 2372 2443 2427 rituales
2474 2375 2779 2443 germinent
2804 2376 3036 2444 fructus,
3076 2388 3132 2433 et
3160 2380 3212 2434 in
3256 2390 3520 2436 maturam
3566 2397 3799 2440 messem

2217 2466 2540 2522 coalescant.
2592 2468 2661 2523 Et
2702 2470 2942 2540 producit
2989 2483 3161 2528 ventos
3195 2474 3260 2529 de
3307 2474 3589 2532 thesauris.
3635 2479 3797 2535 Venti

2214 2568 2340 2611 sunt
2369 2559 2614 2628 apostoli,
2636 2576 2866 2631 quorum
2897 2565 3206 2635 praedicatio
3233 2568 3498 2636 percurrit
3536 2570 3797 2625 mundum

2218 2655 2473 2717 tanquam
2504 2658 2697 2705 ventus
2722 2652 3037 2710 celerrimus
3058 2669 3078 2707 :
3098 2657 3165 2710 de
3184 2658 3379 2726 quibus
3401 2657 3528 2714 alibi
3560 2659 3791 2715 dicitur:

2218 2737 2454 2808 Sagittas
2475 2756 2599 2794 suas
2625 2741 2927 2798 ardentibus
2951 2745 3119 2814 e/fecit
3144 2744 3314 2818 (Psal.
3348 2752 3465 2819 vlt).
3490 2748 3625 2820 lpsis
3648 2751 3795 2806 enim

2215 2831 2393 2885 ventis
2419 2846 2610 2900 pennae
2638 2842 2861 2902 propter
2893 2836 3166 2894 discursus
3195 2840 3522 2896 celeritatem
3552 2844 3798 2899 tribuun-

2217 2931 2304 2977 tur
2327 2940 2340 2990 ;
2374 2925 2516 2981 unde
2540 2943 2552 2978 :
2599 2923 2801 2981 Volavit
2823 2944 2977 2999 super
2996 2947 3194 3000 pennas
3214 2943 3482 2988 ventorum
3504 2934 3666 3006 (Ibid.
3689 2937 3792 3009 ιι).

2286 3015 2452 3070 Vens.
2489 3016 2573 3070 t7.
2604 3047 2672 3056 —
2704 3016 2910 3073 Stultus
2945 3020 3116 3090 factus
3138 3033 3231 3077 est.
3264 3024 3406 3079 Bene
3426 3035 3548 3096 post
3569 3028 3796 3083 subver-

2215 3104 2422 3161 siouem
2472 3107 2760 3179 Babylonis
2810 3111 3156 3180 reprehendit
3219 3110 3571 3177 fabricatores
3618 3117 3792 3173 idolo-

539 3180 892 3238 hortationem
923 3191 1206 3272 convertit,
1250 3201 1307 3246 ut
1340 3193 1547 3265 fugiant
1578 3197 1643 3253 de
1678 3177 1856 3256 medio
1882 3201 2110 3273 Babylo-
2137 3177 2184 3241 C
2218 3216 2357 3265 rum,
2397 3201 2524 3270 quia
2550 3177 2647 3271 per
2678 3177 2965 3258 stultitiam
2996 3203 3244 3261 humana:
3271 3208 3469 3263 mentis
3499 3207 3637 3264 facta
3667 3217 3795 3267 sunt

536 3272 640 3339 nis,
675 3274 727 3329 id
755 3285 839 3331 est
865 3280 1148 3337 mundana:
1175 3284 1522 3345 confusionis.

608 3367 808 3441 (01ης.)
862 3369 978 3427 Non
1020 3376 1281 3444 gradatim
1328 3379 1551 3446 scilicet,
1600 3398 1707 3438 non
1755 3386 2106 3463 pedetentim,

537 3460 630 3514 sed
675 3461 931 3519 velociter
974 3470 1155 3533 exite,
1211 3471 1518 3541 quicunque
1574 3474 1849 3530 confusam
1900 3460 2111 3535 habetis

536 3550 790 3617 animam,
836 3563 968 3623 etc.,
992 3573 1155 3630 usque
1181 3561 1269 3614 ad.
1295 3560 1574 3630 Similiter,
1606 3568 1824 3635 quando
1854 3578 1980 3624 sunt
2010 3570 2111 3625 mi-

512 3626 664 3698 ‘nora
706 3657 951 3715 peccata,
995 3626 1255 3707 ministris
1293 3655 1465 3710 utitur
1510 3656 1653 3713 Dens
1678 3673 1692 3713 :
1719 3661 1935 3729 quando
1979 3676 2110 3720 vero

531 3736 799 3804 graviora,
830 3746 957 3795 tunc
994 3742 1063 3797 ad
1092 3745 1497 3803 retributionem
1526 3749 1642 3819 ipse
1669 3749 1907 3808 festinat.

607 3826 765 3884 Vens.
796 3829 848 3885 7.
870 3860 940 3885 —.-
963 3828 1119 3888 Catia
1146 3851 1358 3902 aureus,
1390 3849 1495 3894 etc.
1520 3840 1638 3896 Non
1665 3852 1749 3899 est
1781 3859 1995 3916 semper
2015 3861 2108 3901 ca-

532 3917 604 3989 lix
627 3933 823 3975 aureus
845 3920 1131 3994 Babylonis
1154 3927 1237 3981 vel
1268 3927 1323 3983 in
1349 3945 1506 3985 manu
1539 3931 1772 3999 Domini;
1810 3952 1930 3992 cum
1958 3941 2103 3996 enim

533 4010 598 4071 ad
624 4012 913 4086 vindictam
950 4019 1156 4074 venerit
1193 4029 1248 4076 et
1274 4021 1330 4077 in
1359 4039 1519 4080 manu
1548 4026 1757 4085 Domini
1785 4032 1960 4101 posita
1995 4032 2106 4089 fue-

524 4104 632 4175 rit,,
651 4104 906 4181 efﬁcietur
936 4118 1078 4175 terra
1098 4128 1219 4183 quae
1245 4113 1393 4173 facta
1415 4126 1501 4175 est
1526 4119 1581 4174 in
1618 4118 1739 4179 Job.
1770 4121 1881 4179 Nec
1901 4125 2105 4196 jugiter

530 4198 584 4255 in
623 4216 785 4259 manu
827 4204 1039 4271 Domini
1083 4210 1420 4278 continetur;
1454 4214 1549 4269 sed
1578 4221 1706 4272 tunc
1736 4225 1941 4275 tantum
1977 4237 2104 4278 cum

530 4292 782 4363 restituet
806 4295 857 4353 ei
886 4296 1142 4365 Dominus
1168 4303 1315 4372 quod
1352 4313 1613 4360 meretur.

599 4383 803 4458 (0mm)
1008 4408 1222 4449 aureus.
1264 4393 1761 4457 Nabuchodonosor
1793 4403 1981 4461 volens
2004 4405 2101 4467 de.-

529 4478 709 4548 cipere
738 4480 980 4539 homines
1018 4500 1121 4557 per,
1144 4487 1363 4547 calicem
1394 4490 1705 4563 Babylonis,
1747 4512 1857 4559 non
1878 4499 2101 4559 miscuit

2212 3307 2375 3363 opera
2403 3308 2539 3347 vana
2569 3304 2624 3349 et
2671 3295 2780 3349 i'isu
2822 3296 3018 3366 digna:
3045 3297 3170 3366 quia
3213 3312 3315 3353 nec
3354 3300 3574 3370 spiritus
3603 3303 3656 3356 in
3687 3303 3788 3369 eis,

2212 3398 2313 3439 nec
2335 3399 2463 3451 vox,
2492 3401 2590 3441 nec
2622 3385 2730 3440 ulla
2762 3386 3001 3443 ellicacia
3039 3406 3052 3442 :
3084 3388 3224 3444 unde
3254 3404 3354 3445 nec
3377 3406 3454 3457 se,
3487 3409 3593 3449 nec
3618 3393 3791 3449 culto-

2211 3490 2300 3531 res
2326 3491 2452 3532 suos
2480 3477 2534 3531 in
2557 3478 2643 3532 die
2663 3477 2989 3536 visitationis
3018 3480 3249 3537 liberare
3275 3495 3520 3553 possunt.

2282 3564 2544 3638 Confusus
2598 3578 2693 3624 est.
2743 3569 2949 3647 (ΒΜ.)
3000 3573 3377 3630 Demonstrata
3436 3578 3787 3634 subversione

2206 3656 2522 3730 Babylonis,
2555 3662 2696 3716 redit
2720 3664 2980 3733 propheta
3005 3665 3072 3719 ad
3100 3675 3376 3722 auctorem
3403 3669 3537 3724 tanti
3561 3670 3745 3739 judicii
3770 3685 3785 3725 :

2208 3751 2332 3820 quia
2371 3768 2476 3807 nou
2513 3762 2597 3809 est
2634 3762 2873 3824 potestas
2905 3757 3009 3812 nisi
3046 3773 3077 3812 a
3100 3758 3233 3825 Deo,
3266 3760 3357 3830 qui
3388 3760 3698 3816 dominatur
3733 3762 3789 3817 in

2208 3859 2375 3914 regno
2406 3846 2708 3914 hominum,
2737 3857 2794 3903 et
2826 3850 2915 3911 cui
2948 3850 3361 3908 voluerit‘dabit
3385 3853 3534 3909 illud.

2285 3936 2443 3990 Vnus.
2474 3937 2566 3991 25.
2596 3968 2666 3977 —
2692 3937 2827 3995 Ecce
2859 3957 2973 4012 ego,
3004 3950 3109 3997 etc.
3143 3942 3295 3998 Mons
3325 3944 3568 4012 pestifer,
3600 3945 3785 4002 Nabu-

2207 4027 2569 4095 chodonosor,
2602 4039 2659 4086 et
2689 4048 2913 4104 regnum
2953 4032 3363 4103 Chaldaeorum;
3399 4037 3485 4091 vel
3515 4037 3784 4106 diabolus,

2206 4119 2298 4193 qui
2332 4122 2458 4176 alibi
2483 4138 2638 4179 mons
2660 4123 3003 4195 caliginosus,
3037 4136 3256 4197 propter
3285 4129 3537 4186 tenebras
3553 4132 3782 4199 erroris,

2206 4208 2422 4266 dicitur.
2462 4211 2528 4267 Et
2555 4214 2690 4269 dabo
2722 4225 2788 4270 te.
2821 4215 2899 4270 Ad
2936 4216 3080 4272 hunc
3106 4227 3347 4273 montem
3387 4220 3660 4289 pertinent
3683 4219 3784 4278 Ju-

2206 4302 2327 4369 daei,
2358 4304 2621 4372 haeretici,
2650 4305 2970 4379 blasphemi,
3003 4318 3057 4365 et
3090 4326 3279 4368 omnes
3320 4311 3495 4383 impii,
3536 4314 3628 4384 qui
3656 4328 3785 4383 per-

2206 4395 2401 4452 durant
2439 4398 2492 4453 in
2525 4399 2752 4466 malitia,
2787 4416 2887 4459 nec
2915 4412 3304 4459 convertuntur
3330 4413 3389 4460 ut
3417 4403 3551 4460 ﬂant
3575 4405 3784 4477 lapides

2203 4490 2310 4544 vivi
2336 4490 2389 4544 in
2417 4490 2646 4547 aedilicio
2668 4492 2786 4548 Dei.

527 4572 582 4626 in
610 4587 736 4630 vase
764 4574 937 4651 fictili,
964 4584 1093 4655 etc.,
1128 4595 1287 4652 usque
1307 4581 1376 4635 ad
1412 4549 1553 4663 saepe
1583 4586 1691 4641 vidi
1718 4603 1939 4667 aureum
1967 4594 2098 4649 cali-

2272 4581 2435 4638 Veas.
2468 4584 2555 4640 30.
2582 4616 2654 4625 —
2681 4582 3043 4654 Cessaverunt,
3086 4596 3192 4644 etc.
3238 4588 3503 4645 Veniente
3537 4588 3678 4661 Cyro
3723 4598 3783 4647 et

528 4684 645 4735 cem
674 4670 729 4727 in
769 4672 993 4748 pulchrp
1018 4676 1289 4733 sermonis
1322 4689 1537 4753 ornatu,
1576 4691 1632 4739 et
1659 4685 1972 4756 dogmatum
2011 4706 2098 4763 ve-

528 4778 665 4821 nena
692 4765 1060 4839 considerans,
1082 4768 1414 4841 darehendi
1443 4774 1666 4832 calicem
1694 4776 2000 4851 Babylonis.

597 4854 907 4925 Inebriatus;
931 4866 1037 4927 etc.
1074 4859 1196 4932 ([ο.)
1229 4860 1361 4918 Vide
1392 4879 1579 4923 omnes
1606 4867 1853 4933 homines
1880 4872 2094 4943 ebrios;

525 4946 859 5015 inebriamur
893 4949 977 5023 ira
1000 4959 1061 5021 et
1086 4953 1302 5025 tristitia
1331 4974 1349 5008 ι
1371 4957 1721 5029 ἦιιθῂῑὶίδιηιιν,
1755 4970 1888 5029 etc.,
1934 4981 2094 5039 usquq

525 5040 597 5105 ad
631 5041 698 5097 ab
731 5054 798 5107 eo
834 5057 1023 5113 omnes
1057 5044 1391 5111 inebriamur
1413 5052 1652 5121 quandiu
1695 5060 1841 5108 terra
1885 5071 2091 5117 sumus.

596 5132 674 5188 De
714 5134 851 5189 vino.
886 5133 1007 5208 (ln.)
1045 5136 1197 5194 Sicut
1235 5140 1287 5195 in
1316 5141 1421 5206 his,
1463 5142 1556 5212 qui
1595 5144 1776 5199 vinum
1813 5150 2096 5218 corporale

525 5225 716 5309 bibunt
736 5242 899 5303 supra
931 5244 1260 5305 mensuram,
1286 5232 1527 5291 videmus
1553 5235 1687 5289 ebrii
1713 5240 1954 5309 corporis
1982 5256 2096 5297 mo-

527 5300 663 5389 tum;
687 5330 817 5390 etc.,
850 5300 1008 5395 usque
1041 5300 1108 5379 ad
1142 5300 1395 5382 biberunt
1420 5334 1628 5397 gentes,
1671 5327 1791 5385 ideo
1810 5300 2094 5389 commotae

478 5422 479 5425 ‘
522 5422 667 5472 sunt.
1659 5482 1665 5487 .

594 5507 754 5567 Vens.
802 5510 856 5567 8.
886 5539 958 5551 —
982 5508 1163 5566 Subito
1191 5512 1395 5565 cecidit.
1438 5510 1719 5582 Signiﬁcat
1752 5528 2094 5569 consumma-

522 5602 722 5659 tionem
769 5603 955 5658 mundi
983 5603 1160 5675 subito
1192 5602 1448 5669 futuram,
1496 5621 1617 5673 quae.
1648 5620 1751 5659 non
1794 5621 1887 5674 per
1915 5615 2095 5676 partes

521 5695 616 5751 sed
641 5704 859 5765 repente
897 5694 1012 5760 lict,
1044 5695 1180 5749 sicut
1217 5693 1431 5748 Jericho
1457 5708 1716 5749 corruens
1751 5696 1859 5749 cito
1887 5695 1970 5751 vel
2004 5713 2095 5767 sua

520 5794 637 5859 bito
656 5793 834 5867 periit.
860 5789 918 5846 Si
947 5799 1124 5875 autem
1150 5789 1362 5847 veneris
1392 5789 1459 5845 ad
1481 5790 1766 5848 adventum
1790 5790 2010 5854 Christi.
2041 5804 2096 5874 ct

2204 4675 2365 4732 Dario
2400 4678 2631 4733 cessavit
2666 4678 2830 4734 robur
2859 4679 3149 4751 Babylonis
3198 4688 3252 4735 et
3291 4679 3594 4751 principum
3637 4679 3777 4750 ejus.
3849 4729 3852 4732 .

2279 4770 2435 4825 Vsus.
2466 4770 2554 4825 55.
2582 4800 2652 4810 -
2680 4768 2824 4825 Filia
2845 4771 3150 4842 Babylonis,
3182 4780 3285 4828 etc.
3332 4772 3458 4829 Fuit
3484 4774 3651 4843 plebs
3675 4773 3781 4829 Ba-

2200 4862 2430 4934 bylonis,
2460 4864 2676 4933 quando
2720 4878 2817 4933 per
2844 4865 3141 4932 potentiam
3189 4865 3338 4936 regni
3373 4873 3427 4920 et
3467 4866 3775 4921 divitiarum

2202 4956 2583 5015 abundantiam
2632 4955 2921 5011 triturahat
2974 4964 3029 5011 et
3074 4958 3390 5013 conterebat
3426 4957 3777 5027 gentes:sed

2205 5058 2414 5120 tempus
2456 5049 2743 5105 messionis
2784 5049 2900 5120 ejus
2926 5050 3075 5103 venit
3122 5065 3241 5104 cum
3287 5053 3500 5122 cogitur
3526 5050 3776 5137 recipere

2200 5143 2341 5212 quod
2372 5143 2557 5212 gessit,
2588 5142 2653 5198 de
2680 5156 2785 5212 qua
2813 5157 2878 5196 ex
2917 5157 3150 5211 persona
3173 5141 3409 5198 Judaicze
3436 5143 3608 5215 plebis
3639 5161 3774 5199 con-

2200 5246 2489 5306 sequenter
2513 5235 2750 5290 dicitur:
2783 5231 3016 5289 Comedit
3057 5251 3140 5289 nte
3169 5243 3217 5290 et
3259 5234 3521 5290 devoravit
3547 5252 3630 5289 me
3660 5236 3776 5290 Na-

2201 5327 2613 5389 buchodonosor,
2645 5342 2735 5380 rex
2758 5324 3063 5395 Babylonis.

2271 5418 2339 5472 Et
2390 5418 2648 5473 desertum
2703 5417 2895 5487 faciam
2944 5433 3122 5483 mare,
3171 5426 3275 5472 etc.
3320 5416 3503 5488 (ΚΑΒ.)
3549 5416 3773 5488 Mystice

2199 5525 2345 5566 mare
2370 5510 2528 5581 hujus
2547 5509 2727 5565 δείξουιί
2753 5508 3021 5580 signiﬁcat
3056 5507 3466 5573 turbulentiam,
3500 5508 3641 5577 quod
3673 5509 3774 5563 Do-

2200 5604 2374 5659 minus
2411 5604 2676 5657 desertum
2719 5603 2887 5673 ponit.
2938 5600 3123 5655 Faciet
3150 5600 3294 5654 enim
3324 5616 3536 5656 cessare
3582 5601 3770 5657 luxum

2198 5698 2331 5767 ejus,
2376 5706 2429 5751 et
2459 5696 2861 5765 dissipabuntur
2897 5694 3089 5763 iniqui,
3132 5693 3225 5764 qui
3273 5694 3570 5751 confusioni
3617 5709 3774 5750 erro-

2197 5809 2316 5847 rum
2341 5790 2705 5859 vitiorumque
2730 5786 3128 5867 deserviebant.
