4068 6344
304 409 367 465 st
1107 374 1373 467 GLGSSA
1411 401 1802 469 euoluam.
1842 429 1913 463 -τ-
1946 397 2334 471 ΡΒοΡηετιΑ
2370 398 2708 471 tunsum.
3483 394 3554 452 os

380 520 542 577 Vsus.
573 518 673 597 41..
702 550 772 595 -τ-
800 518 1071 597 Quomodo
1124 530 1283 597 gaptq
1311 528 1391 597 est
1433 517 1645 595 Sesach.
1679 516 1861 593 (ΗΑΒ.)
1891 518 1944 595 ᾼ
1968 525 2074 581 rat,
2105 517 2345 597 ordinem
2373 518 2702 587 captivitatis
2729 515 2958 570 internte
2981 513 3280 579 denuntiat,
3308 520 3434 576 etc.,
3470 529 3556 567 us-

305 612 533 677 Sesach,
563 612 741 682 byssus
774 611 935 676 sacci,
962 612 1047 667 vel
1073 629 1257 666 manus
1289 613 1426 666 sacci
1450 611 1869 679 interpretatur:

244 754 265 763 ς
305 707 448 763 sicut
468 704 705 775 Babylon
743 703 1009 770 confusio,
1039 714 1169 769 etc.,
1201 720 1361 774 usque
1401 703 1469 757 ad
1500 711 1558 756 ut
1589 700 1873 772 egredian-

306 806 394 852 tur
414 797 481 851 de
508 797 767 851 societate
790 811 999 862 eorum,
1030 810 1097 850 ne
1121 811 1242 851 cum
1267 795 1371 848 illis
1397 801 1637 863 pereant.

376 886 538 943 Vnus.
562 886 651 942 45.
681 917 752 927 -—
773 887 1095 958 Egredimini
1141 887 1206 941 de
1236 886 1408 940 ntea‘io
1455 885 1590 956 ejus.
1618 880 1743 955 (ln.)
1772 882 1873 951 Qui

301 980 419 1034 Vult
465 979 700 1034 animam
740 994 893 1034 suam
941 978 1141 1034 salvam
1179 976 1376 1043 facere,
1423 986 1550 1042 etc.,
1602 992 1761 1046 usque
1805 972 1877 1053 ad

301 1072 396 1136 sed
432 1072 485 1126 in
527 1071 878 1127 meditatione
902 1070 1035 1143 legis
1072 1069 1188 1140 ejus
1231 1078 1287 1127 et
1331 1068 1591 1126 exercitio
1614 1068 1875 1123 virtutum

300 1161 532 1219 strenui.

372 1250 537 1305 Vens.
563 1249 650 1304 52.
678 1280 749 1290 -
774 1250 1075 1322 Propterea,
1102 1258 1206 1305 etc.
1231 1248 1353 1321 (11).)
1376 1248 1670 1303 Enumerat
1689 1246 1876 1318 plagas

300 1340 591 1412 Babylonis
635 1350 1054 1411 superventuras
1078 1348 1134 1396 et
1179 1337 1529 1411 optimatibus
1557 1336 1696 1409 ejus,
1724 1338 1885 1407 duci;

298 1431 401 1486 bus
423 1439 480 1486 et
506 1432 926 1503 magistratibus,
949 1440 1003 1486 et
1036 1431 1182 1486 omni
1213 1430 1429 1501 populo,
1468 1438 1597 1495 etc.,
1626 1445 1787 1499 usque
1806 1427 1875 1481 ad

299 1523 457 1579 Exite
485 1524 551 1578 de
590 1523 705 1591 illa,
732 1522 953 1595 populus
993 1539 1159 1589 meus,
1201 1539 1264 1576 ne
1302 1520 1579 1591 participes
1607 1520 1721 1574 sitis
1747 1518 1878 1573 deli-

299 1626 504 1675 ctorum
542 1617 678 1688 ejus,
719 1626 768 1672 et
803 1617 871 1673 de
913 1615 1083 1688 plagis
1110 1616 1227 1687 ejus
1258 1628 1363 1672 non
1399 1615 1671 1686 accipiatis
1689 1614 1873 1685 (Apoc.

299 1706 480 1779 xvut),
517 1715 623 1765 etc.

372 1796 535 1852 Vens.
568 1794 655 1852 64.
681 1827 751 1838 —-
780 1796 871 1853 Sic
911 1797 1271 1867 submergetur
1306 1795 1565 1867 Babylon.
1600 1796 1734 1851 Nam
1782 1810 1874 1853 se-

1975 627 2075 680 que
2101 610 2169 662 ad
2192 609 2522 678 Quandoque
2574 608 2718 663 enim
2773 617 2829 662 et
2872 606 3051 661 lumen
3102 604 3267 659 totius
3325 602 3556 660 rationis

1976 700 2262 767 clauditur,
2293 702 2418 772 quia
2445 716 2610 770 pravo
2646 715 2745 755 usu
2775 709 2829 755 et
2863 699 3165 769 iniquitatis
3217 713 3326 753 sua:
3371 696 3554 751 multi-

1976 791 2158 846 tudine
2191 798 2465 861 gravatur.
2995 819 3003 827 -

2061 879 2205 935 Venit
2231 879 2608 942 Nabuzardan,
2637 888 2740 939 etc.
2778 878 2959 950 (ΗΑΒ.)
3011 878 3162 933 Iusto
3211 878 3416 951 judicio
3457 877 3562 932 Dei.

1975 972 2123 1027 venit
2149 971 2526 1037 Nabuzardan,
2575 971 2826 1043 princeps
2856 971 3123 1026 exercitus
3149 971 3289 1042 regis
3326 970 3555 1042 Babylo-

1977 1065 2085 1130 nis,
2110 1079 2270 1135 super
2289 1062 2606 1128 Jerusalem,
2634 1073 2686 1120 et
2703 1064 2996 1128 succendit,
3030 1074 3158 1130 etc.,
3186 1081 3344 1134 usque
3363 1064 3431 1118 ad
3445 1080 3558 1119 om-

1976 1171 2098 1221 nem
2127 1157 2343 1223 domum
2366 1156 2632 1213 comburit
2672 1156 2802 1228 igni,
2853 1157 2911 1223 id
2952 1165 3054 1225 est,
3116 1157 3373 1227 cujusque
3422 1172 3553 1212 con-

1977 1248 2257 1302 scientiam
2294 1246 2507 1301 ﬂamma
2528 1247 2700 1301 illiciti
2732 1248 2950 1301 amoris.

2045 1336 2124 1393 De
2150 1338 2485 1410 pauperibus,
2523 1348 2630 1393 etc.
2658 1337 2780 1409 (10.)
2809 1339 2932 1397 Eos.
2964 1339 3055 1409 qui
3074 1337 3236 1393 utiles
3283 1338 3448 1392 verbo
3500 1346 3557 1393 et

1976 1431 2223 1502 exemplo
2247 1444 2365 1485 esse
2386 1438 2656 1501 poterant,
2683 1441 2812 1496 etc.,
2841 1446 3002 1501 usque
3036 1430 3104 1484 ad
3158 1429 3251 1485 sed
3294 1428 3459 1498 spinae
3501 1435 3558 1483 et

1979 1522 2162 1578 tribuli
2188 1524 2464 1578 vitiorum.
3244 1569 3251 1574 .

2054 1611 2218 1668 Vens.
2248 1612 2339 1667 20.
2368 1642 2439 1653 —
2461 1610 2746 1673 Columnas
2764 1627 2986 1681 quoque,
3013 1618 3118 1666 etc.
3184 1609 3289 1665 Per
3344 1599 3558 1664 diversa

1977 1718 2126 1769 vasa,
2164 1703 2377 1757 diversa
2421 1699 2593 1757 oﬂicia
2638 1701 2692 1754 in
2740 1700 2982 1756 Ecclesia
3015 1701 3406 1772 signiﬁcantur,
3435 1717 3556 1772 qua:

1978 1794 2199 1865 maligni
2223 1793 2448 1867 spiritus
2468 1793 2533 1849 de
2561 1793 2782 1849 servitio
2809 1793 2904 1849 Dei
2933 1792 3206 1861 auferunt,
3230 1802 3286 1849 et
3310 1795 3366 1849 in
3396 1809 3555 1849 usum

300 1879 536 1945 cundum
565 1890 847 1949 historiam
875 1889 1109 1961 Babylon
1138 1889 1193 1943 in
1219 1889 1524 1959 Euphraten
1559 1906 1740 1946 mersa
1770 1898 1873 1956 est,
1904 1896 1953 1958 Β
1980 1901 2135 1942 suum
2179 1893 2521 1940 convertunt.

300 1981 551 2051 quamvis
590 1982 644 2036 in
675 1981 1016 2036 solitudinem
1044 1981 1281 2036 redacta.
1316 1980 1421 2036 Sed
1450 1981 1744 2050 spiritualis
1772 1981 1883 2035 Ba-

298 2075 512 2148 bylonis
526 2084 796 2148 ,teternum
823 2075 1096 2131 interitum
1122 2075 1389 2144 prtedicit,
1420 2091 1537 2146 qua:
1569 2076 1621 2130 in
1654 2075 1875 2146 profun-

301 2152 428 2215 dum
455 2154 647 2215 inferni
672 2176 796 2215 cum
824 2161 1067 2230 principe
1093 2154 1307 2216 diabolo
1326 2161 1686 2231 demergetur.
1721 2163 1874 2220 Unde

299 2248 575 2306 Joannes:
608 2249 830 2306 Sustulit
867 2268 1004 2305 unus
1042 2250 1257 2321 angelus
1287 2251 1439 2321 fortis
1466 2252 1693 2322 lapidem
1718 2254 1873 2324 quasi

301 2340 552 2396 molarem
586 2358 855 2413 magnum,
885 2351 935 2396 et
962 2343 1105 2397 misit
1127 2343 1571 2416 inmarchdicens
1588 2360 1608 2398 :
1634 2342 1751 2399 Hoc
1776 2346 1881 2401 im-

299 2443 419 2502 petu
444 2434 680 2489 mittetur
703 2434 941 2506 Babylon
971 2434 1153 2508 (Apoc.
1179 2434 1360 2509 xvul).

915 2568 1142 2626 CAPUT
1179 2568 1286 2624 LII.

373 2699 535 2758 Vens.
585 2703 636 2758 l.
666 2734 735 2743 —
765 2700 937 2759 Filius
977 2704 1175 2775 viginti.
1223 2704 1461 2763 Historia
1497 2722 1617 2779 quae
1663 2716 1875 2781 captum

302 2795 469 2851 refert
491 2795 793 2865 Sedeciam,
825 2806 879 2852 et
910 2795 1205 2853 Jerusalem
1234 2814 1263 2853 a
1289 2799 1552 2856 Chaldaeis
1584 2810 1874 2870 vastatam,

302 2888 357 2944 in
372 2888 525 2968 libro
551 2888 754 2959 Regum
780 2888 939 2959 plene
965 2897 1078 2945 tota
1111 2892 1437 2949 continetur.

372 2980 537 3035 Vm.
568 2981 621 3035 4.
652 3000 724 3021 -ι-ι
749 2980 975 3036 Factum
999 2992 1077 3037 est
1116 2991 1311 3038 autem.
1342 2984 1677 3041 Novenarlus
1698 2986 1880 3042 minor

302 3070 529 3126 denario
559 3071 1020 3141 imperfectionem
1060 3074 1191 3141 legis
1223 3076 1510 3146 significat,
1553 3086 1682 3143 etc.,
1716 3095 1878 3149 usque

301 3164 371 3216 ad
402 3164 639 3217 tenebris
663 3172 1006 3232 peccatorum
1054 3166 1239 3221 vallati
1280 3166 1520 3238 fugiunt,
1556 3175 1611 3223 et
1637 3168 1878 3225 videntes

302 3255 489 3325 lupum
516 3254 819 3308 venientem
845 3269 973 3311 oves
1006 3256 1302 3312 dimittunt.

2050 1962 2210 2031 Vens;
2240 1976 2331 2031 21.
2354 2006 2425 2016 ——
2445 1975 2525 2031 De
2546 1974 2821 2044 columnis,
2846 1984 2954 2032 etc.
2984 1975 3164 2050 (ΗΑΒ.)
3199 1976 3351 2045 Quod
3381 1975 3559 2033 factu-

1976 2082 2091 2123 ram
2114 2067 2489 2122 columnarum
2517 2068 2781 2123 describit
2806 2083 2929 2123 cum
2959 2068 3238 2139 capitellis,
3289 2076 3345 2123 et
3392 2069 3558 2130 retia-

1975 2162 2111 2218 culis
2132 2170 2293 2232 atque
2312 2163 2471 2217 malis
2499 2161 2759 2233 grauatis,
2789 2162 3044 2229 ostendit,
3094 2170 3223 2229 etc.,
3282 2179 3442 2234 usque
3489 2161 3558 2217 ad

1975 2251 2117 2324 legat
2141 2267 2277 2322 opus
2305 2261 2548 2307 nostrum
2578 2266 2744 2323 super
2779 2251 2975 2322 librum
3008 2236 3237 2321 Regum,
3291 2254 3381 2309 ubi
3426 2252 3558 2322 quid

1974 2345 2044 2403 de
2071 2346 2158 2402 his
2184 2347 2359 2402 sancti
2384 2345 2574 2401 Patres
2598 2346 2886 2412 senserint,
2910 2345 3255 2416 explanatum
3283 2354 3386 2401 est.

2046 2438 2207 2495 Vsus.
2235 2439 2325 2519 24.
2347 2471 2419 2481 -
2440 2440 2509 2494 Et
2531 2438 2648 2493 tulit
2676 2439 2943 2510 magister,
2970 2448 3077 2494 etc.
3107 2439 3283 2494 Etiam
3300 2437 3467 2494 fortes
3496 2438 3554 2493 in

1976 2531 2219 2588 Ecclesia
2247 2532 2494 2588 diabolus
2513 2532 2711 2602 decipit
2737 2542 2793 2587 et
2843 2532 3108 2602 captivat;
3166 2531 3351 2587 unde:
3404 2529 3554 2584 Esca:

1977 2621 2091 2691 eius
2118 2621 2291 2677 electa:
2316 2621 2543 2695 (Babae.
2577 2620 2640 2693 1),
2663 2628 2769 2676 etc.

2051 2712 2214 2769 Vsus.
2258 2712 2350 2788 25,
2379 2743 2450 2754 —
2475 2711 2555 2775 De
2598 2710 2805 2767 civitate
2849 2711 2989 2787 tulit,
3029 2720 3135 2768 etc.
3186 2710 3559 2777 Continentcs,

1980 2807 2206 2871 scilicet,
2241 2807 2416 2861 oleum
2444 2805 2630 2877 gratiae
2672 2814 2728 2860 et
2771 2805 3152 2863 misericordia:
3193 2805 3357 2878 (sicut
3398 2804 3562 2861 fatuae

1981 2898 2236 2971 virgines)
2268 2899 2321 2954 in
2346 2907 2567 2969 pectore
2587 2913 2685 2953 suo
2724 2913 2832 2952 non
2885 2897 3165 2966 habentes,
3213 2898 3306 2969 qui
3359 2897 3562 2954 frustra

1982 3000 2144 3059 super
2163 2989 2313 3044 viros
2340 2987 2627 3044 bellatores
2676 2988 3097 3055 consumantur,
3151 3000 3273 3045 cum
3309 3000 3566 3058 arrogan-

1982 3083 2113 3139 tiam
2150 3081 2322 3136 vitare
2348 3097 2452 3136 non
2474 3080 2929 3151 praemeditantur.

2056 3176 2217 3230 Vnus.
2242 3175 2333 3229 26.
2361 3204 2434 3215 --
2452 3172 2655 3243 Septem
2684 3174 2841 3236 viros,
2860 3181 2962 3228 etc.
2997 3170 3308 3242 Septiformi
3333 3170 3562 3241 Spiritu,

1908 3287 1957 3351 ο
1989 3270 2215 3339 scilicet,
2243 3269 2631 3341 sanctificatos.
2664 3265 2773 3323 Sed
2794 3266 2920 3336 quia
2939 3266 3165 3336 gratiam
3188 3264 3581 3334 perdiderunt,.

374 3346 542 3401 Vens.
575 3345 625 3399 7.
658 3377 728 3386 —
756 3344 863 3400 Per
894 3349 1029 3402 riam
1054 3359 1235 3418 ρονιτε.
1262 3349 1520 3405 Latenter
1539 3351 1714 3420 arguit
1740 3350 1885 3404 iner-

1989 3371 2193 3430 septem
2224 3360 2499 3429 spiritibus
2528 3358 2874 3427 nequioribus
2902 3357 3102 3421 traditi,
3128 3372 3232 3411 non
3270 3356 3413 3425 regis
3453 3369 3568 3411 caa-

306 3439 439 3493 tiam
464 3438 768 3502 doctorum,
798 3438 895 3507 qui
931 3438 1074 3493 inter
1100 3452 1282 3493 muros
1313 3439 1553 3494 duorum
1567 3439 1893 3494 Testamen—

306 3537 487 3585 torum
534 3527 828 3592 constituti,
872 3542 978 3583 non
1024 3527 1220 3583 bellum
1268 3543 1473 3598 gerere,
1518 3528 1610 3583 sed
1646 3527 1884 3600 effugere

306 3630 579 3691 quaerunt,
611 3630 668 3677 et
696 3620 901 3676 deliciis
936 3621 1107 3693 magis
1132 3620 1353 3676 allluere
1375 3621 1533 3692 (quas
1575 3620 1767 3676 hortus
1801 3621 1880 3676 si-

307 3712 458 3784 gnat)
486 3728 649 3782 quam
675 3720 828 3768 scuto
857 3712 975 3767 fidei
1011 3713 1255 3769 hostibus
1276 3715 1551 3771 resistere.

383 3808 544 3862 Vsus.
576 3807 630 3862 8.
655 3837 725 3847 —
754 3805 1061 3861 Persecutus
1100 3816 1204 3873 est,
1248 3816 1353 3863 etc.
1406 3807 1587 3879 (ΗΑΒ.)
1643 3806 1701 3861 In
1744 3805 1883 3863 libro

310 3901 517 3972 Regum
567 3902 639 3955 ita
690 3900 1114 3973 legitur:Fugit
1160 3901 1406 3958 Sedecias
1440 3920 1530 3974 per
1572 3903 1729 3969 riam,
1776 3911 1882 3958 etc.

310 3992 557 4063 Malignis
595 3993 872 4062 spiritibus
904 3993 1157 4064 populum
1193 3995 1672 4058 circumdantibus,
1707 4003 1888 4077 metor
1980 4008 1985 4013 '

308 4099 414 4138 non
445 4084 599 4154 fugit,
628 4092 755 4151 etc.,
804 4100 967 4155 usque
993 4085 1060 4138 ad
1090 4085 1500 4155 Apprehensum
1534 4100 1663 4157 ergo
1702 4100 1886 4157 regem

309 4176 578 4232 duxerunt
600 4176 675 4232 ‘ad
704 4192 881 4248 regem
916 4172 1203 4248 Babylonis
1232 4177 1284 4232 in
1312 4178 1599 4244 Reblatha,
1636 4189 1739 4234 etc.

385 4265 548 4322 Vens.
578 4268 661 4321 ll.
688 4296 760 4308 -—
784 4268 852 4321 Et
879 4268 1101 4324 adduxit
1132 4286 1249 4324 eum
1272 4286 1383 4335 rem,
1414 4278 1519 4326 etc.
1546 4270 1680 4340 Quia
1707 4270 1886 4327 anima

312 4367 364 4419 in
384 4363 723 4420 confusione.
749 4373 1099 4435 peccatonum
1132 4364 1701 4436 vinctascompedibus
1723 4366 1886 4421 vitio-

314 4473 453 4522 rum,
491 4471 587 4526 per
611 4456 874 4527 malignos
904 4457 1127 4525 spiritus
1173 4457 1388 4512 ducitur
1415 4458 1468 4511 in
1512 4458 1727 4513 domum
1779 4473 1893 4513 car-

314 4553 457 4606 ceris
487 4565 657 4620 usque
694 4551 762 4605 ad
806 4550 946 4605 diem
980 4551 1187 4629 mortis,
1217 4557 1273 4605 et
1319 4550 1377 4629 in
1401 4550 1648 4629 angustia
1692 4549 1895 4627 mentis

316 4642 629 4707 includitur,
656 4649 716 4696 ut
740 4642 929 4696 mortis
960 4642 1282 4697 sententiam
1312 4650 1605 4711 exspectet.

385 4732 668 4789 VER8.12.
695 4763 766 4773 -
792 4730 860 4786 In
908 4747 1080 4785 mense
1124 4740 1297 4785 autem
1337 4731 1548 4801 quinto,
1599 4739 1706 4785 etc.
1745 4728 1889 4786 Con-

1986 3455 2136 3511 lestis
2166 3455 2417 3508 mandata
2450 3454 2749 3517 intuuntur,
2779 3450 2873 3505 sed
2904 3450 3049 3521 regis
3074 3448 3271 3504 inferni
3299 3446 3563 3504 voluntati

1986 3550 2377 3620 obsequuntur.
2405 3548 2472 3603 Et
2497 3550 2739 3613 scribam,
2788 3555 2895 3605 etc.
2951 3544 3313 3615 Quem‘liber
3351 3544 3559 3615 Regum

1987 3640 2221 3710 Sophar,
2243 3640 2333 3710 qui
2358 3640 2742 3710 interpretatur
2768 3639 3028 3709 dissipans
3073 3636 3158 3693 vel
3193 3636 3449 3702 dividens,
3506 3643 3565 3690 et

1988 3731 2258 3802 signiﬁcat
2285 3746 2381 3787 eos
2410 3732 2501 3800 qui
2546 3731 2705 3786 rudes
2742 3731 2794 3785 in
2845 3729 3106 3795 Ecclesia,
3149 3743 3285 3798 quos
3311 3728 3374 3782 ad
3419 3725 3562 3781 mili-

1990 3824 2119 3878 tiam
2147 3823 2350 3879 Christi
2379 3823 2587 3879 nutrire
2612 3821 2927 3887 debuerant,
2960 3822 3141 3892 pravis
3168 3820 3428 3890 exemplis
3460 3814 3572 3875 dis-

1987 3919 2184 3989 sipant,
2207 3926 2261 3974 et
2285 3933 2314 3971 a
2341 3927 2485 3973 coetu
2514 3908 2750 3972 ﬁdelium
2779 3904 2875 3986 per
2898 3906 3142 3971 errorem
3164 3910 3173 3915 ’
3198 3920 3565 3984 sequestram.

2061 4007 2128 4061 Et
2152 4009 2423 4079 sexaginta
2440 4007 2598 4071 viros,
2631 4014 2739 4060 etc.
2772 4003 2995 4070 Stultos,
3040 4004 3267 4069 scilicet,
3311 4016 3569 4072 coopera-

1989 4107 2155 4163 tores,
2184 4098 2274 4167 qui
2299 4097 2491 4151 merito
2525 4095 2667 4166 vulgi
2696 4096 2912 4149 nomine
2942 4094 3295 4165 appellantur,
3338 4091 3429 4162 qui
3462 4091 3568 4145 uti-

1989 4190 2194 4244 litatem
2217 4186 2383 4243 divini
2404 4186 2615 4242 consilii
2645 4185 2959 4242 discernere
2995 4187 3050 4241 et
3074 4185 3302 4256 implere
3319 4183 3570 4255 neglexe-

1988 4292 2135 4338 runt.

2060 4372 2227 4428 Vnus.
2257 4371 2355 4427 9.7.
2377 4402 2448 4415 ——
2470 4368 2541 4424 Et
2564 4369 2827 4440 percussit
2843 4381 3052 4423 eum
3096 4362 3407 4435 Babylonis.
3459 4368 3568 4425 etc.

1992 4465 2107 4521 Hoc
2135 4464 2303 4519 ambit
2324 4478 2417 4519 rex
2457 4462 2768 4534 Babylonis,
2794 4468 2852 4514 ut
2879 4475 3015 4529 quos
3050 4459 3116 4514 ab
3146 4456 3385 4513 Ecclesia
3425 4454 3573 4511 evel-

1995 4557 2077 4627 lit,
2100 4557 2360 4628 perducat
2388 4557 2454 4633 ad
2477 4554 2910 4635 interfectionem
2930 4558 3203 4637 perpetuae
3226 4549 3437 4604 mortis.

1911 4648 1966 4710 Β
2061 4650 2224 4705 Vens.
2261 4650 2352 4704 28.
2382 4679 2453 4688 —
2485 4646 2592 4701 Iste
2638 4655 2715 4701 est
2740 4643 2984 4716 populus,
3011 4650 3115 4698 etc.
3153 4640 3335 4713 (ΗΑΒ.)
3389 4638 3575 4695 Tertio

1998 4741 2230 4796 vastavit
2281 4739 2776 4795 Nabuchodonosor
2832 4735 3092 4791 Jud‘aaam.
3161 4733 3384 4798 Primo,
3449 4748 3571 4789 cum

316 4827 461 4898 gruit
505 4825 640 4881 ordo
670 4822 930 4894 temporis
974 4834 1097 4877 cum
1143 4821 1353 4877 ratione
1391 4821 1643 4881 vindicta:
1669 4837 1684 4875 :
1714 4821 1885 4878 Mense

1997 4834 2261 4897 Joachim,
2292 4841 2422 4897 etc.,
2451 4847 2612 4902 usque
2639 4829 2709 4884 ad
2740 4837 2794 4884 et
2836 4827 3063 4887 retrudit
3093 4826 3147 4880 in
3175 4839 3448 4881 carcerem
3490 4824 3574 4879 in-

316 4920 506 4989 quinto
528 4924 773 4972 vastatur
792 4913 1005 4978 civitas,
1036 4927 1157 4983 qua:
1182 4910 1606 4968 Pentateuchum
1630 4912 1892 4982 despexit,

319 5012 527 5067 decima
551 5010 641 5066 die
669 5010 892 5073 mensis,
918 5008 1044 5079 quia
1072 5008 1330 5078 decalogo
1353 5006 1489 5078 legis
1524 5007 1792 5063 cmtraria
1816 5005 1896 5063 fe-

1998 4928 2160 4993 ferni,
2187 4926 2281 4981 ubi
2303 4932 2527 4996 gemunt
2555 4924 2609 4978 in
2630 4928 2949 4994 perpetuum
2977 4918 3237 4993 datunati.

2018 5044 2029 5051 ο
2070 5017 2236 5075 Vsus.
2259 5017 2349 5071 51.
2370 5045 2441 5057 --
2460 5014 2528 5070 Et
2551 5015 2750 5086 factum
2777 5022 2872 5068 est.
2901 5010 3041 5083 (in)
3067 5009 3355 5083 Signina“
3400 5008 3576 5067 admi.

281 5107 427 5180 ocit,
489 5103 770 5160 blandiens
825 5101 928 5159 sibi
977 5101 1045 5157 de
1092 5101 1379 5157 securitate
1429 5113 1530 5171 pro
1585 5110 1899 5157 sanctorum
2004 5111 2226 5167 nudam
2265 5110 2362 5165 Dei
2398 5108 2692 5180 potentiam
2743 5121 2841 5179 per
2881 5105 3055 5167 bonos
3091 5113 3147 5170 ει
3190 5101 3363 5169 ωιοθ
3423 5117 3582 5173 aqua

321 5199 563 5253 locorum
616 5195 989 5261 habitatione;
1042 5194 1187 5250 unde
1232 5208 1394 5265 supra
1442 5210 1458 5249 :
1500 5190 1678 5248 Nolite
1732 5192 1885 5263 eonﬁ-

2003 5222 2123 5271 sua,
2145 5214 2252 5262 etc.
2264 5245 2279 5271 ,
2302 5220 2464 5276 usque
2476 5203 2545 5257 ad
2559 5209 2863 5257 correctum
2884 5197 3305 5263 misericorditer.
3317 5194 3575 5267 respexit,

319 5290 464 5352 dere,
496 5296 602 5344 etc.

340 5396 349 5399 ·
394 5381 615 5457 (Gneo)
647 5384 785 5440 Dum
814 5381 1092 5452 Scriptura
1116 5380 1354 5438 Sedeciae
1377 5379 1743 5451 captivitatem
1770 5395 1898 5434 nar~

2003 5314 2058 5360 et
2086 5305 2150 5359 de
2171 5302 2347 5375 ptenis
2381 5300 2621 5359 liberans
2645 5296 2810 5369 quieti
2834 5293 3072 5351 restituit
3089 5301 3146 5349 et
3164 5289 3380 5353 honori.

1394 5623 2508 5664 -w-
