4068 6344
266 421 333 480 09
1154 412 1424 471 GLOSSA
1463 406 1831 467 nummum

1930 434 1967 445 -
2000 407 2249 466 EVANG.
2292 410 2551 468 MATTH.
3429 416 3505 476 τυ

260 550 358 607 que
389 530 637 601 congruit
670 527 886 589 Christe
909 567 927 596 ,
963 528 1058 599 qui
1112 534 1197 583 est
1251 525 1556 582 resurrectio
1615 530 1663 575 et
1722 521 1825 575 vita
1849 518 1905 585 Α
1929 520 2072 575 mine
2098 520 2332 592 Ioseph?
2361 522 2466 579 Sed
2492 538 2596 578 non
2621 532 2707 579 est
2723 524 3054 582 consuetudo
3071 523 3492 597 Scriptum-um,

262 628 431 699 (Ioan.
459 624 560 695 ιι).

324 719 480 774 Vsus.
507 718 595 773 12.
625 748 696 759 -
723 716 1000 773 Satathiet.
1029 715 1224 771 Potitio
1259 728 1378 768 mea
1405 711 1573 775 Deus,
1607 708 1823 765 Christo

260 810 497 867 convenit
523 808 615 878 qui
648 808 812 863 dicit:
844 805 1008 861 Pater
1046 815 1244 869 sancte,
1271 820 1417 858 serva
1439 818 1525 857 eos
1557 817 1686 871 quos
1728 798 1824 852 de—

260 900 372 956 disti
397 900 521 953 mihi
538 940 553 963 ,
583 909 640 953 ut
667 900 770 953 sint
799 914 959 951 unum
999 897 1131 952 sicut
1154 907 1201 949 et
1228 911 1320 949 nos
1347 893 1524 964 (Ioan.
1557 891 1714 961 xvn).

324 990 482 1045 Vens.
522 989 609 1044 i5.
642 1018 715 1030 —
736 986 1025 1042 Zorobabel
1064 995 1244 1045 autem
1277 984 1454 1055 genuit
1481 981 1670 1037 Abiud.
1713 976 1827 1036 Ma-

259 1086 412 1157 gister
437 1081 745 1154 Babylonis,
779 1080 830 1135 id
853 1088 936 1135 est
965 1077 1312 1134 confusionis.
1350 1074 1426 1128 Illi
1454 1073 1703 1129 convenit
1731 1071 1825 1141 qui

254 1176 503 1234 mundum
523 1176 589 1230 ab
614 1188 799 1230 errore
818 1171 1133 1229 idololatriae
1149 1170 1220 1225 ad
1246 1170 1386 1225 viam
1413 1168 1656 1223 veritatis
1678 1181 1826 1222 revo-

252 1265 399 1322 cavit.
433 1264 677 1319 Fnernnt
704 1263 807 1318 viri
850 1261 1072 1318 studiosi
1098 1276 1166 1316 ex
1199 1258 1400 1315 Iudaeis
1446 1259 1573 1314 dicti
1613 1257 1826 1313 Heriles

252 1363 464 1425 prepter
513 1352 967 1423 propinquitatem
1013 1351 1227 1421 generis
1272 1348 1516 1415 Christi,
1563 1356 1826 1418 erantque

256 1444 505 1507 Nazarasi,
532 1443 627 1513 qui
648 1441 889 1497 ordinem
908 1440 1238 1511 genealogis:
1260 1437 1461 1495 Christi
1490 1438 1685 1508 partim
1711 1452 1827 1493 me-

252 1536 487 1599 moriter,
519 1534 719 1606 partim
741 1548 807 1589 ex
850 1533 1003 1589 libris
1029 1531 1267 1596 Dictum,
1298 1532 1498 1603 partim
1526 1532 1593 1586 ab
1631 1531 1745 1586 avis
1770 1538 1827 1593 et

250 1627 457 1699 proavis
508 1627 801 1681 retinentes
842 1623 1136 1680 secundum
1179 1622 1424 1679 ordinem
1470 1620 1823 1691 scripserunt.

1925 622 1985 668 ut
2005 615 2138 670 ordo
2162 616 2447 671 mulierum
2473 617 2525 670 in
2555 618 2993 687 generationibus
3017 629 3260 687 texatur;
3291 631 3347 677 et
3370 623 3492 680 ideo

1898 720 2032 761 .non
2059 720 2156 774 per
2179 705 2424 771 Mariam,
2458 708 2555 763 sed
2583 720 2680 777 per
2707 707 2903 777 Ioseph
2946 710 3240 775 inducitur,
3277 727 3398 768 cum
3427 714 3498 770 de

1923 809 2029 849 una
2078 793 2273 867 Ioseph
2303 806 2359 852 et
2389 796 2552 852 Maria
2594 798 2737 855 tribu
2790 798 3012 855 fuerint.
3079 800 3232 857 Unde
3277 812 3331 858 et
3374 819 3496 859 eam

1926 887 2079 954 quasi
2128 887 2484 957 propinquam
2526 890 2817 960 cogebatur
2845 896 3089 962 accipere
3110 932 3125 957 ,
3156 909 3224 948 ne
3246 895 3417 950 tribus
3444 897 3497 951 in

1926 976 2084 1030 aliam
2116 992 2173 1032 se
2210 976 2561 1034 confunderet
2592 997 2604 1031 :
2640 980 2779 1035 unde
2828 980 2991 1035 etiam
3032 982 3193 1036 simul
3242 992 3496 1054 tanquam

1926 1064 1993 1121 de
2026 1081 2131 1121 una
2152 1067 2322 1136 stirpe
2358 1067 2679 1137 proﬁtentur
2707 1070 2763 1126 in
2811 1070 3124 1131 Bethlehem
3176 1075 3350 1131 redire
3369 1090 3496 1133 cum

1926 1155 2151 1227 singulis
2191 1157 2247 1211 in
2287 1173 2437 1213 suam
2472 1159 2769 1216 civitatem.
3298 1222 3304 1231 ,

1995 1244 2255 1316 Exemplo
2282 1246 2462 1304 Maria:
2486 1249 2656 1320 liquet
2684 1250 2931 1306 ﬁdelibus
2963 1251 3261 1324 conjugatis
3283 1264 3517 1317 servato-

1925 1340 2040 1407 pari
2067 1354 2331 1414 consensu
2377 1344 2767 1399 continentiam
2788 1359 2957 1414 posse
2990 1361 3327 1416 permanere,
3371 1366 3500 1405 con-

1917 1429 2236 1502 jugiumque
2264 1434 2448 1489 vocari
2477 1450 2582 1490 non
2610 1436 2869 1506 permisto
2907 1453 3170 1508 corporeo
3210 1456 3363 1508 sexu,
3404 1443 3501 1499 sed

1925 1523 2195 1579 custodito
2217 1524 2415 1579 mentis
2437 1524 2650 1580 affectu.
2682 1525 2834 1582 Unde
2865 1535 2925 1582 et
2963 1526 3157 1598 Ioseph
3196 1531 3280 1585 vir
3318 1531 3499 1587 Mariae

1924 1613 2142 1681 dicitur,
2169 1616 2295 1685 quia
2325 1615 2634 1688 conjugium
2666 1635 2852 1675 verum
2896 1630 2982 1677 est
3024 1622 3116 1683 ubi
3151 1614 3502 1691 conservatur

249 1717 433 1783 Abiud,
478 1717 530 1773 id
554 1724 658 1782 est,
684 1726 836 1788 pater
860 1732 1025 1771 meus.
1056 1715 1165 1770 Iste
1196 1714 1412 1771 Christo
1439 1715 1710 1779 convenit,
1758 1713 1826 1767 de
1926 1706 2126 1762 amoris
2163 1706 2388 1764 eﬂ‘ectus
2410 1748 2425 1773 ,
2457 1716 2513 1765 et
2552 1708 2607 1795 in
2649 1708 2819 1766 Maria
2847 1710 3393 1783 fructusnllpliawm
3418 1715 3502 1770 ill-

248 1824 347 1879 quo
381 1808 623 1865 dicitur:
672 1806 793 1878 Ipse
831 1807 1085 1863 invocavit
1124 1818 1245 1861 me:
1291 1814 1440 1876 pater
1483 1820 1627 1859 meus
1678 1821 1731 1860 es
1764 1814 1823 1859 tu
1925 1797 2160 1851 venitur-

247 1901 411 1972 (Psal.
453 1900 739 1973 Lxxxvm),
791 1910 897 1956 etc.
946 1899 1227 1954 Eliachim.
1284 1898 1543 1955 Dominus
1579 1899 1820 1955 resusci-
1848 1889 1897 1955 Β
1996 1890 2159 1946 VERS-
2192 1891 2277 1946 17.
2314 1921 2383 1933 -—
2421 1890 2612 1947 Omnes
2634 1894 2825 1965 itaque.
2858 1894 3097 1973 Decurso
3128 1897 3320 1953 ordine
3339 1913 3503 1970 gene—

246 1964 378 2048 tans.
406 1990 502 2045 llle
524 1991 615 2060 qui
648 1964 817 2047 dicit:
861 1989 1160 2066 Omnisgui
1185 1988 1319 2043 videt
1367 1986 1567 2043 Filium
1590 1998 1637 2044 et
1661 1988 1823 2042 credit
1927 1982 2149 2060 rationis
2182 1983 2416 2051 tandem,
2468 1984 2520 2037 in
2574 1984 2678 2041 fine
2716 1964 3121 2054 conclu'dendo,
3167 1964 3499 2062 evangelista

1926 2072 2250 2142 recapitulat
2278 2074 2377 2127 sub
2410 2073 2640 2144 mystico
2664 2091 2907 2132 numero.

244 2084 296 2137 in
339 2099 483 2147 eum,
526 2081 732 2136 habebit
774 2082 926 2136 vitam
973 2091 1257 2145 retentam,
1310 2088 1358 2134 et
1387 2096 1478 2151 ego
1506 2075 1852 2135 resuscitabo'

243 2189 353 2229 sum
383 2172 571 2244 (Joan.
603 2170 701 2244 vr),
728 2180 834 2229 etc.

311 2264 479 2320 Vens.
530 2262 617 2319 14.
648 2294 719 2304 --
752 2264 912 2319 Azor.
964 2263 1209 2335 Adjutus.
1258 2263 1350 2320 Ille
1398 2272 1480 2319 est
1530 2265 1621 2335 qui
1656 2264 1821 2320 dicit:

244 2347 372 2410 Ecce
395 2356 543 2411 Deus
569 2357 769 2428 adjuvit
795 2374 875 2411 me
899 2397 915 2424 ,
958 2356 1212 2411 Dominus
1243 2367 1510 2427 susceptor
1536 2368 1608 2412 est
1636 2358 1826 2411 animat

244 2465 362 2503 mea:
411 2446 596 2521 (Psat.
632 2451 774 2519 Lm).
826 2447 1056 2503 Sadoclt.
1103 2443 1309 2514 Justus,
1359 2448 1413 2502 id
1442 2456 1526 2503 est
1554 2448 1823 2514 Christus,

246 2539 435 2609 dequo
480 2538 727 2593 dicitur:
774 2537 961 2593 Justus
984 2538 1239 2593 Dominus
1287 2548 1334 2592 et
1354 2538 1592 2608 justitias
1642 2537 1828 2592 dilexit

248 2627 401 2700 (Ibid.
434 2628 521 2701 χ).
554 2629 758 2694 ΑεΙιὶηι,
798 2629 851 2684 id
881 2638 981 2693 est,
1014 2629 1179 2699 frater
1203 2645 1346 2683 meus
1371 2631 1485 2683 iste.
1516 2628 1646 2695 Quis
1692 2629 1828 2685 alius

245 2736 400 2790 quam
433 2720 532 2776 ille
556 2720 649 2792 qui
675 2721 837 2776 homo
862 2720 975 2775 ﬁeri
1002 2720 1188 2786 voluit,
1212 2728 1270 2775 ut
1295 2720 1464 2791 possit
1492 2720 1691 2775 habere
1720 2719 1828 2774 fra-

247 2819 372 2878 tres,
419 2811 493 2867 de
520 2812 713 2882 quibus
750 2806 953 2867 diceret
981 2828 995 2866 :
1031 2811 1297 2866 Nuntiabo
1330 2827 1515 2867 nomen
1544 2820 1692 2865 tuum
1717 2811 1830 2879 [ra-

248 2904 410 2959 trisz
433 2904 567 2959 meis
593 2902 752 2974 (Ibid.
779 2904 914 2975 χχι).
945 2904 1129 2970 Eliud,
1157 2903 1209 2958 id
1235 2910 1337 2969 est,
1370 2903 1510 2957 Dens
1532 2917 1683 2973 meus
1706 2918 1831 2959 con-

244 2994 386 3048 venit
416 2994 641 3049 Christo
673 2994 765 3064 qui
799 2994 931 3050 dicit
960 3012 972 3047 :
1023 2994 1163 3048 Deus
1194 3010 1338 3048 meus
1384 3004 1439 3046 ut
1478 2993 1604 3065 quid
1642 2992 1829 3048 dereli-

245 3088 396 3159 quisti
430 3104 517 3142 me
549 3086 762 3159 (Matth.
790 3088 998 3161 xxvu)?
1302 3156 1309 3165 ,

316 3179 483 3233 V’Ens.
520 3177 602 3230 15.
629 3208 698 3217 —
726 3176 972 3245 Eleazar,
1004 3179 1057 3233 id
1100 3186 1201 3241 est,
1234 3177 1374 3232 Deus
1422 3193 1566 3231 meus
1594 3176 1824 3247 adjutor.

1996 2168 2160 2224 Vens.
2194 2169 2367 2225 18.-
2393 2167 2590 2225 Christi
2618 2179 2793 2224 autem
2820 2170 3106 2241 generatio.
3132 2168 3262 2227 Sine
3289 2171 3501 2227 addita-

1926 2268 2128 2325 menta,
2155 2259 2303 2327 Iesu,
2330 2262 2505 2331 ponit,
2554 2270 2614 2317 ut
2649 2277 2771 2318 eum
2805 2262 3077 2332 intelligas
3115 2264 3184 2320 de
3226 2279 3333 2335 quo
3378 2279 3506 2335 pro-

1926 2353 2090 2423 pheta
2116 2371 2129 2409 :
2160 2352 2320 2409 Unxit
2360 2364 2409 2408 te
2450 2353 2591 2409 Deus
2619 2363 2771 2409 tuus..
2799 2353 2981 2421 Iesus,
3011 2356 3151 2425 quod
3180 2355 3509 2413 substantia-

1928 2444 2053 2497 liter
2077 2444 2152 2498 illi
2179 2445 2449 2510 convenit,
2484 2445 2678 2516 angelo
2703 2455 2964 2511 reservat,
2993 2456 3053 2501 ut
3075 2447 3168 2517 qui
3190 2456 3310 2518 post
3332 2448 3509 2512 dictu-

1929 2549 2023 2588 rus
2065 2544 2151 2589 est
2192 2544 2514 2605 conceptum
2558 2537 2624 2591 de
2679 2535 2884 2607 Spiritu
2932 2545 3155 2601 sancto,
3208 2554 3403 2595 nomen
3457 2538 3508 2594 ei

1930 2625 2209 2695 proprium
2254 2618 2320 2680 ex
2358 2627 2675 2681 salvationis
2705 2626 2879 2682 ofﬁcio
2920 2628 3201 2684 sublimius
3244 2628 3506 2685 declaret.

1933 2716 2024 2773 Sic
2053 2726 2186 2771 erat.
2220 2716 2371 2772 Sicut
2405 2717 2607 2772 dictum
2638 2727 2742 2783 est,
2772 2729 2831 2774 ut
2871 2735 2938 2775 ex
2966 2719 3184 2792 Ioseph,
3210 2722 3364 2792 origo
3391 2721 3507 2778 Ma-

1932 2810 2044 2876 rize,
2076 2826 2194 2880 quae
2220 2818 2275 2866 ct
2300 2811 2366 2865 de
2396 2811 2561 2865 David
2593 2811 2917 2869 claresceret
2948 2832 2961 2868 :
3003 2824 3059 2868 et
3086 2812 3357 2879 Christus,
3393 2830 3503 2871 non

1931 2915 1998 2956 ex
2019 2900 2135 2970 ejus
2166 2901 2390 2965 semine,
2422 2911 2479 2955 ιιι
2508 2902 2650 2956 Dens
2694 2912 2748 2958 et
2788 2904 2947 2959 homo
2974 2944 2989 2970 ,
3018 2921 3116 2976 per
3138 2906 3508 2979 genealogiam

1931 2995 2118 3061 homo,
2158 3008 2253 3064 per
2282 2995 2404 3059 hoc,
2450 2993 2518 3049 de
2542 2995 2750 3068 virgine
2786 2997 2854 3051 de
2889 2996 3093 3067 Spiritu
3135 2986 3326 3054 sancto
3368 3000 3515 3059 Deus

1932 3086 2251 3140 ostenditur.
2281 3083 2394 3151 Sic,
2440 3086 2695 3155 inquam,
2733 3095 2855 3143 erat
2898 3096 2959 3142 ut
3005 3089 3319 3160 praescripta
3347 3096 3512 3146 estet

1935 3190 2060 3229 mox
2091 3174 2322 3241 dicetur,
2356 3175 2500 3231 sicut
2536 3186 2722 3245 postea
2762 3177 2932 3248 signis
2957 3185 3011 3232 et
3048 3180 3309 3251 prodigiis
3336 3180 3511 3235 mani-

246 3266 334 3321 Ille
365 3276 455 3321 est
504 3267 597 3336 qui
644 3281 709 3320 ex
745 3281 972 3336 persona
1022 3266 1253 3321 hominis
1292 3266 1468 3320 dixit:
1524 3265 1660 3319 Deus
1687 3282 1832 3320 meus
1859 3251 1906 3319 (ἶ
1937 3265 2182 3331 festatur,
2233 3273 2294 3320 ut
2344 3274 2486 3320 totus
2515 3266 2652 3323 liber
2694 3266 2864 3323 Deum
2908 3277 2964 3323 et
3015 3269 3291 3325 hominem
3324 3278 3512 3326 natum

138 3420 143 3427 ν
246 3357 465 3428 sperabo
498 3357 551 3411 in
598 3373 715 3410 eum
746 3354 919 3428 (Psal.
954 3356 1064 3428 xc).
1100 3356 1333 3410 Mat/tan.
1378 3354 1594 3410 Danaus
1620 3355 1706 3412 vel
1735 3356 1831 3411 do-

247 3458 425 3503 natus.
459 3447 555 3502 Ille
582 3457 666 3503 est
693 3448 783 3518 qui
821 3449 966 3503 dedit
1008 3449 1145 3503 bona
1171 3448 1499 3511 hominibus,
1527 3456 1583 3504 et
1614 3449 1678 3504 de
1725 3464 1832 3519 quo

250 3536 479 3594 dicitur:
511 3526 773 3594 Sic‘Deus
799 3538 979 3594 dilexit
1021 3539 1308 3606 mundum,
1353 3547 1406 3592 ut
1432 3536 1633 3593 Filium
1676 3555 1831 3594 suum

249 3632 391 3687 daret
422 3630 608 3706 (Joan.
636 3632 740 3704 In).

316 3724 420 3779 Per
447 3726 551 3780 hos
577 3732 758 3794 patres
787 3723 1032 3781 Christus
1076 3725 1129 3780 in
1175 3726 1456 3790 mundum,
1509 3735 1564 3797 et
1590 3726 1829 3781 omnium

250 3813 442 3871 horum
472 3816 532 3870 in
558 3829 615 3871 se
646 3817 867 3887 gerebat
887 3815 1140 3871 cilicium.
1186 3815 1255 3871 Et
1282 3817 1500 3891 dignum
1527 3825 1609 3872 est
1633 3825 1692 3873 ut
1735 3833 1832 3888 per

252 3908 498 3962 eamdem
526 3907 717 3961 lineam
751 3907 1050 3962 sanctitatis
1080 3907 1146 3961 ad
1179 3922 1299 3961 eum
1332 3907 1707 3974 ascendamus,
1734 3922 1831 3978 per

252 4014 407 4069 quam
436 3999 509 4054 ad
532 4013 631 4053 nos
653 3999 977 4054 descendere
1004 4007 1088 4054 est
1113 3999 1383 4070 dignatus.

323 4091 489 4146 Vsus.
526 4090 610 4144 l6.
655 4119 725 4130 ο·-
751 4089 963 4161 Ioseph.
997 4089 1286 4161 Apponens
1329 4089 1574 4146 Christus
1603 4089 1693 4159 qui
1738 4086 1831 4145 Iu-

255 4184 387 4240 ιΙιεῐδ
414 4193 611 4257 gentes
641 4183 891 4254 apposuit
919 4223 937 4249 ,
977 4183 1070 4252 qui
1099 4193 1154 4237 et
1178 4190 1333 4254 pater
1359 4181 1561 4238 Christi
1590 4182 1785 4236 dicitur
1811 4221 1827 4250 ,

256 4291 412 4346 quem
443 4277 515 4331 de
551 4290 644 4331 sua
673 4275 899 4346 conjuge
945 4282 1127 4328 natum
1165 4273 1412 4343 adoptive
1438 4273 1708 4344 suscepit:
1735 4273 1832 4329 sed

258 4377 311 4420 ct
338 4367 584 4437 putative
612 4374 766 4436 pater
805 4366 1020 4420 dicitur.
1075 4363 1267 4434 Ioseph
1314 4363 1594 4418 Mattlmeus
1620 4363 1749 4418 dicit
1770 4363 1834 4417 li-

258 4456 382 4513 lium
429 4456 624 4525 Iacob,
667 4465 721 4517 et
766 4456 930 4511 Iacob
963 4455 1129 4510 ﬁlium
1164 4456 1396 4511 Mathan.
1433 4455 1606 4510 Lucas
1632 4454 1831 4525 Ioseph

261 4549 423 4605 ﬁlium
482 4549 619 4615 lleli,
671 4559 725 4605 et
768 4546 885 4611 Heli
944 4546 1111 4603 ﬁlium
1144 4547 1367 4612 Matliat,
1403 4549 1496 4603 sed
1532 4547 1745 4602 Mathan
1778 4555 1832 4602 et

262 4641 463 4698 Mathat
513 4643 579 4698 de
611 4644 797 4697 eadem
823 4632 988 4696 uxore
1024 4639 1186 4694 Hesta
1213 4639 1430 4695 nomine
1468 4638 1707 4710 singulos
1740 4653 1829 4709 ge-

261 4742 519 4788 nuerunt.
571 4731 786 4785 Mathan
842 4731 933 4799 qui
984 4745 1080 4799 per
1121 4728 1461 4784 Salomoncm
1514 4729 1828 4799 descendit,

263 4839 377 4878 eam
410 4824 565 4896 prius
598 4823 780 4889 duxit,
809 4832 863 4876 et
894 4820 1082 4877 relicto
1110 4836 1217 4876 uno
1248 4820 1354 4874 ﬁlio
1399 4818 1567 4875 Iacob
1593 4820 1747 4887 obiit,
1778 4831 1832 4883 ει

262 4926 445 4986 postea
494 4916 699 4971 Mathat
743 4916 833 4988 qui
860 4930 958 4986 per
994 4913 1207 4968 Mathan
1242 4914 1517 4969 descendit
1544 4913 1610 4969 de
1642 4914 1829 4982 David,

263 5010 504 5063 eamdem
536 5007 688 5063 duxit
717 5015 773 5062 et
810 5005 994 5078 genuit
1020 5003 1158 5070 Heli,
1186 5005 1264 5059 sic
1292 5003 1457 5060 Iacob
1496 5013 1551 5059 et
1576 5004 1691 5058 Heli
1722 5005 1833 5059 {ra-

265 5110 374 5155 tres
411 5110 539 5157 sunt
566 5101 782 5156 uterini.
807 5088 973 5155 Iacob
1007 5108 1185 5153 autem
1237 5112 1457 5151 uxorem
1501 5096 1616 5152 Heli
1645 5096 1831 5152 fratris

261 5193 675 5249 vuisineliberis
702 5182 1045 5258 defuncti,ad
1076 5190 1442 5245 suscitandum
1484 5205 1666 5244 semen
1692 5188 1829 5257 ejus,

262 5304 283 5347 ξ
298 5286 556 5357 ccipiens,
572 5287 758 5358 genuit
778 5284 975 5355 Ioseph
1002 5286 1393 5351 naturaisuum,
1423 5282 1518 5336 sed
1536 5283 1834 5343 secundum

267 5380 436 5450 legem
480 5379 595 5435 Heli
637 5378 826 5449 tilium.
861 5378 1011 5446 Quod
1043 5377 1238 5435 dicitur
1278 5375 1420 5429 ﬁlius
1467 5375 1684 5429 nomine
1721 5374 1839 5445 eius
1874 5430 1877 5433 .

268 5472 446 5527 vocari
490 5473 577 5528 cui
625 5473 954 5537 suscitatur,
1007 5486 1115 5526 non
1163 5477 1247 5524 est
1284 5481 1475 5523 verum
1521 5483 1643 5522 cum
1694 5467 1836 5525 Βοοι

265 5576 383 5617 eum
413 5576 575 5633 quem
596 5564 780 5636 genuit
801 5579 869 5619 ex
902 5561 1069 5628 Ruth,
1094 5576 1201 5616 non
1231 5558 1522 5615 Elimelech
1553 5559 1641 5614 cui
1664 5559 1835 5615 susci-

263 5659 424 5721 tatur,
453 5657 552 5712 sed
575 5655 748 5712 Obeth
774 5654 1005 5711 vocavit.
1238 5722 1243 5726 ν

337 5744 528 5802 Virum
579 5748 786 5805 Haritr.
828 5748 978 5825 Quid
1018 5747 1087 5803 ad
1128 5745 1405 5803 Christum
1461 5746 1736 5819 generatio
1772 5760 1838 5801 ex

260 5833 424 5896 David
453 5839 695 5896 deducta
721 5838 788 5894 ad
823 5837 1041 5911 Ioseph,
1069 5853 1190 5917 cum
1225 5838 1472 5897 Christus
1513 5853 1618 5894 non
1653 5853 1719 5893 cx
1752 5853 1839 5894 se-

1936 3358 2269 3412 demonstret
2301 3373 2314 3411 :
2345 3358 2488 3428 quod
2519 3368 2600 3413 est
2626 3358 2953 3415 credendum
2981 3366 3042 3415 ut
3064 3361 3235 3429 possit
3262 3360 3507 3433 intelligi.

1932 3448 2033 3504 Hic
2051 3449 2195 3504 enim
2217 3464 2408 3505 sensus
2433 3449 2614 3505 deﬁcit
2634 3452 2928 3517 humanus,
2952 3452 3041 3508 ubi
3065 3468 3171 3508 non
3191 3461 3272 3509 cst
3292 3461 3509 3522 natura,

1931 3543 2028 3598 sed
2053 3542 2228 3598 virtus
2258 3560 2274 3598 :
2306 3544 2398 3613 qui
2417 3559 2526 3599 non
2552 3545 2722 3600 credit
2745 3562 2854 3600 non
2878 3546 3129 3618 intelligit
3154 3547 3320 3617 .qnod
3359 3547 3517 3620 virgo

1930 3636 2162 3706 peperit,
2188 3636 2331 3705 quod
2358 3637 2584 3691 verbum
2608 3651 2737 3691 caro
2765 3636 2966 3692 factum
2995 3645 3100 3693 est.

2003 3726 2135 3781 Cum
2164 3736 2293 3782 esset
2319 3726 2651 3798 desponsata.
2699 3727 2904 3799 (Οιιιε.)
2935 3727 3421 3799 Ideo-desponsata
3449 3735 3513 3783 ut

1933 3817 2267 3889 signiﬁcaret
2300 3818 2618 3884 Ecclesium,
2653 3834 2772 3889 qua:
2806 3820 2961 3890 virgo
2987 3828 3073 3875 est
3099 3828 3154 3874 et
3186 3835 3381 3890 sponsa
3412 3833 3429 3874 :
3455 3827 3513 3875 et

1932 3920 1992 3966 ut
2025 3926 2122 3980 per
2146 3910 2371 3979 Ioseph,
2397 3921 2528 3976 etc.,
2560 3928 2720 3981 usque
2749 3912 2818 3967 ad
2855 3912 3199 3982 desponsatio
3227 3911 3393 3971 ﬁebat
3416 3926 3513 3982 per

1932 4001 2140 4071 aliquot
2181 4001 2296 4058 dies
2317 4011 2442 4057 ante
2462 4004 2736 4058 assiduam
2760 4003 3213 4061 cohabitationem
3236 4042 3252 4070 ,
3282 4011 3339 4058 et
3374 4003 3513 4061 inte-

1931 4095 2034 4150 rim
2051 4102 2169 4151 erat
2195 4108 2330 4149 uxor
2355 4095 2457 4149 sub
2482 4096 2724 4151 custodia
2752 4096 2876 4152 viri.

2004 4185 2296 4255 Antequam
2324 4187 2676 4241 convenirent.
2707 4185 2822 4241 Non
2851 4186 2994 4256 quod
3022 4194 3209 4256 postea
3237 4201 3510 4243 convene—

1932 4276 2042 4333 rint
2071 4294 2085 4330 :
2115 4284 2174 4331 ιιι
2199 4276 2244 4332 si
2293 4277 2596 4332 diceremus
2639 4287 2926 4348 antequam
2972 4279 3302 4349 ptBnituerit,
3333 4286 3511 4335 morte

1932 4380 2239 4441 praeventus
2284 4378 2386 4425 est.
2429 4369 2544 4426 Non
2584 4373 2726 4441 quod
2764 4381 2951 4443 postea
2988 4373 3366 4438 convenerint;
3415 4371 3514 4431 sed

1933 4460 2167 4515 ostendit
2190 4460 2495 4529 proximum
2525 4469 2732 4530 tempus
2752 4462 3083 4532 nuptiarum,
3099 4461 3153 4515 in
3170 4476 3278 4533 quo
3300 4461 3513 4532 nuptia-

1934 4567 2053 4606 rum
2089 4551 2345 4606 solemnia
2375 4551 2738 4607 celebrantur.

2006 4644 2222 4699 Inventa
2249 4654 2321 4699 est
2349 4646 2403 4698 in
2428 4653 2575 4701 utero
2597 4645 2807 4700 habens.
2831 4646 3037 4701 Invenit
3058 4645 3255 4716 Ioseph
3278 4644 3333 4700 in
3354 4652 3512 4703 utero

1937 4735 2158 4801 habere,
2189 4736 2283 4791 sed
2311 4750 2418 4789 non
2442 4735 2509 4789 de
2528 4734 2730 4804 Spiritu
2754 4748 2940 4793 sancto
2969 4736 3177 4793 sciebat
3203 4750 3357 4791 esse:
3384 4750 3509 4791 cum

1935 4837 2119 4900 postea
2145 4836 2203 4882 ut
2234 4828 2425 4882 dubius
2448 4828 2772 4884 deliberaret
2798 4830 3067 4886 dimittere
3109 4843 3227 4887 eam
3248 4869 3266 4894 ,
3295 4836 3512 4897 aposttk

1937 4920 2023 4979 lus
2048 4928 2227 4975 autem
2259 4920 2361 4976 hoc
2386 4920 2538 4975 addit
2562 4937 2631 4976 ne
2664 4922 2876 4977 interim
2921 4929 3232 4991 surreperet
3274 4921 3512 4992 suspicio

1935 5011 2147 5067 lector..
2193 5009 2471 5076 Quomodo
2512 5012 2618 5067 hoc
2655 5012 2856 5067 factum
2892 5013 2964 5069 sit
2987 5050 3003 5076 ,
3045 5019 3102 5065 et
3135 5025 3245 5081 quo
3280 5010 3510 5078 ordine,

1937 5102 2023 5159 vel
2060 5102 2112 5156 in
2140 5118 2244 5172 qua
2286 5102 2505 5159 civitate
2532 5102 2732 5158 Christi
2757 5103 3035 5172 conceptio
3081 5102 3155 5157 sit
3196 5100 3469 5158 celebrata
3491 5136 3511 5169 ,

1937 5193 2043 5249 hoc
2070 5194 2490 5263 praetermissum
2517 5210 2548 5247 a
2576 5193 2720 5248 Luca
2745 5194 3049 5264 exponitur.

2009 5285 2169 5341 Vens.
2199 5287 2283 5340 19.
2310 5317 2381 5325 —
2406 5285 2610 5340 Justus.
2635 5285 2739 5340 Per
2759 5285 2940 5348 ﬁdem.
2956 5302 3060 5358 qua
3081 5285 3334 5343 credebat
3349 5284 3512 5342 Chri-

1936 5385 2081 5437 stum
2116 5378 2182 5434 de
2214 5379 2421 5449 vrrgi’ne
2456 5378 2790 5436 nasciturum
2816 5418 2833 5445 ,
2868 5387 2927 5435 et
2949 5378 3119 5436 voluit
3141 5392 3203 5437 se
3223 5377 3514 5435 humiliare

1941 5479 2068 5526 ante
2097 5480 2299 5527 tantam
2332 5472 2584 5540 gratiam.

2016 5561 2167 5630 Quod
2185 5562 2366 5633 justus
2388 5571 2525 5630 erat,
2572 5565 2676 5620 hoc
2718 5571 2804 5620 est
2845 5564 3210 5625 testimonium
3249 5562 3514 5625 castitatis

1946 5652 2147 5719 Marias,
2190 5661 2249 5707 nt
2299 5653 2389 5724 qui
2445 5665 2624 5709 servat
2660 5652 3233 5724 innocentetn.,iustus
3259 5655 3509 5710 dicatur:

1948 5745 2042 5800 scd
2078 5752 2131 5798 et
2177 5746 2298 5816 pius
2332 5746 2456 5800 dum
2498 5747 2663 5813 nollet
2708 5748 3029 5820 propalare,
3073 5763 3141 5804 ex
3183 5745 3513 5803 conscientia

1949 5839 2218 5901 castitatis
2252 5838 2451 5911 justus,
2481 5857 2545 5899 ex
2580 5844 2770 5901 timore
2796 5844 2935 5915 pius.
2960 5842 3187 5901 Sciebat
3219 5840 3364 5899 illam
3394 5854 3513 5901 esse
