4068 6344
511 347 581 407 ἠ
1011 349 1407 408 WALAFRIDI
1443 335 1938 408 STRABI'FULD.
1974 350 2139 409 MON.
2179 349 2331 410 OPP.
2369 351 2552 411 PARS
2585 355 2628 411 Ι.
2663 383 2735 399 —-
2767 355 3225 419 THEOLOGICA.
3349 411 3367 420 -
3719 370 3791 427 72

515 461 898 534 inculpabilem
921 479 938 519 :
961 463 1058 520 sed
1081 464 1224 520 unde
1247 463 1334 519 vel
1362 465 1491 535 quid
1510 473 1656 522 esset
1685 465 2009 536 ignorabat:
2047 471 2104 520 et
2127 469 2180 532 Α
2205 463 2494 536 impleatur
2535 465 2763 524 arbitrio
2794 487 2810 524 :
2841 477 2902 524 ut
2926 471 3043 529 haec
3073 473 3140 529 de
3167 489 3274 545 qua
3315 473 3408 531 hic
3447 476 3644 548 agitur.
3672 479 3790 536 Alia

517 554 643 612 ideo
669 555 900 612 mediam
940 555 1102 627 elegit
1139 556 1284 611 viam
1326 554 1636 626 eli‘ugiendi,
1662 564 1722 612 ut
1745 572 1922 629 neque
1956 557 2104 612 inno-

517 656 730 702 centem
771 647 1048 718 proderet,
1080 661 1256 718 neque
1281 647 1361 704 rei
1392 648 1682 721 inc0gnita:
1715 647 2104 705 consentiendo

515 755 576 796 se
603 755 757 796 reum
786 739 990 796 faceret
1016 754 1200 795 coram
1230 740 1359 796 Deo.
1407 739 1545 796 Vera
1595 741 1770 797 virtus
1807 749 1933 806 est,
1979 755 2104 795 cum

517 849 618 891 nec
646 833 819 904 pietas
839 833 960 888 sine
977 831 1212 902 iustitia,
1237 849 1338 891 nec
1367 835 1484 890 sine
1510 835 1713 907 pietate
1725 835 1962 907 iustitia,
1983 849 2106 906 quae

513 936 779 998 separata
804 926 874 982 ah
895 926 1129 983 invicem
1152 927 1480 984 dilabuntur.

591 1018 661 1073 Et
685 1016 844 1073 nollet
871 1034 1006 1073 eam.
1040 1018 1214 1087 Quam
1238 1020 1662 1091 desponsaverat
1697 1019 1754 1075 in
1793 1018 2104 1090 coniugium

513 1111 738 1175 ducere,
803 1123 872 1166 ne
906 1109 1184 1166 videretur
1233 1111 1378 1182 quod
1426 1112 1710 1184 ignorabat
1760 1113 1959 1170 celare.
2006 1110 2106 1169 Vel

515 1203 808 1259 traducere
854 1202 923 1258 ad
949 1217 1169 1263 umnam
1216 1204 1270 1259 in
1302 1219 1408 1275 qua
1433 1215 1660 1263 noverat
1685 1221 1795 1262 non
1820 1221 1942 1262 esse
1967 1205 2106 1261 infa-

512 1301 706 1362 mlam,
741 1294 868 1366 quia
899 1294 1105 1353 sciebat
1129 1311 1189 1353 se
1216 1310 1337 1354 eam
1366 1298 1631 1370 virginem
1672 1298 1948 1371 accepisse
1974 1335 1992 1365 ,
2019 1296 2104 1352 in-

513 1395 718 1444 tactam
747 1402 1017 1445 servasse.

585 1478 749 1535 Vens.
774 1477 868 1534 20.
893 1509 964 1520 -
986 1478 1114 1535 Haec
1143 1489 1318 1536 autem
1340 1498 1400 1537 eo
1420 1483 1698 1554 cogitante.
1724 1481 1825 1540 Hic
1846 1483 2104 1540 docemur

514 1569 605 1625 diu
641 1569 1050 1626 deliberandum
1081 1585 1204 1628 esse
1236 1573 1294 1628 in
1338 1572 1562 1630 incertis
1586 1614 1601 1640 ,
1632 1588 1702 1630 ne
1737 1585 1996 1646 peccetur
2024 1583 2104 1630 te-

514 1661 770 1718 meritate
808 1662 1062 1720 levitatis.
1112 1660 1249 1719 Ecce
1284 1663 1501 1736 angelus
1545 1665 1781 1720 Domini.
1837 1665 1976 1734 Quia
2024 1665 2106 1724 sic

512 1751 600 1822 pie
629 1751 850 1822 cogitat,
901 1752 1170 1810 consolari
1216 1763 1461 1811 meretur
1484 1795 1499 1820 ,
1533 1764 1588 1810 et
1616 1755 1900 1811 consilium
1943 1770 2102 1812 suum

2207 564 2294 611 est
2321 571 2390 613 ex
2421 558 2760 628 praescientia
2795 561 2891 616 Dei
2922 561 3009 617 cui
3055 572 3304 620 nostrum
3343 565 3678 625 admiscetur
3705 587 3791 626 ar-

2205 648 2450 704 hitrium.
2497 650 2616 706 Alia
2647 660 2748 720 est,
2792 668 2913 724 quae
2941 657 3293 712 comminatio
3326 658 3544 728 dicitur,
3587 678 3710 733 qua:
3731 665 3791 720 tit

2204 740 2274 796 ob
2320 741 2534 812 signum
2577 743 3064 802 animadversionis
3112 747 3452 816 divinae,'ut
3502 751 3714 825 fugiant
3759 771 3790 810 a

2205 829 2344 888 facie
2381 849 2543 890 arcus
2566 834 2749 902 electi,
2775 845 2831 892 et
2846 836 2994 907 iuste
3013 847 3240 909 pereant
3258 841 3480 909 incauti,
3507 852 3562 898 et
3589 860 3699 900 non
3723 861 3792 902 ex

2204 925 2546 1011 praescientia
2579 945 2593 981 :
2627 927 2755 998 quia
2787 927 2945 1002 longe
2961 929 3124 986 aliter
3147 930 3337 1000 scitur,
3364 949 3526 1005 quam
3552 933 3792 993 futurum

2205 1014 2585 1071 comminetur.

2276 1107 2441 1164 Vens.
2455 1108 2545 1165 25.
2563 1107 2784 1168 —Ecce
2803 1114 2967 1186 virgo.
2982 1113 3301 1171 Admiratur
3316 1117 3582 1188 propheta
3601 1119 3787 1188 Isaias,

2204 1204 2262 1251 et
2289 1199 2446 1268 quasi
2470 1214 2660 1258 omnes
2686 1202 2752 1259 de
2784 1218 2974 1262 somno
3014 1205 3288 1264 suscitans
3306 1247 3322 1274 ,
3351 1207 3464 1264 ait:
3489 1209 3627 1265 Ecce
3649 1211 3789 1283 virgo

2204 1289 2260 1343 in
2286 1301 2432 1346 utero
2474 1293 2677 1348 habebit
2701 1295 2838 1368 (Isa.
2887 1297 3008 1371 vn).
3047 1297 3273 1370 Spiritui
3317 1312 3510 1360 sancto
3550 1319 3794 1374 praesens

2204 1391 2323 1439 erat
2361 1387 2504 1456 quod
2535 1387 2591 1442 in
2629 1399 2872 1460 tempore
2897 1393 3134 1449 nondum
3161 1401 3297 1449 erat.
3328 1394 3466 1452 Ecce
3492 1397 3654 1469 virgo,
3679 1408 3789 1456 etc.

2203 1477 2403 1537 Dicunt
2435 1481 2604 1540 Judaei
2637 1486 2780 1556 quod
2815 1503 2924 1544 non
2953 1499 3037 1545 est
3075 1490 3180 1547 hoc
3209 1506 3410 1549 nomen
3435 1494 3790 1568 integritatis,

2203 1572 2300 1627 sed
2348 1575 2523 1631 aetatis
2562 1576 2760 1647 puella.
2794 1578 2903 1636 Sed
2929 1581 3200 1652 quomodo
3245 1591 3374 1641 tunc
3414 1594 3499 1642 est
3539 1587 3795 1660 signum?

2205 1663 2440 1722 Sensum
2478 1667 2630 1726 Isaiae
2667 1671 2934 1741 sequitur,
2965 1689 3073 1730 non
3100 1673 3288 1730 verba.
3328 1673 3438 1732 Pro
3475 1679 3792 1750 concipiet,

2202 1758 2393 1828 ponit:
2420 1758 2490 1815 In
2527 1770 2669 1817 utero
2699 1763 2949 1820 habebit:
2977 1772 3033 1821 et
3055 1766 3330 1824 vocabunt
3353 1807 3370 1835 ,
3397 1784 3499 1841 pro
3526 1771 3749 1829 vocabis
3769 1810 3792 1841 ,

514 1842 724 1901 meliori
775 1843 1004 1900 consilio
1055 1851 1313 1900 mutatur.
1368 1844 1480 1900 Fili
1526 1845 1716 1900 David.
1752 1845 2100 1917 Recognosce
2125 1835 2175 1898 Β
2201 1847 2287 1902 vel
2323 1849 2624 1906 vocabitur.

511 1934 655 2006 quod
678 1934 1005 2006 promissum
1031 1943 1115 1992 est
1143 1937 1327 1992 domui
1355 1937 1525 1993 David
1549 1978 1564 2003 ,
1604 1937 1670 1993 de
1697 1952 1803 2008 qua
1838 1944 1892 1992 tu
1933 1951 1995 1992 es
2038 1945 2097 1992 et

512 2025 703 2094 Maria,
737 2035 794 2083 et
825 2027 949 2084 vide
978 2027 1260 2099 impletum
1297 2029 1351 2083 in
1387 2045 1473 2085 ea.
1510 2027 1637 2083 Noli
1667 2030 1870 2084 timere.
1894 2028 2096 2096 Quam-

512 2118 597 2174 vis
631 2127 840 2174 tantum
875 2118 947 2174 sit
975 2127 1237 2189 quantum
1282 2119 1461 2175 credis
1487 2159 1502 2186 ,
1555 2127 1610 2176 et
1659 2135 1728 2175 ne
1777 2121 1968 2176 timeas
1995 2132 2098 2191 pro

515 2219 692 2278 reatu,
712 2211 807 2266 sed
835 2211 1165 2282 amplectere
1200 2213 1482 2269 charitatis
1511 2213 1730 2270 intuitu.
1783 2213 2091 2287 Conjugem.

511 2301 720 2375 Coniux
745 2313 863 2360 erat
888 2321 997 2362 non
1021 2307 1329 2373 concubitu,
1360 2306 1454 2363 sed
1483 2306 1701 2375 affectu,
1726 2323 1834 2365 non
1867 2308 2096 2381 coniun-

406 2465 414 2473 '
511 2396 692 2454 ctione
718 2399 985 2469 corporis,
1017 2400 1112 2456 sed
1135 2401 1481 2471 copulatione
1511 2403 1839 2459 animorum.

583 2485 721 2544 Nota
749 2488 1031 2561 coniugem
1061 2490 1170 2548 dici
1216 2509 1248 2548 a
1291 2495 1468 2566 prima
1505 2493 1610 2551 fide
1636 2493 2092 2565 desponsationist

509 2578 679 2651 Igitur
705 2582 1122 2653 dispensationis
1149 2594 1264 2654 est,
1317 2587 1362 2643 si
1398 2588 1520 2658 quis
1567 2587 1902 2659 permittitur
1925 2588 2092 2644 aliam

512 2670 711 2728 ducere
736 2682 860 2745 post
882 2686 1280 2734 sacramentum
1309 2678 1633 2750 sponsionis,
1665 2687 1720 2736 et
1744 2679 1791 2736 si
1813 2694 2091 2751 nunquam

513 2764 753 2824 debitum
783 2767 992 2826 solvere
1016 2772 1208 2841 possit.

579 2858 726 2915 Bene
752 2858 954 2932 Joseph
981 2862 1088 2929 vir,
1110 2871 1165 2918 et
1198 2862 1366 2919 Maria
1393 2862 1592 2944 coniu}
1617 2865 1839 2933 dicitur,
1875 2879 2000 2922 cum
2030 2864 2089 2922 in

507 2962 576 3006 eo
603 2957 852 3006 servatur
879 2951 1107 3010 affectus
1131 2955 1355 3022 amoris,
1375 2956 1520 3026 quod
1538 2970 1727 3018 verum
1757 2956 2090 3032 coniugium,

513 3048 571 3096 et
595 3040 651 3095 in
683 3055 748 3096 ea
786 3042 902 3097 sine
931 3044 1076 3100 coitu
1105 3036 1189 3100 est
1219 3044 1428 3103 fructus
1464 3048 1792 3117 nuptiarum.

2274 1938 2607 2000 Emmanuel.
2643 1944 2931 2017 Proprium
2971 1959 3056 2006 est
3091 1951 3314 2021 Christi,
3356 1961 3419 2010 ut
3453 1952 3636 2024 Jesus,
3661 1958 3792 2029 quia

2209 2048 2335 2118 cum
2372 2035 2458 2091 his
2486 2051 2623 2106 quos
2646 2037 2838 2106 salvat,
2869 2054 3082 2113 semper
3125 2044 3428 2116 adiuvando
3452 2060 3789 2118 perseverat.

2251 2115 2473 2182 ~Tribus
2501 2127 2570 2183 de
2593 2130 2776 2186 causis
2805 2131 2872 2187 de
2909 2132 3092 2190 Veteri
3137 2115 3482 2194 Testamento
3505 2141 3701 2197 astruit
3720 2156 3790 2200 ea

2199 2230 2320 2288 quae
2340 2217 2492 2290 ponit
2514 2219 2568 2276 in
2594 2221 2888 2295 Evangelio
2917 2238 2934 2279 :
2960 2241 3060 2298 pro
3085 2229 3486 2298 testiﬁcatione,
3507 2241 3563 2289 ut
3588 2233 3790 2306 habeat

2200 2310 2571 2367 testimonium
2608 2329 2640 2368 a
2669 2313 2784 2385 lege
2805 2323 2860 2372 et
2881 2319 3166 2390 prophetis
3196 2337 3212 2375 :
3243 2338 3342 2394 pro
3376 2324 3790 2385 confirmatione

2197 2397 2326 2455 ﬁdei
2353 2440 2370 2467 ,
2403 2401 2531 2471 quia
2574 2401 2789 2459 facilius
2827 2407 3100 2466 credimus
3137 2427 3261 2466 cum
3293 2413 3537 2472 videmus
3564 2416 3788 2488 impleta

2195 2505 2320 2561 quae
2341 2499 2470 2546 sunt
2494 2493 2789 2564 praedicta:
2813 2511 2914 2568 pro
2935 2499 3314 2571 coniunctione
3333 2504 3469 2564 Novi
3493 2517 3550 2564 et
3569 2509 3787 2566 Veteris

2199 2580 2552 2640 Testamenti.

2265 2673 2433 2769 Vens.
2460 2677 2554 2769 24ἶ
2575 2709 2648 2720 -
2665 2679 2971 2756 Exsurgens
2992 2696 3166 2743 autem
3185 2687 3404 2763 Ioseph,
3431 2702 3536 2750 etc.
3565 2693 3784 2769 (Βεω.)

2194 2765 2490 2822 Moraliter.
2522 2766 2782 2842 Quisquis
2834 2788 2867 2828 a
2916 2773 3030 2832 Deo
3059 2789 3328 2847 movetur,
3362 2781 3536 2838 solvat
3560 2765 3782 2854 moras,

2193 2868 2384 2932 surgat
2425 2877 2458 2918 a
2507 2877 2698 2920 somno
2731 2882 2744 2920 :
2778 2865 2944 2924 faciat
2978 2872 3124 2941 quod
3171 2872 3412 2943 iubetur.
3455 2875 3604 2932 Fecit
3643 2879 3781 2936 sicut

2192 2954 2458 3024 praecepit.
2475 2953 2722 3012 Perfecta
2737 2951 3063 3017 obedientia.
3090 2962 3244 3020 Fecit
3269 2979 3377 3020 non
3402 2974 3608 3022 tantum
3635 2969 3778 3040 quod

2204 3048 2462 3117 praecepit
2489 3049 2732 3120 angelus,
2762 3053 2858 3108 sed
2878 3053 3042 3110 etiam
3071 3056 3212 3112 sicut
3235 3059 3510 3130 praecepit.
3553 3059 3781 3118 Exhibi-

583 3129 650 3184 In
677 3147 740 3185 ea
766 3141 948 3188 natum
972 3142 1069 3190 est.
1098 3133 1176 3192 De
1208 3150 1273 3192 ea
1307 3137 1476 3202 nasci,
1526 3146 1609 3193 est
1655 3138 1710 3193 in
1763 3137 1935 3194 lucem
1965 3117 2104 3210 pro?
2125 3202 2161 3210 _
2198 3138 2346 3196 tione
2359 3117 2732 3209 servitutis,et
2751 3145 2946 3204 effectu
2975 3149 3176 3205 amoris
3189 3149 3446 3207 obediens
3471 3161 3618 3210 recte
3638 3154 3778 3210 dici-

508 3219 651 3276 duci.
690 3221 748 3278 in
782 3237 847 3278 ea
876 3239 1005 3282 vero
1041 3228 1234 3295 nasci,
1275 3237 1360 3286 est
1391 3230 1640 3301 concipi,
1664 3230 1750 3286 vel
1792 3202 2085 3288 secundum
2114 3202 2161 3268 ο
2195 3247 2283 3298 iur
2311 3231 2508 3290 fecisse
2531 3235 2671 3291 sicut
2695 3241 2955 3310 praecepit
2983 3240 3033 3295 ei
3069 3240 3336 3312 .Angelus
3376 3242 3612 3300 Domini.
3656 3245 3778 3302 Non

506 3313 852 3382 prmsentiam
883 3315 1056 3387 angeli
1078 3333 1240 3388 quam
1263 3321 1426 3377 habet
1455 3337 1523 3377 ex
1551 3321 1698 3377 Deo:
1727 3321 1814 3377 cui
1844 3321 2085 3378 futurum

508 3402 661 3472 quasi
690 3405 1043 3473 praeteritum,
1083 3417 1269 3463 natum
1296 3409 1514 3465 dicitur.
1545 3409 1624 3464 De
1656 3409 1860 3479 Spiritu
1905 3422 2089 3469 sancto

505 3503 601 3548 est.
642 3492 879 3563 Spiritus
905 3505 1127 3553 sanctus
1167 3499 1367 3555 dicitur
1397 3500 1558 3567 Deus,
1609 3509 1666 3555 et
1701 3500 1900 3557 donum
1945 3503 2085 3571 Dei,

507 3590 565 3640 et
587 3585 850 3653 charitas,
872 3595 929 3642 et
956 3586 1070 3643 sola
1099 3588 1338 3646 charitas
1366 3605 1490 3646 eum
1515 3590 1788 3647 incarnari
1812 3591 1962 3649 fecit.

579 3671 741 3730 Vens.
761 3673 851 3730 21.
872 3674 1164 3733 —‘Pariet.
1193 3677 1272 3734 Ne
1297 3680 1568 3738 videretur
1603 3681 1804 3754 Joseph
1832 3699 1942 3739 non
1968 3697 2090 3742 esse

507 3765 848 3822 necessarius
859 3767 933 3836 ei,
958 3769 1170 3826 subdit:
1188 3769 1390 3827 Pariet.
1414 3773 1482 3829 Et
1510 3775 1585 3830 ita
1612 3776 1724 3832 eris
1750 3779 2090 3836 necessarius

505 3854 894 3924 procurationi.
942 3857 1013 3912 Et
1058 3860 1267 3916 vocabis
1312 3879 1498 3920 nomen
1534 3867 1651 3937 ejus
1696 3865 1898 3924 Iesum.
1943 3869 2087 3926 Idem

509 3943 644 4000 dicit
695 3946 784 4003 isti
835 3949 982 4020 quod
1045 3953 1372 4022 praedixerat
1419 3954 1600 4012 Mariae
1648 3967 1709 4014 ut
1762 3961 2088 4031 promissum

507 4034 845 4094 Salvatorem
865 4040 982 4112 iam
1010 4043 1224 4100 venisse
1252 4053 1362 4101 tam
1395 4047 1528 4104 viris
1561 4066 1724 4121 quam
1757 4051 1974 4110 feminis
2002 4070 2088 4110 re-

504 4138 797 4202 praesentet
839 4148 908 4189 ex
944 4149 1099 4191 voce.
1126 4135 1248 4208 Ipse
1269 4139 1426 4193 enim.
1449 4139 1656 4197 Nomen
1677 4143 2084 4214 interpretatur.

515 4245 518 4247 λ
581 4221 743 4279 Vens.
775 4223 864 4279 22.
891 4254 961 4266 -
990 4223 1106 4281 Hoc
1131 4238 1329 4296 autem,
1355 4239 1458 4286 etc.
1488 4230 1642 4299 Quod
1674 4236 1974 4306 propinquo
2003 4245 2089 4294 est

504 4310 828 4382 desponsata
856 4331 870 4368 :
894 4315 1039 4385 quod
1060 4316 1277 4372 inventa
1303 4328 1387 4375 est
1413 4319 1468 4374 in
1489 4330 1644 4377 utero
1665 4323 1873 4380 habens
1901 4343 1914 4378 :
1943 4325 2087 4397 quod

506 4403 721 4474 peperit
739 4406 894 4478 virgo
926 4425 939 4462 :
965 4409 1108 4478 quod
1133 4405 1292 4466 Jesus
1313 4421 1536 4474 vocatus
1570 4423 1655 4470 est
1681 4433 1695 4470 :
1723 4417 1868 4487 quod
1893 4418 2082 4474 salvat.

504 4492 620 4549 Hoc
666 4495 812 4550 enim
849 4497 925 4554 ait
957 4497 1336 4571 Evangelista,
1365 4505 1579 4575 quando
1612 4507 1728 4578 iam
1775 4509 1956 4566 omnia
1988 4511 2088 4567 im-

503 4582 648 4655 pleta
675 4595 852 4642 erant.
1567 4617 1588 4646 ς

581 4674 651 4730 Ut
676 4678 1068 4751 adimpleretur.
1095 4681 1249 4741 Isaiae
1275 4687 1577 4758 prophetia,
1606 4691 1817 4761 signum
1842 4702 1927 4750 est
1949 4711 2088 4766 pra:-

505 4767 745 4825 scientiae
785 4771 926 4840 Dei,
979 4776 1104 4846 quia
1153 4780 1295 4848 quod
1343 4781 1476 4838 dicit
1519 4795 1727 4840 certum
1784 4795 1869 4844 est
1905 4803 1937 4843 a
1973 4788 2086 4846 Deo

505 4859 747 4930 praesciri
794 4879 808 4917 :
852 4871 908 4918 et
933 4863 1056 4921 ideo
1094 4866 1163 4922 ab
1192 4868 1412 4926 homine
1440 4871 1598 4928 debet
1627 4874 1826 4930 timeri.
1868 4875 2086 4935 Nullum

507 4961 690 5008 autem
729 4953 942 5026 signum
986 4957 1131 5028 quod
1171 4959 1450 5032 designat,
1497 4963 1660 5020 eﬂicit
1689 4980 1704 5020 :
1735 4967 1830 5022 sed
1881 4976 2090 5025 tantum

507 5047 690 5120 signat
736 5049 881 5119 quod
917 5051 1197 5121 ostendit,
1229 5055 1307 5110 sic
1328 5056 1613 5129 prophetia
1651 5074 1759 5114 non
1789 5061 2090 5117 necessita-

506 5146 616 5220 tem
643 5155 834 5197 eorum
859 5143 990 5200 facit
1009 5159 1130 5217 qua:
1151 5148 1420 5219 praedicit,
1445 5151 1543 5206 sed
1582 5150 1797 5223 signum
1824 5161 1909 5210 est
1945 5169 2092 5225 pra:-

505 5215 749 5288 scientiaa
769 5233 885 5289 Dei.

579 5321 787 5395 (Ηιειι.)
815 5323 933 5382 Non
962 5335 1046 5384 est
1085 5330 1382 5387 necessitas
1412 5345 1596 5388 rerum
1625 5347 1692 5388 ex
1712 5333 1926 5406 eloquio
1964 5351 2085 5406 pro-

506 5413 812 5486 phetarum,
862 5419 957 5474 sed
995 5419 1109 5476 sola
1159 5421 1424 5477 exhibitio
1470 5424 1737 5480 veritatis.
1791 5425 2085 5495 Pr0phetia

508 5519 617 5560 non
655 5505 783 5564 fecit
805 5510 1188 5568 necessitatem
1216 5527 1404 5569 eorum
1434 5529 1557 5585 quae
1577 5515 1729 5583 dicit,
1759 5517 1855 5573 sed
1875 5519 2087 5590 signum

507 5605 593 5654 est
612 5600 968 5669 praescientim
1002 5601 1118 5658 Dei.

581 5693 869 5764 Pmpbetia
909 5694 1012 5750 alia
1041 5703 1218 5754 estex
1258 5698 1738 5766 praedestinatione
1769 5700 1883 5767 Dei,
1926 5718 2088 5774 quam

513 5799 736 5844 necesse
758 5796 843 5865 est
865 5787 1115 5845 omnibus
1133 5789 1325 5863 .modis
1352 5791 1604 5864 evenire,
1632 5802 1693 5862 ut
1735 5795 1853 5865 sine
1899 5805 2092 5862 nostro

2189 3325 2515 3396 relinquitur
2535 3331 2833 3387 mentiendi
2871 3333 3043 3399 locus,
3067 3335 3158 3391 ubi
3183 3335 3418 3391 oﬂicium
3459 3337 3778 3408 angelorum

2189 3416 2515 3473 celebratur.
2549 3417 2618 3474 Et
2664 3424 2861 3493 accepit
2919 3425 3222 3496 conjugem,
3249 3437 3356 3483 etc.
3388 3427 3468 3484 Ad
3497 3430 3777 3488 vitandam

2189 3504 2418 3577 virginis
2459 3505 2760 3578 infamiam,
2805 3512 2876 3568 ad
2911 3513 3197 3571 celandum
3234 3516 3532 3574 Salvatoris
3576 3520 3777 3577 adven-

2189 3604 2326 3661 tum,
2352 3597 2420 3652 ad
2449 3601 2818 3657 necessarium
2847 3604 3002 3674 pueri
3029 3607 3305 3663 nascentis
3331 3608 3672 3689 obsequium.

2260 3687 2425 3744 Vens.
2452 3689 2545 3746 25.
2569 3721 2639 3732 -
2665 3691 2842 3750 Donec
2867 3697 3084 3768 peperit.
3124 3700 3242 3756 Non
3274 3702 3416 3773 quod
3449 3712 3602 3774 post,
3631 3687 3776 3776 quod

2191 3779 2368 3852 magis
2406 3791 2623 3838 constat
2667 3800 2681 3838 :
2727 3799 2851 3841 cum
2887 3787 3074 3846 multis
3101 3791 3276 3848 modis
3314 3793 3566 3865 cognovit
3605 3795 3777 3854 Deum

2188 3885 2311 3928 esse
2339 3873 2433 3942 qui
2460 3881 2620 3930 natus
2646 3884 2750 3932 est.

2258 3961 2377 4018 Non
2408 3965 2555 4035 quod
2591 3977 2782 4038 postea
2816 3972 3132 4042 cognoverit
3159 3990 3173 4027 :
3207 3974 3301 4031 sed
3331 3975 3554 4046 ponitur
3588 3977 3775 4048 donec,

2185 4069 2286 4125 pro
2337 4065 2386 4110 et
2411 4097 2427 4122 ,
2478 4057 2564 4114 vel
2608 4075 2708 4130 pro
2733 4070 2948 4128 interno,
2973 4073 3034 4120 ut
3066 4082 3080 4120 :
3114 4063 3291 4122 Donec
3310 4084 3504 4139 ponam
3535 4070 3776 4128 inimicos

2187 4156 2303 4201 tuos
2355 4147 2640 4203 scabellum
2682 4152 2873 4222 pedum
2919 4165 3130 4211 tuorum
3184 4159 3357 4231 (Psal.
3396 4162 3526 4234 Ctx).
3567 4162 3778 4219 Dicitur

2187 4243 2330 4312 quod
2367 4243 2566 4316 Joseph
2617 4245 2845 4304 Mariam
2896 4251 3040 4309 facie
3085 4256 3155 4312 ad
3203 4255 3399 4314 faciem
3452 4259 3638 4317 videre
3665 4277 3775 4320 non

2187 4343 2436 4404 poterat,
2469 4354 2633 4409 quam
2666 4340 2901 4410 Spiritus
2933 4355 3156 4404 sanctus
3203 4364 3235 4404 a
3280 4352 3632 4422 conceptione
3678 4353 3777 4414 im-

2187 4427 2428 4496 pleverat
2464 4433 2701 4500 penitus.
2736 4434 2804 4490 Et
2841 4437 2963 4494 ideo
2987 4455 3095 4496 non
3134 4445 3492 4513 cognoscebat
3520 4445 3659 4502 facie
3707 4447 3776 4503 ad

2191 4515 2385 4572 faciem
2416 4535 2579 4590 quam
2608 4524 3031 4596 desponsaverat
3058 4570 3074 4596 ,
3114 4532 3285 4588 donec
3321 4542 3510 4621 utergs
3545 4551 3776 4594 evacua-

2193 4615 2382 4663 retur:
2415 4611 2482 4666 de
2504 4628 2611 4683 quo
2639 4615 2731 4672 hic
2773 4633 2881 4674 non
2928 4620 3124 4692 agitur.
3169 4611 3583 4695 Primogenitum
3605 4667 3620 4690 ,
3665 4638 3772 4686 etc.

2191 4700 2619 4775 Primogenitum
2671 4709 2870 4766 dicitur
2917 4727 3079 4770 omne
3118 4715 3262 4786 quod
3301 4717 3479 4787 aperit
3517 4719 3772 4789 vulvam,

2193 4793 2310 4849 sive
2338 4795 2482 4851 aliud
2519 4807 2780 4869 sequatur
2799 4802 2915 4857 sive
2940 4819 3069 4860 non.
3093 4806 3190 4861 Vel
3212 4807 3608 4880 primogenitus
3634 4812 3778 4870 inter

2193 4896 2384 4941 omnes
2409 4886 2611 4944 electos
2640 4904 2738 4961 per
2767 4892 3017 4962 gratiam.
3048 4894 3276 4969 Pr0prie
3301 4908 3484 4957 autem
3529 4905 3777 4974 unigeni-

2195 4981 2281 5031 tus
2309 4975 2406 5033 Dei
2434 4976 2612 5037 Patris
2639 4981 2728 5037 vel
2755 4981 2938 5040 Maria:
2962 4985 3182 5044 dicitur.

2816 5117 3048 5180 CAPUT
3066 5122 3130 5178 ll.

2265 5241 2430 5300 Vilis.
2460 5245 2514 5301 1.
2539 5277 2610 5289 —
2639 5247 2771 5306 Cum
2799 5269 2920 5325 ergo
2952 5265 3132 5324 natus,
3165 5267 3273 5316 etc.
3316 5258 3574 5328 Quamvis
3639 5264 3777 5323 Mat-

2197 5335 2369 5392 thmus
2404 5341 2742 5400 nativitatem
2805 5352 3205 5418 praetermittat,
3254 5362 3434 5411 tamen
3484 5357 3775 5416 adventum

2200 5442 2482 5498 magorum
2520 5433 2782 5504 referens,
2813 5436 3048 5494 breviter
3101 5455 3221 5494 eam
3261 5457 3664 5509 commemorat.
3697 5449 3777 5505 sic

2198 5519 2383 5578 dicens
2415 5541 2427 5576 :
2458 5523 2590 5579 Cum
2612 5543 2754 5598 ergo.
2786 5530 2966 5603 (liam)
3005 5532 3247 5600 Quatuor
3297 5535 3383 5591 hic
3422 5550 3694 5608 ponuntur
3741 5557 3776 5598 a

2196 5614 2476 5685 pmphetis
2527 5617 2802 5685 roborata,
2829 5621 3104 5688 nativitas,
3135 5638 3354 5694 nomen,
3379 5626 3528 5684 locus
3551 5638 3607 5684 et
3637 5636 3776 5686 tem-

2195 5721 2318 5776 pus,
2350 5716 2479 5775 etc.,
2519 5725 2682 5780 usque
2710 5710 2780 5765 ad
2807 5711 2874 5768 de
2903 5713 3134 5771 adventu
3156 5729 3436 5789 magorum
3489 5719 3674 5790 Lucas
3693 5730 3779 5781 ta-

2119 5878 2130 5882 -
2197 5808 2306 5869 cet,
2330 5807 2387 5858 et
2412 5800 2692 5860 Mattheus
2723 5803 2962 5877 exponit.
