4068 6344
223 404 300 461 π..
1163 384 1430 444 GLOSSA
1465 380 1860 440 ORDINARIA.
1899 411 1969 422 —
2000 379 2253 439 EVANG.
2296 382 2552 439 ΜΑΤἸῊ.
2773 453 2776 456 ,
3395 385 3486 470 74,

289 504 562 566 Bethstmn
588 501 767 558 Judw.
799 500 880 556 Ad
907 497 1264 556 differentiam
1294 497 1435 553 illius
1461 511 1580 566 qua:
1615 504 1697 550 est
1733 493 1788 548 in
1815 495 1867 556 Α
1895 495 2039 551 tione
2080 497 2403 552 comitantes
2425 538 2439 562 ,
2495 499 2563 552 ad
2614 498 2942 569 agnitionem
2991 498 3269 566 veritatis,
3330 509 3464 568 etc.,

229 601 456 662 Galilzea,
472 595 684 664 intribu
710 593 968 648 Zabulon.
987 592 1117 646 Duae
1141 589 1424 645 enimsunt
1443 585 1788 641 Bethlebem:

231 691 530 751 Bethlehem
550 687 703 758 prius
729 686 871 740 dicta
907 693 992 740 est
1023 677 1330 755 Ephratha,
1361 679 1672 735 Bethlehem
1701 677 1796 734 do-

231 804 342 845 mus
369 784 542 857 panis,
567 781 695 852 quia
722 781 796 836 ibi
819 779 1128 835 nasciturus
1156 784 1273 831 erat
1301 774 1465 828 Panis
1491 773 1648 827 vivus
1699 771 1792 842 qui

233 883 293 937 de
320 877 450 934 cmlo
471 873 774 939 descendit,
801 871 894 942 qui
921 869 1140 941 ponitur
1163 869 1218 922 in
1239 865 1502 938 praesepio
1528 880 1542 918 :
1570 872 1630 918 ut
1654 863 1765 917 irra
1781 891 1794 903 -

237 966 513 1027 tionabiles
534 972 742 1035 pastos,
769 962 935 1018 faciat
956 961 1132 1016 socios
1152 958 1483 1031 angelorum.
1510 953 1795 1028 Signiﬁcat

231 1069 398 1116 autem
428 1055 758 1122 Ecclesiam,
789 1068 908 1124 qua:
929 1060 1013 1108 est
1042 1052 1231 1107 domus
1278 1051 1333 1106 in
1365 1065 1472 1120 qua
1513 1049 1676 1121 panis
1715 1047 1796 1102 vi-

235 1165 326 1206 vus
349 1147 674 1204 comeditur.
1121 1209 1123 1212 g

297 1240 360 1295 In
385 1240 586 1293 diebus.
619 1233 823 1308 (Ηιειι.)
850 1233 964 1289 Hoc
987 1249 1092 1288 non
1119 1234 1269 1305 ponit
1295 1240 1504 1288 tantum
1531 1247 1629 1303 pro
1666 1239 1798 1287 tem-

232 1310 382 1409 pore,
422 1329 521 1385 sed
567 1337 627 1383 ut
662 1327 911 1382 videatur
960 1325 1274 1396 impletum,
1329 1333 1458 1392 etc.,
1508 1339 1667 1394 usque
1728 1321 1798 1375 ad

231 1423 385 1480 Judaei
415 1421 594 1476 locum
620 1418 894 1474 insinuant
924 1435 937 1472 :
971 1425 1182 1487 tempus
1225 1417 1486 1471 adventus
1542 1430 1649 1470 non
1708 1428 1798 1468 c0-

109 1529 128 1553 ~
232 1517 505 1583 gnoscunt.

297 1598 480 1671 (Auc.)
505 1596 882 1654 Mauil'estatus
911 1607 996 1652 est
1024 1595 1182 1652 Jesus
1218 1612 1327 1652 non
1354 1595 1527 1652 doctis
1563 1609 1662 1650 nec
1712 1593 1800 1665 ju-

230 1691 322 1748 stis
347 1709 360 1745 :
389 1689 649 1762 praevalet
673 1705 928 1760 namque,
948 1698 1080 1756 etc.,
1099 1707 1261 1761 usque
1297 1690 1364 1742 ad
1391 1697 1452 1744 ut
1479 1687 1657 1744 nullus
1678 1703 1799 1742 ma-

231 1799 360 1855 gnus
387 1782 722 1853 superbiret,
756 1781 934 1836 nullus
965 1781 1213 1837 inﬁrmus
1240 1782 1567 1851 desperaret.

1892 601 2052 657 usque
2080 587 2149 640 ad
2171 596 2230 641 ut
2259 603 2351 642 eos
2376 595 2540 643 tantae
2587 589 2810 645 visionis
2858 590 3175 660 mysterium
3225 606 3335 647 non
3388 593 3468 649 la-

1893 685 2054 746 teret,
2075 687 2129 733 et
2169 680 2309 750 quod
2344 679 2513 736 oculis
2565 681 2949 737 ostendebatur
3002 681 3296 751 insolitum,
3347 686 3469 740 ani-

1893 770 1998 824 mis
2029 786 2134 825 non
2163 779 2308 827 esset
2335 773 2647 827 obscurum.

1964 860 2132 916 Vsus.
2157 863 2212 918 5.
2245 893 2316 902 -
2337 863 2570 918 Audiens
2593 873 2766 919 autem
2797 865 3053 932 Herodes,
3081 873 3187 924 etc.
3218 867 3335 924 Rex
3385 869 3468 923 di-

1895 953 2056 1019 citur,
2087 963 2148 1008 ut
2173 954 2461 1010 collatione
2490 956 2608 1027 ejus
2633 957 2725 1027 qui
2749 958 3027 1027 quaeritur,
3053 960 3143 1015 hic
3197 960 3468 1033 intelliga-

1895 1053 1988 1101 tur
2011 1054 2325 1113 extraneus,
2359 1047 2485 1116 quia
2514 1047 2627 1118 jam
2652 1046 2927 1104 defecerat
2954 1051 3219 1121 pr0prius.

1967 1137 2198 1192 Audiens
2220 1147 2394 1192 autem
2417 1137 2672 1194 Herodes.
2709 1139 2886 1195 Alium
2930 1155 3109 1212 regem
3163 1143 3470 1200 Judaeorum

1897 1245 2060 1299 quam
2085 1245 2144 1285 se
2169 1229 2360 1300 quaeri,
2398 1229 2612 1285 volebat
2650 1231 2795 1286 enim
2839 1247 2960 1286 cum
3003 1242 3148 1288 esset
3171 1235 3472 1306 alienigena

1898 1321 2168 1393 legitimus
2195 1339 2289 1378 rex
2311 1323 2482 1378 videri
2508 1340 2520 1376 :
2555 1331 2610 1378 et
2649 1322 2771 1378 ideo
2793 1322 3006 1380 codices
3035 1324 3230 1395 quibus
3283 1343 3474 1398 genea-

1899 1412 2038 1484 10gia
2057 1414 2258 1468 texitur
2285 1415 2566 1469 cremavit.

1974 1504 2234 1560 Turbatus
2268 1514 2365 1571 est,
2395 1515 2503 1562 etc.
2535 1504 2632 1561 Vel
2658 1507 2783 1576 quia
2819 1507 3026 1563 exitum
3079 1510 3233 1581 regni
3270 1512 3353 1566 sui
3413 1513 3480 1567 ti-

1897 1601 2030 1661 met,
2071 1595 2158 1650 vel
2185 1603 2405 1666 propter
2435 1597 2573 1650 iram
2611 1597 2985 1654 Romanorum
3036 1599 3084 1655 si
3131 1600 3234 1656 hoc
3273 1609 3469 1672 patere-

1902 1696 2012 1752 tur,
2042 1688 2134 1757 qui
2159 1688 2516 1744 decreverant
2549 1701 2617 1742 ne
2655 1690 2777 1759 quis
2806 1704 2904 1744 rex
2935 1690 3020 1746 vel
3071 1691 3322 1748 dominus
3367 1695 3484 1750 sine

1901 1793 2092 1832 eorum
2117 1779 2343 1834 consilio
2369 1780 2661 1836 diceretur.
2692 1780 2831 1838 Nato
2860 1797 2986 1854 rege
3008 1783 3169 1850 coeli,
3201 1799 3296 1839 rex
3325 1794 3485 1842 terrae

308 1851 589 1928 Venerunt.
640 1872 801 1944 Magi,
835 1888 940 1927 non
967 1880 1090 1942 post
1109 1887 1310 1926 annum
1342 1887 1356 1926 :
1384 1872 1509 1943 quia
1543 1879 1669 1926 tunc
1694 1886 1800 1926 non
1829 1851 1878 1912 B
1908 1871 2154 1926 turbatus
2189 1879 2289 1933 est.
2319 1872 2442 1941 quia
2471 1872 2725 1927 nimirum
2758 1851 2971 1930 terrena
3001 1875 3229 1932 altitudo
3258 1877 3486 1935 confun-

237 1961 571 2018 inveniretur
600 1961 655 2015 in
681 1963 964 2032 prmsepio,
1003 1961 1097 2016 sed
1120 1961 1174 2016 in
1195 1959 1450 2033 Egypto,
1476 1960 1805 2016 sed'decima

230 2055 384 2108 tertia
413 2053 523 2109 die.
548 2051 792 2108 Fuerunt
817 2061 995 2106 autem
1035 2051 1102 2107 de
1137 2059 1278 2106 terra
1311 2052 1599 2106 Persarum
1626 2052 1719 2107 ubi
1748 2059 1805 2106 et

232 2146 364 2203 Saba
389 2137 598 2201 fluvius
622 2160 653 2200 a
675 2160 784 2216 quo
811 2145 961 2216 regio
990 2145 1321 2212 nominatur,
1337 2143 1492 2213 juxta
1538 2159 1700 2214 quam
1749 2150 1806 2199 et

227 2238 418 2294 Arabia
447 2245 567 2304 est,
593 2236 686 2292 ubi
716 2236 854 2309 Magi
884 2235 1104 2292 fuerunt
1147 2252 1320 2309 reges.
1377 2236 1479 2305 Qui
1535 2237 1641 2293 etsi
1699 2236 1807 2290 tria

227 2343 444 2384 munera
483 2327 746 2383 obtulisse
797 2327 1064 2392 dicuntur,
1114 2342 1221 2381 non
1275 2325 1396 2382 ideo
1456 2341 1562 2381 non
1622 2327 1807 2396 plures

229 2421 380 2490 quam
407 2427 527 2474 tres
557 2418 723 2474 fuisse
754 2417 1069 2488 probantur,
1101 2418 1196 2472 sed
1224 2424 1296 2483 ut,
1323 2433 1422 2486 per
1469 2431 1564 2473 eos
1620 2427 1810 2488 gentes

231 2526 343 2582 qua:
361 2526 429 2566 ex
473 2509 651 2565 tribus
680 2508 806 2564 ﬁliis
829 2507 942 2564 Noe
973 2516 1114 2563 natae
1141 2516 1288 2573 sunt,
1332 2517 1571 2564 venturae
1623 2511 1691 2565 ad
1741 2510 1810 2563 ﬁ-

232 2603 344 2659 dem
365 2601 795 2674 praeligurentur
824 2617 836 2654 :
877 2599 961 2655 vel
1016 2607 1095 2654 tot
1138 2598 1358 2654 fuerunt
1384 2599 1680 2670 principes,
1713 2601 1808 2670 qui

230 2693 420 2749 multos
451 2693 729 2748 duxerunt
754 2691 810 2746 in
839 2706 937 2747 suo
962 2691 1240 2747 comitatu.
1292 2691 1420 2747 Ideo
1467 2691 1608 2763 Magi
1671 2692 1813 2764 apud

230 2785 622 2858 Jcrosolymam
649 2784 918 2856 praecipue
948 2792 1178 2855 rogant:
1204 2783 1330 2854 quia
1358 2799 1456 2854 per
1480 2783 1702 2838 Balaam
1746 2784 1814 2839 de

234 2881 394 2938 Israel
423 2881 768 2937 nasciturum
789 2880 1090 2954 audierunt.
1113 2879 1261 2935 Nova
1281 2877 1422 2935 enim
1441 2869 1593 2935 stella
1616 2896 1812 2936 novum

239 2973 520 3028 hominem
543 2971 833 3026 indicabat.
863 2968 1050 3035 Stella,
1087 2969 1336 3025 Christus
1363 2985 1522 3040 quem
1553 2972 1704 3042 sequi
1730 2972 1818 3026 de-

235 3063 444 3129 bemus,
473 3062 569 3132 qui
586 3061 688 3117 nisi
713 3061 767 3115 in
791 3061 1045 3116 cordibus
1068 3061 1295 3129 oriatur,
1315 3077 1411 3117 rex
1424 3061 1729 3118 Iudaeorum
1760 3063 1817 3118 in

233 3151 454 3209 Oriente
487 3167 599 3207 non
625 3152 902 3220 quaeritur.

296 3244 474 3298 Vsus.
505 3243 561 3296 2.
590 3271 660 3282 —
685 3239 783 3296 Ubi
807 3251 901 3309 est,
921 3245 1010 3314 qui
1044 3254 1198 3298 natus
1248 3251 1321 3298 est
1349 3259 1463 3309 rex,
1509 3251 1614 3298 etc.
1671 3244 1816 3298 Con-

239 3335 377 3392 fusio
403 3333 721 3390 Iudaeorum
747 3341 847 3399 est,
882 3333 971 3390 ubi
997 3333 1199 3389 Christi
1227 3334 1569 3389 nativitatem
1597 3349 1626 3388 a
1650 3334 1824 3404 genti-

232 3428 327 3484 bus
363 3427 618 3491 discunt,
640 3433 696 3480 et
731 3425 777 3480 si
803 3440 910 3480 non
952 3426 1212 3492 credunt,
1251 3425 1646 3480 inexcusabiles
1675 3432 1818 3480 sunt.

242 3519 481 3576 Vidimus
504 3521 642 3576 enim
662 3517 888 3574 stellam.
917 3519 1044 3576 ﬂare
1097 3518 1250 3574 stella
1280 3517 1572 3574 Dominicaa
1627 3519 1822 3572 nativi‘

241 3611 366 3666 tatis
401 3609 599 3665 nuntia
620 3623 896 3678 nunquam
917 3610 1069 3678 prius
1095 3607 1366 3677 apparuit,
1393 3608 1489 3663 sed
1534 3622 1653 3664 eam
1689 3614 1821 3662 tunc

236 3715 367 3770 puer
387 3699 626 3765 creavit,
659 3707 714 3754 et
743 3697 912 3767 Magis
939 3697 1214 3768 deputavit
1239 3714 1253 3751 :
1283 3712 1403 3767 qua:
1436 3713 1562 3753 mox
1598 3705 1818 3768 peracto

236 3793 411 3848 ofﬁcio
477 3806 599 3847 esse
662 3792 840 3848 desiit.
899 3791 1177 3847 Christum
1221 3791 1458 3846 nondum
1508 3789 1818 3861 loquentem

239 3891 382 3937 muta
403 3881 564 3938 stella
588 3883 864 3951 praedicat,
886 3893 1072 3952 postea
1100 3882 1406 3952 loquentem
1429 3883 1658 3952 apostoli
1679 3899 1818 3938 nun-

239 3971 512 4026 tiaverunt
533 3969 752 4038 Judaeis,
789 3979 1045 4040 tanquam
1081 3971 1292 4026 ratione
1338 3971 1656 4039 utentibus;
1689 3973 1817 4029 sub-

239 4065 434 4120 stantia
461 4064 768 4132 rationalis,
801 4064 855 4120 id
876 4073 980 4130 est,
1009 4065 1231 4137 angelus
1254 4076 1434 4122 ortum
1455 4065 1658 4122 Christi
1686 4083 1820 4122 nun-

243 4157 409 4214 tiavit.
442 4159 631 4230 Magos
655 4173 785 4214 vero
828 4158 1096 4230 primitias
1143 4160 1382 4231 gentium
1432 4159 1668 4215 nondum
1733 4175 1821 4216 ra-

242 4239 383 4306 tione
415 4249 686 4305 utentium
739 4249 1092 4314 irrationalis,
1127 4249 1181 4304 id
1208 4259 1292 4305 est
1330 4250 1515 4314 stella,
1542 4250 1815 4319 perduxit.

242 4341 557 4399 Pastoribus
581 4340 776 4412 angeli,
808 4339 978 4411 Magis
1005 4340 1178 4407 stella,
1207 4341 1453 4412 utrisque
1506 4349 1682 4395 tamen
1737 4343 1818 4396 lo-

244 4435 420 4505 quitur
467 4434 654 4506 lingua
699 4431 980 4498 cmlorum,
1028 4433 1154 4502 quia
1195 4430 1309 4500 jam
1355 4431 1604 4489 cessabat
1638 4432 1819 4504 lingua

1905 1958 2053 2014 ditur
2075 1975 2197 2014 cum
2225 1960 2465 2016 caelestis
2492 1961 2756 2018 celsitudo
2784 1963 3131 2034 praedicatur.

1977 2047 2109 2103 Cum
2133 2049 2244 2104 illo.
2277 2050 2506 2120 Propter
2545 2050 2830 2108 favorem:
2885 2055 3011 2125 quia
3063 2072 3205 2128 saepe
3259 2060 3490 2130 populus

1907 2141 2027 2211 plus
2060 2143 2139 2197 eis
2169 2141 2366 2213 injuste
2388 2142 2553 2209 favet,
2581 2160 2716 2214 quos
2744 2146 2991 2202 crudeles
3017 2153 3302 2205 sustinent.
3336 2145 3489 2209 Unde

1911 2231 2167 2288 Salomon
2193 2251 2206 2288 :
2235 2233 2351 2288 Rex
2375 2233 2608 2304 injustus
2633 2252 2809 2291 omnes
2835 2238 3100 2294 ministros
3123 2241 3308 2310 impios
3331 2243 3486 2298 liabet

1912 2321 2093 2392 (Prov.
2121 2322 2296 2393 xxix).

1984 2413 2146 2470 Vsus.
2168 2415 2222 2469 4.
2245 2446 2315 2456 -
2335 2413 2404 2470 Et
2427 2433 2746 2490 congregans
2768 2436 2944 2475 omnes
2963 2423 3220 2494 principes
3247 2404 3476 2480 sacerdo;

1913 2514 2041 2558 tum.
2078 2503 2214 2561 Nota
2229 2505 2555 2577 diligentiam
2587 2509 2930 2578 inquirentis,
2958 2521 3015 2566 ut
3045 2512 3090 2566 si
3120 2512 3386 2570 invenerit
3409 2515 3460 2570 fa

1915 2596 2023 2650 ciat
2044 2597 2186 2666 quod
2201 2605 2322 2667 post
2345 2612 2404 2652 se
2436 2597 2574 2652 velle
2607 2601 2842 2654 ostendit
2870 2619 2882 2655 :
2913 2602 2997 2656 sin
3027 2609 3228 2668 autem,
3261 2619 3491 2662 excusa-

1919 2693 2005 2740 tus
2030 2686 2388 2743 sitRomanis.
2415 2687 2743 2759 Explorabat
2764 2691 2948 2757 etiam,
2984 2694 3029 2749 si
3057 2709 3152 2749 rex
3181 2709 3367 2750 eorum
3399 2699 3496 2752 tri-

1918 2783 2031 2831 stes
2057 2776 2142 2832 vel
2166 2776 2317 2833 lzetos
2361 2779 2524 2832 faciat
2574 2778 2813 2835 Judaaos.
2849 2780 2948 2836 Ubi
2987 2781 3223 2838 Christus
3259 2802 3497 2842 nascere-

1918 2875 2024 2920 tur.
2055 2867 2102 2921 Α
2134 2866 2332 2924 Iudaeis
2368 2870 2562 2939 quaerit
2600 2869 2798 2938 locum,
2824 2887 2854 2927 a
2877 2871 3046 2946 Magis
3077 2882 3308 2947 tempus,
3342 2887 3401 2932 ut
3424 2879 3489 2936 de

1921 2967 2151 3030 utroque
2189 2961 2278 3014 ﬁat
2321 2969 2523 3016 certus.

1993 3052 2158 3107 Vsus.
2203 3052 2256 3107 5.
2305 3083 2374 3094 -
2436 3052 2505 3107 In
2563 3051 2862 3110 Bethlellem
2914 3055 3091 3112 Judw.
3148 3053 3350 3115 Locum
3401 3078 3500 3118 na-
3603 3113 3618 3129 1.

1925 3145 2156 3202 tivitatis
2206 3145 2555 3216 exprimunt,
2603 3161 2762 3216 quem
2828 3148 3137 3205 testimonio
3207 3150 3503 3223 Scriptura:
3581 3163 3589 3174 '

1926 3237 2247 3303 didicerunt,
2293 3245 2351 3292 ut
2402 3239 2516 3306 ipsa
2559 3254 2747 3294 eorum
2797 3240 3022 3297 scientia
3073 3243 3180 3300 illis
3243 3245 3399 3302 fleret
3431 3251 3500 3306 ad

1926 3328 2290 3383 testimonium
2357 3330 2752 3398 damnationis,
2823 3333 2979 3389 nobis
3049 3335 3117 3390 ad
3171 3339 3501 3408 adjutorium

1922 3420 2068 3476 ﬁdei.
2814 3423 2838 3430 ”

1992 3511 2071 3568 Ex
2102 3512 2207 3569 hoc
2232 3521 2402 3583 patet,
2433 3516 2557 3586 quia
2584 3530 2690 3572 non
2716 3532 2784 3572 ex
2813 3517 3135 3590 ignorantia,
3165 3521 3261 3578 sed
3290 3538 3358 3581 ex
3386 3541 3505 3582 cor-

1921 3601 2005 3659 dis
2034 3602 2236 3658 duritia
2265 3605 2489 3661 credere
2514 3606 2822 3663 noluerunt.

1990 3692 2154 3750 Vsus.
2186 3693 2237 3750 6.
2257 3727 2328 3737 -
2363 3695 2434 3751 Et
2458 3708 2513 3752 tu
2533 3739 2546 3765 ,
2572 3697 2890 3754 Bethlehem.
2915 3699 3032 3757 Hoc
3057 3702 3136 3757 sic
3157 3704 3328 3774 ponit,
3353 3716 3415 3763 ut
3436 3708 3503 3767 ab

1918 3785 1999 3841 eis
2027 3787 2229 3842 dictum
2263 3796 2366 3855 est,
2400 3789 2524 3858 quia
2552 3790 2655 3844 etsi
2685 3805 2790 3845 non
2825 3791 3011 3859 verba,
3047 3794 3332 3853 veritatem
3379 3814 3502 3856 seu-

1919 3891 2015 3932 sus
2041 3879 2441 3948 quodammodo
2467 3891 2691 3951 ponunt.

1991 3969 2157 4026 Vsus.
2181 3972 2234 4024 7.
2258 4002 2328 4011 —
2352 3969 2502 4025 Clam
2528 3974 2724 4028 vocatis
2752 3973 2947 4046 Magis.
2980 3977 3224 4038 Remotis
3251 3985 3501 4043 sacerdo-

1921 4059 2067 4116 tibus
2100 4069 2156 4115 et
2204 4061 2423 4127 scribis;
2459 4063 2683 4118 timebat
2753 4065 2897 4120 enim
2937 4082 3004 4122 ne
3033 4067 3201 4126 Judaei
3257 4075 3411 4144 quasi
3439 4092 3503 4132 ex

1920 4152 2016 4208 Dei
2046 4152 2263 4208 oraculo
2297 4155 2622 4222 promissum
2643 4155 2994 4223 occultarent,
3027 4159 3073 4214 si
3109 4176 3166 4216 se
3211 4163 3350 4220 velle
3378 4183 3502 4223 eum

1919 4242 2188 4313 perimere
2219 4243 2500 4297 sentirent.
2533 4243 2657 4300 ldeo
2692 4246 2857 4301 etiam
2894 4250 3140 4320 promisit
3165 4267 3224 4308 se
3250 4255 3500 4323 adorare,

1922 4347 1990 4386 ne
2019 4333 2140 4402 quis
2168 4332 2393 4388 sentiret
2424 4334 2606 4390 dolum
2627 4333 2742 4404 ejus
2767 4355 2779 4390 :
2806 4338 2901 4394 sed
2925 4339 3042 4396 sine
3090 4344 3397 4414 suspicione
3433 4350 3504 4405 ob

1922 4425 2149 4496 gratiam
2180 4423 2383 4481 favoris
2431 4426 2479 4481 ei
2510 4430 2902 4486 renuntiarent.
3103 4427 3105 4433 ¹

243 4527 649 4594 prophetarum.
681 4520 874 4578 Utrum
901 4521 1054 4578 stella
1100 4529 1221 4577 orta
1257 4523 1328 4578 sit
1366 4522 1421 4577 in
1477 4523 1706 4590 oriente,
1749 4538 1817 4579 an
1841 4545 1898 4609 Β
1992 4513 2155 4608 Vens.
2180 4515 2234 4571 8.
2257 4547 2328 4556 ——
2347 4516 2571 4572 Adorem
2602 4537 2737 4574 eum.
2769 4519 3004 4578 Herodes
3027 4523 3360 4584 devotionem
3383 4547 3484 4602 pro

247 4614 342 4686 ipsi
363 4615 437 4670 ibi
465 4613 633 4685 positi
656 4620 839 4667 natam
870 4613 938 4666 ad
968 4613 1304 4668 occidentem
1350 4613 1602 4679 viderint,
1655 4614 1822 4670 ambi—

247 4720 404 4774 guum
427 4712 535 4759 est.
566 4702 748 4757 Potuit
793 4702 937 4756 enim
974 4702 1125 4756 nasci
1163 4703 1219 4757 in
1267 4701 1496 4766 oriente,
1537 4711 1593 4757 ct
1634 4719 1728 4759 eos
1769 4705 1824 4759 in

249 4794 543 4851 Jerusalem
563 4794 879 4864 perducere.
912 4791 1019 4847 Sed
1042 4792 1168 4846 dum
1211 4792 1507 4846 humanum
1542 4793 1696 4862 quasi
1756 4809 1823 4847 ex

247 4886 360 4957 lege
382 4892 635 4957 quaerunt
657 4883 936 4948 auxilium,
965 4881 1146 4937 divino
1187 4881 1529 4937 deseruntur.
1563 4880 1666 4935 Per
1697 4880 1824 4936 stel-

249 4974 351 5029 lam
390 4974 775 5030 intellexerunt
814 4987 935 5026 eum
993 4972 1046 5025 in
1097 4968 1280 5025 Judaea
1324 4978 1509 5024 natum
1538 5009 1553 5036 ,
1601 4979 1655 5022 et
1697 4969 1818 5025 ideo

251 5065 546 5122 Jerusalem
573 5064 814 5129 veniunt,
831 5063 922 5117 ubi
951 5062 1124 5117 locum
1146 5062 1415 5117 discentes
1436 5069 1565 5116 tunc
1582 5060 1825 5132 aggressi

255 5155 354 5210 iter
409 5156 645 5225 primum
687 5153 886 5209 habent
913 5151 1122 5228 stellam
1172 5151 1429 5221 prmviam
1456 5167 1618 5222 quam
1667 5168 1825 5208 reco-

257 5255 636 5407 animam.
657 5339 664 5358 ‘
687 5331 858 5389 Stella
912 5337 996 5388 est
1049 5328 1368 5385 illuminatio
1413 5328 1550 5386 ﬁdei”
1589 5329 1707 5402 quae
1755 5332 1824 5389 ad

259 5426 528 5484 Christum
563 5427 726 5484 ducit.
775 5426 910 5481 Dum
968 5423 1241 5480 divertunt
1301 5425 1369 5479 ad
1422 5421 1655 5492 Iudaeos,
1701 5440 1822 5482 eam

259 5521 512 5574 amittunt
542 5539 556 5575 :
589 5520 715 5592 quia
743 5520 870 5575 dum
899 5533 929 5572 a
953 5517 1107 5572 malis
1136 5515 1416 5572 consilium
1442 5529 1709 5588 quaerunt,
1732 5535 1824 5577 ve-

259 5625 371 5666 ram
401 5610 844 5666 illuminationem
870 5610 1126 5679 perdunt.

329 5701 846 5772 (Lso.)Sequuntur
877 5710 986 5756 tres
1029 5701 1130 5755 viri
1180 5701 1398 5771 superni
1456 5701 1676 5757 luminis
1729 5704 1826 5759 du-

263 5799 406 5848 ctum
427 5792 950 5866 etprtcvii'fulgoris
981 5792 1465 5850 indicium'intenla
1499 5785 1826 5867 contempla:

619 5909 898 5969 PA'rnOL.
938 5905 1163 5972 CXIV.

1931 4601 2238 4672 mittit,'sed
2264 4607 2498 4691 gladitun
2548 4611 2737 4666 acuit:
2780 4612 3040 4669 malitiam
3095 4619 3272 4674 cordis
3317 4601 3505 4691 depin-

1931 4713 2061 4769 gens
2112 4699 2290 4755 colore
2337 4675 2676 4758 humilitatis.
2732 4703 2917 4760 Finxit
2955 4721 3014 4761 se
3063 4707 3211 4763 vultu
3244 4721 3299 4766 et
3325 4675 3505 4771 ‘verrbis

1933 4792 2159 4848 adorare
2189 4791 2333 4860 eum,
2356 4810 2514 4864 quem
2539 4794 2719 4851 invida
2745 4806 2924 4852 mente
2940 4799 3211 4870 cogitabat
3235 4805 3500 4861 occidere.

1930 4883 2094 4954 Cujus
2129 4901 2412 4956 personam
2451 4898 2841 4958 reprmsentant
2881 4879 3197 4962 hypocritae,
3248 4897 3340 4966 qui
3385 4898 3509 4953 ﬁcte

1931 4975 2100 5031 Deum
2124 4986 2389 5047 qumrunt,
2419 4993 2692 5048 nunquam
2723 4987 2996 5033 merentur
3030 4979 3292 5038 invenire.

2003 5063 2163 5122 Vsus.
2203 5067 2356 5122 9.'—-
2395 5067 2463 5122 Et
2491 5087 2604 5124 ecce
2625 5069 2773 5122 stella
2803 5086 2959 5134 quam
2995 5071 3249 5126 viderant.
3274 5067 3509 5145 lngrcssi

1930 5155 2170 5211 Judmam
2197 5157 2518 5213 deseruntur
2547 5158 2748 5214 indicio
2779 5159 2966 5225 stellae,
3024 5168 3085 5214 ut
3142 5155 3407 5233 cogantur
3434 5182 3502 5222 ex

1929 5248 2048 5320 lege
2101 5249 2392 5319 inquirere.
2429 5250 2525 5307 Vel
2551 5251 2732 5306 divino
2786 5252 3108 5307 deseruntur
3162 5255 3363 5312 auxilio
3415 5259 3510 5329 qui

1930 5348 2178 5411 quierunt
2214 5342 2528 5398 humanum.
2578 5342 2690 5400 Nec
2714 5343 2942 5400 decebat
2965 5346 3174 5417 signum
3198 5346 3508 5409 inﬁdelibus

1931 5433 2115 5488 datum
2151 5449 2411 5504 apparere
2459 5434 2768 5493 domesticis
2811 5435 2942 5507 legis
2987 5447 3044 5492 et
3087 5438 3506 5510 prophetarum;
3588 5496 3590 5498 ,

1931 5524 2078 5590 quia,
2109 5522 2155 5575 si
2178 5520 2392 5592 Moysen
2415 5531 2462 5576 et
2488 5524 2763 5593 prophetas
2811 5540 2917 5578 non
2958 5524 3179 5578 audiunt
3211 5544 3224 5579 :
3267 5543 3428 5595 neque
3462 5529 3510 5583 si

1930 5611 2046 5679 quis
2068 5628 2132 5666 ea:
2175 5613 2411 5678 mortuis,
2441 5619 2545 5668 etc.
2581 5611 2697 5668 Non
2730 5614 2900 5668 tenuit
2933 5615 3196 5670 aethereas
3224 5616 3340 5670 vias
3368 5634 3382 5672 :
3414 5615 3512 5672 sed

1934 5704 2162 5759 multum
2197 5703 2378 5759 domui
2424 5704 2622 5771 vicina,
2680 5704 2834 5760 aliter
2870 5719 2975 5760 non
3009 5706 3378 5762 discernerent
3405 5705 3503 5761 doc

1938 5813 2105 5852 mum.
2917 5813 2920 5816 ’

3037 5913 3076 5973 3
