4068 6344
556 398 630 455 75
1060 392 1450 455 WALAFRIDI
1489 388 1738 448 STRABI
1775 387 1979 446 FULD.
2021 386 2190 445 MON.
2233 383 2386 445 OPP.
2426 383 2607 443 PARS
2645 384 2688 441 l.
2725 417 2796 429 -—
2830 385 3285 445 THEOLOGICA.
3750 394 3820 455 τε

590 490 595 495 ’
627 514 923 577 ωσι-ωηεν,
956 512 1121 570 Stella
1154 519 1239 566 est
1284 510 1426 565 bona
1479 507 1783 564 exhortatio
1823 506 2027 564 ducens
2075 504 2143 561 ad
2169 504 2222 568 Α
2247 505 2456 560 occulte
2477 519 2574 574 per
2595 502 2774 575 fugam
2795 506 2860 559 ad
2884 503 3254 560 illustrandam
3281 501 3569 580 Egyptum
3598 506 3821 570 descen-

557 615 848 677 Christum.
870 610 962 669 Vel
981 609 1160 679 potius
1179 604 1314 661 ﬁdes
1341 619 1459 675 qua:
1499 613 1584 660 est
1621 602 1818 659 mentis
1861 601 2136 657 illumina-

557 708 654 772 tio,
674 721 768 777 per
788 716 948 773 quam
971 697 1276 769 ingrediens
1298 693 1574 751 Christum
1592 694 1738 749 videt
1760 693 1849 763 qui
1877 700 1961 748 est
1981 691 2133 748 stella

2243 598 2341 662 dit,
2372 596 2557 651 relicta
2586 605 2742 652 nocte
2762 596 2981 653 Judazis.

2311 687 2478 742 Nocte
2502 686 2626 741 tulit
2651 688 2705 742 in
2727 687 3044 762 Aigyptum,
3070 690 3193 761 quia
3220 700 3375 745 nocte
3397 690 3712 763 ignorantia:
3734 697 3821 753 his

557 797 825 856 matutina
871 811 888 848 :
934 789 1212 847 eteovise
1266 789 1465 861 gaudet
1490 787 1688 859 gaudio
1711 786 2016 843 etadorare
2037 799 2145 839 non
2241 779 2495 849 aquibus
2543 778 2655 853 ipse
2702 782 2925 836 recessit
2974 781 3191 859 reliquit
3236 783 3544 840 incredulis.
3594 786 3820 854 Quando

554 887 769 944 desinit.

623 975 786 1031 Vens.
819 972 903 1041 10.
923 1003 992 1015 —-
1019 970 1199 1031 Gavisi
1216 978 1337 1026 sunt
1364 967 1559 1040 gaudio
1581 983 1809 1038 magno,
1833 972 1939 1023 etc.
1980 963 2134 1022 Gau-

551 1066 640 1122 dio
678 1061 894 1135 gaudet,
931 1061 1023 1135 qui
1043 1069 1265 1131 propter
1307 1058 1477 1115 Deum
1507 1055 1620 1129 (qui
1650 1073 1832 1112 verum
1878 1056 2131 1131 gaudium

550 1153 652 1224 est)
691 1154 906 1224 gaudet.
939 1150 1101 1207 Addit
1137 1157 1192 1206 et
1247 1165 1457 1221 magno,
1499 1164 1605 1218 quo
1635 1148 1767 1205 nihil
1824 1156 1906 1204 est
1935 1147 2127 1217 majus.

548 1244 618 1305 Et
642 1243 795 1299 valde
835 1242 1027 1315 gavisi,
1055 1241 1179 1311 quia
1224 1238 1290 1296 de
1342 1254 1537 1311 magno
1588 1247 1766 1309 potest
1805 1239 1940 1297 alius
1985 1238 2129 1310 plus,

549 1338 688 1393 alius
726 1337 906 1391 minus
934 1334 1188 1407 gaudere.

618 1449 784 1507 Vsus.
815 1448 901 1504 11.
944 1445 1011 1503 Et
1050 1446 1304 1501 intrantes
1346 1443 1582 1508 domum,
1634 1449 1739 1501 etc.
1795 1438 1930 1499 Tres
1985 1440 2123 1510 Magi

547 1556 661 1598 uno
706 1541 899 1596 itinere
951 1538 1119 1594 Deum
1171 1534 1400 1595 veniunt
1454 1534 1727 1595 adorare:
1780 1533 1906 1602 quia
1942 1534 1993 1587 in
2018 1546 2128 1587 uno

547 1630 766 1689 Christo
804 1628 917 1701 (qui
944 1636 1033 1684 est
1058 1624 1167 1696 via)
1230 1623 1605 1699 inseparabilis
1656 1622 1893 1683 Trinitas
1939 1623 2008 1679 ab
2046 1616 2135 1677 eis

547 1731 669 1779 erat
687 1721 977 1779 adoranda.
1014 1717 1249 1775 Puerum
1279 1732 1399 1775 cum
1434 1715 1610 1770 Maria
1640 1725 1807 1770 matre
1840 1716 1980 1786 ejus,
2017 1722 2123 1771 etc.

546 1813 702 1884 Saepe
729 1826 862 1884 puer
890 1811 1223 1876 nominatur,
1254 1819 1314 1865 ut
1360 1825 1485 1869 eum
1536 1816 1853 1879 agnoscant,
1892 1809 1961 1865 de
2014 1822 2127 1880 quo

546 1905 749 1959 dictum
771 1911 855 1958 est
876 1921 890 1958 :
914 1901 1066 1959 Puer
1092 1910 1247 1959 natus
1266 1909 1341 1957 est
1368 1900 1538 1957 nobis.

612 1994 724 2050 Cur
741 2010 849 2049 non
869 1993 1136 2064 etJosepb
1156 2008 1278 2049 cum
1304 1991 1474 2049 Maria
1493 1991 1745 2049 inventus
1763 1996 1846 2047 est
1865 2004 1899 2047 a
1917 1989 2121 2062 Magis?

546 2086 627 2172 lie
648 2087 825 2157 aliqua
848 2087 971 2143 inde
988 2086 1144 2143 malae
1164 2085 1488 2157 suspicionis
1507 2084 1724 2143 occasio
1744 2084 1967 2142 daretur
1989 2100 2120 2156 gen—

548 2177 716 2244 tibus,
743 2192 865 2248 quae
886 2177 1152 2246 primitias
1188 2191 1316 2233 suas
1343 2175 1530 2233 statim
1562 2182 1695 2233 nato
1740 2173 2025 2235 Salvatore
2050 2174 2121 2232 ad

546 2282 667 2325 eum
691 2268 1020 2324 adorandum
1048 2268 1330 2323 miserunt.

612 2381 973 2436 Adorsverunt
1018 2395 1155 2435 eum.
1206 2377 1300 2434 Sic
1344 2376 1669 2434 conﬁtentes
1713 2377 1905 2443 Deum,
1953 2390 2118 2448 quem

560 2480 741 2527 actum
766 2485 887 2527 esse
906 2471 1182 2526 hominem
1202 2470 1527 2542 intelligunt,
1544 2478 1598 2525 et
1619 2468 1944 2525 moriturum
1972 2468 2119 2541 quod

543 2578 640 2634 per
667 2564 943 2636 myrrham
971 2563 1283 2619 ostendunt.

611 2674 682 2730 Et
710 2677 923 2746 apertis,
981 2682 1086 2733 etc.
1118 2674 1304 2730 Fidem
1340 2689 1492 2731 suam
1535 2672 1777 2746 mysticis
1809 2682 2117 2746 protestan-

541 2776 629 2827 tur
673 2768 985 2823 muneribus
1018 2786 1032 2823 :
1066 2766 1284 2823 Munera
1349 2766 1551 2830 clausa,
1581 2767 1712 2822 ﬁdes
1752 2774 1836 2822 est
1893 2766 2111 2833 cordis;

542 2874 770 2916 munera
822 2867 1029 2929 aperta,
1056 2866 1187 2925 etc.,
1228 2874 1390 2928 usque
1426 2857 1495 2911 ad
1532 2856 1612 2911 vel
1649 2871 1747 2926 per
1773 2856 1888 2912 haec
1930 2858 2031 2911 tria
2060 2856 2113 2911 in

536 2953 725 3009 eodem
746 2950 962 3007 Christo
986 2951 1323 3015 intimantur,
1346 2949 1491 3022 regia
1508 2957 1770 3019 potestas,
1794 2949 1973 3009 divina
2000 2964 2114 3007 ma-

529 3039 724 3121 jestas,
755 3042 988 3099 humana
1017 3039 1334 3099 mortalitas.

613 3156 780 3217 Vsus.
804 3156 891 3211 12.
922 3187 993 3199 ——
1016 3154 1084 3215 Et
1107 3170 1350 3225 responso
1380 3164 1609 3226 accepto.
1634 3153 2008 3229 SicutMoyses
2035 3164 2115 3213 ta-

2237 871 2399 937 redit,
2438 866 2612 929 noctis
2648 888 2754 929 non
2791 872 2851 926 ﬁt
2891 873 3112 939 mentio,
3171 872 3297 944 quia
3349 873 3402 928 in
3451 875 3556 932 ﬁne
3610 881 3816 947 mundi,

2236 956 2407 1017 Judaei
2431 963 2589 1020 ﬁdem
2616 973 2873 1034 tanquam
2894 961 3168 1020 Christum
3192 963 3260 1018 ab
3282 962 3517 1037 Egypto
3543 977 3819 1025 reverten-

2238 1058 2346 1106 tem
2374 1058 2732 1125 suscipientes
2767 1054 3233 1109 illuminahunlur.

2306 1145 2375 1205 In
2397 1146 2710 1220 zEgyptum,
2750 1156 2797 1202 et
2844 1156 2954 1201 erat
2985 1147 3077 1212 ibi,
3105 1154 3210 1203 etc.
3252 1146 3605 1220 Omnigenum
3645 1148 3817 1209 Deum

2237 1248 2511 1295 monstrat
2539 1245 2886 1293 venerantem
2927 1256 2939 1291 :
2973 1237 3098 1308 quia
3135 1236 3381 1295 Christus
3406 1254 3436 1293 a
3464 1237 3661 1298 Iudaeis
3709 1259 3817 1299 non

2232 1338 2506 1398 receptus,
2530 1345 2626 1400 per
2650 1328 3089 1401 prmdicationem
3114 1329 3309 1383 transit
3335 1331 3400 1383 ad
3422 1340 3631 1402 gentes.
3656 1333 3818 1405 Fugit

2231 1419 2287 1475 in
2318 1418 2604 1490 Egyptum
2629 1420 2768 1475 sicut
2792 1426 2951 1474 natus
2981 1427 3080 1483 est,
3116 1426 3175 1474 ut
3225 1433 3537 1492 corruptam
3600 1434 3820 1494 reparet

2231 1517 2499 1583 naturam.
2535 1509 2623 1565 Sic
2649 1509 2804 1582 fugit,
2830 1518 2889 1565 ut
2908 1509 3130 1581 fugaces
3156 1519 3459 1565 revocaret.
3482 1510 3636 1578 Quod
3655 1512 3815 1585 fugit,

2230 1600 2554 1675 sacramenti
2586 1600 2687 1656 fuit
2715 1618 2823 1656 non
2852 1601 3079 1667 timoris,
3123 1608 3181 1655 ut
3224 1601 3527 1674 exemplum
3574 1602 3815 1677 fugiendi

2231 1689 2386 1745 daret
2426 1690 2557 1745 suis.
2590 1689 2706 1745 Non
2750 1690 2886 1761 fugit
2923 1698 3155 1747 mortem
3213 1690 3304 1763 qui
3355 1692 3494 1747 mori
3547 1702 3811 1750 venerat:

2229 1795 2333 1835 nec
2367 1780 2592 1836 insidias
2619 1782 2836 1852 expavit
2864 1781 2956 1854 qui
3007 1789 3231 1836 venerat
3288 1784 3499 1855 aperire
3549 1788 3816 1845 versutias

2150 1866 2200 1928 Β
2230 1868 2449 1925 diaboli.
2482 1871 2558 1926 De
2576 1872 2677 1928 hac
2700 1872 2831 1945 fuga
2854 1872 3103 1944 prmdixit
3142 1873 3306 1929 Isaias
3339 1893 3351 1928 :
3381 1873 3517 1930 Ecce
3557 1877 3814 1937 Dominus

2225 1958 2469 2019 ascendet
2492 1978 2647 2032 super
2673 1963 2861 2019 nubent
2885 1962 3065 2028 levem,
3088 1964 3142 2018 id
3164 1973 3267 2033 est,
3292 1979 3509 2025 carnem
3538 1969 3653 2025 sine
3687 1987 3814 2042 pec-

2227 2059 2387 2111 cato:
2437 2052 2857 2126 ingredieturque
2902 2053 3193 2127 Egyptum
3242 2055 3377 2129 (Isa.
3404 2059 3538 2133 XIX).
3592 2059 3813 2135 Septem

2223 2150 2409 2198 autem
2432 2143 2589 2199 annis
2618 2143 2671 2199 in
2704 2143 2935 2217 Egypto
2961 2143 3138 2203 latuit.

2296 2231 2382 2288 Ea;
2430 2231 2662 2305 zEgypto
2715 2235 2911 2290 vocavi.
2964 2234 3022 2290 in
3081 2233 3234 2293 Osaaa
3279 2236 3434 2307 juxta
3484 2238 3811 2300 Hebraicam

2222 2326 2505 2381 veritatem
2548 2326 2650 2382 hoc
2688 2326 3001 2384 invenitur:
3042 2328 3125 2385 vel
3162 2330 3213 2383 in
3257 2330 3396 2386 libro
3426 2330 3810 2406 Numerorum,

2221 2427 2283 2474 ut
2321 2419 2538 2493 quidam
2586 2428 2879 2477 asserunt:
2923 2420 3048 2495 quia
3092 2428 3266 2481 totum
3305 2423 3659 2496 dispositione
3712 2428 3810 2485 Dei

2220 2509 2423 2566 factum
2455 2520 2557 2566 est.

2291 2601 2454 2660 Vens.
2484 2603 2571 2659 16.
2602 2636 2671 2645 --
2702 2602 2848 2659 Tunc
2872 2603 3105 2660 Herodes
3127 2607 3319 2665 videns.
3373 2608 3671 2668 Verisimile
3699 2623 3808 2683 est,

2220 2697 2361 2775 quod
2386 2713 2508 2753 cum
2537 2695 2735 2752 Herodi
2775 2697 2910 2752 nihil
2969 2700 3332 2756 renuntiatum
3386 2711 3529 2758 esset
3560 2719 3589 2759 a
3614 2705 3806 2778 Magis,

2217 2792 2446 2848 credidit
2481 2792 2598 2849 illos
2627 2791 2803 2848 fallaci
2836 2792 2990 2848 stella
3018 2794 3269 2866 deceptos
3289 2810 3426 2867 esse,
3476 2807 3529 2853 et
3570 2797 3692 2855 ideo
3735 2800 3804 2858 ad

2218 2898 2280 2939 se
2305 2899 2409 2938 non
2436 2899 2555 2939 esse
2577 2899 2826 2942 reversos
2859 2903 2871 2938 :
2908 2886 3046 2940 unde
3071 2895 3126 2941 et
3153 2886 3333 2945 tandiu
3359 2888 3563 2959 quievit
3589 2906 3617 2945 a
3647 2890 3805 2962 pueri

2219 2973 2807 3044 inquisitione.Deinde
2833 2974 3064 3048 vulgatis
3095 2976 3178 3032 his
3204 2993 3323 3048 qua:
3346 2978 3402 3032 in
3427 2980 3624 3050 templo
3654 2980 3802 3037 facta

2219 3067 2430 3123 dictare
2484 3066 2702 3122 fuerant
2730 3108 2745 3134 ,
2779 3082 2838 3122 se
2870 3082 2899 3121 a
2930 3066 3099 3138 Magis
3138 3068 3306 3123 sensit
3348 3068 3559 3124 illusum
3592 3111 3608 3135 ,
3641 3079 3697 3126 et
3744 3071 3804 3145 in

2218 3168 2450 3216 mortem
2471 3158 2670 3213 Christi
2697 3173 2995 3229 properans
3023 3173 3221 3231 pueros
3252 3160 3466 3223 occidit.

541 3261 672 3305 cens
693 3245 981 3311 clamabat,
1028 3244 1105 3301 sic
1125 3221 1213 3303 isti
1236 3245 1325 3315 pio
1346 3221 1538 3301 affectu
1560 3221 2111 3319 interrogabantquid
2136 3221 2186 3288 (ἶ
2291 3250 2598 3306 Verisimile
2627 3221 2715 3305 est
2738 3221 2836 3321 per
2871 3221 3072 3305 annum
3091 3258 3146 3305 et
3171 3221 3402 3320 quatuor
3453 3249 3571 3309 dies
3599 3268 3632 3309 a
3655 3252 3802 3309 nati-

534 3337 715 3395 divina
731 3338 945 3409 juberet
963 3336 1226 3392 voluntas.
1250 3330 1374 3391 Haec
1390 3336 1671 3406 responsio
1690 3352 1797 3391 non
1817 3338 1876 3391 ﬁt
1893 3352 1991 3406 per
2012 3354 2112 3393 an-

532 3428 735 3505 gelum,
782 3427 876 3483 sed
897 3441 993 3497 per
1012 3427 1183 3505 ipsum
1207 3425 1396 3491 Deum,
1420 3426 1542 3496 quia
1589 3426 1768 3483 nullus
1809 3426 1946 3483 alius
1967 3428 2112 3485 viam

535 3520 863 3578 reversionis
886 3519 1137 3583 instituit,
1169 3519 1272 3574 nisi
1302 3518 1390 3573 ille
1415 3518 1505 3589 qui
1529 3517 1658 3574 dicit
1683 3538 1697 3573 :
1726 3515 1840 3591 Ego
1870 3536 1986 3575 sunt
2004 3522 2110 3599 via,

533 3613 744 3681 veritas.
783 3621 831 3667 et
853 3612 979 3668 vita.
1002 3609 1119 3667 Non
1135 3609 1372 3681 loquitur
1386 3626 1522 3681 puer
1544 3610 1608 3665 ad
1630 3625 1743 3674 eos,
1770 3625 1838 3677 ne
1858 3611 2111 3673 divinitas

534 3714 659 3761 ante
678 3710 889 3775 tempus
907 3700 1251 3767 revelaretur,
1270 3709 1325 3759 et
1347 3715 1474 3756 vera
1494 3700 1805 3756 humanitas
1825 3700 2108 3765 habeatur.

538 3792 693 3849 Unde
722 3802 778 3849 et
802 3807 926 3847 mox
977 3791 1030 3846 in
1082 3788 1379 3862 Egyptum
1428 3791 1703 3846 mittitur:
1742 3791 1868 3865 quia
1893 3800 1948 3848 et
1972 3791 2103 3851 ﬁdes

532 3884 814 3949 nutrienda
842 3891 959 3945 erat
994 3881 1063 3943 ad
1100 3882 1402 3953 praemium,
1445 3890 1499 3936 et
1526 3882 1638 3936 vita
1689 3880 1951 3937 doctrinae
1972 3899 2112 3955 pra:-

532 3979 774 4055 paranda
804 3986 886 4053 est
908 3974 1252 4039 adeundum,
1284 3970 1392 4028 Per
1414 3972 1577 4029 aliam
1612 3973 1770 4040 viam,
1799 3982 1906 4030 etc.
1928 3974 1983 4029 In
2007 3975 2110 4035 hoc

529 4073 705 4134 forma
730 4073 887 4128 datur
910 4066 1270 4135 credentibus,
1290 4075 1347 4127 ut
1368 4068 1545 4123 devoti
1577 4066 1646 4122 ad
1661 4067 1830 4127 Deum
1848 4067 2105 4127 veniant:

532 4174 587 4223 et
614 4165 755 4235 quod
773 4162 962 4236 jubeat
988 4161 1293 4229 intendant,
1333 4160 1562 4229 scilicet,
1606 4175 1676 4215 ne
1720 4161 1789 4216 ad
1837 4160 2109 4217 diabolum

531 4260 755 4317 redeant
785 4276 797 4313 :
831 4258 927 4313 sed
953 4272 1050 4327 per
1083 4255 1305 4313 semitas
1350 4254 1612 4309 virtutum
1642 4254 1710 4309 ad
1740 4254 1972 4325 patriam
2018 4266 2111 4307 ve-

530 4352 717 4415 niant,
770 4357 824 4404 et
864 4348 955 4417 qui
1006 4346 1320 4403 ceciderunt
1361 4343 1759 4400 contemnendo
1824 4350 2109 4415 resurgant

529 4438 847 4499 obediendo.

600 4527 783 4601 (ιω.)
805 4527 1050 4590 Adorant
1094 4525 1150 4582 in
1187 4538 1350 4583 carne
1387 4523 1649 4590 Verbum,
1686 4522 1743 4580 in
1768 4522 1995 4581 infantia
2021 4537 2110 4581 sa-

527 4623 804 4697 pientiam,
832 4619 889 4677 in
920 4617 1238 4675 inﬁrmitate
1262 4616 1539 4682 virtutem,
1558 4622 1621 4675 et
1650 4616 1704 4675 in
1745 4615 1982 4673 hominis
2012 4631 2105 4671 ve-

528 4715 690 4771 ritate
716 4711 1000 4773 Dominum
1023 4707 1342 4777 majestatis,
1362 4716 1492 4774 etc.,
1525 4723 1686 4779 usque
1715 4708 1784 4762 ad
1808 4707 1935 4778 quia
1963 4708 2106 4779 quod

528 4806 724 4864 eratin
771 4801 1086 4859 substantiis
1124 4800 1422 4885 proprium,
1471 4814 1580 4855 non
1633 4799 1834 4855 eratin
1873 4814 2104 4873 persona

529 4896 821 4955 diversum.

597 4983 763 5043 Vsus.
805 4980 892 5045 15.
922 5009 994 5023 -—
1019 4980 1206 5051 Accipe
1249 4995 1489 5049 puerum,
1548 4986 1655 5035 etc.
1689 4977 1928 5055 (HlLAlt.)
1968 4978 2101 5036 Cum

527 5075 904 5148 desponsatam
947 5087 1068 5135 eam
1089 5073 1236 5145 justo
1261 5072 1619 5149 signiﬁcabat,
1646 5073 1926 5144 coniugem
1964 5090 2099 5129 nun-

529 5168 766 5238 cupavit,
787 5166 881 5229 sed
912 5173 1036 5245 post
1057 5172 1268 5241 panum
1292 5174 1464 5221 mater
1493 5173 1702 5225 tantum
1742 5163 1873 5223 Jesu
1917 5175 2102 5222 osten-

530 5258 696 5325 ditttt'.
724 5266 787 5323 ιιι
818 5256 1266 5340 quemadmodum
1317 5256 1465 5326 iusto
1508 5253 1709 5331 Jeseph
1750 5257 2101 5327 deputaretur

529 5351 713 5434 Maria:
733 5351 788 5431 in
804 5349 1113 5433 virginitate
1137 5347 1465 5423 coniugium.
1502 5348 1577 5415 ita
1627 5351 1953 5416 venerabilis
1982 5351 2099 5429 eius

528 5446 903 5505 ostenderetur
914 5438 978 5507 in
1000 5440 1131 5503 Iesu
1152 5442 1343 5515 matris
1369 5442 1673 5513 virginitas.

599 5535 761 5592 Vens.
780 5533 868 5601 14,
888 5532 975 5590 15.
991 5561 1062 5576 -—
1078 5530 1186 5597 Qui
1198 5547 1531 5607 consurgens.
1545 5531 1746 5610 Ioseph
1774 5532 1942 5605 ﬁgura
1963 5548 2102 5607 pm-

526 5630 851 5697 dicaturum,
892 5626 984 5699 qui
1021 5624 1318 5689 Christum,
1342 5639 1464 5679 cum
1507 5633 1702 5703 matre,
1732 5626 1912 5692 idest,
1941 5627 2100 5684 ﬁdem

527 5720 748 5786 Christi,
777 5726 834 5772 et
856 5716 1111 5772 Ecclesia:
1136 5714 1375 5769 tulerunt
1403 5715 1471 5769 ad
1509 5726 1718 5786 gentes,
1768 5718 1954 5774 relicto
2000 5718 2101 5775 He-

530 5811 660 5867 rode
686 5851 701 5877 ,
752 5809 804 5865 id
845 5817 932 5865 est
972 5806 1281 5863 Judeorum
1321 5805 1655 5864 inﬁdelitate.
1710 5806 1898 5864 Nocte.
1956 5809 2093 5876 Quia

2217 3342 2385 3401 vitate
2412 3342 2607 3399 Christi
2637 3340 2903 3421 Herodem
2950 3342 3003 3398 in
3050 3356 3247 3414 pueros
3297 3344 3581 3399 desaevisse
3613 3362 3627 3399 :
3654 3344 3802 3416 quod

2218 3433 2445 3490 forsitan
2479 3433 2598 3489 ideo
2628 3433 2856 3501 distulit,
2886 3434 3010 3504 quia
3035 3433 3259 3491 Romam
3282 3434 3558 3506 profectus
3577 3445 3678 3501 est,
3714 3435 3801 3493 vel

2216 3529 2294 3589 ibi
2322 3537 2627 3594 accusatus,
2654 3526 2739 3583 vel
2767 3536 2824 3582 ut
2849 3525 3125 3582 Romanos
3155 3527 3461 3583 consuleret
3506 3543 3667 3598 super
3706 3528 3801 3584 his

2214 3636 2339 3698 quae
2367 3621 2433 3677 de
2454 3619 2669 3677 Christo
2698 3619 3034 3682 dicebantur.
3060 3618 3185 3675 Ideo
3239 3618 3464 3676 forsitan
3502 3621 3683 3676 tandiu
3729 3621 3801 3677 ab

2217 3710 2572 3781 inquisitione
2595 3710 2745 3782 pueri
2772 3726 2831 3766 se
2852 3710 3138 3778 continuit,
3166 3718 3226 3766 ut
3250 3710 3531 3767 sollicitius
3558 3728 3683 3768 eum
3708 3712 3801 3768 de-

2211 3802 2597 3878 prehenderet,
2628 3816 2800 3872 neque
2827 3801 2964 3857 elabi
2993 3800 3176 3871 aliquo
3199 3801 3358 3857 modo
3377 3810 3574 3874 posset.

2288 3890 2490 3954 Occidit
2522 3908 2696 3951 omnes
2724 3908 2931 3962 pueros.
2994 3891 3165 3961 Quam
3189 3893 3298 3949 cito
3325 3892 3577 3950 Christus
3627 3910 3795 3968 appa-

2213 3983 2324 4057 ruit
2365 3984 2585 4046 mundo,
2614 3983 2815 4057 incepit
2842 3985 2894 4039 in
2944 3998 3067 4040 eum
3120 3986 3427 4058 persecutio
3456 4006 3468 4041 :
3496 4003 3617 4058 qua:
3660 3988 3797 4061 ﬁgu-

2214 4075 2355 4130 ravit
2372 4074 2800 4149 persecutionem
2837 4083 3144 4132 sanctorum
3174 4094 3185 4131 :
3212 4086 3265 4131 et
3294 4077 3421 4133 dum
3445 4078 3626 4135 infans
3647 4096 3796 4150 qua-

2213 4165 2371 4230 ritur,
2397 4164 2628 4225 infantes
2650 4165 3009 4233 occiduntur;
3040 4166 3095 4222 in
3118 4166 3313 4238 quibus
3341 4167 3512 4223 forma
3546 4171 3794 4243 martyrii
3886 4240 3891 4245 ἡ

2212 4250 2473 4319 nascitur,
2500 4254 2589 4309 ubi
2620 4254 2846 4309 infantia
2874 4255 3126 4311 Ecclesia:
3146 4256 3443 4313 dedicatur.

2281 4345 2506 4417 Figurat
2552 4361 2700 4402 mors
2757 4348 3106 4419 parvulorum
3176 4350 3482 4425 passionem
3546 4352 3791 4409 omnium

2211 4445 2532 4509 martyrum,
2555 4437 2649 4507 qui
2683 4437 2914 4508 parvuli,
2941 4438 3171 4495 humiles
3196 4450 3250 4495 et
3277 4440 3592 4497 innocentes
3622 4442 3790 4499 occisi

2213 4535 2339 4582 sunt
2369 4545 2382 4580 :
2411 4527 2501 4597 qui
2541 4543 2646 4585 non
2682 4528 2736 4583 in
2767 4527 2951 4584 Iudaea
2982 4538 3212 4596 tantum,
3263 4531 3357 4587 sed
3399 4532 3598 4609 ubique
3643 4533 3791 4605 passi

2213 4623 2339 4670 sunt
2363 4616 2430 4669 ab
2452 4615 2654 4686 impiis,
2689 4632 2825 4688 quos
2854 4618 3123 4690 signiﬁcat
3151 4617 3411 4675 Herodes.
3439 4620 3592 4701 Quod
3623 4623 3786 4679 bimi:

2212 4708 2336 4781 quia
2357 4708 2600 4763 doctrina
2623 4716 2679 4763 et
2700 4709 3012 4782 operatione
3031 4709 3275 4782 perfecti.
3303 4710 3412 4767 Illis
3422 4711 3617 4768 occisis
3631 4714 3789 4770 Chri-

2208 4810 2325 4858 stus
2352 4802 2522 4857 evasit
2548 4819 2560 4855 :
2593 4802 2717 4871 quia
2746 4817 2971 4873 corpora
3018 4810 3246 4874 possunt
3272 4804 3487 4876 perimi,
3535 4805 3787 4863 divinitas

2206 4909 2318 4951 non
2352 4892 2609 4965 contingi.

2280 4982 2347 5037 Et
2379 4984 2433 5038 in
2457 4981 2693 5039 omnibus
2719 4981 2910 5053 ﬁnibus
2929 4981 3064 5055 ejus.
3091 4981 3208 5040 Non
3230 4992 3316 5041 est
3358 4992 3642 5041 contentus
3684 5000 3753 5041 va

2210 5075 2441 5134 statione
2485 5073 2821 5141 Bethlehem,
2871 5074 2965 5132 sed
3014 5073 3313 5147 adiacentia
3343 5075 3460 5132 loca
3503 5077 3780 5146 vastavit;

2208 5182 2306 5223 nec
2335 5165 2497 5221 ullam
2535 5165 2956 5221 misericordiam
2984 5166 3160 5222 aetatis
3186 5168 3373 5224 habuit
3393 5183 3423 5223 a
3465 5166 3574 5224 ﬁlio
3621 5169 3783 5225 unius

2207 5257 2382 5313 noctis
2401 5271 2577 5329 usque
2596 5254 2666 5315 ad
2690 5255 2858 5317 ﬁlium
2879 5256 3105 5323 duorum
3132 5274 3421 5327 annorum,
3443 5260 3569 5331 quin
3590 5275 3780 5317 carnes

2205 5350 2496 5411 occideret.

2277 5438 2320 5492 Α
2346 5438 2563 5499 bimatu.
2589 5436 2763 5501 ldeoa
2789 5437 3010 5506 bimatu,
3052 5446 3111 5499 ut
3139 5439 3279 5497 sicut
3307 5450 3780 5512 praeoccupaverat

2204 5528 2446 5586 Herodes
2467 5529 2600 5583 ﬁnes
2621 5529 2876 5594 civitatis,
2900 5530 2971 5583 ita
2994 5538 3050 5585 et
3073 5540 3477 5602 prmoccuparet
3497 5532 3659 5589 alium
3681 5550 3781 5590 an-

2205 5638 2352 5678 num.
2393 5621 2517 5677 Ideo
2550 5619 2714 5675 etiam
2743 5634 2773 5673 a
2800 5619 3003 5674 bimatu
3047 5602 3065 5673 ἶ
3092 5622 3215 5691 quia
3259 5623 3502 5690 timebat,
3533 5642 3601 5681 ne
3642 5640 3778 5699 puer

2204 5713 2290 5769 cui
2320 5710 2715 5768 famulabantur
2739 5710 2938 5775 sidera,
2961 5711 3119 5781 paulo
3140 5729 3298 5787 supra
3328 5725 3541 5772 aetatem
3584 5717 3665 5774 vel
3694 5718 3777 5773 in-

2202 5806 2282 5863 fra
2307 5805 2540 5877 speciem
2562 5802 2666 5861 sibi
2696 5801 3078 5861 conformaret.
