4068 6344
246 474 308 534 π
814 456 817 461 “
1177 470 1443 530 GLOSSA
1480 470 1875 530 ORDINARIA.
1912 501 1985 515 --
2020 474 2276 533 nunc.
2315 477 2575 535 narra.
3405 481 3474 541 τε

306 588 459 646 Vsus.
478 582 784 643 i7.—Tunc
807 585 1145 658 adimpletum
1174 584 1647 656 est.Adimpletum
1667 584 1799 641 dici-
1824 586 1872 652 Α
1901 584 2088 657 functi.
2118 585 2361 644 Tradunt
2410 590 2628 660 quidam
2677 593 2803 663 quia
2836 593 2978 651 fecit
3022 594 3264 655 Herodes
3314 613 3481 673 super

245 693 325 740 tur
344 696 359 736 :
372 680 491 751 quia
503 685 787 748 antequam
806 675 953 732 ﬁeret
972 675 1273 747 legentibus
1286 684 1401 731 erat
1416 676 1791 745 semiplenum,

243 776 352 847 quia
381 771 516 844 quod
543 771 597 825 in
617 769 795 825 littera
823 771 1070 836 sonabat,
1093 768 1293 839 aliquid
1317 767 1555 823 futurum
1585 767 1795 823 occulte

241 863 584 937 promittebat.
1154 876 1157 879 ‘

302 951 639 1030 (Cnavsosr.)
661 951 803 1009 Dicit
822 953 964 1024 quod
985 952 1137 1009 stella
1162 967 1257 1025 per
1286 968 1487 1007 annum
1524 951 1788 1022 apparuit,

240 1051 366 1108 sicut
384 1050 435 1102 in
458 1046 827 1102 destructione
857 1044 1224 1101 Romanorum
1255 1046 1407 1119 signa
1429 1053 1795 1117 apparuerunt

239 1144 286 1199 in
312 1140 461 1206 ctelo,
499 1139 715 1209 quando
740 1152 845 1193 vox
870 1138 1180 1215 angelorum
1227 1138 1408 1194 audita
1435 1145 1520 1193 est
1550 1156 1562 1191 :
1594 1136 1795 1192 Trans-

237 1249 402 1292 eamus
437 1229 504 1288 ab
526 1233 613 1289 bis
638 1232 872 1289 sedibus.

262 1336 267 1342 '
298 1326 450 1381 Vens.
483 1324 572 1380 l8.
598 1354 665 1365 —
692 1322 812 1379 Vox
831 1324 885 1378 in
912 1321 1098 1380 Roma.
1116 1324 1173 1379 Id
1188 1330 1292 1392 est,
1316 1323 1370 1379 in
1393 1323 1608 1382 excelso
1635 1323 1793 1396 longe

234 1418 427 1488 lateque
447 1413 640 1472 diffusa
670 1423 769 1471 est.

293 1509 607 1582 Allegoriee.
653 1508 774 1575 Vel,
804 1525 908 1565 vox
948 1510 1201 1566 Ecclesiae
1238 1510 1303 1566 de
1350 1527 1486 1569 nece
1526 1512 1795 1568 membro-

233 1620 339 1660 rum
386 1602 650 1673 gementis
703 1619 872 1674 usque
917 1603 983 1659 ad
1045 1604 1236 1658 solium
1284 1605 1499 1675 superni
1552 1605 1796 1660 ascendit

230 1695 420 1766 iudicis.
486 1693 605 1749 Vox
662 1696 717 1748 iu
786 1693 970 1753 Roma.
1034 1694 1264 1766 Propter
1321 1711 1544 1750 uxorem
1594 1693 1796 1751 Levita:

229 1788 569 1847 fornicatione
612 1799 985 1858 peremptam,
1042 1788 1337 1844 secundum
1376 1803 1659 1842 numerum
1701 1787 1794 1841 tri-

228 1881 376 1936 buum
428 1880 480 1934 in
525 1878 811 1935 duodecim
862 1884 1044 1948 partes
1082 1878 1344 1957 divisam,
1398 1879 1575 1933 omnis
1623 1876 1791 1933 Israel

1895 677 2058 732 funus
2083 694 2243 734 suum
2270 680 2562 738 nobiliores
2610 680 2916 741 Iudaeorum
2971 689 3237 759 occidere,
3280 699 3341 748 ut
3396 694 3479 752 sic

1894 778 2112 839 cogeret
2128 769 2341 827 Iudzeos
2362 782 2588 828 mortem
2627 790 2778 830 suam
2806 776 2951 833 ﬁere.

1964 859 2128 916 Vens.
2162 861 2252 916 21.
2288 893 2359 903 —
2391 861 2495 931 Qui
2524 880 2855 936 consurgens.
2909 868 3228 941 Allegorice.
3268 867 3477 948 Ioseph

1894 952 2034 1022 gerit
2058 952 2287 1024 ﬁguram
2312 956 2699 1026 apostolorum,
2740 974 2969 1029 quorum
3014 962 3189 1021 otﬁcio
3229 965 3479 1027 Christus

1894 1043 2294 1100 circumfertur.
2324 1045 2565 1116 Apostoli
2593 1049 2825 1120 primum
2874 1051 3220 1112 venerunt'in
3273 1067 3478 1117 terram
3518 1046 3531 1075 ’³

1862 1132 2058 1189 ~lsrael
2092 1153 2106 1188 :
2136 1138 2260 1206 quia
2284 1138 2514 1208 primum
2542 1140 2971 1210 praedicaverunt
2998 1145 3215 1204 Iudaeis.
3242 1149 3347 1206 Sed
3370 1167 3474 1221 pro

1894 1221 2126 1291 Herode,
2148 1225 2201 1279 id
2228 1236 2328 1294 est,
2351 1238 2600 1284 manente
2627 1230 2968 1289 haereditaria
2991 1233 3324 1306 inﬁdelitate,
3363 1257 3479 1298 me-

1840 1328 1849 1337 ’
1895 1323 2053 1371 tuunt
2075 1325 2128 1371 et
2160 1320 2415 1374 recedunt
2441 1322 2696 1377 admoniti
2720 1325 2950 1395 gratiam
2992 1330 3241 1399 gentibus
3285 1335 3483 1404 praedi-

1894 1421 2041 1474 care,
2067 1416 2120 1463 et
2148 1411 2214 1463 ad
2240 1425 2334 1467 eas
2363 1410 2639 1467 Christum
2670 1414 2985 1472 transferre.

1965 1498 2255 1556 Nominata
2293 1511 2438 1558 terra
2462 1504 2628 1583 Israel
2654 1505 2830 1561 visum
2858 1516 2940 1563 est
2967 1506 3165 1581 Ioseph
3218 1527 3324 1569 non
3377 1514 3478 1571 ali-

1893 1590 2018 1646 cubi
2050 1592 2212 1648 talem
2240 1608 2467 1664 puerum
2498 1596 2695 1657 debere
2717 1598 2985 1668 habitare,
3020 1602 3120 1657 nisi
3151 1603 3208 1658 in
3257 1603 3478 1662 Ierusa—

1893 1681 1997 1768 lem
2042 1683 2131 1738 ubi
2179 1693 2297 1739 erat
2339 1687 2594 1759 templum
2637 1697 2692 1745 et
2744 1690 3033 1748 celebratio
3070 1697 3476 1768 prophetarum.

1895 1764 2099 1828 Tamen
2139 1777 2360 1847 angelus
2388 1778 2613 1851 intelligi
2658 1781 2825 1837 voluit
2870 1764 3189 1851 Galilaeam;
3218 1802 3380 1858 quam
3426 1800 3483 1848 et

1892 1863 2064 1921 Judaei
2095 1867 2421 1933 incolebant,
2450 1874 2591 1943 quod
2635 1876 2873 1931 ostendit
2900 1879 2979 1934 sic
3008 1874 3184 1942 fuisse
3198 1885 3480 1953 praedesti-

226 1973 412 2029 tr'bum
438 1971 719 2043 Bcnjamin
748 1980 945 2042 praeter
972 1953 1244 2027 trecentos
1265 1972 1411 2027 viros
1435 1971 1632 2027 delevit
1658 1989 1670 2026 :
1702 1986 1789 2026 eo-
1814 1953 1864 2014 B
1889 1968 2097 2027 113mm,
2121 1963 2246 2033 quia
2267 1962 2540 2020 Νίὶῑθνθυε
2558 1968 2859 2024 vocabitur.

225 2074 333 2119 rum
361 2063 451 2133 qui
483 2063 873 2134 superfuerunt
894 2062 1134 2135 ploratus
1184 2076 1240 2119 et
1280 2064 1516 2120 ululatus
1572 2065 1787 2121 auditus

225 2161 299 2209 εει
315 2168 478 2223 usque
501 2152 700 2220 Rama,
729 2154 819 2223 qui
846 2162 929 2209 est
963 2153 1114 2210 locus
1158 2155 1309 2226 juxta
1361 2155 1543 2211 Gabaa
1588 2155 1789 2210 duode—

225 2246 350 2302 cimo
384 2246 640 2303 milliario
668 2263 698 2302 a
722 2240 1053 2303 Bethlencm.
1095 2247 1307 2302 Audita.
1362 2248 1679 2321 Exaggerat,
1729 2259 1788 2304 ut

225 2339 553 2410 hyperbolice
588 2338 788 2397 Rachel
809 2340 920 2411 jam
945 2348 1173 2405 mortua,
1213 2339 1444 2394 dolentis
1478 2339 1675 2395 aﬁ‘ectu
1727 2338 1789 2394 ﬁ-

223 2426 311 2483 lios
339 2429 446 2499 jam
465 2428 597 2483 ﬁere
616 2429 844 2499 dicatur.
877 2428 1031 2486 Unde
1060 2444 1156 2500 per
1177 2430 1279 2485 hoc
1304 2430 1369 2485 de
1398 2428 1663 2485 Chaldmis
1710 2430 1789 2484 hi-

220 2519 371 2574 storia
400 2520 611 2574 texitur
648 2519 792 2590 quod
823 2519 1015 2575 similis
1040 2530 1185 2574 esset
1211 2520 1278 2574 ab
1321 2521 1401 2575 eis
1442 2520 1580 2576 cladi
1620 2519 1788 2591 priori

217 2611 397 2682 populo
421 2610 732 2667 Iudaeorum
770 2610 952 2666 futura
983 2612 1235 2667 vastatio.
1260 2612 1366 2667 Sed
1404 2613 1585 2667 verius
1632 2628 1787 2668 reve-

217 2702 349 2760 lante
375 2721 473 2777 per
502 2706 894 2775 evangelistam
946 2706 1163 2775 spiritu,
1209 2705 1494 2777 prophetia
1543 2707 1608 2760 de
1658 2720 1789 2762 nece

218 2790 493 2866 puerorum
526 2797 809 2867 accipitur.
841 2797 983 2852 Dicit
1005 2812 1156 2870 ergo,
1181 2798 1322 2868 quod
1375 2806 1503 2854 tunc
1554 2798 1790 2868 comple-

222 2894 320 2941 tum
346 2889 415 2943 sit
450 2889 596 2959 quod
624 2888 828 2944 dictum
858 2897 960 2954 est,
992 2889 1115 2960 quia
1164 2889 1264 2945 etsi
1314 2889 1381 2943 ad
1418 2889 1787 2945 imminentem

216 2983 579 3052 captivitatem
610 2997 791 3043 sermo
818 2983 1115 3055 prophetiae
1144 2983 1382 3054 respicit,
1414 2991 1592 3038 tamen
1620 2984 1674 3037 in
1723 2998 1788 3039 eo

217 3072 341 3127 sicut
366 3073 419 3129 in
455 3075 672 3141 umbra,
708 3072 888 3129 futura
912 3074 1110 3129 veritas
1141 3073 1305 3131 etedis
1346 3074 1632 3130 infantium
1663 3091 1790 3147 pro-

217 3166 506 3221 nuntiatur.

275 3255 498 3311 Rachel.
530 3253 665 3322 Quia
690 3255 898 3326 sepulta
923 3264 1008 3311 est
1030 3254 1183 3326 juxta
1224 3254 1560 3323 Bethlebem,
1617 3265 1674 3312 et
1723 3272 1792 3311 ex

1965 2053 2128 2111 Vens.
2158 2055 2340 2111 21—
2369 2056 2559 2114 Timuit
2584 2060 2674 2114 illo
2698 2064 2793 2116 ire.
2830 2060 2885 2117 Si
2914 2063 3089 2120 timuit
3112 2064 3351 2124 Iudaeam
3375 2087 3474 2142 pro

1890 2147 2157 2203 Archelao
2185 2149 2398 2205 haerede
2442 2160 2681 2222 paterna:
2733 2155 3098 2225 crudelitatis,
3135 2175 3234 2215 cur
3281 2178 3387 2218 non
3427 2172 3485 2220 et

1890 2236 2192 2303 Galilaeam,
2218 2240 2309 2294 ubi
2345 2239 2587 2296 Herodes
2618 2242 2755 2298 alius
2796 2243 2965 2300 frater
2998 2247 3113 2317 ejus
3170 2252 3485 2322 regnabat?

1892 2327 2028 2396 Quia
2058 2330 2354 2386 Archelaus
2389 2339 2509 2402 post
2534 2342 2743 2403 patrem
2771 2338 3138 2393 nlonarehiam
3175 2341 3338 2397 totius
3388 2358 3479 2398 re-

1892 2416 1981 2489 gni
2014 2418 2248 2474 obtinuit
2281 2438 2294 2473 :
2327 2422 2420 2477 sed
2443 2421 2769 2478 insolescens
2797 2442 2828 2479 a
2854 2423 3070 2484 Tiberio
3122 2427 3334 2487 Ca'sare
3387 2432 3483 2488 de-

1885 2508 2063 2580 jectus
2092 2520 2177 2566 est
2201 2511 2521 2584 Lugdunum
2554 2515 2606 2570 in
2644 2516 2916 2585 exsilium,
2968 2530 3023 2574 et
3079 2529 3206 2577 tunc
3248 2524 3479 2581 divisum

1892 2612 1977 2658 est
1998 2620 2222 2675 regnum
2252 2607 2303 2660 in
2326 2616 2561 2677 quatuor
2589 2610 2931 2677 tetrarcllias,
2960 2628 3187 2683 quarum
3212 2632 3401 2686 unam,
3427 2620 3482 2675 id

1892 2704 1977 2752 est
2000 2696 2296 2764 Galilaeam,
2325 2699 2567 2757 Herodes
2597 2701 2765 2757 frater
2790 2704 2906 2776 ejus
2940 2707 3192 2763 obtinuit.

1965 2788 2236 2856 Quaeritur
2267 2809 2279 2845 :
2309 2807 2477 2859 quare
2511 2808 2618 2848 non
2653 2794 2834 2850 timuit
2866 2794 3061 2870 Ioseph
3095 2800 3175 2855 ire
3237 2800 3292 2857 in
3342 2801 3485 2859 Gali-

1892 2877 2048 2959 laeam
2082 2880 2223 2934 sicut
2252 2881 2305 2935 ill
2335 2879 2598 2948 Iudaeam,
2630 2899 2752 2938 cum
2777 2894 2832 2939 ct
2858 2886 2929 2941 ibi
2988 2900 3237 2961 regnaret
3277 2892 3484 2952 Arche-

1894 2968 2046 3025 laus?
2073 2969 2179 3026 Sed
2207 2973 2397 3027 melius
2426 2965 2602 3045 potuit
2647 2975 2699 3031 in
2746 2976 3014 3035 Nazareth
3081 2980 3222 3054 (qua:
3276 2995 3482 3043 remota

1894 3060 2035 3135 erat)
2075 3062 2244 3118 latere
2278 3080 2440 3136 quam
2480 3067 2530 3121 ill
2557 3065 2880 3135 Jerusalem,
2907 3071 2997 3128 ubi
3023 3080 3140 3128 erat
3192 3085 3354 3147 caput
3402 3094 3486 3137 re-

1895 3153 1983 3223 gni
2016 3162 2071 3207 et
2100 3156 2346 3211 assiduus
2367 3158 2683 3215 Archelaus.

1972 3241 2191 3297 Secessit
2208 3246 2261 3298 in
2273 3257 2467 3316 partes.
2485 3249 2635 3316 Quod
2650 3251 2900 3308 Christus
2928 3254 3053 3312 illuc
3080 3274 3182 3313 non
3213 3260 3478 3317 transfer-

220 3354 421 3403 terreno
440 3347 690 3417 corporis
717 3308 952 3421 hospitio
990 3308 1185 3403 matris
1208 3363 1402 3404 nomen
1435 3347 1663 3417 accepit.
1695 3348 1793 3404 Vel
1820 3308 1877 3376 C
1900 3342 1990 3411 tur
2002 3335 2093 3391 ubi
2108 3341 3119 3420 regnabatArcllelaus,signiﬁeat,quia
3138 3351 3241 3407 illis
3255 3354 3482 3411 abscon-

217 3439 328 3508 quia
355 3438 513 3493 multi
537 3438 602 3493 de
628 3436 910 3505 Beniamin
956 3448 1011 3494 et
1057 3436 1254 3510 Ioseph
1295 3441 1461 3495 occisi
1514 3448 1658 3499 sunt.
1716 3439 1792 3496 De

217 3529 407 3586 Rachel
432 3539 594 3585 natus
613 3538 696 3587 est
724 3529 1029 3603 Benjamin,
1061 3531 1128 3584 ad
1156 3528 1309 3601 cujus
1332 3540 1537 3587 sortem
1554 3546 1794 3602 nonper-

1896 3437 2055 3511 detur
2066 3435 2335 3506 Christus,
2352 3440 2404 3494 in
2421 3441 2618 3512 quibus
2633 3445 3089 3517 regnabitAntich
3098 3449 3281 3507 ristus.

1968 3524 2130 3583 Vens.
2159 3528 2246 3583 25.
2281 3560 2349 3569 ——
2373 3530 2661 3587 Nazaretlz.
2688 3534 2975 3600 Nazareth,
2994 3555 3204 3608 germen
3225 3542 3486 3599 novellum

219 3623 807 3690 tiuetBetlllebem,sed
828 3624 894 3679 ad
916 3625 1114 3679 tribum
1139 3632 1346 3680 tantum
1372 3623 1526 3680 Iuda.
1547 3622 1651 3681 Sed
1666 3625 1794 3694 quia
1895 3618 1981 3674 vel
2001 3620 2101 3689 ﬂos
2139 3622 2310 3692 campi
2338 3622 2747 3695 interpretatur,
2779 3627 2846 3683 de
2871 3627 3024 3697 cujus
3052 3630 3234 3688 radice
3285 3636 3486 3709 germi-

217 3716 469 3788 contiguaz
487 3716 659 3771 tribus
676 3713 841 3771 suntI
848 3716 947 3770 uda
967 3728 1021 3770 et
1039 3714 1317 3785 Benjalnin
1342 3717 1396 3771 in
1418 3715 1614 3771 ﬁnibus
1634 3716 1796 3772 Betll-
1898 3711 1983 3766 nis
2005 3721 2227 3768 sanctus
2272 3725 2584 3771 sanctorum
2607 3718 2674 3774 ad
2701 3719 3113 3791 signiﬁcandum
3163 3726 3486 3786 aeternitatis

216 3805 403 3875 lehem,
437 3807 591 3864 multi
624 3823 839 3878 quoque
866 3807 927 3863 de
961 3808 1102 3863 tribu
1137 3806 1414 3877 Benjalnin
1445 3809 1611 3864 occisi
1644 3815 1792 3863 sunt.
1897 3817 2009 3857 suae
2039 3804 2403 3860 substantiam
2427 3809 2739 3866 ascendisse
2771 3810 2985 3884 legitur.
3011 3811 3163 3870 Sicut
3183 3831 3311 3888 ergo
3331 3818 3487 3891 eligit

279 3896 412 3955 Nota
462 3897 608 3971 quod
637 3897 828 3953 melius
857 3912 953 3967 per
972 3896 1173 3954 Rachel
1205 3898 1387 3969 (qualn
1427 3898 1473 3953 si
1511 3914 1609 3970 per
1636 3899 1797 3956 Beth-
1899 3900 2113 3964 tempus
2142 3911 2249 3966 quo
2280 3907 2597 3954 nasceretur
2617 3909 2672 3955 et
2698 3901 2895 3965 locum.
2926 3904 2998 3961 ita
3029 3914 3084 3962 et
3107 3906 3380 3965 civitatem
3428 3910 3486 3967 in

216 3988 381 4046 lellem
451 3990 694 4064 plorasse
754 3987 1046 4061 diceretur)
1103 3987 1274 4060 ﬁgura
1338 3989 1663 4044 sacramenti
1714 3989 1797 4043 in-
1899 4002 2005 4058 qua
2029 3989 2366 4046 coalesceret
2398 4011 2410 4046 :
2445 3992 2598 4062 cujus
2622 4010 2819 4052 nomen
2841 3997 3041 4055 indicio
3063 4009 3168 4067 est,
3191 4004 3334 4072 quod
3368 4004 3486 4075 ipsa

224 4073 416 4146 nuitur,
458 4080 585 4151 quia
617 4095 715 4151 per
734 4095 854 4133 eam
892 4079 945 4134 in
981 4079 1232 4134 omnibus
1278 4079 1496 4135 schema
1539 4078 1797 4134 Ecclesiae
1899 4083 2181 4150 sanctitas,
2212 4084 2266 4139 in
2294 4088 2580 4141 sanctitate
2610 4087 2863 4153 nutritus,
2915 4099 3135 4147 sanctus
3170 4073 3483 4151 sanctorum

221 4174 642 4239 culnnlendatur,
670 4188 790 4241 quae
817 4170 994 4242 plorat
1015 4186 1121 4227 non
1146 4179 1253 4226 tam
1284 4181 1459 4227 morte
1483 4170 1794 4237 translatos,

225 4279 374 4335 quam
401 4264 666 4337 supplicio
692 4271 1019 4335 peremptos.
1060 4261 1277 4318 Rachel.
1308 4262 1364 4317 ld
1392 4272 1474 4318 est
1520 4262 1759 4318 Ecclesia
1778 4302 1795 4329 ,

219 4368 335 4411 suos
381 4365 600 4410 teneros
658 4369 829 4424 agnos
874 4353 1048 4424 plorat
1094 4362 1641 4425 peremptoszneque
1687 4354 1801 4408 vult

220 4446 472 4502 consolari
502 4447 558 4502 in
588 4447 863 4517 prtesenti,
901 4446 1027 4515 quia
1067 4460 1175 4500 non
1231 4455 1358 4500 sunt
1393 4464 1405 4499 :
1437 4447 1529 4501 sed
1581 4460 1798 4500 omnem

222 4552 361 4610 spem
389 4550 445 4596 et
467 4539 892 4596 consolationem
909 4538 976 4593 ad
988 4545 1245 4593 :eternam
1272 4538 1586 4592 transmittit
1608 4537 1793 4592 vitam.

284 4630 461 4689 Plorat
488 4630 753 4695 Ecclesia,
795 4639 851 4684 et
880 4645 988 4685 non
1035 4628 1149 4683 vult
1196 4629 1461 4684 consolari
1502 4630 1631 4684 hic:
1668 4627 1797 4699 quia

225 4718 311 4779 ﬁlii
337 4724 415 4777 sui
443 4739 553 4779 non
580 4733 708 4778 sunt
736 4723 801 4778 de
846 4722 952 4777 hoc
1003 4722 1221 4776 mundo.
1269 4719 1367 4776 Vel
1421 4721 1635 4792 plorat:
1667 4720 1796 4791 quia

225 4809 341 4865 dum
365 4813 524 4885 parit,
558 4812 826 4883 justitiam
856 4813 1019 4867 habet
1067 4809 1210 4866 unde
1251 4810 1449 4866 dicitur
1482 4830 1493 4865 :
1535 4810 1639 4865 Vos
1684 4808 1797 4881 plo—

225 4902 416 4968 rabitis,
438 4914 571 4970 ete.,
594 4904 688 4960 sed
712 4903 927 4958 additur
973 4901 1271 4958 consolatio
1302 4919 1314 4955 :
1343 4900 1577 4956 Tristitia
1627 4909 1796 4955 uestra

227 4990 437 5048 vertetur
461 4995 517 5049 in
542 4993 795 5066 gaudium
826 4990 1010 5065 (Joan.
1036 4990 1171 5063 xvr).

276 5080 451 5143 Vens.
482 5086 943 5157 l9.—I)efun’cto
989 5094 1163 5139 autem
1220 5082 1449 5150 Herode,
1510 5100 1645 5151 ecce,
1685 5091 1791 5139 etc.

230 5176 354 5247 Quia
384 5180 553 5253 sopita
573 5180 877 5236 Iudaeorum
909 5177 1152 5251 perﬁdia,
1203 5185 1257 5232 et
1314 5176 1463 5231 Helia
1508 5188 1562 5233 et
1607 5178 1794 5233 Enoell

229 5271 656 5340 praedicantibus,
678 5267 860 5324 Iudaea
891 5269 1113 5323 verbum
1146 5267 1237 5322 Dei
1266 5267 1510 5336 recipiet.

295 5360 554 5425 Defuncto
584 5374 708 5432 rege
733 5359 876 5415 illico
908 5357 1196 5429 complices
1246 5357 1364 5428 ejus
1409 5365 1656 5428 pereunt,
1712 5356 1793 5412 sic

233 5463 465 5508 cessante
490 5451 864 5524 persecutione
890 5448 1141 5505 Ecclesiae
1162 5448 1229 5503 ad
1253 5447 1493 5505 ctelestia
1514 5447 1789 5503 invitatur.

300 5544 455 5601 Vsus.
481 5545 572 5600 20.
601 5576 671 5587 —
702 5544 769 5600 In
791 5553 1005 5598 terram.
1037 5541 1154 5597 Non
1185 5542 1510 5598 determinat
1536 5541 1590 5596 in
1630 5556 1793 5612 quam

234 5645 452 5705 partem,
473 5644 531 5692 ut
566 5636 842 5693 dubitante
864 5633 1059 5704 Ioseph
1099 5633 1322 5704 angelus
1370 5641 1674 5687 revertatur
1702 5652 1714 5687 :
1746 5640 1800 5687 et

235 5723 490 5796 frequenti
518 5726 631 5795 ejus
651 5727 973 5783 allocutione
1018 5724 1214 5796 Ioseph
1278 5726 1476 5780 certior
1523 5726 1793 5781 reddatur.

238 5814 363 5880 Quia
394 5833 496 5871 non
522 5817 838 5872 distinxitin
874 5833 1033 5886 quam
1088 5825 1319 5887 partem,
1372 5818 1491 5873 ideo
1533 5816 1798 5888 Iosephus

239 5903 495 5961 intellexit
521 5907 756 5963 Judzeam
781 5923 901 5979 qua:
929 5909 1139 5980 dignior
1165 5925 1291 5978 pars
1320 5910 1465 5982 regni
1497 5916 1632 5965 erat.
1692 5909 1793 5964 De-

1898 4182 2049 4229 recte
2082 4175 2280 4231 dicitur
2309 4195 2321 4231 :
2356 4178 2494 4232 unde
2519 4186 2575 4231 et
2597 4178 2847 4248 discipuli
2886 4178 3000 4248 ejus
3048 4182 3197 4252 prius
3240 4184 3485 4243 Nazaraei

1900 4265 2028 4321 dicti
2057 4276 2206 4333 sunt,
2222 4269 2315 4324 sed
2332 4277 2519 4340 postea
2537 4285 2567 4323 a
2588 4268 2803 4326 Christo
2823 4270 3116 4330 Christiani
3139 4278 3314 4332 vocati
3331 4288 3480 4334 sunt.

1972 4361 2243 4419 Nazaretll
2277 4363 2511 4420 Galilleaa
2532 4380 2639 4435 quo
2690 4366 3036 4435 transfertur,
3096 4378 3306 4440 partem
3342 4373 3487 4444 ejus~

1901 4453 2021 4509 dem
2054 4454 2229 4524 gentis
2254 4470 2374 4526 quae
2403 4454 2564 4513 ﬁdem
2619 4466 2936 4529 susceptura
2981 4468 3120 4527 erat,
3170 4462 3484 4535 signiﬁcat.

1900 4544 2043 4599 unde
2077 4546 2175 4615 ﬂos
2198 4545 2587 4618 interpretatur
2611 4549 2765 4618 :quia
2791 4547 3032 4607 Ecclesia
3075 4568 3182 4622 quo
3209 4554 3489 4612 ardentius

1902 4648 1934 4688 a
1966 4635 2201 4692 terrenis
2229 4637 2297 4693 ad
2326 4637 2566 4699 cmicstia
2592 4640 2962 4713 transmigrat,
2996 4658 3063 4697 eo
3097 4643 3269 4715 magis
3318 4645 3490 4701 virtu-

1903 4732 2014 4780 tum
2037 4724 2167 4782 ﬁore
2186 4737 2240 4782 et
2264 4730 2505 4801 germine
2527 4732 2781 4787 abundat.

1976 4817 2077 4873 Per
2099 4822 2395 4890 prophetas.
2424 4820 2724 4892 Prophetas
2744 4823 3026 4896 pluraliter
3052 4825 3204 4892 dicit,
3235 4828 3361 4898 quia
3379 4844 3486 4886 non

1899 4909 2163 4965 habemus
2212 4909 2378 4966 ﬁxum
2434 4913 2500 4969 de
2545 4912 2823 4984 Scriptura
2876 4917 3180 4988 exemplum
3214 4921 3492 4977 :ostendit

1898 5016 2114 5056 sensum
2145 5018 2249 5057 non
2288 5004 2450 5059 verba
2479 5021 2538 5061 se
2561 5007 2876 5077 sumpsisse.
2932 5006 3026 5064 Vel
3045 5010 3249 5067 eisdem
3305 5013 3488 5070 verbis

1900 5090 1952 5146 in
1980 5090 2112 5146 lsaia
2138 5093 2291 5163 juxta
2333 5093 2651 5150 Hebraicam
2710 5097 2994 5154 veritatem
3028 5118 3039 5153 :
3078 5099 3373 5163 Nazarwus
3424 5102 3490 5157 de

1899 5182 2077 5236 radice
2096 5183 2210 5253 ejus
2242 5186 2480 5240 ascendet
2506 5184 2638 5258 (lsa.
2673 5188 2770 5256 ιι).

2539 5298 2764 5357 CAPUT
2807 5300 2891 5359 ΙΙΙ.

1955 5363 2119 5429 Vsus.
2140 5366 2336 5425 1.-Ιη
2352 5368 2533 5428 diebus
2550 5380 2743 5439 autem.
2757 5372 3006 5433 Praeterit
3020 5375 3206 5441 multa,
3220 5384 3276 5439 et
3294 5379 3489 5439 transit

1900 5456 1968 5512 ad
1982 5456 2415 5529 praedicationem
2432 5455 2675 5525 Ioannis.
2692 5460 2760 5527 In
2777 5462 2976 5524 diebus.
2994 5463 3108 5519 Non
3126 5465 3490 5537 solumneri-

1905 5547 1990 5601 tiae
2017 5562 2209 5613 annos,
2233 5547 2325 5603 sed
2348 5564 2537 5611 omnes
2556 5567 2725 5624 usque
2747 5554 2815 5609 ad
2854 5556 3297 5633 praedicationem
3326 5555 3489 5614 Ioan-

1902 5638 1989 5695 nis
2016 5640 2444 5709 comprehendit,
2472 5642 2523 5707 id
2552 5651 2655 5709 e-t,
2683 5660 2807 5701 cum
2830 5645 2941 5701 fere
2969 5656 3113 5702 esset
3143 5647 3362 5718 triginta
3384 5664 3485 5713 att-

1901 5743 2116 5783 nornm.
2139 5725 2313 5785 Lucas
2334 5730 2725 5802 significantius
2748 5744 2982 5806 tempora
3001 5737 3287 5807 exprimit:
3327 5737 3485 5794 Anno

1901 5821 2306 5891 quintodccilno
2346 5824 2555 5893 imperii
2598 5826 2801 5891 Tiberii
2850 5828 3096 5891 Caesaris.
3152 5827 3478 5885 Pra’dt'cans.

1900 5911 2263 5967 Manifestavit
2294 5930 2349 5968 se
2377 5917 2465 5985 qui
2500 5917 2648 5985 prius
2681 5919 2924 5984 siluerat,
2965 5919 3306 5989 baptizando,
3339 5921 3480 5977 viain
