4068 6344
497 381 605 445 ,79
1031 381 1433 440 WALAFRIDI
1473 382 1722 444 suum
1759 384 1961 445 FULD.
2003 385 2168 446 MON.
2207 365 2358 445 or'p.
2402 387 2581 446 rans
2615 389 2657 446 ι.
2697 421 2767 434 -
2803 391 3256 454 THEOLOGICA.
3717 400 3788 458 so

515 497 844 568 praeparans
863 495 1110 553 Domino.
1135 495 1204 550 In
1230 496 1433 552 deserto
1460 497 1686 555 Iudam.
1731 498 1867 566 Quia
1892 499 2059 556 Judaei
2087 515 2118 556 a
2144 503 2198 564 Α
2221 511 2486 588 pretatur,
2514 506 2641 576 quia
2671 507 2738 562 de
2762 510 3011 580 superbia
3036 512 3233 568 veteris
3261 513 3498 572 hominis
3524 514 3590 572 ad
3609 515 3789 574 humi-

531 588 646 644 Deo
678 587 876 644 deserti
905 598 1078 655 erant,
1111 588 1307 659 quibus
1331 591 1641 646 necessaria
1662 598 1745 648 est
1773 592 2114 662 poenitentia,

532 688 602 734 ut
615 679 859 735 redeant.

603 770 768 825 Vens.
793 769 846 824 2.
873 799 944 812 -
969 768 1355 827 Paenitentiam.
1381 771 1497 829 Hoc
1517 788 1695 843 praeco
1715 775 1948 840 nuntiat,
1966 775 2113 846 quod

529 871 652 932 post
677 875 774 931 per
788 861 1017 929 seipsam
1038 861 1278 929 Veritas;
1303 865 1618 934 ptenitentia
1639 865 1913 935 praecedit,
1931 867 2110 936 sequi-

521 963 620 1010 tur
643 955 926 1025 promissio
961 956 1109 1027 regni
1143 973 1156 1010 :
1185 957 1276 1026 qui
1299 972 1425 1012 vere
1452 959 1699 1028 paenitet,
1727 960 1778 1013 in
1803 975 1861 1015 se
1888 970 2114 1030 praeter-

529 1049 635 1103 itos
671 1061 905 1111 errores,
951 1049 1142 1104 deinde
1175 1049 1334 1120 erigit
1369 1051 1607 1105 animum
1646 1052 1712 1106 ad
1754 1052 1974 1108 caeleste
2020 1067 2108 1107 re-

515 1149 711 1210 gnum.
743 1136 800 1193 Si
824 1139 994 1212 gratis
1020 1139 1072 1193 in
1097 1139 1366 1209 baptismo
1394 1140 1452 1195 ﬁt
1487 1141 1756 1209 remissio,
1793 1158 1890 1198 cur
1919 1145 2112 1213 praedi-

527 1238 682 1284 catur
705 1230 1023 1299 ptenitentia
1039 1231 1060 1284 ?
1079 1231 1184 1286 Sed
1212 1231 1405 1302 triplex
1431 1240 1514 1288 est
1540 1233 1732 1290 modus
1751 1235 2106 1304 poenitentiae.

501 1321 763 1387 "Primus,
792 1338 1009 1379 errores
1030 1331 1084 1379 et
1109 1325 1291 1379 omnia
1314 1324 1455 1378 mala
1479 1334 1603 1380 ante
1634 1326 1958 1396 baptismum
2008 1327 2105 1382 ab-

505 1407 840 1468 renuntiare
880 1421 932 1468 et
988 1415 1348 1470 condemnare
1391 1433 1403 1468 :
1439 1416 1584 1486 quod
1630 1431 1852 1472 necesse
1901 1426 1986 1473 est
2039 1417 2107 1472 ad

525 1502 802 1559 Christum
823 1505 1082 1560 venturis.
1103 1503 1400 1569 Secundus,
1426 1513 1548 1574 post
1575 1506 1901 1576 baptismum
1927 1507 2108 1577 lapsos

522 1612 621 1667 per
645 1598 1014 1669 paenitentiam
1041 1599 1301 1654 revocari.
1335 1597 1570 1665 Tertius,
1595 1614 1703 1668 quo
1749 1599 1923 1656 sancti
1972 1615 2107 1670 quo-

524 1692 654 1747 tidie
682 1708 712 1746 a
739 1692 936 1748 talibus
973 1701 1273 1765 purgantur
1311 1692 1551 1762 peccatis
1597 1692 1715 1748 sine
1759 1693 1951 1764 quibus
1992 1693 2104 1749 vita

518 1784 852 1854 non'agitur.

2220 591 2428 648 litatem
2449 596 2802 654 confessionis
2838 608 2893 653 et
2929 603 3319 660 emendationis
3373 606 3786 667 descendebant.

2216 683 2335 738 Jam
2362 695 2491 742 tunc
2518 688 2659 742 enim
2681 690 3018 760 baptizandis
3043 697 3348 767 exemplum
3381 699 3606 757 dabatur
3623 704 3790 760 conﬁ-

2216 776 2361 831 tendi
2388 788 2605 847 peccata
2629 789 2682 835 et
2708 783 3054 851 promittendi
3082 786 3326 843 meliora.

2289 866 2454 922 Vens.
2487 868 2540 922 6.
2564 900 2634 910 —
2655 870 2723 925 In
2742 872 2996 929 Iordane.
3021 875 3156 943 Quia
3183 878 3239 932 in
3259 893 3323 935 eo
3347 879 3516 950 ﬁgura
3536 882 3790 955 baptismi

2214 959 2513 1027 praecessit,
2546 969 2601 1016 et
2625 977 2692 1017 ex
2715 965 2933 1021 nomine
2963 966 3281 1024 descensum
3301 971 3367 1026 de
3383 975 3631 1044 superbia
3681 978 3795 1035 exi-

2211 1049 2306 1119 git,
2331 1050 2476 1120 quod
2499 1053 2748 1124 congruit
2776 1054 3083 1125 baptizatis.
3127 1057 3460 1130 Conﬁtentes.
3513 1063 3792 1124 Confessio

2211 1146 2580 1208 peccatorum,
2611 1145 2959 1201 conscientia:
2993 1157 3078 1204 est
3127 1151 3496 1209 testimonium
3553 1156 3793 1214 timentis

2179 1231 2182 1234 ’
2211 1226 2401 1282 Deum.
2429 1229 2532 1298 Qui
2561 1233 2705 1287 enim
2740 1235 3173 1304 timetjudicium
3225 1241 3342 1307 Dei,
3403 1252 3623 1312 peccata
3683 1261 3793 1303 non

2209 1318 2481 1374 erubescit
2507 1321 2772 1379 conﬁteri.
2815 1325 3114 1384 Perfectius
3152 1330 3311 1386 timor
3362 1334 3525 1388 solvit
3575 1351 3793 1393 omnem

2208 1411 2487 1480 pudorem.
2526 1413 2808 1471 Confessio
2827 1419 3037 1488 peccati
3066 1423 3325 1490 pudorem
3352 1424 3532 1492 habet,
3562 1437 3617 1482 et
3673 1429 3793 1499 ipsa

2209 1504 2582 1560 erubescentia
2611 1518 2694 1563 est
2720 1511 2898 1578 gravis
2926 1526 3106 1581 paena.
3140 1514 3367 1586 ideoque
3386 1516 3641 1587 jubemur
3663 1537 3794 1578 eon-

2208 1594 2348 1652 ﬁteri
2375 1609 2618 1669 peccata,
2642 1610 2702 1656 ut
2729 1603 3164 1663 erubescentiam
3189 1610 3460 1679 patiamur
3479 1628 3577 1683 pro
3600 1629 3786 1684 pmna.

2206 1687 2341 1744 Nam
2363 1691 2464 1746 hoc
2489 1692 2667 1763 ipsum
2693 1711 2820 1766 pars
2844 1705 2929 1752 est
2949 1698 3116 1754 divini
3137 1701 3346 1771 judicii.

2278 1778 2440 1837 Vens.
2484 1783 2536 1837 7.
2567 1815 2637 1824 --
2663 1785 2860 1841 Multos
2893 1787 3320 1859 Pharisworum,
3352 1802 3456 1850 etc.
3485 1795 3552 1851 Hi
3574 1805 3698 1854 sunt
3720 1814 3792 1856 ex

590 1869 862 1932 Poenitere
900 1883 985 1932 est
1027 1883 1153 1933 ante
1202 1883 1320 1932 acta
1363 1875 1593 1945 deﬂere,
1621 1886 1676 1934 et
1713 1877 1956 1936 deﬂenda
1995 1893 2102 1934 non
2129 1859 2178 1920 Β
2207 1875 2476 1932 haereticis
2513 1877 2816 1934 Judaeorum
2841 1922 2856 1949 ,
2893 1890 2948 1938 et
2978 1883 3233 1940 Pharisaei
3262 1887 3696 1946 Observationum
3734 1900 3795 1950 et

513 1969 873 2024 committere.
897 1968 1290 2025 Pcenitentibus
1324 1984 1548 2040 regnum
1593 1971 1857 2028 caelorum
1905 1972 2098 2029 adesse

513 2059 732 2114 dicitur.
757 2058 874 2115 Non
900 2069 1134 2126 terrena,
1188 2069 1248 2115 ut
1273 2061 1326 2115 in
1355 2061 1526 2117 veteri
1566 2061 1684 2135 lege
1711 2081 1723 2117 :
1747 2071 1801 2118 et
1845 2063 1950 2118 hoc
2002 2078 2100 2133 per

513 2155 875 2210 obedientiam
901 2153 1120 2210 Christi.
1171 2154 1239 2209 Et
1269 2155 1370 2210 hoc
1407 2170 1628 2224 regnum
1679 2155 1940 2210 caelorum
1990 2155 2100 2226 pri-

513 2262 638 2301 mus
660 2245 893 2301 Joannes
915 2245 1230 2316 praedicavit
1259 2263 1272 2298 :
1301 2243 1669 2301 Pcenitentiam
1705 2247 1861 2316 agite.
1911 2246 2098 2301 Prima

509 2337 683 2391 virtus
704 2345 806 2401 est,
835 2350 933 2406 per
954 2335 1326 2406 pmnitentiam
1351 2337 1620 2404 perimere
1644 2345 1882 2392 veterem
1926 2337 2097 2392 homi-

400 2425 409 2431 ’
510 2443 657 2493 nem,
682 2438 737 2483 et
762 2428 893 2482 vitia
917 2427 1095 2484 odisse
1125 2447 1138 2482 :
1168 2428 1310 2499 quod
1334 2427 1422 2498 qui
1454 2443 1560 2483 non
1586 2425 1738 2495 facit,
1782 2443 1891 2484 non
1935 2429 2094 2508 modo

507 2521 737 2576 virtutes
761 2535 866 2576 non
891 2522 1315 2591 comprehendit,
1365 2521 1458 2576 sed
1478 2535 1578 2575 nec
1622 2521 1786 2575 etiam
1831 2521 2093 2592 supplicia

509 2612 664 2684 fugit.
697 2611 1043 2668 Pcenitentiae‘
1077 2612 1247 2667 virtus
1279 2612 1472 2667 timore
1508 2611 1832 2682 concipitur,
1877 2610 1971 2682 qui
2010 2618 2097 2667 est

506 2701 720 2757 initium
746 2702 1046 2771 sapientiae.
1078 2701 1402 2756 Poenitentia
1431 2716 1462 2755 a
1487 2701 1784 2770 puniendo,
1819 2716 1925 2770 qua
1951 2701 2095 2770 quis-

505 2808 612 2866 que
636 2795 783 2866 punit
810 2795 952 2864 quod
979 2793 1164 2848 illicito
1184 2793 1472 2848 commisit.
1755 2795 1760 2800 '

555 2886 956 2943 'Pmnitentiam
987 2900 1147 2956 agere
1177 2891 1261 2940 est
1297 2883 1486 2955 dignos
1510 2882 1717 2937 fructus
1756 2881 2090 2952 poenitentia:

504 2977 702 3033 facere:
742 2975 970 3047 Regnum
1001 2975 1268 3030 calorum.
1296 2974 1355 3029 ld
1387 2982 1472 3030 est
1501 2973 1781 3039 Christus,
1810 2988 1909 3044 per
1927 2987 2090 3044 quem

505 3067 678 3124 sancti
701 3071 929 3139 regnant
953 3067 1010 3121 in
1037 3065 1370 3122 caelestibus.
1417 3063 1514 3120 Vel
1559 3062 1930 3134 Evangelium,
1980 3077 2088 3133 quo

503 3159 699 3214 invitat
725 3159 792 3213 ad
818 3171 1059 3228 regnum.

2211 1969 2561 2025 traditionum
2590 1971 2884 2042 praeferunt
2912 1975 3202 2044 justitiam.
3237 1977 3389 2033 Unde
3419 1987 3474 2034 et
3508 1979 3791 2052 Pharisaei,

2210 2058 2265 2114 id
2286 2069 2390 2128 est,
2405 2061 2564 2116 divisi
2587 2078 2616 2116 a
2631 2064 2826 2132 populo
2846 2080 2944 2135 per
2957 2065 3222 2136 privatam
3238 2068 3502 2139 justitiam
3514 2071 3790 2134 dicuntur.

2209 2148 2507 2216 Sadducaei,
2540 2153 2592 2206 id
2609 2162 2694 2209 est
2711 2152 2845 2222 justi
2871 2173 2883 2209 :
2907 2157 3189 2212 vindicant
3218 2159 3363 2214 enim
3386 2161 3485 2217 sibi
3509 2167 3652 2234 quod
3679 2183 3792 2224 non

2199 2248 2325 2296 sunt
2357 2259 2372 2296 :
2401 2243 2456 2297 hi
2505 2253 2702 2315 negant
2736 2249 3190 2303 resurrectionem
3211 2289 3225 2314 ,
3261 2250 3499 2309 dicentes
3549 2257 3792 2314 animam

2199 2333 2420 2390 interire
2441 2351 2562 2391 cum
2583 2353 2808 2408 corpore
2833 2340 3104 2417 :bquinque
3119 2341 3286 2398 libros
3307 2344 3474 2416 Moysi
3492 2349 3788 2420 recipiunt,

2197 2427 2490 2497 prophetas
2538 2438 2815 2500 respuunt.
2859 2429 2970 2488 Hos
3007 2435 3283 2492 venientes
3335 2439 3403 2494 ad
3454 2441 3788 2512 baptismum

2197 2518 2438 2576 Joannes
2481 2521 2726 2594 increpat
2758 2541 2772 2578 :
2809 2525 2936 2595 quia
2970 2527 3205 2585 maxime
3253 2529 3560 2603 indigebant
3593 2550 3785 2594 corre-

2195 2611 2376 2669 ctione
2397 2623 2453 2669 et
2476 2614 2816 2684 poenitentia.

2266 2703 2550 2776 Progenies
2567 2708 2882 2778 viperarum,
2898 2718 3030 2778 etc.,
3064 2711 3117 2768 id
3138 2721 3243 2780 est,
3267 2718 3516 2772 venenati
3543 2733 3784 2776 venena-

2195 2807 2372 2854 torum
2397 2799 2492 2855 filii
2515 2818 2527 2854 :
2553 2801 2680 2870 quia
2703 2803 2860 2859 bonis
2881 2804 3121 2861 invident
3141 2821 3340 2879 eosque
3359 2824 3782 2884 persequuntur,

2192 2887 2469 2958 proximos
2494 2889 2695 2946 lzeduut
2722 2900 2781 2946 ut
2805 2903 2988 2964 patres
3015 2911 3223 2952 eorum.

2263 2981 2460 3050 Vipera
2493 2991 2702 3053 patrem
2735 3001 2889 3041 suum
2928 2988 3160 3056 occidit,
3189 2990 3268 3046 sic
3294 2991 3463 3049 Judaei
3485 2997 3780 3068 prophetas
3817 2979 3820 2984 I

2194 3071 2285 3141 qui
2311 3081 2466 3127 erant
2490 3083 2673 3144 patres
2694 3090 2904 3131 eorum.

2265 3163 2427 3219 Vens.
2467 3164 2522 3220 8.
2559 3196 2627 3206 —
2653 3165 2838 3222 Facite
2884 3185 3004 3240 ergo
3051 3171 3256 3242 fructus
3307 3175 3510 3246 dignos.
3558 3178 3774 3252 (Βευλ.)

578 3213 1020 3322 Αρρνορίηςξαυὶι
1070 3247 1229 3315 enim,
1271 3254 1375 3301 etc.
1432 3243 1546 3299 Nisi
1603 3243 2080 3337 appropinquaret,
2114 3213 2162 3278 ο
2192 3213 2601 3319 Quasi-diceret
2636 3274 2649 3310 :
2684 3213 2862 3324 Quare
2884 3213 3290 3330 vp:ibs'vevnena

502 3336 663 3400 nemo
707 3344 885 3399 redire
912 3349 1094 3412 posset
1121 3358 1134 3395 :
1161 3341 1288 3412 quia
1335 3337 1536 3395 inﬁrmi
1573 3345 1627 3393 et
1651 3337 1780 3393 caeci
1812 3336 1899 3392 via
1929 3336 2082 3407 (quae

501 3445 588 3492 est
612 3435 882 3503 Christus)
904 3434 1162 3490 carebant
1195 3449 1208 3487 :
1241 3447 1404 3503 quam
1432 3447 1631 3502 parans
1659 3431 1896 3487 Joannes
1913 3431 2084 3500 pumi-

501 3527 638 3584 tenti
659 3526 958 3595 anteponit.
1202 3531 1210 3540 ”

575 3616 739 3676 Vsus.
767 3617 819 3672 3.
840 3645 912 3658 -—
948 3613 1062 3669 Vox
1091 3613 1385 3668 clamantis.
1415 3611 1652 3669 Joannes
1680 3628 1808 3679 vox,
1835 3611 2085 3670 Christus

502 3708 744 3772 verbum,
773 3706 867 3778 qui
889 3706 1086 3761 clamat
1109 3705 1165 3760 in
1184 3701 1392 3760 Joanne
1424 3721 1438 3756 :
1469 3702 1683 3757 Nullum
1712 3705 1933 3759 verbum
1965 3704 2083 3760 sine

499 3815 632 3856 voce
655 3799 890 3866 auditur,
917 3813 1019 3854 nec
1051 3811 1154 3852 vox
1185 3797 1301 3852 sine
1337 3796 1686 3866 intelligentia
1721 3797 1870 3852 verbi
1915 3797 2076 3852 valet.

499 3889 616 3946 Vox
649 3890 791 3945 viam
815 3890 982 3945 verbo
1009 3895 1382 3960 praeparauut
1405 3887 1711 3956 recipiatur.
1746 3887 1900 3944 Unde
1928 3905 1940 3940 :
1967 3885 2080 3942 Pa-

501 3983 611 4037 ravi
637 3980 905 4036 lucernam
933 3979 1140 4036 Christo
1162 3995 1275 4034 meo
1301 3977 1474 4050 (Psal.
1495 3980 1702 4051 cum).

571 4072 638 4128 In
653 4073 881 4129 deserto.
903 4072 1100 4128 Forma
1139 4071 1524 4141 pmniteutibus
1555 4090 1566 4126 :
1597 4072 1746 4128 locus
1786 4087 2080 4129 conversa-

499 4165 684 4230 tionis,
708 4179 813 4219 non
835 4163 1136 4234 frequentia
1166 4163 1467 4229 hominum,
1497 4164 1590 4219 sed
1640 4165 1935 4221 desertum.
1979 4167 2082 4221 Ve-

498 4256 662 4320 stitus
687 4263 793 4310 nctt
815 4255 993 4310 mollis
1013 4254 1080 4310 ad
1103 4253 1328 4319 ﬂuxum,
1356 4255 1450 4310 sed
1481 4268 1638 4325 asper
1666 4273 1678 4310 :
1704 4257 1877 4314 victus
1903 4258 2081 4314 tenuis

499 4359 558 4405 et
581 4350 892 4406 inusitatus.

571 4441 792 4513 Typice,
835 4441 1109 4498 desertum
1161 4441 1433 4514 signiﬁcat
1475 4452 1789 4499 sanctorum
1838 4444 2006 4501 vitam
2046 4460 2078 4502 a

497 4533 685 4588 mundi
715 4533 986 4590 illecebris
1009 4543 1369 4606 segregatam.

575 4622 728 4677 Viam
751 4623 982 4679 Domini.
1015 4621 1113 4678 Via
1143 4624 1356 4681 Domini
1383 4625 1452 4682 ad
1491 4641 1590 4683 cor
1625 4625 1897 4699 dirigitur,
1951 4644 2075 4686 cum

497 4729 676 4771 sermo
695 4715 813 4785 ejus
835 4715 1121 4784 diligenter
1142 4717 1376 4772 auditur.

566 4807 732 4863 Vsus.
751 4807 882 4863 4.-
906 4808 1028 4878 Ipse
1054 4820 1226 4865 autem
1255 4810 1507 4867 Joannes.
1553 4812 1653 4880 Qui
1697 4815 2075 4885 paenitentiam

494 4897 772 4968 praedicat,
809 4898 1051 4954 habitum
1067 4901 1401 4970 poenitentiae
1411 4905 1715 4973 praetendit.
1752 4905 1808 4960 In
1820 4921 1885 4961 eo
1897 4907 2076 4966 vilitas

493 4989 727 5058 vestiset
739 4988 846 5046 cibi
861 4989 1126 5058 laudatur,
1140 5007 1370 5062 quorum
1385 5011 1515 5050 usus
1538 4996 1591 5050 in
1620 4997 1785 5053 divite
1809 5000 2070 5070 arguitur.

539 5082 695 5155 -lpse,
713 5091 892 5148 autem
918 5081 1153 5140 Joannes
1187 5087 1241 5141 in
1276 5089 1568 5160 semetipso
1602 5092 1777 5147 erudit
1809 5095 2076 5163 pteniten‘

497 5181 602 5247 tes.
630 5181 687 5228 et
701 5174 930 5245 formam
949 5177 1074 5231 vitae
1096 5179 1315 5234 exhibet
1350 5179 1403 5236 in
1433 5179 1648 5238 deserto
1703 5183 1975 5253 habitans,
2009 5188 2076 5244 de

495 5263 715 5322 locustis
738 5266 948 5334 vivens,
973 5267 1108 5340 pilos
1127 5269 1317 5326 cameli
1348 5271 1604 5328 vestiens.

569 5352 771 5412 Servus
787 5354 882 5411 Dei
917 5371 1024 5412 non
1053 5357 1212 5412 debet
1243 5357 1443 5414 habere
1467 5359 1849 5418 vestimentum
1880 5363 1948 5419 ad
1980 5365 2073 5421 de-

496 5459 676 5526 corem
705 5444 792 5501 vel
821 5446 886 5502 ad
923 5447 1362 5522 delectationem,
1399 5449 1492 5504 sed
1530 5457 1741 5522 tantum
1784 5452 1850 5508 ad
1891 5461 2071 5526 tegen-

495 5523 620 5592 dam
640 5537 958 5608 nuditatem.
989 5537 1118 5594 Inde
1151 5536 1388 5594 Joannes
1420 5539 1545 5608 pilis
1573 5532 1927 5600 vestiebatur.

545 5615 731 5684 Vitis.
753 5617 907 5686 5.?—
931 5627 1073 5684 Tunc
1114 5631 1289 5685 exibat
1327 5631 1396 5684 ad
1431 5649 1586 5712 eum,”
1615 5645 1723 5690 etc.
1782 5635 1918 5704 Quia
1967 5639 2072 5714 nisi

495 5721 673 5804 quisa
700 5721 1052 5814 malislereat,
1069 5737 1175 5777 non
1200 5719 1454 5808 abluitur.
1474 5707 1626 5810 Unde
1647 5737 1770 5816 apte
1786 5711 2028 5808 sequitur

494 5799 1086 5882 Baptizaba‘ntur'ab'eo
1112 5814 1166 5869 in
1197 5799 1432 5874 Iordane
1453 5811 1476 5875 Ξ
1615 5799 1880 5880 descensio
1906 5799 2086 5882 inter-'

2187 3344 2347 3399 utsic
2386 3344 2452 3398 ad
2478 3344 2803 3416 baptismum
2828 3389 2842 3415 ,
2874 3359 3006 3417 etc.,
3043 3369 3206 3424 usque
3235 3355 3305 3408 ad
3335 3357 3507 3428 gratia
3543 3369 3627 3416 est
3653 3375 3776 3431 quae

2187 3435 2369 3500 sentit,
2395 3437 2635 3492 sentiens
2663 3439 2854 3507 quzerit
2881 3443 3243 3498 sanctitatem.

2258 3523 2420 3581 Vens.
2463 3526 2516 3582 9.
2544 3558 2617 3567 —
2638 3527 2768 3584 Dico
2789 3531 2944 3584 enim.
2978 3533 3024 3586 A
3045 3548 3208 3589 carne
3237 3537 3495 3604 retrahit,
3527 3547 3586 3594 ut
3627 3541 3775 3613 cogi-

2184 3623 2304 3671 tent
2347 3632 2510 3688 opera
2557 3621 3048 3690 prmdestinationis
3082 3625 3197 3680 Dei.
3243 3626 3424 3683 Prima
3462 3638 3587 3686 sunt
3625 3633 3774 3689 rudi-

2185 3717 2367 3765 menta
2402 3710 2562 3778 ﬁdei,
2599 3713 2822 3769 credere
2849 3714 3017 3771 Deum
3040 3733 3197 3788 posse
3223 3721 3484 3792 quidquid
3519 3723 3770 3792 voluerit,

2183 3809 2246 3856 ut
2275 3803 2454 3858 omnia
2487 3804 2580 3875 qui
2617 3805 2684 3860 de
2711 3805 2880 3862 nihilo
2916 3810 3154 3876 creavit,
3185 3812 3358 3881 possit
3397 3813 3463 3868 de
3502 3813 3771 3885 lapidibus

2183 3893 2270 3950 vel
2291 3894 2357 3950 de
2383 3896 2605 3966 pulvere
2638 3897 2775 3953 ﬁlios
2806 3898 3038 3955 Abrahae
3072 3901 3326 3960 formare.
3367 3905 3445 3959 De
3485 3906 3767 3977 lapidibus.

2184 3985 2616 4042 Demonstrative
2665 3990 2734 4044 ad
2777 3990 2894 4046 illos
2938 3991 3145 4061 lapides
3193 4010 3330 4065 quos
3368 3996 3529 4052 Josue
3558 3998 3625 4053 de
3652 3998 3774 4054 Jor-

2185 4080 2322 4134 dane
2347 4080 2642 4136 transferre
2673 4081 2832 4147 fecit,
2879 4083 2948 4138 ad
2981 4099 3116 4154 quos
3151 4088 3305 4156 quasi
3332 4088 3556 4158 digitum
3584 4097 3772 4145 exten-

2183 4178 2317 4234 dens
2341 4179 2436 4233 ait.
2486 4217 2491 4224 -

2253 4267 2414 4325 Josue
2445 4270 2726 4327 duodecim
2756 4270 2957 4340 lapides
2990 4273 3055 4327 de
3083 4272 3260 4326 medio
3297 4269 3548 4325 Jordanis
3579 4269 3632 4324 in
3665 4277 3772 4325 ter-

2183 4377 2300 4417 ram
2335 4363 2699 4434 transportari
2743 4361 2900 4430 fecit,
2936 4371 2990 4419 et
3031 4364 3163 4420 alios
3201 4379 3268 4420 ex
3312 4373 3458 4419 terra
3489 4363 3543 4417 in
3577 4361 3768 4418 eodem

2182 4454 2335 4510 alveo
2358 4457 2569 4512 restitui
2601 4475 2613 4510 :
2643 4471 2741 4528 per
2766 4472 2902 4527 quos
2925 4458 3216 4515 excaecatio
3237 4457 3545 4513 Judaeorum
3571 4465 3626 4514 et
3643 4472 3770 4530 gen-

2101 4585 2158 4647 Β
2185 4549 2317 4604 tium
2349 4551 2417 4606 ad
2446 4551 2620 4608 lucem
2647 4551 3052 4608 transformatio
3069 4553 3450 4623 praesignatur.

2253 4641 2348 4699 Vel
2379 4644 2604 4712 gentiles
2629 4645 2833 4716 lapides
2861 4654 3020 4702 vocat
3046 4663 3060 4700 :
3089 4653 3144 4700 et
3171 4653 3257 4701 est
3285 4658 3478 4702 sensus
3510 4661 3522 4696 :
3551 4641 3630 4698 Ne
3659 4642 3770 4715 glo-

2183 4735 2395 4791 riemini
2432 4739 2498 4794 de
2533 4740 2736 4794 semine
2775 4739 2956 4795 carnis
2989 4759 3001 4793 :
3032 4741 3159 4811 quia
3192 4739 3246 4794 hi
3277 4746 3482 4794 tantum
3513 4744 3637 4792 sunt
3669 4736 3766 4804 filii

2181 4825 2301 4893 Dei,
2336 4829 2426 4898 qui
2455 4843 2552 4900 per
2585 4831 2813 4901 gratiam
2849 4839 2976 4885 sunt
3006 4830 3294 4886 illuminati
3315 4841 3371 4886 et
3399 4828 3630 4884 interius
3651 4844 3770 4885 sus-

2181 4919 2352 4974 citati.
2390 4919 2664 4977 Suscitare
2702 4922 2981 4993 signanter
3026 4921 3190 4987 dicit,
3222 4921 3347 4992 quia
3391 4919 3638 4976 Christus
3668 4917 3769 4974 Sa-

2182 5024 2332 5076 ram,
2367 5010 2419 5064 id
2451 5019 2534 5066 est
2555 5011 2878 5078 Eeclesiam,
2902 5012 3138 5082 accepit,
3173 5019 3230 5067 et
3267 5009 3496 5088 suscitat
3517 5023 3614 5079 per
3638 5024 3766 5081 sta-2

2186 5101 2320 5155 tiam
2349 5101 2485 5157 ﬁlios
2507 5103 2738 5158 Abrahae
2775 5102 3030 5159 defuncto
3068 5102 3184 5159 sine
3217 5101 3433 5166 liberis,
3471 5114 3540 5156 ne
3580 5107 3770 5155 tantus

2180 5193 2491 5264 patriarcha
2520 5195 2829 5264 privaretur
2853 5181 3162 5265 promissis.
3189 5194 3247 5276 In
3273 5193 3426 5263 cujus
3456 5191 3535 5247 rei
3563 5204 3769 5261 praesa-

2181 5286 2325 5357 gium
2353 5286 2481 5341 olim
2513 5287 2652 5343 Deus
2679 5287 2745 5344 de
2771 5286 2905 5342 Sara
2929 5287 3114 5358 genuit
3147 5285 3336 5341 ﬁlium.
3755 5325 3773 5361 τε

2246 5376 2408 5432 Vnus.
2435 5375 2523 5431 l0.
2553 5408 2626 5417 —
2649 5376 2776 5432 Jam
2805 5379 2942 5433 enim
2964 5378 3181 5433 securis.
3214 5375 3292 5430 Ne
3313 5381 3494 5430 autem
3515 5371 3767 5440 videren-

2177 5473 2267 5521 tur
2287 5465 2580 5532 immunes,
2610 5468 2654 5522 si
2683 5482 2741 5524 se
2763 5483 2794 5522 a
2825 5467 3022 5522 talibus
3044 5464 3396 5522 sacramentis
3424 5472 3764 5536 separarent,

2177 5559 2560 5615 comminatur.
2614 5558 2846 5615 Securis.
2885 5560 3172 5624 Christus,
3225 5558 3316 5630 qui
3364 5573 3432 5614 ex
3476 5557 3772 5629 manubrio

2181 5659 2395 5708 constat
2417 5658 2472 5708 et
2497 5651 2674 5716 ferro,
2703 5651 2754 5708 id
2783 5659 2884 5717 est,
2924 5651 3259 5722 humanitate
3290 5666 3393 5722 qua
3419 5656 3648 5720 tenetur,
3697 5659 3756 5718 et

2179 5741 2463 5812 divinitate
2484 5742 2609 5812 quia
2643 5743 2851 5814 incidit.
2891 5741 3078 5804 Posita
3105 5752 3222 5813 est;
3252 5742 3374 5812 quia
3410 5741 3512 5806 etsi
3539 5756 3766 5812 pett-patr.

2181 5831 2424 5888 tientiam
2467 5841 2786 5903 exspectat,
2829 5832 2976 5889 videt
3007 5840 3185 5889 tamen
3215 5833 3341 5905 quid
3379 5841 3462 5888 est
3493 5832 3758 5892 facturus.
