4068 6344
302 349 356 406 ει
1201 345 1467 403 CLOSSA
1505 343 1909 402 ORDINARIA.
1947 374 2016 387 —
2056 343 2308 402 EVANG.
2351 303 2622 400 unm.
2981 393 2984 396 .
3449 341 3532 420 se

304 464 374 518 Ad
407 457 652 514 radicem.
683 457 871 526 ld'est,
906 457 1067 517 ﬁnem
1091 460 1297 541 Judaici
1319 462 1533 533 populi,
1563 471 1622 517 ut
1647 462 1857 516 auferat
1883 463 1936 524 Α
1960 473 2080 514 nem
2111 469 2349 529 portare,
2402 459 2485 514 vel
2510 470 2703 514 nomen
2743 457 2924 528 sponsi
2974 472 3253 529 usurpare.
3298 457 3534 538 Joannes
3548 535 3560 540 _

303 553 364 607 de
390 559 527 605 terra
550 549 844 604 viventium
873 564 967 605 eos
1004 552 1096 620 qui
1132 551 1184 606 in
1213 550 1432 607 Christo
1473 567 1579 606 non
1610 551 1857 607 credunt.

305 642 421 707 Vel,
449 641 685 707 securis,
719 643 984 698 sententia
999 641 1188 712 judicii
1207 685 1221 710 ,
1245 643 1330 699 vel
1358 643 1662 713 praedicatio
1686 643 1862 698 Evan-

305 734 436 808 gelii.
465 733 544 786 Ad
577 734 824 788 radicem.
857 733 994 790 Nota
1017 750 1127 790 non
1156 736 1223 790 ad
1258 751 1438 791 ramos
1458 776 1473 800 ,
1505 735 1599 790 sed
1627 736 1693 791 ad
1720 735 1864 790 radi-

311 841 441 882 cem.
470 822 604 879 Cum
643 825 788 880 enim
810 825 906 881 ﬁlii
945 828 1210 883 malorum
1241 826 1532 893 tolluntur,
1565 830 1688 900 quid
1720 830 1864 885 aliud

277 954 280 956 η
304 914 619 992 quamArami
661 915 1007 973 infructuosa:
1037 917 1245 974 arboris
1274 919 1701 974 abscinduntur?
1729 920 1864 992 Cum

270 1033 274 1036 -
302 1014 404 1060 tota
431 985 715 1075 p’rogenies
739 1005 900 1060 simul
925 1021 1046 1062 cum
1070 1015 1292 1077 parente
1321 1008 1547 1076 tollitur,
1577 987 1860 1065 arbor‘ra-

301 1097 486 1154 dicitus
512 1097 876 1166 abscinditur,
905 1115 972 1156 ne
999 1101 1127 1171 quid
1164 1114 1442 1157 remaneat
1485 1103 1625 1158 unde
1665 1104 1862 1160 iterum

298 1186 491 1256 aliquid
523 1188 779 1258 germinis
813 1189 1039 1245 oriatur.
1073 1189 1302 1246 Radices
1335 1201 1460 1247 sunt
1488 1193 1863 1262 cogitationes,

269 1278 486 1350 “quibus
535 1279 779 1349 plantati,
817 1281 903 1336 vel
941 1295 1154 1337 sursum
1195 1282 1331 1339 coelo
1374 1284 1747 1350 sustolluntur,
1779 1285 1865 1342 vel

297 1371 360 1426 ad
391 1371 499 1425 ima
539 1370 736 1427 inferni
781 1372 1087 1428 mittuntur.
1119 1373 1294 1430 Arbor
1326 1375 1619 1431 humanum
1647 1392 1814 1448 genus
1845 1392 1861 1431 :

297 1461 444 1531 hujus
480 1463 653 1528 rami,
685 1461 776 1518 alii
806 1472 935 1520 sunt
958 1464 1126 1530 aridi,
1170 1465 1222 1520 id
1255 1474 1358 1531 est,
1387 1466 1576 1537 pagani
1616 1467 1865 1522 incendio

294 1553 418 1624 apti.
444 1551 553 1606 Alii
576 1551 798 1618 virides,
828 1553 922 1608 sed
951 1553 1068 1608 sine
1090 1553 1268 1609 fructu
1301 1571 1314 1608 :
1346 1563 1405 1609 ut
1432 1556 1744 1626 hypocritae,
1771 1556 1864 1625 qui

293 1643 526 1713 speciem
546 1643 848 1699 sanctitatis
870 1645 1228 1714 pretendunt,
1265 1647 1359 1701 sed
1384 1646 1528 1718 intus
1549 1648 1704 1702 vacui
1733 1663 1746 1700 :
1771 1647 1864 1703 alii

291 1734 572 1803 fructuosi,
606 1736 700 1791 sed
725 1736 1004 1800 venenosi,
1041 1736 1094 1791 id
1115 1746 1214 1801 est,
1244 1737 1483 1793 haeretici
1512 1757 1525 1792 :
1556 1738 1647 1809 qui
1671 1739 1864 1810 praedi-

1963 561 2024 606 ut
2048 567 2215 622 purus
2251 552 2414 606 homo
2446 551 2696 621 spiritum
2731 551 2863 606 dare
2898 566 3004 605 non
3038 559 3283 621 poterat,
3310 568 3418 624 quo
3453 569 3534 611 re-

1965 643 2196 697 mittitur
2243 642 2414 713 culpa.
2458 640 2707 699 Christus
2753 657 2884 697 vero
2926 641 3052 708 dat,
3094 644 3219 713 quia
3253 643 3442 702 Deus:
3479 653 3537 702 et

1965 736 2202 804 baptizat
2230 735 2282 790 in
2305 735 2494 800 verbo,
2516 733 2583 790 de
2609 748 2714 804 quo
2737 733 2933 789 dicitur
2966 752 2980 788 :
3013 731 3082 790 Et
3106 753 3190 790 vos
3210 738 3391 792 mundi
3413 739 3537 794 estis

1963 833 2173 895 propter
2208 825 2416 879 verbum
2451 823 2587 896 quod
2634 823 2839 878 locutus
2870 840 2985 878 sum
3023 824 3162 879 vobis
3201 824 3382 897 (Joan.
3419 826 3535 899 xv);

1965 923 2020 969 et
2056 913 2182 969 alibi
2222 932 2237 969 :
2275 908 2539 970 Mundam
2569 932 2654 970 eos
2694 913 2902 970 lavacro
2945 932 3094 986 aqua:
3136 917 3192 972 in
3233 917 3382 974 verbo
3420 920 3539 976 vita!

1964 1004 2304 1072 sanctiﬁcata:
2326 1003 2538 1076 (Ephes.
2570 1004 2646 1076 v).
3459 1057 3461 1059 ,

2035 1094 2100 1148 In
2137 1093 2335 1164 Spiritu
2364 1105 2562 1149 sancto.
2596 1095 2690 1151 Vel
2729 1095 2920 1166 spiritu
2965 1096 3444 1163 sanctiﬁcationis,
3485 1105 3543 1154 et

1967 1187 2116 1258 igne,
2145 1187 2198 1242 id
2228 1196 2311 1242 est
2338 1188 2657 1263 probatione
2690 1188 3070 1244 tribulationis.
3108 1189 3206 1244 Vel
3259 1190 3447 1262 spiritu
3487 1191 3541 1244 in

1966 1277 2214 1348 praesenti
2240 1277 2406 1332 abluit
2438 1295 2450 1330 :
2485 1286 2642 1347 post,
2659 1277 2705 1332 si
2731 1293 2852 1348 quae
2880 1278 3090 1334 macula
3117 1280 3350 1350 surrepit
3374 1320 3387 1344 ,
3421 1281 3544 1353 igne

1966 1368 2275 1438 purgatorio
2318 1369 2384 1423 ad
2429 1385 2621 1440 purum
2663 1378 2852 1423 exuret
2895 1383 2910 1423 :
2953 1368 3096 1440 quod
3143 1371 3212 1424 de
3253 1368 3544 1424 levioribus

1968 1461 2292 1516 credendum
2323 1469 2403 1516 est
2440 1461 2696 1531 peccatis.
2730 1459 2882 1517 Unde
2905 1460 2958 1515 in
2987 1460 3255 1526 Levitico,
3283 1476 3444 1531 super
3467 1460 3545 1514 al-

1968 1558 2086 1607 tare
2100 1566 2313 1622 semper
2335 1553 2473 1624 ignis
2497 1553 2691 1608 missus
2711 1553 2776 1607 de
2796 1550 2933 1608 coelo
2953 1552 3194 1617 ardebat,
3214 1553 3266 1609 id
3287 1562 3388 1620 est,
3404 1551 3545 1624 ignis

1968 1641 2134 1697 divini
2179 1644 2409 1708 amoris,
2457 1644 2549 1713 qui
2592 1658 2782 1698 omnes
2822 1643 2874 1698 in
2912 1641 3129 1698 Christo
3171 1643 3248 1715 (id
3292 1652 3396 1709 est,
3450 1632 3543 1714 qui

1969 1749 2130 1804 super
2169 1735 2339 1792 altare
2373 1734 2712 1807 oll'eruntur),
2738 1735 2891 1806 quasi
2921 1735 3220 1807 rebaptizat
3258 1745 3314 1792 et
3354 1735 3546 1798 exurit

291 1827 458 1881 cando
484 1825 719 1882 fructum
757 1827 1002 1897 pariunt,
1039 1828 1133 1884 sed
1161 1829 1462 1896 mortalem,
1499 1829 1625 1894 Alii,
1663 1831 1717 1885 id
1758 1839 1862 1897 est,
1895 1816 1942 1878 Β
1969 1827 2150 1882 carnis
2177 1842 2363 1882 eorum
2387 1828 2538 1882 vitia.

289 1916 564 1979 catholici,
591 1917 682 1986 qui
711 1918 909 1972 bonum
925 1916 1159 1973 fructum
1184 1917 1383 1973 ferunt.
1414 1916 1596 1973 Omnis
1623 1935 1743 1990 ergo
1775 1936 1865 1973 ar-

291 2005 400 2072 bor,
428 2016 493 2061 ut
515 2006 772 2076 gentiles,
805 2008 1135 2080 hypocritae,
1155 2007 1247 2078 qui
1279 2007 1502 2074 nullum,
1528 2016 1582 2064 et
1601 2008 1865 2077 haeretici,

267 2098 376 2169 .qui
407 2098 631 2154 malum.
1601 2153 1606 2160 .

359 2190 532 2246 Vens.
575 2191 663 2246 ll.
685 2191 880 2264 —Ego
911 2194 1137 2265 quidem.
1173 2193 1250 2250 Ne
1280 2193 1526 2268 videatur
1558 2208 1654 2251 sua
1685 2203 1872 2250 aucto-

285 2283 441 2339 ritate
469 2284 695 2351 minari,
719 2284 907 2356 incipit
948 2288 1156 2358 aperire
1187 2296 1401 2358 quantas
1431 2288 1502 2343 sit
1531 2288 1809 2359 dignitatis
1850 2307 1863 2344 :

283 2378 433 2449 cujus
458 2377 754 2449 praesentia
777 2381 1152 2444 comminatur,
1181 2381 1264 2434 vel
1304 2379 1456 2449 cujus
1480 2380 1726 2436 beneﬁcii
1749 2395 1873 2450 per-

283 2470 474 2524 suadet
527 2487 540 2523 :
575 2469 687 2540 Ego
727 2472 937 2542 quidem
980 2471 1184 2541 baptizo
1225 2489 1311 2526 vos
1346 2473 1402 2526 in
1440 2489 1598 2543 aqua.
1638 2471 1873 2526 Tantum

281 2573 520 2630 corpora
548 2559 698 2625 lavo,
729 2560 855 2630 quia
881 2567 1102 2631 peccata
1132 2559 1340 2614 solvere
1363 2574 1604 2630 nequeo,
1641 2569 1700 2614 ut
1735 2560 1874 2615 sicut

281 2651 594 2718 nascendo,
618 2653 960 2722 praedicando
979 2694 994 2720 ,
1017 2668 1292 2723 praacurro
1319 2654 1397 2709 sic
1417 2653 1736 2723 baptizando
1768 2668 1782 2706 :
1815 2659 1876 2708 ut

277 2745 642 2814 paenitentes,
671 2761 805 2815 quos
833 2760 932 2817 ego
958 2745 1060 2802 hoc
1080 2745 1356 2818 signaculo
1388 2747 1456 2801 ab
1479 2746 1870 2815 iunpoenitenti-

276 2834 379 2891 bus
401 2837 680 2904 discerno,
705 2839 772 2893 ad
793 2839 1116 2908 baptismum
1144 2838 1344 2894 Christi
1374 2839 1619 2910 dirigam.
1645 2839 1772 2895 Post
1794 2857 1872 2894 me

276 2937 536 2982 venturus
565 2937 658 2982 est.
692 2928 760 2983 Et
800 2931 846 2985 si
882 2945 1076 2985 moneo
1098 2931 1288 3002 dignos
1320 2929 1525 2986 fructus
1543 2931 1875 3002 paenitentiae

275 3016 489 3085 facere,
549 3021 863 3090 superbiam
916 3023 1150 3094 abjicere
1185 3041 1198 3076 :
1231 3039 1334 3078 non
1360 3031 1537 3079 tamen
1581 3039 1801 3095 possum
1844 3040 1877 3080 a

274 3111 534 3180 peccatis
564 3111 791 3166 solvere.
826 3110 1038 3167 Fortior
1058 3129 1139 3166 me
1158 3122 1252 3166 est.
1282 3113 1417 3179 Quia
1445 3129 1545 3185 ego
1577 3115 1793 3183 baptizo
1821 3115 1898 3169 in"

272 3199 673 3270 paenitentiam
691 3241 706 3266 ,
747 3200 836 3256 ille
860 3201 915 3256 in
949 3203 1342 3258 remissionem.
1370 3184 1752 3275 Egospiritum
1779 3205 1876 3258 hac
1901 3184 1947 3247 ο

273 3288 382 3346 beo
412 3330 430 3356 ,
495 3290 590 3346 ille
651 3291 760 3346 dat.
830 3290 943 3362 Ego
1004 3306 1230 3363 regnum
1284 3291 1544 3348 caelorum
1605 3293 1834 3364 praedico
1859 3333 1874 3360 ,

274 3381 367 3439 ille
405 3384 531 3439 dat.

349 3474 537 3546 Cujus
573 3491 676 3530 non
698 3491 835 3542 sum,
857 3484 962 3532 etc.
991 3475 1096 3531 Alii
1121 3475 1362 3531 scribunt
1391 3495 1402 3530 :
1433 3473 1598 3544 Cujus
1618 3491 1725 3530 non
1758 3489 1877 3531 sum

276 3566 482 3636 dignus
509 3566 806 3636 corrigiam
838 3566 1186 3622 calceamenti
1217 3566 1444 3622 solvere.
1475 3549 1664 3638 .I’otuit
1695 3577 1877 3621 autem

275 3655 532 3715 Joannes
551 3667 842 3729 utrumque
872 3659 1082 3726 dicere,
1122 3657 1207 3713 vel
1226 3657 1518 3713 contextim
1551 3657 1634 3713 vel
1667 3657 1876 3713 diverso

279 3761 544 3824 tempore
569 3772 582 3809 :
606 3762 666 3809 ut
693 3755 830 3811 alius
867 3753 1193 3827 evangelista
1233 3755 1364 3820 hoc,
1405 3754 1543 3810 alius
1564 3753 1693 3809 illud
1726 3768 1879 3809 assu-

278 3859 457 3900 mere.
491 3844 700 3902 Omnes
729 3856 903 3902 tamen
917 3861 1103 3903 verum
1125 3856 1497 3902 narraverunt.
1523 3846 1754 3902 lntendit
1779 3861 1876 3901 au-

277 3945 389 3992 tem
417 3938 475 3992 in
518 3939 628 3994 hoc
669 3940 954 3996 ostendere
992 3939 1365 3996 excellentiam
1399 3937 1598 3995 Christi
1637 3947 1693 3994 et
1726 3953 1878 3994 suam

277 4027 678 4085 humilitatem.

351 4125 456 4180 Vel
496 4125 801 4181 secundum
843 4127 1172 4198 allegoriam.
1212 4125 1648 4181 Calceamentum
1681 4133 1767 4182 est
1799 4125 1880 4180 in-

279 4219 638 4273 carnationis
668 4219 1016 4285 mysterium;
1050 4217 1304 4289 corrigia,
1345 4217 1588 4289 mysterii
1628 4216 1875 4288 ligatura.

278 4306 402 4365 Non
435 4324 583 4380 ergo
617 4308 759 4363 valet
785 4308 1018 4364 Joannes
1041 4309 1330 4378 corrigiam
1369 4307 1607 4372 solvere,
1635 4308 1760 4379 quia
1799 4309 1878 4363 in-

279 4402 634 4457 carnationis
662 4400 977 4472 mysterium
1007 4416 1112 4456 non
1143 4399 1335 4456 sullicit
1369 4400 1714 4472 investigare.
1757 4400 1876 4466 Vel,

279 4492 402 4550 Non
459 4509 594 4550 sum
653 4493 848 4565 dignus
908 4493 1115 4550 solvere
1175 4494 1466 4566 corrigiam
1529 4492 1874 4550 calceamenti

279 4694 532 4750 sponsus
566 4679 712 4736 credi
742 4679 828 4735 vel
861 4679 963 4735 dici
983 4720 998 4745 ,
1033 4681 1126 4734 sed
1152 4679 1357 4734 amicus
1392 4680 1574 4748 sponsi
1601 4679 1739 4734 volo.
1765 4677 1880 4733 Mos

282 4772 434 4826 enim
467 4780 596 4826 erat
627 4778 687 4824 ut
717 4770 762 4826 si
796 4770 918 4840 quis
951 4783 1070 4824 eam
1097 4783 1215 4838 qua:
1248 4768 1350 4824 sibi
1379 4776 1707 4838 competeret
1741 4768 1881 4823 acci-

279 4875 416 4932 pere
447 4863 506 4917 in
550 4876 775 4917 uxorem
805 4859 986 4926 nollet,
1011 4858 1099 4914 ille
1125 4859 1174 4914 ei
1195 4859 1615 4914 calceamentum
1644 4857 1879 4914 solveret

283 4955 378 5024 qui
412 4956 486 5011 ad
525 4955 670 5010 hanc
698 4969 928 5025 sponsus
960 4951 1083 5021 jure
1115 4952 1536 5023 pr0pinquitatis
1569 4951 1870 5006 accederet.

280 5042 536 5101 Joannes
572 5061 730 5116 ergo,
769 5044 861 5115 qui
893 5059 1000 5099 non
1039 5057 1299 5114 sponsus,
1341 5042 1418 5096 ait
1449 5060 1462 5095 :
1493 5041 1610 5096 Non
1647 5057 1764 5097 sum
1801 5041 1882 5096 di-

283 5151 464 5207 gnus,
507 5144 620 5192 etc.
661 5137 739 5191 Ac
768 5136 815 5191 si
864 5136 1010 5191 dicat
1041 5178 1053 5190 .
1095 5135 1207 5206 Ego
1248 5134 1605 5203 redemptoris
1655 5133 1879 5205 vestigia

281 5241 395 5284 non
427 5229 596 5284 valeo
638 5228 911 5285 denudare
942 5247 954 5283 :
987 5227 1109 5300 quia
1152 5242 1346 5282 nomen
1383 5225 1564 5297 sponsi
1604 5242 1709 5284 non
1749 5225 1880 5282 mihi

281 5337 521 5391 usurpo.

331 5411 464 5467 ‘Vel
511 5411 836 5481 simpliciter
867 5425 926 5466 se
957 5408 1234 5474 humiliat,
1272 5407 1356 5464 vel
1383 5407 1659 5479 Evangelii
1695 5423 1877 5464 sacra-

283 5510 478 5556 menta
511 5514 622 5554 non
649 5510 733 5555 est
754 5501 943 5571 dignus
965 5497 1308 5554 circumferre
1338 5498 1706 5567 praedicando,
1737 5496 1878 5566 quod

285 5589 398 5647 nun
431 5589 546 5646 sibi
577 5589 886 5662 deputatum
907 5632 921 5655 ,
962 5588 1216 5660 apostolis
1247 5594 1330 5642 est
1359 5587 1728 5643 commissum.
1762 5583 1901 5639 Non

276 5681 403 5739 sirm
437 5683 651 5752 dignus
679 5683 947 5756 explicare
983 5691 1228 5737 naturam
1267 5677 1572 5734 Divinitatis
1598 5670 1663 5732 ad
1692 5671 1877 5730 huma-

272 5773 542 5832 nitatem'.
569 5771 694 5842 Vel,
723 5790 828 5830 non
859 5789 975 5832 sum
1015 5774 1206 5845 dignus
1230 5765 1505 5840 Evangelii
1543 5758 1895 5839 praedicatio?

2039 1937 2201 1993 Vens.
2227 1939 2313 1993 12.
2346 1969 2417 1980 -
2445 1938 2612 2010 Cujus
2651 1938 3011 1994 uentilabrum.
3067 1937 3440 1998 Ventilabrum
3489 1941 3544 1997 in

1968 2044 2132 2084 manu
2168 2038 2253 2085 est
2293 2044 2520 2084 examen
2541 2029 2731 2101 judicii
2755 2045 2863 2101 quo
2899 2032 3278 2087 discernuntur
3314 2032 3461 2088 leves
3493 2041 3549 2090 et

1968 2120 2123 2175 vacui
2146 2136 2177 2175 a
2202 2120 2378 2176 fructu
2403 2122 2528 2176 boni
2567 2122 2766 2192 operis.
2795 2121 2863 2176 In
2888 2139 3068 2188 manu,
3095 2122 3224 2194 quia
3248 2122 3410 2180 Pater
3437 2138 3547 2181 non

1962 2210 2172 2282 judicat
2207 2228 2563 2284 quemquam,
2602 2215 2696 2270 sed
2737 2229 2896 2270 omne
2922 2216 3186 2286 judicium
3212 2217 3359 2274 dedit
3385 2218 3545 2279 Filio.

1971 2305 2376 2374 Permundabit,
2413 2307 2468 2362 id
2497 2315 2612 2373 est,
2644 2307 2883 2378 quotidie
2905 2323 2937 2363 a
2962 2308 3129 2364 variis
3164 2310 3548 2366 tentationibus

1972 2398 2216 2452 mundat.
2246 2395 2372 2463 Vel,
2410 2398 2787 2453 Permundabit
2805 2439 2822 2464 ,
2849 2399 2976 2454 dum
3005 2401 3073 2456 ob
3103 2398 3394 2458 manifesta
3419 2415 3550 2471 pec-

1973 2496 2092 2543 cata
2113 2503 2398 2558 perversus
2419 2491 2486 2546 de
2523 2490 2760 2546 Ecclesia
2789 2490 3020 2560 ejicitur,
3058 2491 3143 2548 vel
3167 2499 3289 2562 post
3316 2500 3548 2548 mortem

1967 2581 2276 2656 damnatur.
2314 2579 2506 2637 Paleas
2544 2593 2737 2638 autem.
2775 2582 2950 2639 Paleas
2987 2583 3054 2640 de
3089 2583 3295 2655 origine
3323 2583 3466 2640 unde
3494 2590 3550 2638 et

1973 2671 2210 2726 triticum
2233 2673 2514 2740 oriuntur,
2546 2675 2599 2729 id
2633 2683 2717 2730 est
2736 2674 2802 2730 de
2828 2675 3052 2740 semine,
3083 2675 3293 2732 zizania
3326 2691 3456 2732 vero
3480 2676 3549 2732 de

1973 2762 2208 2818 diversa.
2246 2762 2420 2818 Paleae
2453 2778 2582 2836 ergo
2612 2772 2739 2820 sunt
2769 2765 2861 2835 qui
2894 2764 3018 2820 ﬁdei
3057 2767 3413 2823 sacramentis
3448 2766 3550 2821 im—

1971 2852 2238 2920 buuntur,
2265 2855 2363 2910 sed
2397 2854 2552 2910 solidi
2591 2870 2698 2910 non
2733 2863 2860 2910 sunt
2888 2869 2903 2910 :
2935 2855 3145 2912 zizania
3185 2869 3316 2913 vero
3358 2855 3552 2924 qui.et

1973 2959 2135 3016 opere
2170 2953 2226 3002 et
2260 2945 2596 3016 professione
2634 2955 2991 3004 secernuntur
3019 2948 3090 3004 ab
3125 2947 3331 3004 electis.
3361 2946 3438 3002 De
3464 2947 3553 3005 his

1975 3036 2172 3092 dicitur
2203 3054 2216 3090 :
2247 3035 2350 3104 Qui
2393 3054 2496 3092 non
2527 3038 2724 3103 credit,
2755 3037 2876 3107 jam
2906 3037 3182 3107 judicatus
3209 3046 3285 3092 est
3306 3045 3404 3103 ,Iet
3429 3037 3551 3101 ideo

1977 3147 2085 3186 non
2117 3131 2176 3185 ﬁt
2206 3131 2296 3186 hic
2323 3131 2524 3188 mentio
2558 3131 2624 3186 de
2653 3129 2775 3185 illis.
2801 3129 3246 3201 Inexstinguibili.
3279 3128 3415 3197 Quia
3441 3143 3555 3193 non

1979 3224 2349 3294 exstinguetur
2383 3238 2558 3292 neque
2594 3223 2898 3292 exstinguet
2933 3221 3204 3280 cruciatos
3227 3262 3244 3288 ,
3269 3223 3367 3278 sed
3393 3229 3551 3278 teter-

1978 3312 2175 3368 naliter
2201 3312 2406 3382 puniet.
2445 3313 2653 3368 Dicitur
2679 3311 2967 3381 autemad
3006 3309 3364 3367 differentiam
3403 3310 3550 3377 illius

1978 3405 2045 3461 de
2071 3419 2179 3473 quo
2207 3403 2405 3460 dicitur
2431 3402 2590 3475 :Igne
2611 3420 2704 3459 nos
2732 3404 3048 3467 examinati
3069 3399 3242 3474 (Psal.
3267 3401 3417 3471 va),
3437 3410 3546 3458 etc.

2048 3517 2212 3574 Vsus.
2234 3518 2408 3575 15.—
2437 3516 2580 3572 Tunc
2623 3517 2780 3572 venit.
2827 3514 3052 3583 Quando
3083 3513 3318 3570 Joannes
3356 3513 3554 3584 praedio;

1977 3611 2136 3668 cabat
2169 3617 2224 3667 et
2251 3608 2586 3682 baptizabat,
2632 3608 2839 3665 scilicet
2876 3607 3090 3678 quando
3133 3603 3293 3662 Jesus
3329 3605 3553 3677 triginta

1977 3712 2096 3761 erat
2119 3717 2404 3769 annorum,
2435 3703 2723 3759 ostendens
2749 3701 2955 3757 nullum
2985 3700 3184 3756 debere
3210 3699 3550 3756 sacerdotem

1977 3797 2062 3852 vel
2099 3797 2505 3867 praedicatorem
2551 3794 2667 3849 ﬁeri
2699 3794 2802 3849 nisi
2845 3792 2994 3849 utilis
3031 3792 3226 3849 aetatis.
3254 3790 3414 3847 Sicut
3451 3789 3548 3845 Jo-

1978 3889 2108 3958 seph
2136 3887 2458 3944 tricenarius
2479 3899 2702 3955 regnum
2725 3883 2943 3954 Egypti
2984 3882 3241 3952 suscepit.
3273 3880 3440 3936 David
3464 3893 3552 3936 re-

1978 3997 2142 4054 gnum
2159 3996 2222 4037 ea
2249 3988 2408 4036 aetate
2436 3977 2708 4036 inchoavit
2737 3995 2750 4030 :
2783 3974 3029 4030 Ezechiel
3057 3973 3396 4045 prophetiam
3421 3985 3546 4041 pro-

1978 4074 2192 4129 meruit.
2219 4071 2380 4127 Venit
2409 4069 2565 4126 Jesus
2592 4068 2676 4123 his
2697 4068 2762 4123 de
2795 4067 2976 4122 causis
2999 4074 3058 4120 ut
3084 4065 3351 4134 baptisma
3379 4061 3542 4118 Joan-

1979 4168 2064 4224 nis
2103 4162 2505 4233 comprobaret,
2546 4166 2602 4214 et
2647 4167 2706 4212 ut
2749 4157 2895 4228 (quia
2934 4155 3095 4210 homo
3143 4161 3284 4225 erat)
3335 4167 3554 4208 omnem

1981 4256 2227 4327 impleret
2249 4252 2515 4325 justitiam
2539 4258 2595 4306 et
2612 4249 2747 4321 legis
2772 4246 3128 4303 humilitatem
3164 4252 3268 4300 :-et
3290 4251 3349 4298 ut
3373 4255 3543 4313 aquas

1981 4347 2347 4411 sanctiﬁcans,
2397 4360 2496 4416 per
2533 4342 2836 4399 columbam
2867 4340 2934 4394 in
2975 4339 3212 4403 lavacro,
3237 4336 3568 4392 adventum,

1983 4438 2220 4510 Spiritus
2254 4435 2429 4494 sancti
2455 4433 2782 4490 ostenderet.
2811 4429 2970 4485 Venit
2993 4428 3138 4483 enim
3167 4442 3277 4482 non
3313 4426 3546 4482 necessi-

1908 4530 1962 4590 D
1987 4539 2097 4587 tate
2148 4528 2465 4593 ablutio'nis,
2496 4525 2590 4582 sed
2618 4533 2678 4579 ut
2700 4537 2860 4579 nemo
2897 4520 3296 4592 quantumlibet
3327 4527 3562 4574 sanctus

279 4586 438 4656 ejus,
483 4587 544 4642 id
584 4593 691 4652 est,
727 4601 927 4641 nomen
958 4586 1138 4657 sponsi
1179 4586 1312 4641 mihi
1357 4602 1465 4642 non
1492 4601 1725 4657 usurpo,
1779 4601 1878 4642 nec
1908 4586 1953 4605 ”’

1982 4622 2234 4692 baptismi
2267 4621 2496 4692 gratiam
2530 4615 2854 4688 superﬂuam
2892 4613 3178 4685 iudicaret.
3231 4609 3275 4664 Α
3328 4606 3553 4664 Gaiitéra

1981 4715 2038 4768 in
2061 4713 2368 4769 Jordanem.
2397 4709 2615 4767 Galihea
2632 4749 2648 4774 ,
2671 4703 3079 4776 transmigratio
3105 4719 3124 4758 :
3150 4700 3425 4767 Jordanis,
3441 4701 3569 4756 deat

1980 4819 2220 4861 sceusus.
2244 4803 2347 4870 Qui
2369 4817 2497 4873 ergo
2520 4801 2635 4855 vult
2652 4795 2914 4870 baptizari
2951 4793 3297 4866 trausmigret
3322 4808 3356 4848 a
3382 4791 3550 4854 vitiis,

1979 4905 2036 4954 et
2061 4896 2394 4954 descendens
2410 4892 2740 4950 humilietur.
2850 4905 2854 4910 λ
3443 4907 3446 4910 ~
3487 4897 3491 4901 ~

2053 5007 2217 5064 Vens.
2247 5007 2420 5062 15.-
2441 5003 2567 5061 Sine
2591 5003 2763 5058 modo.
2788 5000 2916 5056 Sine
2944 4998 3104 5056 modo
3124 5013 3212 5054 me
3231 5007 3262 5054 a
3286 5006 3338 5054 te
3364 4993 3542 5067 baptia

1984 5103 2118 5167 zari,
2151 5109 2209 5156 ut
2227 5108 2411 5172 postea
2433 5097 2576 5170 quod
2605 5112 2636 5151 a
2664 5110 2748 5151 me
2771 5093 2968 5164 quaeris
3000 5093 3056 5149 in
3077 5088 3270 5163 spiritu
3305 5089 3576 5178 baptize--~

1981 5195 2078 5252 ris.
2107 5193 2260 5250 Sicut
2282 5192 2427 5248 enim
2455 5191 2607 5246 decet
2631 5187 2761 5243 dare
2783 5185 3092 5256 exemplum
3118 5181 3410 5254 implenda!
3427 5187 3575 5238 om-

1981 5286 2068 5342 nis
2092 5284 2341 5357 iustitia,
2385 5265 2446 5338 ut
2474 5281 2685 5337 discant
2717 5294 2907 5336 omnes
2941 5276 3212 5334 neminem
3249 5274 3366 5332 sine
3409 5273 3580 5330 unda“

1979 5376 2230 5448 baptismi
2253 5389 2374 5431 esse
2394 5374 2711 5444 perfectum.
2787 5365 2792 5368 ’
3462 5362 3512 5391 "-

2055 5486 2202 5542 Tum:
2227 5485 2443 5540 dimisit.
2473 5482 2606 5538 Cum
2638 5481 2730 5538 tali
2755 5479 2943 5538 ordine
2961 5478 3300 5552 cognovisset
3327 5475 3582 5550 impletin

1983 5577 2102 5635 dam
2123 5575 2409 5645 justitiam.
2430 5571 2663 5650 Dimisit,
2680 5572 2803 5647 quia
2825 5557 2951 5644 vere
2968 5577 3052 5627 est
3068 5568 3366 5654 humilitas,
3385 5565 3562 5650 quam

1984 5687 2090 5730 non
2115 5670 2316 5727 deserit
2342 5684 2524 5727 comes
2550 5666 2867 5730 obedientia.
2963 5731 2967 5733 _
3121 5652 3218 5744 μ’
3344 5722 3349 5726 .

2057 5761 2290 5835 Spiritus
2315 5759 2369 5819 in
2391 5749 2660 5818 momento
2686 5773 2810 5816 eum
2835 5745 3036 5828 docuit,
3049 5743 3192 5830 quad
3214 5743 3366 5832 prius
3378 5743 3571 5841 nesci"?
