4068 6344
527 300 597 358 85
1022 299 1412 356 WALAFRIDI
1451 299 1698 368 STRABi
1735 300 1940 358 FULD.
1979 299 2145 357 MON.
2182 299 2332 358 OPP.
2373 301 2548 358 PARS
2586 302 2628 358 l.
2664 333 2733 346 --
2771 304 3228 363 THEOLOGICA.
3695 311 3767 368 84

527 411 604 464 vit
645 452 656 463 .
699 419 754 464 et
781 409 900 465 ideo
939 410 1081 481 quod
1123 412 1272 480 prius
1311 390 1490 466 timuit
1523 392 1827 483 humiliter,
1876 414 2103 470 devotus
2127 416 2182 478 Α
2206 422 2356 470 zatos
2377 415 2442 470 de
2468 415 2666 471 mundo
2689 416 2858 482 exire,
2886 418 2941 473 in
2967 417 3145 487 quiete
3171 416 3284 472 Deo
3305 427 3501 471 vacare
3523 434 3537 471 :
3561 417 3641 472 sic
3672 417 3768 473 ﬁlii

527 498 782 567 implevit.

596 591 757 648 Vens.
801 592 887 648 16.
919 623 991 635 -
1018 592 1325 664 Baptizatus
1384 604 1580 649 autem.
1633 594 1881 651 Christus
1927 611 2096 666 aquas

522 681 780 753 baptismi
825 683 1179 765 sanctiﬁcavit
1202 703 1215 738 :
1241 685 1365 756 quia
1397 683 1549 755 cujus
1585 693 1668 742 est
1699 700 1886 742 creare
1906 727 1920 753 ,
1955 686 2098 758 ejus-

524 779 646 834 dem
670 787 752 834 est
780 789 834 834 et
853 779 1213 836 sanctiﬁcare.

594 871 748 927 Sicut
787 871 948 928 homo
999 880 1211 928 constat
1262 874 1490 939 duobus,
1543 874 1596 929 id
1629 883 1739 939 est,
1769 888 1996 943 corpore
2041 881 2098 929 et

523 960 700 1016 anima
718 1003 730 1026 ,
758 961 831 1015 ita
865 961 1073 1018 duobus
1096 965 1396 1019 renascitur
1420 979 1434 1018 :
1464 979 1599 1034 aqua
1626 980 1746 1033 quae
1770 973 1964 1035 purgat
1984 979 2098 1018 sor-

523 1053 615 1106 des
639 1061 694 1106 et
717 1053 1010 1122 consepelit
1044 1052 1261 1108 Christo
1294 1071 1306 1105 :
1337 1061 1390 1108 et
1424 1054 1546 1123 igne
1570 1054 1791 1122 spiritus
1827 1069 1934 1125 quo
1970 1069 2097 1109 con-

518 1141 765 1213 ﬁagranti
795 1143 863 1198 ad
902 1144 1096 1198 caelum
1130 1145 1386 1214 rapimur.
1433 1144 1525 1198 Sic
1551 1145 1790 1199 Ecclesia
1831 1153 1954 1214 post
2002 1145 2097 1199 ba-

516 1235 773 1304 ptismum
822 1235 1032 1312 culmen
1077 1237 1332 1290 virtutum
1377 1237 1698 1305 quibusdam
1745 1235 2096 1292 incrementis

518 1326 739 1395 appetit,
774 1333 832 1380 ut
855 1326 1103 1381 Christus
1130 1327 1430 1396 baptizatus
1456 1327 1522 1381 de
1546 1342 1682 1396 aqua
1712 1325 1974 1382 ascendit.
2003 1324 2094 1381 Sic

518 1424 640 1486 post
685 1417 1007 1486 baptismum
1057 1418 1381 1483 ascendunt,
1426 1419 1517 1487 qui
1556 1419 1622 1472 ad
1670 1417 1899 1471 virtutes
1932 1417 2095 1486 proﬁ-

518 1509 668 1564 Ciunt
699 1528 712 1563 :
737 1521 790 1564 et
811 1512 901 1579 qui
930 1511 1077 1580 prius
1113 1510 1357 1566 carnales
1381 1519 1438 1566 et
1467 1510 1562 1564 ﬁlii
1585 1511 1733 1577 Adae,
1766 1511 1903 1564 ﬁunt
1928 1508 2092 1580 spiri-

518 1600 690 1656 tuales
719 1611 772 1656 et
799 1601 892 1655 ﬁlii
920 1601 1035 1657 Dei.

586 1691 764 1760 Aperti
793 1701 943 1756 sunt,
973 1700 1076 1747 etc.
1111 1691 1178 1746 Et
1217 1693 1320 1746 hoc
1348 1692 1415 1747 ad
1455 1690 1818 1762 impletionem
1847 1688 2086 1759 justitiaa.

2196 501 2360 559 Israel
2381 511 2502 574 post
2525 506 2809 561 transitum
2835 508 3001 562 maris
3027 523 3122 578 per
3154 508 3422 563 desertum
3446 509 3767 578 ascendunt,

2197 603 2252 648 et
2297 610 2490 648 manna
2538 597 2826 652 comedunt
2861 600 3031 654 donec
3058 599 3276 654 veniant
3308 600 3374 654 ad
3409 608 3607 656 terram
3637 617 3765 672 pro-

2196 683 2484 740 missionis.
2517 684 2659 739 Tunc
2687 684 2843 740 Jes’us
2865 687 3051 742 ductus
3075 697 3182 753 est,
3213 697 3317 744 etc.
3340 689 3521 760 (ΒΑΕ.)
3555 690 3652 746 [lic
3683 701 3766 748 est

2197 779 2329 833 ordo
2351 787 2511 834 rectae
2532 782 2977 848 conversationis,
3006 792 3065 837 ut
3089 791 3209 852 post
3234 793 3510 853 acceptam
3529 785 3763 856 Spiritus

2196 869 2368 922 sancti
2391 870 2617 938 gratiam
2643 880 2829 926 contra
2857 871 3126 926 diabolum
3145 874 3345 927 arctius
3375 875 3723 945 accingamur
3749 895 3766 931 :

2196 975 2258 1014 ea
2273 960 2356 1014 via
2373 958 2742 1017 Samaritanus
2759 963 3056 1030 descendit,
3072 966 3198 1036 quia
3221 981 3384 1024 carne
3403 967 3624 1024 indutus
3650 985 3773 1026 eas-

2197 1049 2318 1106 dem
2349 1054 2666 1109 lentationes
2688 1057 2958 1110 sustinuit.

2268 1141 2489 1213 Spiritui
2518 1142 2739 1208 Sancto,
2763 1147 2853 1214 qui
2889 1161 3026 1215 quos
3053 1147 3226 1217 replet
3253 1151 3320 1204 ad
3344 1166 3578 1223 pugnam
3609 1154 3773 1212 mittit

2199 1231 2385 1288 fortes.
2425 1233 2553 1288 Sine
2587 1235 2689 1289 hoc
2727 1236 2917 1305 spiritu
2955 1237 3045 1306 qui
3086 1238 3154 1291 ad
3188 1254 3418 1310 pugnam
3456 1244 3627 1310 vadit,
3659 1245 3770 1300 cito

2197 1325 2359 1378 cadit.
2393 1323 2463 1378 Ut
2490 1335 2774 1380 tentaretur
2805 1345 2835 1379 a
2867 1327 3095 1382 diabolo.
3138 1329 3255 1385 Non
3299 1341 3537 1389 tentatur
3571 1351 3602 1389 a
3649 1337 3768 1390 dia-

2196 1418 2338 1483 bolo,
2363 1419 2466 1473 nisi
2497 1420 2621 1490 quia
2649 1420 2715 1474 ad
2741 1421 3012 1476 desertum
3034 1423 3256 1490 exierit,
3281 1425 3337 1480 id
3357 1435 3461 1494 est,
3487 1428 3627 1484 bono
3650 1437 3769 1484 stu-

2195 1513 2320 1567 dere
2343 1513 2585 1581 coeperit.

2267 1604 2427 1658 Vrsas.
2472 1604 2525 1657 2.
2557 1634 2625 1644 —
2651 1603 2858 1658 Etcum
2879 1607 3194 1676 jejunasset.
3222 1608 3435 1680 (Βευλ.)
3466 1610 3682 1682 Jejunat
3708 1621 3770 1668 ut

2195 1703 2740 1760 tentetur,-tentatur
2775 1699 2900 1768 quia
2927 1687 3168 1771 jejunat,
3198 1711 3254 1757 et
3291 1705 3594 1775 exemplum
3631 1705 3772 1775 jeju-

515 1784 630 1840 Non
679 1787 821 1840 enim
869 1794 994 1840 tunc
1041 1786 1272 1855 primum
1312 1785 1413 1841 sibi
1452 1795 1674 1854 patuere
1714 1784 1953 1839 caelestia
1998 1783 2083 1838 vel
2189 1789 2353 1844 nandi
2381 1788 2535 1843 nobis
2555 1789 2666 1854 dat,
2688 1798 2819 1854 etc.,
2847 1808 3006 1862 usque
3026 1794 3094 1846 ad
3115 1801 3171 1848 et
3194 1795 3271 1850 sic
3290 1797 3526 1864 quandiu
3549 1799 3635 1854 hic
3665 1814 3764 1852 su-

517 1877 747 1948 Spiritus
782 1889 999 1934 sanctus
1023 1886 1105 1934 est
1137 1879 1294 1932 datus
1324 1897 1336 1931 :
1371 1880 1463 1932 sed
1493 1877 1648 1932 nobis
1685 1893 1781 1947 per
1809 1884 2088 1945 acceptum

516 1972 838 2041 baptismum
889 1971 1092 2025 aditum
1134 1970 1256 2026 cmli
1298 1977 1517 2039 patere,
1556 1978 1608 2024 et
1657 1968 1914 2038 Spiritum
1959 1983 2087 2023 san-

511 2075 656 2119 ctum
726 2064 841 2118 dari
897 2061 1238 2118 monstravit.
1291 2061 1444 2128 Quod
1501 2061 1642 2115 enim
1695 2060 1818 2115 caeli
1876 2059 2085 2130 aperti,

515 2155 656 2223 quod
694 2153 926 2224 Spiritus
961 2165 1179 2209 sanctus
1206 2154 1383 2217 venit,
1423 2153 1566 2222 quod
1601 2167 1705 2207 vox
1743 2151 1921 2205 Patris
1946 2151 2090 2206 inso-

513 2248 650 2310 nuit,
675 2257 802 2311 etc.,
830 2248 942 2302 haac
973 2248 1199 2316 mystica
1225 2247 1408 2302 insunt
1433 2247 1604 2301 nobis.

584 2338 736 2392 Patet
771 2339 971 2394 renatis
1008 2337 1184 2393 aditus
1214 2337 1268 2392 in
1308 2337 1502 2392 caelum
1533 2351 1630 2408 per
1653 2335 1960 2401 Christum,
1992 2335 2084 2405 qui

509 2444 608 2498 per
631 2430 800 2482 Adam
828 2429 1040 2484 clausus
1071 2428 1187 2482 fuit.
1983 2501 1990 2504 _

587 2516 736 2573 Sicut
770 2517 1077 2572 columbam.
1117 2516 1316 2573 Verum
1339 2532 1532 2586 corpus
1563 2515 1852 2571 formatum
1886 2515 1954 2570 ad
1989 2515 2087 2570 ho-

511 2625 627 2664 ram
671 2610 856 2664 habuit
888 2609 941 2662 in
971 2610 1150 2679 specie
1179 2610 1438 2663 columba:
1473 2627 1485 2662 :
1519 2610 1642 2678 quia
1674 2608 1829 2663 aliter
1859 2607 2082 2677 spiritus

511 2701 578 2755 ab
613 2700 1111 2754 hominibnswideri
1151 2715 1256 2755 non
1288 2708 1465 2770 posset
1492 2701 1630 2753 sicut
1662 2699 1940 2763 columba,
1973 2712 2081 2752 non

521 2791 646 2860 quia
689 2805 816 2845 vera
847 2790 1091 2845 columba
1138 2799 1302 2855 esset,
1335 2791 1427 2845 sed
1458 2791 1582 2859 quia
1612 2789 1830 2859 spiritus
1879 2789 1933 2843 in
1967 2803 2086 2842 cor-

508 2882 679 2951 porali
708 2882 910 2952 specie,
946 2897 1050 2936 non
1083 2888 1261 2946 tamen
1301 2881 1413 2950 ipse
1443 2897 1653 2951 corpus.
1689 2881 1764 2937 Ita
1799 2881 1864 2935 de
1889 2879 1991 2933 hac
2022 2879 2084 2932 ﬁ-

511 2986 640 3040 gura
670 2972 897 3026 sentitur
924 2972 1061 3026 sicut
1083 2971 1151 3025 de
1181 2971 1298 3025 aliis
1319 2972 1372 3025 in
1403 2971 1595 3040 quibus
1623 2971 1763 3026 Deus
1785 2970 2033 3040 apparuit
2064 2988 2077 3024 :

513 3077 633 3130 quae
645 3062 858 3131 expleto
877 3061 1054 3116 ollicio
1077 3061 1498 3117 resolvebantur.
1519 3061 1662 3114 Bene
1677 3059 1897 3130 spiritus
1921 3060 1972 3113 in
1989 3075 2080 3115 co—

2192 1895 2343 1946 mus,
2388 1895 2598 1950 semper
2632 1890 2852 1949 peccata
2901 1881 3173 1952 ploremus
3205 1902 3218 1939 :
3248 1887 3371 1955 quia
3406 1887 3510 1944 hoc
3543 1903 3770 1945 numero

2190 1985 2430 2040 praesens
2461 1969 2571 2023 vita
2599 1971 2918 2026 ostenditur.

2261 2062 2440 2133 (ιεο.)
2467 2064 2599 2116 Dum
2633 2078 2728 2132 per
2754 2064 2931 2120 varias
2963 2067 3201 2122 actiones
3225 2069 3348 2123 vita:
3376 2069 3534 2138 hujus
3562 2072 3765 2128 sollici-

2191 2153 2318 2207 tudo
2376 2153 2730 2220 distenditur,
2792 2141 3013 2210 necesse
3066 2166 3151 2213 est
3199 2159 3268 2214 de
3323 2162 3596 2221 mundano
3643 2163 3767 2232 pul-

2190 2259 2334 2309 vere,
2357 2254 2485 2309 etc.,
2517 2262 2679 2316 usque
2700 2246 2768 2300 ad
2790 2256 2847 2301 ut
2883 2247 2936 2301 in
2966 2249 3119 2319 cujus
3147 2265 3333 2306 sumus
3365 2255 3766 2310 resurrectione

2185 2337 2629 2404 conresuscitati,
2672 2338 2727 2392 in
2763 2337 2928 2409 ipsius
2963 2338 3300 2396 inveniantur
3325 2343 3577 2412 passione
3608 2360 3764 2400 com-

2186 2425 2404 2479 mortui.

2258 2515 2449 2570 Postea
2488 2518 2688 2571 esuriit.
2717 2516 2832 2572 Hoc
2865 2526 2947 2573 est
2985 2531 3112 2574 vere
3138 2518 3491 2576 humanitatis
3522 2538 3535 2576 :
3574 2529 3631 2576 et
3659 2537 3760 2592 per

2184 2607 2287 2662 hoc
2338 2617 2420 2661 est
2470 2607 2682 2663 occasio
2744 2609 3002 2664 tentandi.
3061 2608 3218 2665 Latet
3264 2619 3507 2681 potestas
3535 2651 3550 2677 ,
3609 2620 3762 2682 patet

2185 2700 2492 2755 inﬁrmitas.

2256 2793 2413 2846 Vens.
2449 2793 2500 2845 5.
2533 2822 2602 2831 -
2630 2789 2699 2845 Et
2727 2792 2995 2849 accedens.
3032 2792 3167 2860 Quia
3202 2795 3410 2850 esuries
3437 2802 3518 2850 est
3543 2795 3758 2866 signum

2184 2883 2535 2939 inﬁrmitatis.
2579 2883 2645 2938 Et
2670 2884 2748 2939 sic
2799 2885 2953 2941 nobis
2988 2886 3042 2940 in
3084 2885 3408 2941 abstinentia
3462 2902 3572 2942 non
3606 2888 3760 2942 deest

2185 2974 2426 3027 tentatio.
2459 2972 2562 3027 Per
2582 2973 2905 3028 exteriorem
2934 2974 3302 3030 inﬁrmitatem
3333 2975 3608 3032 Christum
3642 2987 3758 3032 ten-

2186 3074 2264 3120 tat
2293 3067 2346 3121 in
2369 3082 2476 3136 quo
2504 3066 2700 3120 nullam
2724 3066 2896 3137 legem
2919 3068 3125 3136 peccati
3149 3068 3475 3124 inveniebat.
3504 3066 3561 3122 Si
3586 3067 3759 3124 Filius

510 3156 690 3211 lumba
719 3171 839 3225 quae
862 3156 1087 3226 simplex
1112 3164 1168 3211 et
1194 3163 1470 3210 mansueta
1492 3155 1788 3219 descendit,
1814 3162 1873 3209 ul
1894 3164 1949 3210 et
1969 3169 2078 3209 sum
2105 3144 2152 3208 ε
2184 3158 2277 3216 Dei
2307 3177 2378 3213 es.
2413 3159 2568 3213 Aliud
2593 3159 2783 3212 horum
2812 3158 3141 3228 explarantis
3163 3167 3266 3225 est,
3293 3159 3436 3214 aliud
3471 3160 3757 3226 tentantis,

507 3257 718 3303 naturae
746 3248 1174 3317 simplicitatem,
1203 3257 1259 3302 et
1284 3263 1406 3303 eum
1429 3247 1483 3302 in
1511 3263 1672 3317 quem
1701 3247 2079 3312 descendebat,

509 3339 693 3393 mitem
724 3339 1106 3394 misericordiae
1134 3354 1438 3410 praeconem
1478 3340 1826 3408 datoremqne
1868 3339 2076 3393 indica-

511 3439 610 3484 ret.
641 3429 902 3484 Similiter
927 3445 1114 3484 omnes
1142 3430 1405 3498 baptismo
1427 3429 1600 3482 renati
1632 3437 1833 3498 septem
1864 3427 2082 3480 virtuti-

509 3522 612 3577 bus
645 3521 700 3576 in
731 3521 975 3578 columba
1005 3521 1324 3592 signiﬁcatis
1352 3520 1550 3576 debent
1571 3520 1787 3590 repleri.
1820 3519 2082 3574 Columba

507 3629 538 3668 a
561 3613 766 3669 malitia
797 3614 937 3670 fellis
963 3623 1046 3670 est
1067 3613 1238 3668 aliena
1254 3652 1270 3678 ,
1298 3614 1352 3667 in
1383 3628 1488 3683 quo
1507 3612 1859 3683 prohibemur
1883 3611 1952 3666 ab
1979 3612 2079 3665 ira.

511 3704 724 3761 Nullum
753 3721 848 3762 ore
879 3705 960 3762 vel
981 3705 1245 3777 unguibus
1267 3704 1431 3770 lzedit,
1461 3705 1516 3758 in
1553 3719 1660 3773 quo
1687 3711 1908 3759 notatur
1927 3703 2082 3758 inno-

510 3799 710 3854 centia.
742 3797 854 3854 Nec
880 3798 1130 3853 minimas
1154 3796 1392 3852 aviculas
1416 3796 1640 3861 invadit,
1661 3796 1715 3850 in
1740 3795 1935 3866 quibus
1963 3793 2082 3850 alite

507 3907 637 3947 aves
665 3906 726 3946 se
759 3900 814 3945 et
838 3890 1011 3960 pullos
1039 3903 1167 3945 suos
1197 3888 1442 3942 nutriunt
1472 3905 1485 3942 :
1517 3888 1572 3942 in
1598 3902 1705 3956 quo
1736 3884 2084 3957 prohibemur

508 3999 538 4038 a
570 3985 777 4053 rapina.
800 3982 943 4037 Puro
964 3981 1204 4052 pascitur
1221 3994 1390 4050 grano
1417 3998 1429 4033 :
1456 3979 1512 4033 in
1537 3994 1644 4048 quo
1665 3985 1883 4033 notatur
1913 3976 2083 4031 absti-

509 4075 710 4138 nentia,
735 4073 940 4129 alienos
973 4080 1226 4141 tanquam
1252 4069 1427 4139 pullos
1452 4083 1580 4124 suos
1606 4067 1769 4133 fovet,
1798 4081 1924 4122 ecce
1945 4068 2078 4123 cha-

507 4169 656 4223 ritas.
685 4166 954 4222 Gemitum
980 4164 1073 4220 dat
1097 4177 1196 4233 pro
1225 4171 1412 4228 cantu,
1435 4177 1563 4217 ecce
1588 4161 1950 4230 compunctio.
1982 4157 2082 4215 Suo

507 4277 601 4332 per
651 4273 818 4329 aquas
858 4257 1007 4312 sedet
1055 4264 1116 4310 ut
1162 4255 1477 4322 accipitrem
1533 4253 1761 4322 previsa
1809 4253 1865 4306 in
1920 4251 2081 4321 aquis

506 4350 696 4405 umbra
735 4348 1004 4403 declinet:
1029 4360 1156 4401 ecce
1183 4344 1504 4400 sollicitudo.
1535 4344 1593 4398 In
1630 4343 1881 4399 columba
1915 4358 2080 4411 super

506 4441 790 4496 Dominum
815 4439 1034 4509 spiritus
1056 4437 1302 4506 apparuit
1329 4454 1342 4490 :
1369 4437 1497 4506 quia
1516 4437 1666 4491 venit
1691 4450 1789 4491 nos
1816 4450 1914 4504 per
1931 4451 2081 4490 man.

2183 3250 2308 3305 dum
2340 3251 2507 3305 Deum
2548 3249 2792 3304 conﬁteri
2828 3249 3069 3315 videtur,
3121 3259 3174 3304 et
3203 3248 3508 3317 hnjnsmodi
3538 3250 3761 3306 illudere

2183 3355 2427 3402 conatur.
2468 3345 2559 3399 Sic
2589 3345 2731 3399 enim
2773 3353 2945 3398 tentat
2978 3353 3048 3398 Ili.
3086 3345 3329 3414 exploret
3351 3345 3492 3414 quod
3519 3353 3756 3400 veretur.

2183 3436 2276 3493 Sic
2303 3436 2565 3505 explorat,
2594 3445 2652 3490 ut
2684 3437 2936 3490 tentando
2965 3437 3219 3508 decipiat.
3253 3436 3315 3492 Si
3355 3435 3525 3491 Filius
3551 3437 3648 3490 Dei
3681 3453 3756 3490 es.

2182 3525 2418 3582 Noverat
2444 3525 2637 3580 Filium
2663 3526 2754 3581 Dei
2779 3528 2986 3581 venisse
3007 3527 3059 3580 in
3092 3527 3369 3591 mundum,
3395 3541 3488 3580 seu
3521 3542 3617 3596 per
3642 3540 3763 3596 pro-

2180 3619 2374 3694 phetas
2398 3633 2492 3672 seu
2520 3631 2616 3687 per
2640 3617 2858 3688 angelos
2887 3618 3217 3680 nuntiantes,
3251 3631 3344 3671 seu
3373 3632 3468 3686 per
3495 3615 3758 3670 Joannem

2182 3712 2642 3766 demonstrantem
2681 3729 2692 3763 :
2742 3711 2834 3765 sed
2885 3710 3010 3780 quia
3050 3709 3272 3764 humilia
3321 3709 3376 3763 in
3415 3724 3480 3763 eo
3517 3708 3755 3773 videbat,

2181 3802 2326 3872 quod
2355 3803 2419 3857 de
2448 3802 2654 3856 Deitate
2673 3800 2974 3871 suspicatus
2995 3809 3098 3866 est,
3125 3816 3190 3855 ex
3214 3799 3464 3872 superbia
3487 3799 3536 3854 ei
3567 3800 3620 3853 in
3658 3799 3758 3853 du-

2181 3893 2329 3948 bium
2351 3893 2516 3948 venit.
2557 3892 2710 3948 Unde
2730 3899 2784 3947 et
2813 3891 3001 3946 callide
3031 3892 3267 3961 exquirit
3291 3909 3303 3944 :
3331 3889 3444 3945 Nec
3471 3889 3754 3960 indignum

2183 3980 2286 4036 fuit
2306 3981 2577 4037 Christum
2608 3979 2800 4035 tentari
2826 3980 2918 4049 qui
2956 3988 3178 4034 venerat
3205 3979 3398 4043 occidi,
3428 3989 3486 4032 nt
3515 3977 3759 4032 tentatio-

2182 4089 2280 4129 nes
2329 4072 2628 4143 superando
2682 4070 2838 4125 nobis
2892 4078 3210 4140 potestatem
3257 4069 3410 4124 daret
3467 4067 3757 4137 superandi

2181 4165 2530 4231 tentationes,
2562 4162 2701 4217 sicut
2729 4177 2826 4217 sua
2861 4169 3033 4215 morte
3073 4159 3292 4253 ab‘stulit
3337 4167 3577 4214 nostram
3607 4173 3756 4213 mor-

2182 4255 2465 4309 talitatem.

2252 4344 2435 4416 (ΚΑΒ.)
2459 4342 2706 4398 Christus
2733 4357 2837 4396 non
2861 4317 2965 4396 nisi
2985 4349 3104 4412 post
3125 4339 3450 4411 baptismum
3475 4355 3531 4395 se
3560 4335 3760 4394 tentari

2181 4432 2459 4505 permisit,
2508 4432 2788 4486 insinuans
2825 4429 2889 4484 ad
2934 4445 2993 4485 se
3029 4439 3217 4485 euntes
3258 4430 3531 4502 graviores
3564 4445 3758 4499 passu-

507 4505 860 4588 snetudinem
879 4505 1149 4600 colligere.
1183 4527 1359 4597 Super
1388 4505 1678 4598 discipulos
1707 4527 1760 4582 in
1788 4527 1910 4598 igne
1938 4542 2076 4596 quos
2102 4505 2158 4567 Β
2185 4543 2273 4583 ros
2299 4568 2313 4592 ,
2345 4534 2476 4592 etc.,
2505 4542 2667 4596 usque
2706 4526 2774 4580 ad
2815 4526 3062 4583 Christus
3099 4539 3228 4579 vero
3271 4524 3383 4579 sola
3419 4522 3763 4593 suggestione

507 4625 574 4679 ad
614 4621 1033 4678 consumendum
1076 4619 1373 4688 rubiginem
1403 4618 1610 4688 peccati
1645 4627 1833 4673 contra
1869 4618 2076 4688 seipsos

506 4715 758 4771 veniebat
789 4712 1100 4768 accendere.
1138 4709 1310 4764 Adam
1344 4710 1614 4778 peccando
1638 4710 1834 4764 castum
1869 4710 2074 4776 amisit,

505 4806 749 4862 Christus
775 4817 807 4858 a
835 4801 1036 4874 Spiritu
1066 4809 1255 4856 sancto
1280 4791 1390 4871 per"
1410 4799 1711 4855 columbam
1747 4799 2080 4870 gloriﬁcatus

505 4895 753 4967 apparuit
782 4912 794 4948 :
823 4894 1090 4948 ﬂammam
1133 4894 1432 4949 vibrantem
1469 4909 1588 4962 quae
1625 4895 1768 4947 viam
1805 4892 2082 4962 prohibuit

505 5005 645 5060 aqua
677 4986 930 5058 baptismi
965 4986 1226 5042 exstinxit
1277 5003 1290 5038 :
1340 4987 1466 5056 quia
1505 5002 1645 5058 aqua
1679 4994 1764 5041 est
1805 4987 2078 5041 contraria

506 5081 639 5152 igni.

577 5171 898 5243 Comptacui.
927 5171 982 5232 Id
1013 5180 1126 5238 est,
1149 5172 1286 5227 bene
1308 5169 1564 5240 placitum
1595 5185 1772 5224 meum
1798 5168 2077 5236 constitui,

506 5272 566 5320 ut
596 5273 652 5318 tu
675 5264 726 5318 in
751 5280 857 5334 quo
882 5263 1016 5326 nihil
1037 5264 1140 5319 nisi
1168 5264 1368 5319 bonum
1397 5263 1644 5332 placeas.
1679 5269 1733 5314 et
1767 5275 1862 5330 per
1896 5268 1948 5315 te
1987 5260 2080 5317 alii

508 5373 612 5412 non
634 5356 690 5412 in
711 5371 797 5422 se,
825 5357 917 5412 sed
942 5357 998 5412 in
1024 5363 1106 5421 te,
1130 5355 1184 5411 id
1208 5364 1310 5419 est,
1339 5355 1433 5409 tibi
1456 5353 1562 5408 ﬁde
1591 5359 1645 5407 et
1672 5351 1918 5406 claritate
1941 5351 2078 5408 uniti

505 5451 766 5519 placeant.

1113 5513 1339 5574 CAPUT
1391 5514 1480 5571 IV.

579 5633 736 5689 Vens.
781 5633 832 5687 1.
868 5663 939 5673 -
969 5622 1113 5685 Tum:
1148 5627 1326 5682 Iesus.
1369 5626 1497 5682 Post
1549 5627 1903 5696 baptismum,
1953 5625 2078 5694 quia

504 5725 648 5784 nulla
671 5733 754 5786 est
793 5738 944 5786 mora
980 5736 1012 5782 a
1062 5718 1354 5784 tentatione
1388 5737 1398 5774 :
1433 5718 1501 5777 Ut
1528 5734 1646 5775 mox
1677 5717 1868 5774 doceat
1898 5717 2074 5790 bapti-

2187 4625 2422 4675 tentatus
2460 4616 2562 4671 fuit
2598 4635 2610 4670 :
2645 4617 2770 4689 quia
2801 4615 3082 4672 delectatio
3107 4615 3315 4685 peccati
3367 4621 3603 4669 mentem
3637 4609 3760 4682 ejus

2184 4727 2292 4766 non
2321 4709 2623 4764 momordit.

2254 4802 2417 4859 Vnus.
2448 4801 2501 4856 4.
2529 4832 2601 4842 -
2621 4801 2882 4871 Scriptum
2909 4811 3004 4856 est.
3024 4800 3139 4855 Non
3161 4797 3332 4854 utitur
3357 4801 3638 4868 potestate,
3664 4791 3762 4851 sed

2185 4895 2584 4965 Scripturarum
2604 4892 2944 4958 auctoritate,
2971 4891 3168 4946 docens
3192 4906 3293 4944 nos
3321 4888 3490 4957 magis
3516 4885 3762 4942 doctrina

2183 5003 2346 5058 quam
2367 4985 2638 5041 miraculis
2657 4999 2913 5056 pugnare.
2938 4984 3059 5037 Non
3082 4981 3137 5037 in
3159 4981 3268 5037 solo
3289 4997 3421 5053 pane
3443 4980 3558 5033 vivit
3582 4979 3759 5036 homo.

2184 5081 2347 5150 Quasi
2379 5097 2390 5133 :
2427 5078 2711 5134 Persuasio
2735 5088 2825 5133 tua
2854 5077 3079 5132 tentatio
3103 5085 3185 5132 est
3211 5094 3224 5130 :
3248 5077 3370 5146 quia
3411 5074 3526 5142 agis
3551 5074 3615 5127 de
3639 5070 3761 5128 cibo

2183 5172 2448 5242 corporis,
2473 5179 2528 5225 et
2563 5185 2667 5224 non
2695 5168 2758 5224 de
2782 5170 2902 5224 cibo
2924 5169 3138 5223 mentis.
3167 5167 3396 5222 inferior
3426 5179 3554 5236 pars
3582 5163 3762 5218 homi-

2183 5268 2267 5321 nis
2288 5280 2428 5333 pane
2455 5269 2788 5318 sustentatur
2811 5303 2825 5327 ,
2854 5260 2955 5314 alia
2977 5259 3144 5315 verbo
3169 5259 3264 5315 Dei
3298 5257 3537 5313 reﬁcitur
3581 5275 3592 5308 :
3629 5253 3759 5324 quia

2183 5371 2310 5410 vero
2332 5355 2446 5424 agis
2475 5355 2542 5408 de
2578 5353 2838 5416 inferiori,
2879 5360 3027 5422 patet
3063 5352 3203 5421 quod
3246 5357 3479 5404 tentator
3513 5347 3607 5402 sis.
3649 5343 3760 5399 Sed

2182 5449 2236 5500 in
2269 5447 2406 5499 omni
2432 5445 2585 5500 verba
2606 5485 2620 5510 ,
2653 5453 2756 5499 etc.
2799 5441 2969 5497 Omne
2997 5441 3220 5496 verbum
3261 5437 3516 5503 charitas,
3545 5436 3598 5491 in
3649 5447 3766 5505 qua,

2181 5538 2518 5607 complentur
2545 5537 2724 5591 omnia
2754 5550 2873 5606 qua;
2917 5533 3211 5604 procedunt
3245 5532 3310 5586 de
3353 5546 3445 5586 ore
3475 5529 3600 5593 Dei,
3629 5527 3755 5597 quia

2181 5626 2546 5695 cujuscunque
2577 5623 2878 5678 ministerio
2899 5622 3168 5685 dicantur,
3197 5635 3302 5674 non
3332 5620 3448 5688 ejus
3473 5625 3627 5680 sunt,
3661 5612 3755 5668 sed

2183 5718 2276 5774 Dei
2309 5737 2321 5773 :
2356 5716 2452 5773 sed
2479 5715 2526 5770 si
2554 5714 2848 5787 adversum
2890 5711 3018 5784 quid
3061 5711 3348 5780 inseritur,
3391 5711 3494 5766 hoc
3532 5724 3638 5764 non
3668 5713 3754 5764 est
