4068 6344
261 354 323 409 85
1174 347 1437 404 GLOSSA
1479 347 1876 404 ORDINABIA.
1915 377 1986 390 --
2025 348 2277 406 EVANG.
2320 348 2586 407 MA'I‘TI‘H.
3415 348 3486 408 86

261 463 361 519 Dei.
400 462 471 515 De
492 476 598 515 uno
643 461 824 525 verbo,
869 458 921 513 id
957 468 1060 522 est,
1101 459 1366 528 sapientia
1420 457 1512 514 Dei
1559 459 1802 530 procedit
1827 459 1880 522 Α
1903 457 2164 529 perhiam,
2191 468 2320 525 etc.,
2342 475 2510 529 usque
2564 463 2632 514 ad
2668 462 2722 516 in
2774 461 2860 517 his
2888 461 3058 518 tribus
3083 460 3263 516 omnia
3286 471 3486 532 genera

260 551 499 624 quidquid
523 550 815 622 loquuntur
841 551 1014 606 sancti
1041 550 1134 619 qui
1154 557 1281 604 sunt
1301 564 1366 604 os
1384 547 1520 617 ejus.

320 645 473 700 Vens.
506 642 557 697 5.
581 641 798 697 -—Tunc
836 644 1132 712 assumpsit.
1155 641 1336 698 Prima
1360 651 1416 696 et
1433 641 1619 697 ultima
1639 652 1810 699 tenta-

1911 550 2268 605 tentationum
2294 552 2849 623 comprehenduntur.

1980 647 2144 701 Vsus.
2174 646 2258 700 10.
2287 675 2354 686 —-
2385 644 2654 716 Scriptum
2697 654 2791 698 est.
2824 644 2993 699 David
3043 641 3254 698 Goliam
3317 643 3486 699 tribus

259 738 326 792 tio
347 733 641 797 indeserto,
670 732 844 788 media
863 747 1074 802 quoque
1099 731 1471 798 historialiter,
1495 732 1684 786 ultima
1705 732 1808 787 fuit
1905 736 2172 808 lapidibus
2205 738 2272 793 de
2304 745 2550 794 torrente
2578 737 2889 808 prostravit,
2920 745 2975 792 et
3011 735 3260 791 Christus
3303 734 3487 790 diabo-

256 835 523 899 postquam
557 839 832 894 regressus
871 833 952 879 est
981 822 1298 880 Jerusalem.
1347 823 1481 890 Quia
1528 822 1806 878 Matthtuus
1906 826 2016 880 lum
2038 827 2206 882 tribus
2228 825 2556 884 testimoniis
2578 828 2644 882 de
2665 826 2797 898 lege.
2825 825 3290 879 Dominum'Deum
3317 834 3484 878 tuum.

258 935 352 974 non
377 917 672 973 secundum
696 917 940 972 ordinem
963 916 1220 981 historiae,
1253 916 1346 972 sed
1373 917 1668 972 secundum
1693 924 1807 969 ten-

258 1011 502 1066 tationem
547 1009 678 1065 Adae
707 1010 1053 1080 prosequitur
1095 1027 1109 1063 :
1140 1007 1316 1065 Lucas
1355 1023 1488 1064 vero
1517 1017 1576 1064 ut
1606 1022 1694 1064 res
1712 1022 1806 1078 ge-

255 1109 327 1157 sta
362 1107 461 1155 est.

315 1193 444 1260 Quia
474 1207 544 1248 ex
571 1191 920 1262 responsione
954 1191 1155 1247 Christi
1182 1191 1359 1246 victus
1381 1197 1436 1246 et
1460 1190 1702 1246 incertus
1726 1204 1812 1245 re-

254 1284 434 1341 mansit
481 1301 495 1338 :
532 1292 658 1353 post
677 1283 910 1352 primam
946 1282 1016 1337 ad
1061 1282 1353 1338 secundam
1404 1283 1636 1338 accessit
1687 1290 1808 1337 ten-

254 1375 519 1430 tationem.

312 1465 462 1533 Quod
487 1465 730 1535 permisit
759 1481 818 1521 se
851 1465 1075 1531 assumi,
1105 1481 1210 1522 non
1239 1465 1526 1522 infirmitas
1557 1463 1678 1531 fuit,
1715 1463 1810 1520 sed

252 1555 499 1628 patientia
532 1574 544 1610 :
581 1557 634 1610 in
663 1557 875 1614 diabolo
902 1574 1030 1614 vero
1059 1573 1164 1613 non
1192 1558 1386 1623 virtus,
1415 1559 1510 1615 sed
1536 1557 1808 1627 superbia.

313 1647 446 1703 Nota
499 1649 613 1704 haec
659 1649 839 1704 omnia
890 1651 1166 1720 corporeis
1215 1651 1459 1706 sensibus
1505 1665 1624 1706 esse
1669 1665 1816 1706 com-

251 1744 399 1815 pleta.
430 1742 545 1799 Nec
580 1744 775 1798 mirum
807 1745 852 1798 si
883 1759 941 1800 se
978 1745 1222 1815 permisit
1250 1743 1586 1800 circumferri
1621 1762 1633 1798 :
1667 1745 1712 1800 si
1736 1743 1818 1799 sic

251 1835 508 1905 accipitur
526 1835 846 1904 assumptio,
873 1835 963 1904 qui
993 1835 1238 1904 permisit
1267 1849 1324 1890 se
1341 1834 1606 1904 cruciﬁgi.

318 1926 494 1997 Supra
539 1925 893 1996 pinnaculum.
936 1925 1118 1996 (ιω.)
1167 1925 1224 1980 In
1265 1925 1550 1982 Palaestina
1588 1925 1820 1996 desuper

249 2019 400 2088 plana
451 2024 607 2072 erant
668 2023 840 2080 tecta,
899 2025 954 2071 et
1003 2017 1074 2072 ibi
1120 2025 1240 2072 erat
1291 2015 1448 2073 sedes
1496 2018 1820 2084 doctorum,

252 2109 410 2173 unde,
447 2116 582 2170 etc.,
607 2121 770 2177 usque
795 2107 862 2161 ad
892 2108 1128 2163 ostendit
1169 2116 1228 2162 ut
1279 2109 1580 2177 cuicunque
1602 2108 1744 2164 bona
1766 2117 1824 2163 et

251 2198 350 2253 alta
398 2199 695 2268 imperanti
737 2198 1083 2266 obediamus,
1117 2198 1213 2255 sed
1245 2199 1584 2270 principium
1620 2198 1826 2256 volenti

253 2298 649 2345 contraeamus.

316 2379 371 2435 Si
391 2381 564 2448 ﬁlius.
587 2379 796 2450 tBsns.)
819 2379 877 2435 In
900 2381 1546 2439 omnibustentationibus
1566 2383 1670 2440 hoc
1691 2383 1824 2454 agit,

252 2479 303 2524 ut
331 2469 630 2540 intelligat,
659 2479 788 2536 etc.,
827 2489 984 2542 usque
1011 2473 1078 2526 ad
1103 2474 1157 2527 in
1180 2474 1358 2543 specie
1381 2474 1613 2529 hominis
1639 2474 1826 2529 diabo-

251 2559 351 2614 lum
373 2561 698 2630 apparuisse
725 2562 1019 2618 verisimile
1051 2573 1156 2618 est.

316 2649 491 2704 Mitte.
525 2649 650 2704 Haec
689 2665 789 2706 vox
820 2653 1072 2707 convenit
1100 2652 1208 2717 illi,
1237 2653 1326 2722 qui
1365 2667 1554 2714 omnes
1577 2654 1831 2723 pracipi-J

251 2751 358 2797 tare
383 2740 589 2811 satagit
619 2759 631 2795 :
668 2741 722 2796 in
749 2757 856 2811 quo
878 2743 1122 2798 inﬁrmus
1155 2743 1490 2810 ostenditur,
1518 2744 1662 2812 quod
1693 2743 1828 2799 nulli

250 2850 439 2890 nocere
485 2836 685 2904 possit,
735 2837 835 2894 nisi
884 2841 1033 2909 prius
1072 2841 1160 2897 ille
1198 2855 1258 2898 se
1303 2843 1552 2898 deorsum
1591 2842 1826 2898 miserit.

251 2926 586 3000 Suggerebat
610 2932 784 2998 enim,
815 2942 875 2987 ut
897 2933 1078 3004 aliquo
1118 2933 1275 3004 signo
1309 2933 1620 3004 exploraret
1653 2948 1829 3002 quan‘

251 3027 356 3074 tum
409 3023 558 3090 apud
601 3022 770 3078 Deum
812 3033 1014 3092 posset.
1067 3023 1174 3080 Sed
1215 3039 1372 3080 nemo
1409 3025 1569 3080 debet
1610 3032 1827 3082 tentare

247 3106 433 3175 Deum,
476 3112 690 3178 quando
714 3112 876 3167 habet
898 3128 960 3167 ex
990 3115 1222 3168 humana
1254 3114 1464 3169 ratione
1488 3113 1614 3184 quid
1639 3113 1822 3169 faciat.

252 3199 402 3255 Unde
430 3203 683 3270 quamvis
710 3203 889 3257 omnia
910 3214 1113 3271 posset,
1136 3206 1212 3258 ait
1242 3215 1419 3260 tamen
1443 3207 1555 3260 suis
1580 3223 1593 3258 :
1622 3204 1680 3259 Si
1710 3223 1828 3274 per-

247 3292 410 3345 secuti
442 3307 534 3346 vos
557 3291 752 3360 fuerint
784 3293 837 3346 in
877 3294 1077 3348 civitate
1106 3297 1240 3361 ista,
1274 3295 1437 3365 fugite
1465 3297 1519 3348 in
1549 3295 1730 3350 aliam.
1762 3295 1831 3348 Et

249 3383 361 3452 ipse
391 3382 539 3438 idem
562 3383 698 3455 fugit
730 3393 787 3441 et
818 3387 950 3440 abiit
981 3394 1039 3441 et
1064 3386 1239 3442 latuit.
1277 3385 1433 3442 Nunc
1465 3395 1646 3442 autem
1674 3397 1830 3456 pote-

251 3484 331 3529 rat
375 3475 538 3530 aliter
575 3475 642 3530 de
681 3477 877 3546 templo
917 3479 1271 3544 descendere,
1302 3494 1462 3548 quam
1498 3494 1597 3547 per
1618 3477 1830 3547 jactan-

252 3568 379 3622 tiam
405 3581 467 3625 se
489 3567 845 3637 praecipitare.
877 3569 1168 3640 Postquam
1193 3571 1373 3626 deﬁcit
1401 3572 1634 3626 humana
1668 3572 1825 3639 ratio,

252 3659 594 3714 commendet
620 3673 678 3714 se
704 3660 864 3717 homo
884 3661 994 3717 Deo
1011 3701 1026 3729 ,
1062 3677 1169 3718 non
1207 3663 1486 3728 tentando,
1519 3665 1613 3719 sed
1640 3664 1832 3722 devote

251 3752 576 3808 conﬁtendo.

320 3848 462 3914 Quia
501 3849 699 3920 angelis
740 3852 850 3906 suis
889 3853 1158 3908 mandavit
1209 3853 1274 3908 de
1294 3863 1362 3908 te.
1415 3851 1630 3924 (Βεωι.)
1676 3851 1831 3918 Quod

253 3941 386 3999 bene
412 3943 617 3999 dicitur
635 3944 704 4000 de
730 3960 978 4015 corpore,
1005 3945 1250 4002 diabolus
1277 3945 1417 4001 male
1443 3946 1832 4015 interpretatur

254 4031 318 4086 de
343 4036 557 4104 capite,
583 4042 713 4101 etc.,
753 4053 912 4107 usque
944 4037 1013 4090 ad
1052 4038 1146 4093 sed
1181 4038 1250 4094 de
1279 4037 1479 4094 auxilio
1515 4037 1832 4109 angelorum

254 4127 402 4193 quasi
445 4127 522 4182 ad
564 4126 838 4184 intimum
875 4128 1143 4198 loquitur,
1185 4129 1258 4185 de
1287 4145 1388 4186 sua
1425 4129 1832 4186 conculcatione

256 4225 411 4275 tacet.

323 4333 490 4388 Vens.
513 4331 566 4388 8.
599 4357 674 4375 ιι-
704 4327 902 4389 lterum
923 4336 1220 4406 assumpsit.
1249 4333 1375 4392 Haec
1399 4336 1625 4391 tentatio
1642 4335 1835 4392 ordine

255 4425 552 4494 praecessit,
586 4424 682 4480 sed
707 4433 960 4482 narratur
987 4431 1339 4499 pmpostero,
1368 4429 1661 4485 secundum
1689 4427 1835 4500 quod

258 4515 455 4571 factum
487 4523 573 4572 est
595 4517 744 4572 Ade.

327 4627 600 4694 Ostendit,
631 4633 735 4683 etc.
769 4627 887 4684 Non
909 4628 1050 4700 quod
1072 4631 1246 4685 visum
1275 4631 1393 4700 ejus
1416 4631 1507 4702 qui
1543 4631 1723 4686 omnia
1753 4633 1834 4687 vi-

259 4716 346 4774 det
388 4718 748 4791 ampliaverit,
806 4721 898 4775 sed
950 4721 1245 4775 vanitatem
1295 4723 1577 4776 mundanae
1623 4737 1833 4794 pompae

259 4819 416 4879 quam
474 4811 722 4877 amabat,
769 4807 925 4880 Quasi
977 4809 1311 4881 speciosam,
1357 4818 1489 4877 etc.,
1544 4827 1704 4881 usque
1762 4812 1834 4866 ad

259 4898 370 4955 Non
413 4903 555 4972 quod
578 4917 695 4958 eam
719 4903 1166 4972 concupiscentia:
1209 4902 1364 4957 oculo
1394 4903 1695 4958 intueretur
1724 4904 1838 4960 sic-

263 4997 318 5045 ut
341 5007 458 5058 nos,
487 4991 582 5048 sed
608 4992 686 5048 sic
707 4992 821 5047 haec
842 4991 1078 5047 ostensio
1100 4989 1200 5047 fuit
1243 4991 1296 5046 in
1318 5002 1518 5057 mente,
1541 4991 1680 5047 sicut
1716 5008 1835 5050 nte-

263 5087 364 5144 dici
398 5090 583 5145 vident
612 5091 828 5146 morbos
855 5091 970 5146 sine
998 5091 1234 5146 laesione.

334 5201 497 5256 Vsus.
527 5201 580 5258 9.
604 5231 677 5242 --
701 5198 830 5256 Hac
860 5201 1032 5258 omnia
1082 5201 1174 5256 tibi
1202 5202 1358 5258 dabo.
1388 5201 1518 5259 Haec
1572 5202 1638 5257 de
1677 5216 1833 5259 arro-

265 5295 440 5362 gantia
479 5295 607 5351 dicit
641 5315 652 5351 :
684 5312 786 5351 non
814 5295 956 5367 quod
985 5305 1128 5352 totus
1156 5299 1390 5354 mundus
1417 5314 1546 5354 suus
1575 5299 1663 5354 sit.

333 5410 377 5463 A
405 5411 671 5480 principio
693 5411 834 5480 quod
860 5411 954 5466 Dei
974 5420 1092 5466 erat
1115 5421 1173 5467 ut
1195 5412 1296 5468 sibi
1328 5422 1614 5484 usurparet
1643 5414 1830 5470 diabo-

267 5499 348 5554 lus
375 5502 638 5557 laboravit
672 5523 683 5557 :
712 5505 852 5559 unde
877 5513 934 5558 ut
960 5506 1013 5558 in
1058 5505 1137 5560 eis
1164 5505 1453 5571 coleretur,
1500 5505 1640 5560 idola
1686 5507 1836 5562 inve—

267 5591 361 5644 nit.
422 5592 481 5647 In
516 5593 598 5649 his
633 5595 804 5650 tribus
837 5603 1092 5650 notantur
1123 5596 1247 5667 gula
1268 5638 1282 5660 ,
1331 5597 1558 5652 avaritia
1583 5638 1598 5663 ,
1646 5611 1836 5668 super-

267 5681 372 5736 hia.

339 5773 522 5846 (Βη.)
545 5775 715 5834 Lucas
737 5778 1015 5834 avaritiam
1044 5780 1273 5836 mediam
1294 5778 1718 5853 ponit,ultimam
1740 5794 1836 5838 su-

1852 3160 1901 3228 C

1909 914 2022 970 Hoc
2047 915 2128 970 vel
2159 916 2226 970 ad
2257 913 2536 974 diabolum
2559 915 2792 972 dicitur:
2821 929 2926 969 non
2957 915 3083 984 quia
3114 928 3179 968 ex
3210 914 3490 969 devotione

1909 1005 1980 1060 sit
2006 1005 2319 1075 impleturus
2346 1009 2437 1063 sed
2460 1015 2540 1073 ut,
2567 1013 2804 1068 econtra,
2837 1019 2999 1074 quam
3027 1005 3140 1073 ipse
3167 1004 3491 1059 moliebatur

1909 1096 2167 1163 scriptum
2191 1097 2514 1154 ostendatur
2531 1095 2674 1168 quod
2697 1112 2802 1150 non
2839 1095 2970 1165 ipse,
2998 1096 3092 1150 sed
3115 1095 3259 1150 Deus
3293 1095 3365 1148 sit
3389 1093 3490 1148 ad-

1911 1185 2148 1240 orandus
2176 1203 2188 1240 :
2220 1189 2329 1254 vel,
2352 1204 2458 1244 non
2483 1186 2712 1252 diabolo,
2735 1185 2829 1241 sed
2854 1184 2954 1240 sibi
2979 1185 3272 1240 secundum
3301 1185 3496 1238 huma-

1912 1276 2136 1332 nitatem
2168 1288 2227 1333 et
2257 1277 2477 1333 cuilibet
2506 1277 2709 1332 homini
2758 1275 2858 1330 hoc
2889 1282 3217 1344 praeceptum
3265 1287 3387 1328 esse
3414 1273 3496 1327 in-

1914 1368 2118 1424 sinuat.
2169 1370 2451 1434 Similiter,
2478 1373 2536 1424 et
2573 1368 2702 1423 illud
2732 1386 2744 1420 :
2781 1364 2905 1420 Non
2945 1365 3164 1419 tentabis
3213 1364 3496 1418 Dominum

1916 1463 2086 1517 Deum
2116 1473 2284 1529 tuum,
2328 1463 2535 1518 scilicet
2565 1460 2759 1516 Filium
2801 1466 2857 1513 et
2881 1457 3098 1512 Patrem
3137 1465 3193 1512 et
3237 1455 3498 1526 Spiritum

1879 1593 1884 1596 -
1919 1564 2190 1618 sanctum,
2217 1555 2307 1625 qui
2337 1561 2420 1608 est
2440 1568 2579 1608 unus
2609 1552 2767 1606 Deus.
2794 1551 2935 1605 Deus
2971 1549 3246 1614 adoretur,
3273 1554 3331 1602 et
3379 1559 3501 1617 spe-

1918 1645 2137 1702 cialiter
2184 1647 2232 1701 ei
2262 1653 2479 1717 prOpter
2523 1659 2583 1701 se
2624 1644 2876 1700 servitur.

1993 1736 2093 1792 Hic
2121 1737 2443 1801 ostenditur,
2479 1735 2623 1805 quod
2668 1735 2828 1788 homo
2858 1732 3123 1797 Christus,
3153 1739 3212 1786 ut
3262 1729 3407 1786 Deus
3448 1737 3506 1786 et

1851 1810 1902 1872 Β
1929 1829 2187 1885 Dominus
2213 1831 2283 1883 sit
2308 1828 2614 1883 adorandus
2637 1841 2702 1880 ex
2740 1826 2937 1881 debito.

1995 1919 2220 1978 Servies.
2238 1919 2427 1975 Gnece
2445 1921 2739 1994 λατρεύσεις
2755 1934 2767 1969 :
2786 1918 2988 1993 λατρεία
3012 1916 3155 1970 enim
3176 1915 3408 1971 servitus
3427 1913 3506 1968 di-

1927 2012 2086 2068 citur.
2117 2010 2361 2067 Servitus
2389 2010 2692 2066 communis
2721 2009 2828 2062 Deo
2871 2016 2926 2060 et
2955 2006 3156 2062 homini
3183 2014 3237 2060 et
3284 2004 3507 2060 cuicun-

1927 2122 2054 2178 que,
2085 2106 2273 2163 Grtece
2293 2106 2492 2162 δουλεία
2514 2105 2729 2160 dicitur.
2752 2102 2843 2156 Illa
2865 2116 2995 2156 vero
3019 2115 3137 2170 quae
3161 2100 3259 2155 soli
3287 2098 3395 2154 Deo
3419 2099 3509 2152 de-

1927 2199 2107 2264 betur,
2147 2199 2304 2254 latria
2334 2197 2531 2253 dicitur
2558 2214 2570 2249 :
2596 2195 2735 2250 unde
2759 2191 3077 2255 idololatria,
3102 2206 3221 2262 qua:
3241 2190 3383 2261 quod
3405 2188 3506 2244 soli

1929 2293 2040 2348 Deo
2074 2291 2254 2355 debet,
2295 2290 2452 2345 idolis
2477 2289 2586 2342 dat.

2003 2385 2140 2439 Nota
2169 2382 2442 2438 diabolum
2480 2380 2536 2434 in
2564 2379 2650 2435 his
2688 2377 2829 2432 vinci
2855 2376 2909 2432 in
2939 2374 3135 2444 quibus
3158 2373 3328 2427 Adam
3351 2371 3502 2426 vicit.

1933 2475 2103 2544 Quem
2138 2475 2204 2528 de
2231 2472 2354 2542 gula
2384 2471 2629 2537 tentavit,
2653 2469 2780 2524 dum
2806 2468 2873 2523 de
2898 2467 3041 2538 ligno
3067 2464 3234 2520 vetito
3286 2473 3510 2534 gustare

1934 2568 2164 2638 rogavit.
2191 2568 2268 2621 De
2295 2580 2433 2620 vana
2461 2564 2650 2635 gloria,
2677 2578 2801 2618 cum
2827 2560 2963 2616 dixit
3001 2556 3151 2628 (Gen.
3189 2556 3270 2627 tu)
3305 2573 3318 2610 :
3375 2554 3502 2608 Eri-

1933 2659 2000 2714 tis
2027 2660 2160 2712 sicut
2188 2657 2283 2710 dii.
2317 2640 2393 2712 De
2429 2655 2679 2722 avaritia,
2722 2638 2846 2709 cum
2877 2653 2952 2706 ait
2982 2666 2996 2704 :
3037 2649 3267 2706 Scientes
3314 2647 3503 2700 bonum

1933 2761 1982 2806 et
2005 2749 2224 2804 malum.

2003 2839 2168 2894 Vsus.
2202 2839 2288 2894 Η.
2311 2867 2382 2880 --
2405 2837 2766 2894 Accesserant.
2789 2834 2906 2891 Non
2929 2833 3085 2904 quasi
3116 2841 3242 2888 tunc
3266 2830 3498 2901 primum

1933 2933 2213 2996 adeuntes,
2251 2931 2344 2986 sed
2370 2944 2598 3000 agonem
2619 2927 2831 2984 Domini
2852 2924 3038 2997 procul
3063 2923 3409 2994 aspicientes,
3438 2936 3510 2976 ne

1931 3025 2180 3080 videatur
2209 3038 2395 3079 eorum
2419 3022 2673 3094 praesidio
2693 3021 2906 3092 eguisse
2953 3017 3038 3074 vel
3071 3016 3285 3072 vicisse.
3317 3013 3424 3069 Sed
3452 3019 3512 3067 ut

1933 3117 2025 3173 ille
2057 3117 2232 3172 victus
2256 3117 2406 3182 abiit,
2431 3115 2606 3188 parati
2631 3115 2701 3170 ad
2733 3111 3050 3182 obsequium
3082 3115 3361 3164 venerunt.
3395 3106 3528 3174 Sic-g

1934 3217 1992 3263 ut
2033 3210 2085 3264 in
2118 3211 2221 3264 hoc
2256 3224 2426 3281 agone
2465 3209 2655 3265 militia
2696 3215 2881 3262 nostra
2930 3203 3288 3274 praestruitur,
3333 3200 3407 3254 ila
3456 3197 3512 3252 in

1935 3307 2254 3376 obsequium
2298 3305 2610 3376 angelorum
2657 3303 2893 3376 gloriosa
2937 3298 3300 3356 remuneratio
3345 3297 3507 3352 doce-

1937 3408 2043 3454 ιω.

2006 3488 2168 3542 Vens.
2201 3487 2285 3541 12.
2312 3485 2518 3542 -—Cum
2544 3494 2721 3540 autem
2748 3485 2998 3539 audisset.
3032 3481 3212 3554 (ΚΑΒ.)
3245 3479 3341 3536 Hic
3369 3478 3508 3534 Mat-

1934 3580 2132 3643 theus,
2159 3578 2299 3632 sicut
2324 3575 2537 3632 Marcus
2573 3583 2629 3631 et
2673 3575 2869 3641 Lucas,
2892 3571 3258 3644 praetermittit
3278 3571 3513 3643 primum

1933 3673 2223 3727 adventum
2239 3669 2450 3724 Domini
2471 3669 2524 3724 in
2556 3667 2849 3733 Galilaeam,
2873 3674 3180 3736 postquam,
3202 3672 3332 3728 etc.,
3358 3677 3518 3732 usque

1933 3760 2024 3826 ad,
2043 3759 2156 3813 Hoc
2177 3759 2296 3828 fecit
2318 3759 2524 3814 initium
2540 3760 2807 3828 signorum
2827 3755 3001 3812 Iesus.
3027 3756 3092 3811 Et
3114 3756 3340 3810 iterum:
3366 3751 3519 3808 Non-

1935 3853 2063 3906 dum
2083 3851 2316 3906 Joannes
2339 3852 2530 3905 missus
2551 3859 2660 3904 erat
2683 3850 2736 3904 in
2760 3865 3040 3903 carcerem.

2005 3943 2259 4008 Joannes,
2287 3952 2391 3998 etc.
2424 3943 2575 4009 Quod
2611 3949 2727 3996 erat
2773 3951 2992 4012 propter
3028 3938 3396 4010 Evangelium.
3424 3935 3516 3994 Je-

1938 4052 2033 4094 sus
2054 4038 2157 4091 hoc
2182 4036 2321 4091 idem
2350 4033 2638 4106 perfectius
2659 4033 2960 4102 prmdicaus
2983 4033 3047 4086 ad
3065 4041 3274 4101 tempus
3296 4029 3440 4085 cedit
3461 4035 3520 4084 et

1939 4127 2100 4199 fugit,
2129 4137 2190 4183 ut
2213 4128 2285 4182 sit
2313 4125 2616 4195 exemplum
2655 4124 2785 4178 suis.
2817 4123 2882 4178 In
2913 4121 3209 4178 Galilwam.
3239 4121 3366 4176 Duae
3391 4125 3532 4196 sunt.

1938 4223 2173 4282 Galiltete
2197 4241 2212 4275 :
2234 4238 2342 4277 una
2366 4221 2562 4277 dicitur
2591 4219 2916 4280 Judaaorum,
2945 4213 3113 4268 altera
3133 4213 3373 4284 gentium
3392 4226 3519 4280 pro-

1939 4325 2063 4388 pter
2093 4316 2534 4372 inbabitationem
2561 4313 2819 4385 gentium,
2835 4325 2995 4382 quam
3015 4315 3225 4380 partem
3249 4304 3398 4361 dedit
3417 4304 3515 4360 Sa-

1943 4405 2125 4461 lomon
2153 4405 2264 4476 regi
2287 4404 2413 4476 Tyri
2438 4405 2528 4475 qui
2551 4412 2744 4475 gentes
2772 4403 2845 4457 ibi
2874 4399 3072 4472 posuit.

1859 4513 1916 4577 ι)
2017 4497 2180 4554 Vens.
2212 4498 2298 4552 l5.
2327 4527 2399 4537 —
2428 4495 2718 4550 Nasareth.
2749 4492 2929 4565 (ΗΑΒ.)
2966 4489 3119 4547 Unde
3139 4487 3387 4545 Christus
3410 4486 3515 4542 Na-

1940 4603 2149 4646 namus
2179 4589 2396 4655 dicitur,
2427 4589 2580 4644 vicus
2601 4596 2687 4644 est
2722 4587 2775 4641 in
2825 4583 3045 4641 Galilaea
3080 4582 3233 4654 juxta
3279 4588 3516 4634 montem

1942 4681 2181 4746 Thahor,
2210 4689 2338 4745 etc.,
2395 4694 2554 4749 usque
2607 4677 2675 4731 ad
2719 4677 2845 4747 quia
2879 4676 2932 4730 in
2963 4673 3139 4729 medio
3177 4669 3420 4743 gentium
3450 4672 3517 4726 ad

1940 4771 2273 4828 dilatandam
2299 4771 2526 4826 verbum
2557 4768 2651 4822 Dei
2679 4768 2894 4823 fortiter
2916 4764 3184 4828 consistit,
3213 4771 3272 4819 ut
3299 4761 3518 4818 creden-

1943 4866 2090 4922 tibus
2127 4861 2396 4934 refugium
2445 4859 2874 4932 periclitantibus
2923 4855 3174 4913 ostendat
3219 4854 3346 4910 ﬁdei
3387 4870 3516 4927 por-

1942 4967 2081 5014 tum.

2015 5048 2178 5104 Vnus.
2213 5047 2298 5102 l5.
2317 5077 2390 5088 -
2414 5043 2574 5100 Terra
2604 5041 2862 5097 Zabulon.
2892 5038 3014 5113 (ιι.)
3043 5039 3194 5108 Quod
3215 5037 3390 5109 primo
3425 5051 3517 5108 po-

1943 5145 2108 5201 situm
2138 5149 2223 5198 est
2244 5139 2609 5211 praemittit
2627 5136 2960 5209 evangelista
2985 5153 3002 5202 ;
3045 5135 3254 5193 scilicet
3284 5151 3298 5187 :
3329 5129 3513 5188 Primo

1942 5245 2170 5306 tempore
2190 5234 2432 5292 allssiata
2461 5243 2536 5290 est
2556 5242 2697 5292 tam
2723 5229 2962 5288 Zobulon
2977 5239 3029 5285 et
3051 5239 3191 5285 terra
3215 5227 3266 5282 Ν
3270 5225 3516 5299 ephtalim

1879 5329 1892 5343 ‘
1945 5327 2081 5400 (Isa.
2111 5329 2190 5399 ιιι)
2223 5328 2400 5383 :sicut
2422 5335 2477 5382 et
2501 5325 2644 5395 quod
2675 5325 2734 5381 in
2762 5324 2940 5381 medio
2961 5331 3066 5389 est,
3103 5330 3232 5388 etc.,
3257 5337 3419 5392 usque
3443 5319 3516 5374 ad

1940 5419 2037 5474 sed
2057 5431 2160 5488 pro
2184 5417 2360 5489 ἥσω-ι
2386 5432 2579 5474 eorum
2604 5416 2699 5488 qui
2731 5415 2957 5472 vocandi
2986 5421 3112 5470 sunt
3149 5413 3218 5470 de
3241 5410 3515 5483 gentibus,

1939 5524 2006 5566 ea
2028 5526 2148 5580 quae
2171 5509 2410 5581 gentium
2433 5519 2518 5567 est
2545 5509 2634 5566 hic
2663 5516 3012 5566 memoratur.

2014 5599 2175 5656 Vsus.
2206 5595 2623 5670 l6.—-Populus.
2649 5598 2830 5672 (Auo.)
2861 5597 3098 5668 P0pulus
3120 5595 3220 5652 iste
3248 5595 3338 5666 qui
3368 5591 3518 5663 prior

1943 5690 2136 5744 ductus
2179 5696 2262 5743 est
2288 5689 2339 5742 in
2371 5688 2758 5760 captivitatem,
2789 5697 2844 5743 et
2870 5688 2924 5742 in
2980 5685 3212 5742 tenebris
3264 5683 3518 5738 vitiorum

1875 5842 1911 5867 ,ε
1943 5789 2083 5849 erat,
2109 5780 2256 5853 prior
2275 5779 2448 5840 lucem
2479 5781 2880 5854 praedicationis
2905 5779 3105 5839 Chriin
3130 5774 3279 5833 vidit.
3316 5772 3516 5829 Deinde
