4068 6344
492 438 560 496 87
989 433 1380 494 WALAFRIDI
1420 434 1666 491 STRABI
1703 432 1906 490 FULD.
1950 425 2119 484 MON.
2162 421 2317 483 OPP.
2358 423 2542 480 PARS
2581 423 2622 480 Ι.
2661 453 2732 464 ·-
2769 421 3223 481 THEOLOGICA.
3684 421 3754 477 88

489 559 547 614 in
593 573 783 614 omnes
808 557 1157 628 Evangelium
1203 555 1614 611 disseminatum
1651 560 1756 608 est.
1795 548 1948 606 Unde
1981 560 2065 602 se-
2095 546 2148 606 Α
2174 541 2219 597 si
2251 549 2434 612 postea
2462 550 2762 608 resumunt,
2803 556 2911 597 non
2965 540 3254 610 cupiditate
3301 547 3358 594 et
3406 537 3758 609 pmprietatis

489 652 678 722 quitur
726 669 740 704 :
786 649 1158 704 Habitantibus
1200 649 1257 701 in
1298 649 1526 717 regione.

561 764 774 820 Umlme
807 764 1009 818 mortis.
1032 761 1175 816 Mors
1199 770 1284 816 est
1320 760 1378 815 in
1419 759 1648 816 inferno.
1679 754 1885 813 Umbra
1907 749 2069 821 hujus

491 855 686 911 mortis
709 863 836 910 sunt
859 861 1102 923 peccata,
1137 866 1258 921 quae
1286 863 1561 919 nunquam
1587 847 1704 901 sine
1741 851 1936 900 morte.
1967 841 2068 909 Qui

489 961 617 1018 ergo
641 945 754 1002 vult
778 944 962 1015 fugere
998 952 1250 1010 mortem,
1280 941 1414 996 vitet
1439 939 1707 996 umbram.

561 1057 724 1113 Vens.
776 1057 862 1111 17.
889 1085 959 1095 —
998 1053 1225 1108 Exinde.
1272 1051 1566 1121 Postquam
1612 1049 1917 1120 baptizatus
1961 1055 2063 1102 est.

487 1149 791 1220 Baptismus
812 1148 1033 1203 idoneos
1064 1145 1194 1202 facit
1221 1145 1286 1201 ad
1308 1141 1726 1216 praedicandum.
1759 1141 1987 1205 Exinde,
2013 1140 2067 1196 id

487 1251 592 1306 est,
629 1242 828 1296 tradito
868 1238 1076 1296 Joanne
1109 1254 1123 1292 :
1157 1238 1281 1308 quia
1328 1237 1448 1309 lege
1493 1235 1774 1292 desinente
1823 1235 2068 1303 sequitur

486 1332 861 1402 Evangelium,
895 1340 956 1385 ut
997 1346 1248 1385 auroram
1288 1330 1386 1384 sol.
1422 1328 1649 1383 Humilis
1675 1327 1930 1398 magister
1973 1326 2065 1397 qui

484 1423 786 1478 doctrinam
805 1421 1050 1492 discipuli
1084 1437 1189 1476 non
1211 1421 1452 1492 impedit,
1477 1422 1570 1476 sed
1599 1428 1877 1490 exspectat
1896 1418 2067 1474 donec

481 1524 821 1570 consummet
846 1530 1064 1570 cursum
1097 1530 1272 1568 suum.
1317 1513 1373 1567 In
1398 1529 1506 1582 quo
1529 1513 1702 1578 docet,
1754 1527 1820 1566 ne
1846 1511 1968 1581 quis
1997 1511 2065 1566 ab

482 1604 740 1662 inferiore
777 1622 1007 1678 persona
1038 1621 1338 1661 sermonem
1379 1613 1706 1662 contemnat.
1740 1604 1892 1659 Unde
1918 1602 2065 1673 Apo-

480 1699 653 1755 stolus
685 1741 698 1754 .
728 1697 786 1754 Si
811 1700 894 1754 cui
926 1698 1206 1754 revelatum
1233 1698 1413 1768 fuerit,
1445 1698 1591 1767 prior
1615 1706 1800 1751 taceat.

558 1810 922 1868 Paenitentiam
949 1814 1106 1884 agite.
1139 1812 1338 1866 Eadem
1369 1826 1488 1881 quae
1527 1824 1705 1880 praeco
1749 1808 2008 1880 prmdicat
2046 1827 2060 1862 :

2170 649 2375 690 amore.
2408 635 2464 689 In
2485 634 2568 690 his
2596 635 2756 689 datur
2775 633 2950 689 forma
2975 632 3285 689 volentibus
3313 632 3486 702 sequi.
3517 631 3758 688 Mutatur

2167 727 2397 782 intentio
2422 743 2528 782 non
2554 726 2805 797 piscatio,
2833 733 3114 781 mutantur
3153 725 3290 781 retia
3329 724 3386 780 in
3430 723 3755 791 doctrinam,

2168 818 2431 889 cupiditas
2467 818 2522 873 in
2577 834 2818 874 amorem
2869 820 3215 873 animarum:
3266 816 3325 871 fit
3383 830 3535 871 mare
3587 829 3760 871 saecu-

2166 908 2299 975 lum,
2332 909 2487 965 navis
2511 909 2774 976 Ecclesia,
2806 910 2986 980 pisces
3015 907 3141 964 boni
3183 914 3238 962 et
3265 907 3392 962 mali
3415 906 3682 962 homines.

2239 1000 2402 1055 Vens.
2431 1000 2519 1054 2|.
2549 1030 2620 1040 --
2656 999 2798 1054 Vidit
2819 999 2952 1054 alios
2979 999 3133 1054 duos.
3158 997 3301 1054 Ecce
3324 997 3381 1052 in
3402 997 3490 1053 his
3517 1005 3754 1068 quatuor

2164 1107 2424 1148 numerus
2471 1092 2923 1163 evangelistarum
2961 1091 3357 1162 praefiguntur,
3405 1089 3499 1161 qui
3544 1091 3758 1146 animas

2165 1199 2198 1239 a
2220 1185 2419 1240 mundo
2451 1185 2746 1252 extrahunt
2773 1184 2839 1239 de
2875 1192 3126 1254 quatuor-
3141 1182 3394 1253 partibus
3431 1184 3640 1240 mundi.

2234 1277 2354 1332 Bini
2376 1286 2430 1332 et
2465 1277 2576 1332 bini
2605 1285 2884 1342 vocantur,
2909 1277 3032 1346 quia
3064 1275 3304 1332 Charitas
3333 1289 3441 1330 non
3472 1275 3581 1332 nisi
3608 1275 3755 1331 inter

2167 1368 2300 1424 duos
2332 1377 2437 1424 est.
2474 1367 2698 1423 Vocatio
2713 1367 2911 1424 dicitur
2941 1367 3072 1424 :Vel
3097 1365 3392 1424 secundum
3419 1365 3743 1422 electionem

2165 1461 2368 1531 gratiae.
2412 1458 2567 1515 Unde
2594 1459 2795 1516 dicitur
2828 1479 2840 1514 :
2875 1459 3018 1526 Quos
3050 1460 3248 1514 vocavit
3271 1457 3443 1531 (Rom.
3472 1459 3615 1531 vni),
3637 1465 3748 1514 etc.

2170 1551 2268 1606 Vel
2303 1550 2596 1606 secundum
2627 1551 2756 1606 illud
2787 1565 2802 1604 ε
2843 1549 3001 1604 Multi
3029 1560 3150 1605 sunt
3187 1550 3354 1606 vocati
3402 1548 3631 1622 (Matth.
3672 1550 3750 1623 ι).

2239 1639 2424 1712 (Αυς.)
2455 1639 2724 1707 Quaeritur
2749 1640 3022 1710 quomodo
3048 1639 3333 1695 Matthaeus
3351 1647 3408 1694 et
3435 1638 3652 1695 Marcus
3673 1639 3755 1695 di-

2166 1741 2294 1787 cant
2317 1731 2472 1786 binos
2511 1746 2736 1787 vocasse
2773 1731 2958 1787 Jesum
2992 1748 3007 1786 :
3052 1731 3228 1801 primo
3271 1730 3494 1786 Petrum
3535 1739 3591 1786 et
3637 1730 3753 1784 An-

2168 1822 2390 1888 draeam,
2421 1831 2548 1889 etc.,
2589 1839 2752 1894 usque
2778 1824 2846 1878 ad
2877 1823 2999 1879 ideo
3022 1830 3203 1878 autem
3237 1822 3541 1893 piscatores
3569 1821 3756 1877 illitte-

480 1912 544 1959 ut
563 1905 881 1960 ostendatur
907 1919 1015 1960 non
1044 1904 1182 1958 alius
1218 1918 1381 1973 quam
1412 1902 1503 1971 qui
1534 1901 1588 1955 in
1618 1915 1750 1956 voce
1794 1900 2055 1954 clamave-

2167 1923 2317 1970 ratos
2341 1915 2489 1970 misit
2515 1916 2830 1985 praedicare,
2863 1923 2926 1970 ut
2947 1914 3082 1970 fides
3131 1914 3185 1969 in
3213 1914 3416 1970 virtute
3459 1915 3597 1980 Dei,
3645 1929 3752 1970 non

481 2006 588 2052 rat.
620 1997 865 2054 Christus
891 1997 1038 2052 enim
1066 1997 1288 2052 verbum
1313 1993 1457 2064 quod
1493 1993 1689 2047 clamat
1734 1992 1788 2045 in
1827 1990 2063 2046 Jordane

479 2102 688 2159 organo
718 2098 772 2143 et
803 2089 856 2142 in
885 2088 1136 2143 omnibus
1166 2088 1255 2156 qui
1287 2087 1353 2141 ab
1383 2085 1538 2140 initio
1576 2083 1774 2152 aliquid
1806 2084 2061 2139 divinitus

479 2179 733 2234 dixerunt
755 2198 769 2233 :
794 2187 849 2234 et
878 2189 1059 2234 tamen
1082 2179 1182 2233 iste
1201 2177 1346 2232 solus
1372 2190 1494 2241 vox,
1517 2175 1645 2245 quia
1667 2188 1767 2244 per
1782 2189 1902 2229 eum
1924 2186 2063 2242 prte—

478 2285 606 2326 sens
654 2271 875 2327 verbum
912 2270 1216 2326 ostenditur
1251 2269 1394 2338 quod
1434 2267 1525 2321 alii
1574 2267 1731 2338 longe
1776 2265 2058 2319 nuntiave-

479 2371 624 2416 runt.
650 2362 796 2418 Inter
821 2363 966 2418 enim
995 2377 1184 2417 vocem
1207 2369 1262 2416 et
1287 2362 1510 2416 verbum
1532 2360 1663 2414 nihil
1689 2367 1774 2414 est
1799 2359 2059 2422 medium,

479 2453 575 2508 sed
601 2463 663 2507 ut
714 2468 819 2509 vox
868 2452 1068 2517 sonuit,
1100 2467 1224 2506 mox
1252 2452 1476 2506 verbum
1521 2450 1814 2521 percipitur
1850 2467 1863 2503 :
1921 2449 2062 2504 sicut

474 2546 710 2603 Joannes
736 2547 949 2602 clausus
977 2546 1187 2601 destitit
1217 2563 1230 2600 :
1257 2545 1508 2600 Christus
1533 2544 1823 2598 Virtutibus
1841 2542 2056 2597 claruit.

476 2639 631 2696 Unde
657 2639 890 2695 Joannes
911 2647 994 2694 est
1031 2637 1198 2710 ﬁgura
1246 2638 1628 2706 prophetarum
1661 2644 1714 2690 et
1760 2633 1912 2704 legis,
1965 2633 2057 2703 qui

474 2747 600 2787 vere
625 2741 750 2786 sunt
764 2747 867 2786 vox
894 2730 1179 2785 clamantis
1201 2729 1474 2798 sapientia:
1498 2728 1617 2793 Dei,
1644 2743 1874 2797 quorum
1894 2726 2061 2782 Joan-

478 2837 576 2877 nes
593 2830 676 2877 est
699 2821 843 2887 finis,
864 2820 1058 2890 quibus
1087 2821 1428 2876 cessantibus
1454 2819 1625 2875 solum
1649 2820 1895 2885 verbum,
1916 2819 2060 2889 quod

475 2911 534 2968 in
563 2913 644 2968 eis
669 2920 944 2977 sonuerat,
985 2925 1083 2981 per
1108 2925 1168 2966 se
1198 2909 1520 2966 ostenditur.

503 3022 728 3096 ’(ΒΑΒ.)
783 3021 908 3078 Haec
958 3021 1268 3093 praedicatio
1332 3019 1528 3076 Christi
1583 3020 1637 3074 in
1681 3018 2059 3090 Capharnaum

478 3109 888 3173 coruscantibus
934 3115 1206 3171 miraculis
1236 3115 1473 3185 incepta,
1493 3112 1710 3179 dicitur,
1740 3120 1871 3180 etc.,
1898 3128 2060 3184 usque

481 3210 553 3264 ad
583 3209 822 3279 Baptista
869 3210 1208 3266 incarcerato
1241 3209 1536 3279 praedicare
1561 3208 1784 3278 incepit.

2165 2007 2472 2077 eloquentia
2502 2007 2782 2062 hominum
2805 2014 3042 2077 putetur.

2234 2093 2474 2149 Zebedtei
2504 2103 2551 2150 et
2571 2095 2855 2151 Joannem.
2901 2095 3192 2151 Zebedaaus
3231 2094 3514 2165 fugitivus,
3543 2095 3597 2150 id
3642 2104 3750 2161 est,

2165 2188 2432 2244 diabolus.
2496 2187 2768 2254 Jacobus,
2827 2189 3200 2259 supplantator
3245 2189 3338 2258 qui
3385 2189 3671 2260 adjuvatur
3717 2205 3750 2244 a

2161 2280 2388 2347 Joanne,
2435 2281 2490 2336 id
2525 2287 2628 2345 est,
2669 2295 2700 2334 a
2746 2280 2918 2352 gratia
2959 2279 3075 2335 Dei.
3134 2279 3207 2334 Et
3243 2281 3442 2335 vocavit
3486 2296 3592 2335 eos.
3655 2279 3752 2334 Illi

2164 2383 2360 2440 autem,
2383 2381 2491 2430 etc.
2533 2371 2759 2452 Vocavit
2793 2380 2849 2428 et
2895 2371 3052 2438 alios,
3084 2371 3181 2428 sed
3225 2370 3422 2429 sufﬁcit
3468 2373 3751 2428 nominare

2164 2479 2397 2611 mss-2.113.
2440 2555 2530 2609 25.
2555 2585 2628 2597 ν-
2653 2554 2720 2609 Ει
2749 2556 3054 2611 circumibat
3083 2555 3417 2611 Jesustotam
3447 2551 3744 2608 Galilteam.

2163 2645 2574 2714 Coadjutoribus
2601 2647 2808 2702 vocatis
2859 2645 3229 2718 praedicationi
3274 2645 3494 2712 insistit,
3546 2645 3753 2701 docens

2162 2737 2450 2808 impigrum
2486 2752 2610 2793 esse
2642 2739 2838 2794 debere
2869 2740 3162 2794 doctorem.
3198 2737 3399 2793 Docens
3425 2738 3482 2792 in
3533 2753 3750 2809 synago-

2162 2831 2261 2902 gis.
2303 2830 2512 2887 Docens
2541 2831 2607 2886 de
2634 2831 2900 2898 moribus,
2921 2830 3046 2886 vitae
3083 2831 3274 2886 activae
3315 2829 3578 2886 subditos.
3607 2829 3746 2884 Prte-

2071 2934 2074 2938 '
2162 2925 2348 2980 dicans
2374 2926 2440 2981 de
2465 2924 2665 2980 futuris
2689 2925 2817 2981 vitae
2847 2925 3275 2995 contemplativa
3315 2923 3593 2995 perfectis.
3645 2922 3745 2978 Do-

2163 3033 2293 3074 cens
2322 3018 2598 3074 naturales
2621 3017 2883 3087 justitias,
2911 3018 3218 3074 castitatem
3255 3017 3462 3074 scilicet
3485 3025 3541 3073 et
3565 3013 3755 3072 humi?

2159 3109 2368 3166 litatem
2393 3118 2450 3164 et
2486 3110 2684 3166 similia
2705 3125 2825 3180 quae
2856 3110 3019 3166 homo
3048 3109 3366 3166 naturaliter
3390 3109 3573 3164 habet.
3598 3107 3745 3162 Prae-

2161 3203 2348 3259 dicans
2377 3201 2724 3274 Evangelium
2754 3203 2928 3272 regni.
2978 3202 3062 3258 Ad
3103 3200 3455 3273 Evangelium
3507 3199 3746 3271 pertinet

547 3263 710 3356 Vens.
740 3301 827 3357 18.
854 3331 926 3341 -
955 3300 1058 3366 Qui
1084 3263 1299 3354 vocatur
1319 3299 1529 3354 Petrus.
1561 3297 1653 3354 Vel
1686 3263 1909 3369 quando
1934 3298 2049 3370 pri-
2077 3263 2126 3329 ο
2154 3297 2471 3369 mysterium
2496 3263 2741 3367 iustitiae,
2763 3263 2962 3352 bonum
2979 3295 3210 3358 initium,
3229 3263 3581 3349 beatitudinis
3602 3304 3736 3362 pro-

473 3409 621 3449 mum
657 3394 914 3450 Andraeas
959 3393 1180 3448 adduxit
1200 3408 1343 3458 eum,
1367 3393 1466 3447 hm
1493 3406 1686 3446 nomen
1712 3392 1940 3447 inditum
1969 3399 2057 3448 est

470 3485 542 3552 ei,
568 3486 693 3541 dum
717 3486 914 3541 dicitur
943 3499 959 3538 :
992 3483 1071 3537 Tu
1091 3483 1354 3538 vocaberis
1381 3481 1582 3552 Cep‘tas
1611 3482 1790 3552 (Joan.
1824 3480 1885 3551 ι),
1911 3481 2053 3550 quod

469 3578 864 3646 interpretatur
894 3573 1083 3628 Petrus
1113 3590 1130 3628 :
1155 3586 1460 3643 quanquam
1501 3571 1589 3626 hic
1616 3572 1830 3626 videtur
1873 3572 1940 3626 de
1973 3570 2056 3626 fu-

476 3679 600 3724 turo
633 3668 969 3739 promittere.
1013 3664 1110 3721 Vel
1137 3665 1353 3736 quando
1403 3662 1683 3720 cenfessus
1706 3669 1827 3718 est:
1871 3661 1952 3716 Tu
1999 3679 2055 3718 es

471 3758 714 3816 Christus
751 3758 924 3813 Filius
975 3757 1072 3812 Dei
1121 3758 1258 3822 vivi,
1299 3757 1500 3811 dictum
1565 3766 1649 3812 est
1705 3757 1806 3810 ei:
1859 3753 1939 3809 Tu
1998 3769 2055 3809 es

472 3849 664 3905 Petrus
710 3859 757 3904 et
805 3865 961 3920 super
1012 3849 1147 3902 hanc
1185 3858 1386 3918 petram
1441 3847 1712 3918 adiﬁcabo
1761 3845 2053 3902 Ecclesium

470 3931 640 3998 meam
669 3941 884 4014 (Matth.
931 3942 1066 4011 xvi).

543 4033 760 4105 (Βευλ.)
788 4032 1000 4098 Petrus,
1025 4048 1348 4104 agnoscens:
1374 4031 1658 4098 Andrteas,
1683 4031 1849 4088 virilis
1873 4033 2052 4103 :quod

471 4126 784 4183 doctoribus
835 4126 1131 4182 convenit:
1178 4125 1304 4195 quia
1333 4125 1387 4180 bi
1442 4123 1564 4191 soli,
1603 4131 1735 4189 etc.,
1766 4141 1928 4197 usque
1979 4124 2052 4180 ad

467 4219 594 4288 quia
625 4232 755 4273 vero
779 4219 986 4289 primus
1015 4219 1178 4273 homo
1203 4215 1516 4272 inobedicns
1562 4216 1750 4282 exivit,
1781 4217 2051 4272 secundus

467 4311 726 4365 obediens
749 4310 1025 4380 ingressus
1043 4317 1148 4363 est.
1179 4306 1362 4379 (ΗΑΒ.)
1413 4307 1699 4362 Matthreus
1746 4308 1876 4363 dicit
1928 4315 2050 4378 post

469 4399 857 4455 habitationem
887 4397 1266 4468 Capharnaum
1289 4398 1582 4468 discipulos
1607 4412 1850 4454 vocasse.
1879 4397 2046 4454 Joan-

467 4506 565 4547 nes
591 4491 746 4557 dicit,
782 4499 914 4557 etc.,
943 4505 1106 4560 usque
1142 4489 1212 4542 ad
1250 4497 1376 4544 ante
1425 4497 1604 4545 autem
1629 4504 1792 4559 quam
1845 4490 2048 4548 veniret

470 4580 627 4638 Jesus
650 4581 704 4637 in
731 4581 878 4638 Cana
903 4579 1154 4645 Galilaeze,
1176 4578 1436 4635 Andreas
1455 4577 1675 4635 Petrum
1688 4579 1930 4648 adduxit,
1951 4579 2046 4637 sed

468 4672 704 4728 nondum
753 4671 1018 4742 discipuli.

539 4761 804 4818 Mittentes
855 4772 982 4818 rete.
1033 4761 1169 4828 Quia
1222 4777 1358 4832 quos
1403 4777 1544 4834 saepe
1601 4763 1834 4820 terrenis
1881 4765 2046 4825 lucris

468 4851 686 4912 inhiare
707 4845 1036 4919 considerat,
1065 4852 1378 4910 coelestibus
1409 4855 1692 4912 desideriis
1720 4857 1969 4925 advocat,
1991 4868 2046 4914 et

463 4965 564 5021 per
580 4961 678 5005 eos
693 4946 912 5004 retibus
936 4945 1235 5018 Evangelii,
1251 4947 1385 5003 alios
1405 4947 1474 5003 de
1499 4947 1767 5019 profundo
1791 4949 2047 5021 iniquita-

465 5040 537 5095 tis
564 5039 752 5110 eripit,
780 5039 926 5094 unde
975 5037 1156 5096 subdit
1187 5054 1201 5091 :
1242 5033 1419 5092 Venite
1462 5047 1583 5108 post
1611 5054 1718 5105 me,
1747 5049 1796 5094 et
1844 5039 2042 5109 faciam

466 5146 564 5184 vos
594 5130 712 5200 ﬁeri
730 5129 1013 5202 piscatores
1032 5129 1312 5183 hominum
1334 5126 1516 5200 (Joan.
1556 5127 1620 5201 ι).

543 5220 720 5275 Vens.~
749 5219 841 5277 i9.
862 5249 938 5261 ——
961 5216 1280 5275 Piscatores.
1304 5217 1618 5276 Piscaturus
1640 5234 1740 5291 per
1755 5221 2046 5294 piscatoria

467 5313 617 5370 vadit
647 5313 785 5367 loca.

537 5404 784 5476 'Mystice.
813 5402 949 5460 Cum
976 5403 1287 5459 incarnatus
1311 5417 1531 5460 carnem
1557 5405 1813 5474 suscepit,
1845 5405 2044 5462 divini-

472 5506 562 5552 tus
612 5496 754 5551 vidit
798 5495 852 5550 in
906 5495 1044 5550 mari
1086 5493 1272 5550 mundi
1317 5493 1623 5564 spirituales
1667 5495 1964 5565 piscatores
2022 5512 2039 5550 :

469 5599 526 5645 et
553 5589 672 5645 aliis
696 5588 836 5659 quid
863 5597 1044 5646 essent
1081 5589 1337 5653 ostendit,
1374 5603 1509 5658 quos
1551 5589 1620 5643 ab
1658 5598 1864 5644 aeterno
1909 5601 2046 5658 pra:-

467 5681 624 5736 vidit.
744 5709 748 5714 -
1418 5681 1487 5716 ε·
1645 5709 1647 5712 ‹

518 5773 717 5830 Nmis.-
749 5772 859 5830 20.
889 5803 959 5817 --
985 5775 1280 5832 Continuus
1319 5773 1564 5829 PerfeCta
1605 5772 1912 5828 obedientia
1965 5779 2050 5827 est

471 5871 580 5928 sua.
606 5865 924 5942 imperfecta
943 5867 1269 5938 relinquere.
1302 5863 1754 5924 Relictis‘retibus
1783 5884 1809 5919 -:
1844 5864 2050 5935 quiaet

2154 3387 2364 3448 missio.
2396 3393 2744 3456 peccatorum
2774 3385 3047 3451 remissio,
3091 3384 3332 3454 adoptio,
3378 3381 3737 3448 resurrectio,

2157 3477 2395 3533 caelestis
2422 3477 2744 3542 luereditas,
2774 3476 3091 3548 angelorum
3126 3475 3382 3532 societas.

2225 3568 2293 3623 In
2309 3568 2604 3640 synagogis.
2631 3567 2740 3624 Nec
2759 3570 2965 3624 otiosus
2986 3568 3176 3624 doctor
3198 3568 3254 3623 in
3271 3581 3499 3623 vacuum
3521 3565 3735 3623 discur-

2161 3668 2270 3727 rat,
2302 3661 2397 3715 sed
2431 3660 2523 3715 ubi
2552 3667 2685 3715 sunt
2707 3659 2889 3730 plures
2918 3659 3193 3730 praedicet.

2225 3751 2590 3823 Evangetium.
2624 3751 2762 3819 Quia
2783 3750 2993 3821 justitia
3017 3760 3104 3808 est
3137 3750 3389 3808 molestia
3433 3749 3637 3806 viventi
3673 3749 3740 3804 “in

2154 3857 2339 3907 carne,
2365 3842 2517 3898 labor
2540 3841 2764 3911 iustitia:
2786 3859 2893 3899 non
2920 3843 3233 3914 suscipitur,
3255 3844 3360 3900 nisi
3383 3857 3591 3900 merces
3610 3856 3740 3913 ope-

2153 3936 2230 3992 ris
2255 3945 2616 4008 exspectetur.
2649 3939 2774 3995 ldeo
2810 3939 3060 3996 Christus
3085 3937 3739 4012 evangelizatbeatitudi-

2153 4043 2298 4094 nem,
2327 4039 2388 4084 ut
2419 4029 2622 4086 excitet
2640 4031 2708 4086 ad
2732 4031 2860 4087 boni
2905 4031 3088 4102 operis
3113 4032 3450 4102 patientiam.

2223 4120 2292 4176 Et
2314 4139 2528 4178 sanans.
2552 4122 2756 4180 Curare
2788 4123 3104 4195 languorem
3135 4131 3190 4179 et
3218 4123 3591 4194 inﬁrmitatem
3624 4135 3736 4177 non

2150 4211 2253 4268 fuit
2290 4229 2563 4285 magnum,
2590 4229 2713 4270 cum
2732 4224 2920 4286 postea
2949 4214 3218 4271 morituri.
3243 4212 3350 4269 Sed
3372 4213 3494 4268 ideo
3509 4212 3733 4279 factum,

2150 4312 2211 4358 ut
2241 4304 2320 4360 sic
2341 4287 2679 4376 erigei'entur
2710 4307 2778 4361 ad
2831 4321 3078 4378 regnum.
3128 4304 3402 4360 Moraliter
3450 4304 3726 4359 instruens

2148 4394 2532 4464 praedicatores
2569 4396 2732 4451 etiam
2759 4404 2972 4452 terrena
3015 4395 3255 4452 subsidia
3288 4394 3517 4451 subditis
3560 4394 3730 4450 mini-

2150 4491 2357 4550 strare,
2389 4493 2446 4539 et
2477 4484 2557 4540 sic
2584 4487 2653 4540 ad
2672 4501 2895 4557 regnum
2921 4487 3154 4541 trahere.

2219 4577 2383 4634 Vens.
2411 4577 2503 4632 24.
2544 4609 2613 4618 -
2655 4579 2728 4634 Et
2757 4580 2884 4635 abiit
2933 4581 3127 4651 opinio.
3186 4579 3400 4653 (ΒευΑ.)
3434 4576 3612 4651 Opera
3653 4593 3736 4635 sae

2149 4667 2278 4726 Iutis
2304 4669 2419 4725 sine
2442 4668 2585 4726 fama
2604 4670 2733 4727 boni
2759 4672 2942 4728 odoris
2965 4687 3072 4727 non
3098 4672 3231 4728 satis
3252 4670 3496 4726 relucent
3520 4669 3734 4727 audito-

2152 4758 2323 4827 ribus,
2346 4775 2450 4816 nec
2468 4760 2610 4817 fama
2631 4763 2748 4818 sine
2771 4777 2932 4832 Opere
2945 4761 3159 4832 proficit
3181 4781 3196 4818 :
3222 4761 3338 4817 sine
3361 4761 3579 4830 quibus,
3599 4769 3732 4827 etc.,

2151 4868 2314 4924 usque
2336 4853 2404 4908 ad
2431 4861 2598 4908 curat-
2618 4867 2867 4924 corpora,
2893 4863 2952 4908 ut
2977 4855 3214 4924 paratius
3234 4853 3459 4910 audiant
3483 4852 3733 4908 invisibi-

2151 4942 2243 4998 lia.
2283 4943 2456 4998 Aliter
2487 4959 2678 5016 parum
2710 4953 2828 4999 erat
2855 4959 2982 5000 mox
3009 4945 3289 5002 morituris
3309 4959 3500 5002 curam
3523 4944 3735 5015 impen-

2151 5037 2299 5094 dere.

2225 5127 2388 5183 Vens.
2422 5125 2512 5182 25.
2539 5156 2612 5167 —
2653 5124 2852 5181 Secuta:
2895 5134 3036 5183 sunt.
3083 5125 3266 5198 (Aoc.)
3313 5125 3742 5195 Quadripartiue

2152 5219 2346 5286 turbae,
2377 5219 2602 5275 scilicet.
2631 5217 2760 5285 Alii,
2799 5227 2926 5284 etc.,
2975 5236 3137 5293 usque
3178 5219 3249 5274 ad
3283 5218 3397 5284 alii,
3448 5233 3548 5288 per
3595 5217 3740 5274 invi-

2151 5314 2296 5373 diam
2320 5315 2565 5373 volentes
2590 5332 2713 5373 eum
2745 5327 3002 5371 accusare
3047 5322 3102 5370 et
3128 5314 3184 5370 in
3213 5313 3393 5384 aliquo
3415 5325 3629 5383 capere.

2768 5469 2995 5527 CAPUT
3035 5469 3098 5525 V.

2221 5541 2383 5642 Vens.
2414 5587 2466 5640 1.
2488 5614 2558 5624 -
2599 5581 2794 5638 Videas
2834 5593 3008 5638 autem
3027 5581 3204 5637 Iesus.
3238 5582 3418 5654 (Auc.)
3465 5582 3600 5638 Huic
3649 5579 3729 5636 rei
3763 5631 3767 5638 .

2048 5697 2052 5702 ’
2150 5679 2418 5736 consentit
2444 5677 2621 5734 Lucas
2650 5676 2834 5731 dicens
2865 5693 2879 5730 :
2914 5673 3140 5728 Factum
3193 5685 3268 5729 est
3298 5685 3470 5728 autem
3514 5675 3568 5727 in
3622 5671 3729 5727 illis

2152 5772 2353 5834 diebus,
2379 5769 2509 5824 exiit
2527 5769 2596 5824 in.
2618 5779 2846 5825 montem
2867 5784 3019 5822 orare
3049 5766 3201 5837 (Luc.
3231 5769 3331 5837 γι),
3356 5777 3460 5822 etc.
3491 5767 3596 5824 Sed
3625 5765 3750 5841 Lib,

2154 5880 2252 5922 cas
2275 5860 2430 5932 dicit.
2463 5866 2599 5931 etc.,
2616 5858 2862 5934 “quod
2883 5873 2999 5920 non
3012 5859 3158 5918 enim
3194 5875 3382 5932 omnes
3409 5857 3596 5932 omnia
3607 5871 3764 5938 vos.
