  <div class='ocr_page' id='page_1' title='image "/cluster/home/n/w/nwhite01/storage/ocr_20150623/114/hvd.32044018909580/050.png"; bbox 0 0 4068 6344; ppageno 0'>
   <div class='ocr_carea' id='block_1_1' title="bbox 345 431 1888 514">
    <p class='ocr_par' dir='ltr' id='par_1_1' title="bbox 345 431 1888 498">
     <span class='ocr_line' id='line_1_1' title="bbox 345 431 1888 498; baseline 0.004 -6"><span class='ocrx_word' id='word_1_1' title='bbox 345 431 416 492; x_wconf 83' lang='grc'><strong>89</strong></span> <span class='ocrx_word' id='word_1_2' title='bbox 1260 437 1526 497; x_wconf 83' lang='lat' dir='ltr'><strong>GLOSSA</strong></span> <span class='ocrx_word' id='word_1_3' title='bbox 1559 438 1888 498; x_wconf 82' lang='lat' dir='ltr'><strong>ORDINARI</strong></span> 
     </span>
    </p>
   </div>
   <div class='ocr_carea' id='block_1_2' title="bbox 1983 431 3593 514">
    <p class='ocr_par' dir='ltr' id='par_1_2' title="bbox 1998 440 3593 514">
     <span class='ocr_line' id='line_1_2' title="bbox 1998 440 3593 514; baseline 0.01 -16"><span class='ocrx_word' id='word_1_4' title='bbox 1998 473 2066 509; x_wconf 61' lang='grc' dir='ltr'><strong>-έ</strong></span> <span class='ocrx_word' id='word_1_5' title='bbox 2104 443 2357 502; x_wconf 82' lang='lat' dir='ltr'><strong>EVANG.</strong></span> <span class='ocrx_word' id='word_1_6' title='bbox 2400 440 2661 505; x_wconf 80' lang='grc' dir='ltr'><strong>ΜΑΤἸἮ.</strong></span> <span class='ocrx_word' id='word_1_7' title='bbox 3523 454 3593 514; x_wconf 85' lang='lat'><strong>90</strong></span> 
     </span>
    </p>
   </div>
   <div class='ocr_carea' id='block_1_3' title="bbox 333 536 3590 642">
    <p class='ocr_par' dir='ltr' id='par_1_3' title="bbox 333 536 3590 642">
     <span class='ocr_line' id='line_1_3' title="bbox 333 536 3590 642; baseline 0.006 -35"><span class='ocrx_word' id='word_1_8' title='bbox 333 559 462 607; x_wconf 86' lang='lat' dir='ltr'><strong>sunt</strong></span> <span class='ocrx_word' id='word_1_9' title='bbox 493 565 508 604; x_wconf 87' lang='lat'><strong>:</strong></span> <span class='ocrx_word' id='word_1_10' title='bbox 536 550 680 621; x_wconf 90' lang='lat' dir='ltr'><strong>quod</strong></span> <span class='ocrx_word' id='word_1_11' title='bbox 705 549 886 607; x_wconf 91' lang='lat' dir='ltr'><strong>verius</strong></span> <span class='ocrx_word' id='word_1_12' title='bbox 917 536 1136 622; x_wconf 88' lang='lat' dir='ltr'><strong>putatur</strong></span> <span class='ocrx_word' id='word_1_13' title='bbox 1164 556 1414 626; x_wconf 82' lang='lat' dir='ltr'><strong>quamvis</strong></span> <span class='ocrx_word' id='word_1_14' title='bbox 1444 556 1584 612; x_wconf 88' lang='lat' dir='ltr'><strong>idem</strong></span> <span class='ocrx_word' id='word_1_15' title='bbox 1624 559 1906 629; x_wconf 88' lang='lat' dir='ltr'><strong>utriusque</strong></span> <span class='ocrx_word' id='word_1_16' title='bbox 1933 561 1986 622; x_wconf 86' lang='grc' dir='ltr'><strong>Α</strong></span> <span class='ocrx_word' id='word_1_17' title='bbox 2009 558 2182 615; x_wconf 85' lang='lat' dir='ltr'><strong>virtus</strong></span> <span class='ocrx_word' id='word_1_18' title='bbox 2213 561 2330 616; x_wconf 85' lang='lat' dir='ltr'><strong>sine</strong></span> <span class='ocrx_word' id='word_1_19' title='bbox 2357 563 2550 632; x_wconf 83' lang='lat' dir='ltr'><strong>spiritu</strong></span> <span class='ocrx_word' id='word_1_20' title='bbox 2588 564 2921 622; x_wconf 91' lang='lat' dir='ltr'><strong>fortitudinis</strong></span> <span class='ocrx_word' id='word_1_21' title='bbox 2949 547 3079 624; x_wconf 74' lang='lat' dir='ltr'><strong>non</strong></span> <span class='ocrx_word' id='word_1_22' title='bbox 3124 566 3414 640; x_wconf 90' lang='lat' dir='ltr'><strong>impletur:</strong></span> <span class='ocrx_word' id='word_1_23' title='bbox 3463 574 3590 642; x_wconf 84' lang='lat' dir='ltr'><strong>quia</strong></span> 
     </span>
    </p>
   </div>
   <div class='ocr_carea' id='block_1_4' title="bbox 331 644 1137 714">
    <p class='ocr_par' dir='ltr' id='par_1_4' title="bbox 331 644 1137 714">
     <span class='ocr_line' id='line_1_4' title="bbox 331 644 1137 714; baseline 0.002 -15"><span class='ocrx_word' id='word_1_24' title='bbox 331 644 492 699; x_wconf 84' lang='lat' dir='ltr'><strong>simul</strong></span> <span class='ocrx_word' id='word_1_25' title='bbox 525 644 696 714; x_wconf 91' lang='lat' dir='ltr'><strong>possit</strong></span> <span class='ocrx_word' id='word_1_26' title='bbox 746 644 916 701; x_wconf 88' lang='lat' dir='ltr'><strong>videri</strong></span> <span class='ocrx_word' id='word_1_27' title='bbox 943 646 1137 703; x_wconf 84' lang='lat' dir='ltr'><strong>factus.</strong></span> 
     </span>
    </p>
   </div>
   <div class='ocr_carea' id='block_1_5' title="bbox 401 735 1916 814">
    <p class='ocr_par' dir='ltr' id='par_1_5' title="bbox 401 735 1916 814">
     <span class='ocr_line' id='line_1_5' title="bbox 401 735 1916 814; baseline 0.005 -26"><span class='ocrx_word' id='word_1_28' title='bbox 401 735 673 790; x_wconf 75' lang='lat' dir='ltr'><strong>Ascendit.</strong></span> <span class='ocrx_word' id='word_1_29' title='bbox 703 735 912 792; x_wconf 90' lang='lat' dir='ltr'><strong>Docens</strong></span> <span class='ocrx_word' id='word_1_30' title='bbox 935 753 1063 814; x_wconf 89' lang='lat' dir='ltr'><strong>suos</strong></span> <span class='ocrx_word' id='word_1_31' title='bbox 1089 739 1382 796; x_wconf 88' lang='lat' dir='ltr'><strong>ascendere</strong></span> <span class='ocrx_word' id='word_1_32' title='bbox 1409 753 1508 796; x_wconf 92' lang='lat' dir='ltr'><strong>nec</strong></span> <span class='ocrx_word' id='word_1_33' title='bbox 1533 740 1587 795; x_wconf 90' lang='lat' dir='ltr'><strong>in</strong></span> <span class='ocrx_word' id='word_1_34' title='bbox 1634 741 1790 796; x_wconf 83' lang='lat' dir='ltr'><strong>turba</strong></span> <span class='ocrx_word' id='word_1_35' title='bbox 1828 755 1916 796; x_wconf 90' lang='lat' dir='ltr'><strong>re-</strong></span> 
     </span>
    </p>
   </div>
   <div class='ocr_carea' id='block_1_6' title="bbox 329 825 1911 902">
    <p class='ocr_par' dir='ltr' id='par_1_6' title="bbox 329 825 1911 902">
     <span class='ocr_line' id='line_1_6' title="bbox 329 825 1911 902; baseline 0.003 -21"><span class='ocrx_word' id='word_1_36' title='bbox 329 839 551 882; x_wconf 87' lang='lat' dir='ltr'><strong>manere</strong></span> <span class='ocrx_word' id='word_1_37' title='bbox 585 843 598 879; x_wconf 92' lang='lat'>:</span> <span class='ocrx_word' id='word_1_38' title='bbox 635 825 880 883; x_wconf 85' lang='lat' dir='ltr'><strong>altiorem</strong></span> <span class='ocrx_word' id='word_1_39' title='bbox 923 828 1182 886; x_wconf 91' lang='lat' dir='ltr'><strong>docturus</strong></span> <span class='ocrx_word' id='word_1_40' title='bbox 1225 831 1517 902; x_wconf 84' lang='lat' dir='ltr'><strong>justitiam,</strong></span> <span class='ocrx_word' id='word_1_41' title='bbox 1554 847 1716 902; x_wconf 91' lang='lat' dir='ltr'><strong>quam</strong></span> <span class='ocrx_word' id='word_1_42' title='bbox 1765 832 1911 887; x_wconf 86' lang='lat' dir='ltr'><strong>illam</strong></span> 
     </span>
    </p>
   </div>
   <div class='ocr_carea' id='block_1_7' title="bbox 327 918 1911 988">
    <p class='ocr_par' dir='ltr' id='par_1_7' title="bbox 327 918 1911 988">
     <span class='ocr_line' id='line_1_7' title="bbox 327 918 1911 988; baseline 0.006 -16"><span class='ocrx_word' id='word_1_43' title='bbox 327 933 447 988; x_wconf 66' lang='lat' dir='ltr'><strong>quae</strong></span> <span class='ocrx_word' id='word_1_44' title='bbox 486 926 573 975; x_wconf 90' lang='lat' dir='ltr'><strong>est</strong></span> <span class='ocrx_word' id='word_1_45' title='bbox 602 918 912 976; x_wconf 85' lang='lat' dir='ltr'><strong>Scribarum</strong></span> <span class='ocrx_word' id='word_1_46' title='bbox 947 930 1000 977; x_wconf 92' lang='lat' dir='ltr'><strong>et</strong></span> <span class='ocrx_word' id='word_1_47' title='bbox 1049 922 1461 979; x_wconf 70' lang='lat' dir='ltr'><strong>Pharisaeorum.</strong></span> <span class='ocrx_word' id='word_1_48' title='bbox 1491 924 1750 982; x_wconf 80' lang='lat' dir='ltr'><strong>Ascendit</strong></span> <span class='ocrx_word' id='word_1_49' title='bbox 1792 927 1911 986; x_wconf 84' lang='lat' dir='ltr'><strong>inse</strong></span> 
     </span>
    </p>
   </div>
   <div class='ocr_carea' id='block_1_8' title="bbox 324 1009 1912 1079">
    <p class='ocr_par' dir='ltr' id='par_1_8' title="bbox 324 1009 1912 1079">
     <span class='ocr_line' id='line_1_8' title="bbox 324 1009 1912 1079; baseline 0.004 -11"><span class='ocrx_word' id='word_1_50' title='bbox 324 1025 481 1068; x_wconf 85' lang='lat' dir='ltr'><strong>mons</strong></span> <span class='ocrx_word' id='word_1_51' title='bbox 525 1009 583 1065; x_wconf 91' lang='lat' dir='ltr'><strong>in</strong></span> <span class='ocrx_word' id='word_1_52' title='bbox 633 1019 894 1079; x_wconf 88' lang='lat' dir='ltr'><strong>montem,</strong></span> <span class='ocrx_word' id='word_1_53' title='bbox 924 1022 984 1068; x_wconf 91' lang='lat' dir='ltr'><strong>ut</strong></span> <span class='ocrx_word' id='word_1_54' title='bbox 1011 1013 1201 1070; x_wconf 87' lang='lat' dir='ltr'><strong>altiora</strong></span> <span class='ocrx_word' id='word_1_55' title='bbox 1246 1016 1505 1072; x_wconf 91' lang='lat' dir='ltr'><strong>virtutum</strong></span> <span class='ocrx_word' id='word_1_56' title='bbox 1543 1019 1781 1073; x_wconf 88' lang='lat' dir='ltr'><strong>culmina</strong></span> <span class='ocrx_word' id='word_1_57' title='bbox 1816 1020 1912 1075; x_wconf 89' lang='lat' dir='ltr'><strong>do-</strong></span> 
     </span>
    </p>
   </div>
   <div class='ocr_carea' id='block_1_9' title="bbox 321 1103 1908 1180">
    <p class='ocr_par' dir='ltr' id='par_1_9' title="bbox 321 1103 1908 1180">
     <span class='ocr_line' id='line_1_9' title="bbox 321 1103 1908 1180; baseline 0.004 -20"><span class='ocrx_word' id='word_1_58' title='bbox 321 1111 502 1168; x_wconf 84' lang='lat' dir='ltr'><strong>ceret,</strong></span> <span class='ocrx_word' id='word_1_59' title='bbox 552 1111 609 1158; x_wconf 90' lang='lat' dir='ltr'><strong>et</strong></span> <span class='ocrx_word' id='word_1_60' title='bbox 645 1103 941 1159; x_wconf 87' lang='lat' dir='ltr'><strong>Ecclesiam</strong></span> <span class='ocrx_word' id='word_1_61' title='bbox 987 1121 1147 1174; x_wconf 85' lang='lat' dir='ltr'><strong>supra</strong></span> <span class='ocrx_word' id='word_1_62' title='bbox 1197 1121 1358 1176; x_wconf 91' lang='lat' dir='ltr'><strong>quam</strong></span> <span class='ocrx_word' id='word_1_63' title='bbox 1406 1109 1557 1164; x_wconf 87' lang='lat' dir='ltr'><strong>sedet</strong></span> <span class='ocrx_word' id='word_1_64' title='bbox 1601 1110 1908 1180; x_wconf 69' lang='lat' dir='ltr'><strong>praedicans</strong></span> 
     </span>
    </p>
   </div>
   <div class='ocr_carea' id='block_1_10' title="bbox 319 1194 1909 1270">
    <p class='ocr_par' dir='ltr' id='par_1_10' title="bbox 319 1194 1909 1270">
     <span class='ocr_line' id='line_1_10' title="bbox 319 1194 1909 1270; baseline 0.005 -20"><span class='ocrx_word' id='word_1_65' title='bbox 319 1203 651 1267; x_wconf 72' lang='lat' dir='ltr'><strong>prmceptum</strong></span> <span class='ocrx_word' id='word_1_66' title='bbox 697 1194 913 1252; x_wconf 90' lang='lat' dir='ltr'><strong>Domini</strong></span> <span class='ocrx_word' id='word_1_67' title='bbox 948 1197 1232 1254; x_wconf 88' lang='lat' dir='ltr'><strong>sublimius</strong></span> <span class='ocrx_word' id='word_1_68' title='bbox 1259 1200 1571 1270; x_wconf 75' lang='lat' dir='ltr'><strong>erigendum</strong></span> <span class='ocrx_word' id='word_1_69' title='bbox 1600 1203 1909 1259; x_wconf 87' lang='lat' dir='ltr'><strong>ostenderet</strong></span> 
     </span>
    </p>
   </div>
   <div class='ocr_carea' id='block_1_11' title="bbox 317 1289 1906 1366">
    <p class='ocr_par' dir='ltr' id='par_1_11' title="bbox 317 1289 1906 1366">
     <span class='ocr_line' id='line_1_11' title="bbox 317 1289 1906 1366; baseline 0.006 -25"><span class='ocrx_word' id='word_1_70' title='bbox 317 1303 483 1358; x_wconf 86' lang='lat' dir='ltr'><strong>quam</strong></span> <span class='ocrx_word' id='word_1_71' title='bbox 509 1289 698 1344; x_wconf 88' lang='lat' dir='ltr'><strong>eadem</strong></span> <span class='ocrx_word' id='word_1_72' title='bbox 723 1289 968 1344; x_wconf 88' lang='lat' dir='ltr'><strong>doctrina</strong></span> <span class='ocrx_word' id='word_1_73' title='bbox 991 1305 1160 1360; x_wconf 90' lang='lat' dir='ltr'><strong>usque</strong></span> <span class='ocrx_word' id='word_1_74' title='bbox 1187 1292 1254 1346; x_wconf 90' lang='lat' dir='ltr'><strong>ad</strong></span> <span class='ocrx_word' id='word_1_75' title='bbox 1279 1290 1442 1348; x_wconf 83' lang='lat' dir='ltr'><strong>linem</strong></span> <span class='ocrx_word' id='word_1_76' title='bbox 1475 1293 1653 1349; x_wconf 83' lang='lat' dir='ltr'><strong>saeculi</strong></span> <span class='ocrx_word' id='word_1_77' title='bbox 1697 1293 1906 1366; x_wconf 89' lang='lat' dir='ltr'><strong>plenius</strong></span> 
     </span>
    </p>
   </div>
   <div class='ocr_carea' id='block_1_12' title="bbox 315 1377 1903 1450">
    <p class='ocr_par' dir='ltr' id='par_1_12' title="bbox 315 1377 1903 1450">
     <span class='ocr_line' id='line_1_12' title="bbox 315 1377 1903 1450; baseline 0.006 -19"><span class='ocrx_word' id='word_1_78' title='bbox 315 1377 579 1433; x_wconf 89' lang='lat' dir='ltr'><strong>erudiret.</strong></span> <span class='ocrx_word' id='word_1_79' title='bbox 633 1379 918 1450; x_wconf 85' lang='lat' dir='ltr'><strong>Apostolos</strong></span> <span class='ocrx_word' id='word_1_80' title='bbox 962 1381 1403 1450; x_wconf 59' lang='lat' dir='ltr'><strong>praeminentius</strong></span> <span class='ocrx_word' id='word_1_81' title='bbox 1451 1384 1712 1450; x_wconf 89' lang='lat' dir='ltr'><strong>abducit,</strong></span> <span class='ocrx_word' id='word_1_82' title='bbox 1767 1394 1828 1440; x_wconf 91' lang='lat' dir='ltr'><strong>ut</strong></span> <span class='ocrx_word' id='word_1_83' title='bbox 1870 1401 1903 1441; x_wconf 92' lang='lat' dir='ltr'><strong>a</strong></span> 
     </span>
    </p>
   </div>
   <div class='ocr_carea' id='block_1_13' title="bbox 317 1469 1902 1547">
    <p class='ocr_par' dir='ltr' id='par_1_13' title="bbox 317 1469 1902 1547">
     <span class='ocr_line' id='line_1_13' title="bbox 317 1469 1902 1547; baseline 0.008 -25"><span class='ocrx_word' id='word_1_84' title='bbox 317 1477 500 1524; x_wconf 84' lang='lat' dir='ltr'><strong>monte</strong></span> <span class='ocrx_word' id='word_1_85' title='bbox 532 1469 682 1540; x_wconf 90' lang='lat' dir='ltr'><strong>prius</strong></span> <span class='ocrx_word' id='word_1_86' title='bbox 719 1471 1017 1541; x_wconf 88' lang='lat' dir='ltr'><strong>suscipiant</strong></span> <span class='ocrx_word' id='word_1_87' title='bbox 1059 1482 1272 1531; x_wconf 90' lang='lat' dir='ltr'><strong>montes</strong></span> <span class='ocrx_word' id='word_1_88' title='bbox 1304 1490 1493 1545; x_wconf 90' lang='lat' dir='ltr'><strong>pacem</strong></span> <span class='ocrx_word' id='word_1_89' title='bbox 1530 1476 1749 1547; x_wconf 91' lang='lat' dir='ltr'><strong>populo.</strong></span> <span class='ocrx_word' id='word_1_90' title='bbox 1803 1477 1902 1534; x_wconf 88' lang='lat' dir='ltr'><strong>Se-</strong></span> 
     </span>
    </p>
   </div>
   <div class='ocr_carea' id='block_1_14' title="bbox 315 1560 1898 1642">
    <p class='ocr_par' dir='ltr' id='par_1_14' title="bbox 315 1560 1898 1642">
     <span class='ocr_line' id='line_1_14' title="bbox 315 1560 1898 1642; baseline 0.009 -30"><span class='ocrx_word' id='word_1_91' title='bbox 315 1561 496 1615; x_wconf 88' lang='lat' dir='ltr'><strong>disset.</strong></span> <span class='ocrx_word' id='word_1_92' title='bbox 551 1560 734 1619; x_wconf 90' lang='lat' dir='ltr'><strong>Sessio</strong></span> <span class='ocrx_word' id='word_1_93' title='bbox 784 1563 1137 1622; x_wconf 86' lang='lat' dir='ltr'><strong>humanitatis</strong></span> <span class='ocrx_word' id='word_1_94' title='bbox 1184 1582 1281 1638; x_wconf 90' lang='lat' dir='ltr'><strong>per</strong></span> <span class='ocrx_word' id='word_1_95' title='bbox 1324 1584 1489 1638; x_wconf 88' lang='lat' dir='ltr'><strong>quam</strong></span> <span class='ocrx_word' id='word_1_96' title='bbox 1531 1571 1898 1642; x_wconf 86' lang='lat' dir='ltr'><strong>cognoscitur.</strong></span> 
     </span>
    </p>
   </div>
   <div class='ocr_carea' id='block_1_15' title="bbox 316 1655 1901 1732">
    <p class='ocr_par' dir='ltr' id='par_1_15' title="bbox 316 1655 1901 1732">
     <span class='ocr_line' id='line_1_15' title="bbox 316 1655 1901 1732; baseline 0.006 -21"><span class='ocrx_word' id='word_1_97' title='bbox 316 1655 472 1712; x_wconf 88' lang='lat' dir='ltr'><strong>Unde</strong></span> <span class='ocrx_word' id='word_1_98' title='bbox 501 1675 514 1710; x_wconf 89' lang='lat'><strong>:</strong></span> <span class='ocrx_word' id='word_1_99' title='bbox 546 1655 616 1710; x_wconf 85' lang='lat' dir='ltr'><strong>Et</strong></span> <span class='ocrx_word' id='word_1_100' title='bbox 646 1658 875 1713; x_wconf 86' lang='lat' dir='ltr'><strong>mundus</strong></span> <span class='ocrx_word' id='word_1_101' title='bbox 901 1675 1018 1714; x_wconf 87' lang='lat' dir='ltr'><strong>eum</strong></span> <span class='ocrx_word' id='word_1_102' title='bbox 1060 1677 1160 1715; x_wconf 88' lang='lat' dir='ltr'><strong>non</strong></span> <span class='ocrx_word' id='word_1_103' title='bbox 1207 1663 1468 1732; x_wconf 79' lang='lat' dir='ltr'><strong>cognovit,</strong></span> <span class='ocrx_word' id='word_1_104' title='bbox 1498 1672 1624 1720; x_wconf 91' lang='lat' dir='ltr'><strong>ante</strong></span> <span class='ocrx_word' id='word_1_105' title='bbox 1653 1665 1901 1721; x_wconf 89' lang='lat' dir='ltr'><strong>incarna-</strong></span> 
     </span>
    </p>
   </div>
   <div class='ocr_carea' id='block_1_16' title="bbox 315 1747 1900 1825">
    <p class='ocr_par' dir='ltr' id='par_1_16' title="bbox 315 1747 1900 1825">
     <span class='ocr_line' id='line_1_16' title="bbox 315 1747 1900 1825; baseline 0.006 -23"><span class='ocrx_word' id='word_1_106' title='bbox 315 1747 539 1804; x_wconf 88' lang='lat' dir='ltr'><strong>tionem.</strong></span> <span class='ocrx_word' id='word_1_107' title='bbox 567 1748 928 1804; x_wconf 68' lang='lat' dir='ltr'><strong>Accesserant.</strong></span> <span class='ocrx_word' id='word_1_108' title='bbox 963 1749 1030 1806; x_wconf 90' lang='lat' dir='ltr'><strong>Ut</strong></span> <span class='ocrx_word' id='word_1_109' title='bbox 1049 1750 1282 1808; x_wconf 90' lang='lat' dir='ltr'><strong>vicinius</strong></span> <span class='ocrx_word' id='word_1_110' title='bbox 1306 1753 1551 1822; x_wconf 88' lang='lat' dir='ltr'><strong>audiant,</strong></span> <span class='ocrx_word' id='word_1_111' title='bbox 1581 1754 1672 1825; x_wconf 91' lang='lat' dir='ltr'><strong>qui</strong></span> <span class='ocrx_word' id='word_1_112' title='bbox 1700 1755 1769 1811; x_wconf 92' lang='lat' dir='ltr'><strong>ad</strong></span> <span class='ocrx_word' id='word_1_113' title='bbox 1797 1756 1900 1812; x_wconf 85' lang='lat' dir='ltr'><strong>im-</strong></span> 
     </span>
    </p>
   </div>
   <div class='ocr_carea' id='block_1_17' title="bbox 309 1836 1130 1911">
    <p class='ocr_par' dir='ltr' id='par_1_17' title="bbox 309 1836 1130 1911">
     <span class='ocr_line' id='line_1_17' title="bbox 309 1836 1130 1911; baseline 0.005 -19"><span class='ocrx_word' id='word_1_114' title='bbox 309 1836 567 1909; x_wconf 90' lang='lat' dir='ltr'><strong>plendum</strong></span> <span class='ocrx_word' id='word_1_115' title='bbox 609 1839 792 1894; x_wconf 91' lang='lat' dir='ltr'><strong>animo</strong></span> <span class='ocrx_word' id='word_1_116' title='bbox 818 1849 1130 1911; x_wconf 89' lang='lat' dir='ltr'><strong>properant.</strong></span> 
     </span>
    </p>
   </div>
   <div class='ocr_carea' id='block_1_18' title="bbox 2015 656 3593 734">
    <p class='ocr_par' dir='ltr' id='par_1_18' title="bbox 2015 656 3593 734">
     <span class='ocr_line' id='line_1_18' title="bbox 2015 656 3593 734; baseline 0.009 -27"><span class='ocrx_word' id='word_1_117' title='bbox 2015 667 2114 721; x_wconf 91' lang='lat' dir='ltr'><strong>per</strong></span> <span class='ocrx_word' id='word_1_118' title='bbox 2138 669 2260 709; x_wconf 94' lang='lat' dir='ltr'><strong>eum</strong></span> <span class='ocrx_word' id='word_1_119' title='bbox 2291 656 2579 712; x_wconf 88' lang='lat' dir='ltr'><strong>esuriendo</strong></span> <span class='ocrx_word' id='word_1_120' title='bbox 2603 658 2669 712; x_wconf 92' lang='lat' dir='ltr'><strong>ad</strong></span> <span class='ocrx_word' id='word_1_121' title='bbox 2711 660 3014 716; x_wconf 86' lang='lat' dir='ltr'><strong>satietatem</strong></span> <span class='ocrx_word' id='word_1_122' title='bbox 3061 663 3380 734; x_wconf 85' lang='lat' dir='ltr'><strong>quandoque</strong></span> <span class='ocrx_word' id='word_1_123' title='bbox 3408 666 3593 722; x_wconf 89' lang='lat' dir='ltr'><strong>venie-</strong></span> 
     </span>
    </p>
   </div>
   <div class='ocr_carea' id='block_1_19' title="bbox 2012 743 3594 824">
    <p class='ocr_par' dir='ltr' id='par_1_19' title="bbox 2012 743 3594 824">
     <span class='ocr_line' id='line_1_19' title="bbox 2012 743 3594 824; baseline 0.009 -24"><span class='ocrx_word' id='word_1_124' title='bbox 2012 760 2152 800; x_wconf 90' lang='lat' dir='ltr'><strong>mus.</strong></span> <span class='ocrx_word' id='word_1_125' title='bbox 2183 743 2334 799; x_wconf 86' lang='lat' dir='ltr'><strong>Beati</strong></span> <span class='ocrx_word' id='word_1_126' title='bbox 2376 749 2466 818; x_wconf 86' lang='lat' dir='ltr'><strong>qui</strong></span> <span class='ocrx_word' id='word_1_127' title='bbox 2495 749 2691 820; x_wconf 79' lang='lat' dir='ltr'><strong>lugent.</strong></span> <span class='ocrx_word' id='word_1_128' title='bbox 2721 750 2911 807; x_wconf 87' lang='lat' dir='ltr'><strong>Restat</strong></span> <span class='ocrx_word' id='word_1_129' title='bbox 2952 761 3076 824; x_wconf 87' lang='lat' dir='ltr'><strong>post</strong></span> <span class='ocrx_word' id='word_1_130' title='bbox 3116 755 3373 824; x_wconf 58' lang='lat' dir='ltr'><strong>praedicta</strong></span> <span class='ocrx_word' id='word_1_131' title='bbox 3410 759 3594 814; x_wconf 89' lang='lat' dir='ltr'><strong>ruina-</strong></span> 
     </span>
    </p>
   </div>
   <div class='ocr_carea' id='block_1_20' title="bbox 2010 836 3588 921">
    <p class='ocr_par' dir='ltr' id='par_1_20' title="bbox 2010 836 3588 921">
     <span class='ocr_line' id='line_1_20' title="bbox 2010 836 3588 921; baseline 0.009 -31"><span class='ocrx_word' id='word_1_132' title='bbox 2010 852 2130 890; x_wconf 88' lang='lat' dir='ltr'><strong>rum</strong></span> <span class='ocrx_word' id='word_1_133' title='bbox 2162 836 2520 894; x_wconf 88' lang='lat' dir='ltr'><strong>colluvionem</strong></span> <span class='ocrx_word' id='word_1_134' title='bbox 2552 839 2698 895; x_wconf 88' lang='lat' dir='ltr'><strong>luctu</strong></span> <span class='ocrx_word' id='word_1_135' title='bbox 2742 859 2992 914; x_wconf 86' lang='lat' dir='ltr'><strong>purgare.</strong></span> <span class='ocrx_word' id='word_1_136' title='bbox 3044 844 3244 901; x_wconf 88' lang='lat' dir='ltr'><strong>Luctus</strong></span> <span class='ocrx_word' id='word_1_137' title='bbox 3266 862 3367 914; x_wconf 90' lang='lat' dir='ltr'><strong>pro</strong></span> <span class='ocrx_word' id='word_1_138' title='bbox 3393 864 3588 921; x_wconf 87' lang='lat' dir='ltr'><strong>pecca-</strong></span> 
     </span>
    </p>
   </div>
   <div class='ocr_carea' id='block_1_21' title="bbox 2009 930 3566 1000">
    <p class='ocr_par' dir='ltr' id='par_1_21' title="bbox 2009 930 3566 1000">
     <span class='ocr_line' id='line_1_21' title="bbox 2009 930 3566 1000; baseline 0.009 -16"><span class='ocrx_word' id='word_1_139' title='bbox 2009 930 2079 985; x_wconf 90' lang='lat' dir='ltr'><strong>tis</strong></span> <span class='ocrx_word' id='word_1_140' title='bbox 2105 930 2189 984; x_wconf 91' lang='lat' dir='ltr'><strong>vel</strong></span> <span class='ocrx_word' id='word_1_141' title='bbox 2207 946 2308 1000; x_wconf 91' lang='lat' dir='ltr'><strong>pro</strong></span> <span class='ocrx_word' id='word_1_142' title='bbox 2336 931 2603 990; x_wconf 91' lang='lat' dir='ltr'><strong>desiderio</strong></span> <span class='ocrx_word' id='word_1_143' title='bbox 2625 934 2834 991; x_wconf 66' lang='lat' dir='ltr'><strong>caalesti</strong></span> <span class='ocrx_word' id='word_1_144' title='bbox 2870 938 3296 997; x_wconf 88' lang='lat' dir='ltr'><strong>consolationem</strong></span> <span class='ocrx_word' id='word_1_145' title='bbox 3324 954 3566 999; x_wconf 89' lang='lat' dir='ltr'><strong>meretur</strong></span> 
     </span>
    </p>
   </div>
   <div class='ocr_carea' id='block_1_22' title="bbox 2008 1023 2379 1080">
    <p class='ocr_par' dir='ltr' id='par_1_22' title="bbox 2008 1023 2379 1080">
     <span class='ocr_line' id='line_1_22' title="bbox 2008 1023 2379 1080; baseline 0.005 -4"><span class='ocrx_word' id='word_1_146' title='bbox 2008 1033 2065 1077; x_wconf 91' lang='lat' dir='ltr'><strong>et</strong></span> <span class='ocrx_word' id='word_1_147' title='bbox 2090 1037 2194 1078; x_wconf 91' lang='lat' dir='ltr'><strong>non</strong></span> <span class='ocrx_word' id='word_1_148' title='bbox 2221 1023 2379 1080; x_wconf 89' lang='lat' dir='ltr'><strong>alius.</strong></span> 
     </span>
    </p>
   </div>
   <div class='ocr_carea' id='block_1_23' title="bbox 2078 1113 3588 1196">
    <p class='ocr_par' dir='ltr' id='par_1_23' title="bbox 2078 1113 3588 1196">
     <span class='ocr_line' id='line_1_23' title="bbox 2078 1113 3588 1196; baseline 0.01 -28"><span class='ocrx_word' id='word_1_149' title='bbox 2078 1113 2143 1168; x_wconf 83' lang='lat' dir='ltr'><strong>Ili</strong></span> <span class='ocrx_word' id='word_1_150' title='bbox 2169 1115 2408 1172; x_wconf 77' lang='lat' dir='ltr'><strong>scientiae</strong></span> <span class='ocrx_word' id='word_1_151' title='bbox 2433 1118 2627 1188; x_wconf 88' lang='lat' dir='ltr'><strong>spiritu</strong></span> <span class='ocrx_word' id='word_1_152' title='bbox 2673 1119 3034 1189; x_wconf 90' lang='lat' dir='ltr'><strong>illustrantur,</strong></span> <span class='ocrx_word' id='word_1_153' title='bbox 3066 1130 3128 1178; x_wconf 90' lang='lat' dir='ltr'><strong>ut</strong></span> <span class='ocrx_word' id='word_1_154' title='bbox 3168 1124 3344 1180; x_wconf 91' lang='lat' dir='ltr'><strong>sciant</strong></span> <span class='ocrx_word' id='word_1_155' title='bbox 3390 1127 3588 1196; x_wconf 87' lang='lat' dir='ltr'><strong>quibus</strong></span> 
     </span>
    </p>
   </div>
   <div class='ocr_carea' id='block_1_24' title="bbox 2006 1204 3314 1280">
    <p class='ocr_par' dir='ltr' id='par_1_24' title="bbox 2006 1204 3314 1280">
     <span class='ocr_line' id='line_1_24' title="bbox 2006 1204 3314 1280; baseline 0.011 -22"><span class='ocrx_word' id='word_1_156' title='bbox 2006 1204 2160 1258; x_wconf 91' lang='lat' dir='ltr'><strong>malis</strong></span> <span class='ocrx_word' id='word_1_157' title='bbox 2183 1205 2543 1264; x_wconf 89' lang='lat' dir='ltr'><strong>involvantur.</strong></span> <span class='ocrx_word' id='word_1_158' title='bbox 3307 1274 3314 1280; x_wconf 72' lang='grc'>,</span> 
     </span>
    </p>
   </div>
   <div class='ocr_carea' id='block_1_25' title="bbox 2076 1295 3582 1373">
    <p class='ocr_par' dir='ltr' id='par_1_25' title="bbox 2076 1295 3582 1373">
     <span class='ocr_line' id='line_1_25' title="bbox 2076 1295 3582 1373; baseline 0.007 -23"><span class='ocrx_word' id='word_1_159' title='bbox 2076 1295 2314 1370; x_wconf 63' lang='grc' dir='ltr'><strong>(Ηιιλιι.)</strong></span> <span class='ocrx_word' id='word_1_160' title='bbox 2327 1297 2661 1371; x_wconf 88' lang='lat' dir='ltr'><strong>Lugentibus</strong></span> <span class='ocrx_word' id='word_1_161' title='bbox 2673 1318 2781 1359; x_wconf 90' lang='lat' dir='ltr'><strong>non</strong></span> <span class='ocrx_word' id='word_1_162' title='bbox 2798 1304 3080 1370; x_wconf 88' lang='lat' dir='ltr'><strong>orbitates,</strong></span> <span class='ocrx_word' id='word_1_163' title='bbox 3097 1313 3188 1361; x_wconf 92' lang='lat' dir='ltr'><strong>aut</strong></span> <span class='ocrx_word' id='word_1_164' title='bbox 3205 1306 3582 1373; x_wconf 89' lang='lat' dir='ltr'><strong>contumelias,</strong></span> 
     </span>
    </p>
   </div>
   <div class='ocr_carea' id='block_1_26' title="bbox 2004 1388 3580 1465">
    <p class='ocr_par' dir='ltr' id='par_1_26' title="bbox 2004 1388 3580 1465">
     <span class='ocr_line' id='line_1_26' title="bbox 2004 1388 3580 1465; baseline 0.008 -24"><span class='ocrx_word' id='word_1_165' title='bbox 2004 1395 2098 1442; x_wconf 90' lang='lat' dir='ltr'><strong>aut</strong></span> <span class='ocrx_word' id='word_1_166' title='bbox 2123 1388 2318 1443; x_wconf 90' lang='lat' dir='ltr'><strong>damna</strong></span> <span class='ocrx_word' id='word_1_167' title='bbox 2342 1393 2713 1460; x_wconf 81' lang='lat' dir='ltr'><strong>maerentibus,</strong></span> <span class='ocrx_word' id='word_1_168' title='bbox 2745 1395 2837 1450; x_wconf 90' lang='lat' dir='ltr'><strong>sed</strong></span> <span class='ocrx_word' id='word_1_169' title='bbox 2858 1405 3081 1465; x_wconf 88' lang='lat' dir='ltr'><strong>peccata</strong></span> <span class='ocrx_word' id='word_1_170' title='bbox 3103 1406 3286 1453; x_wconf 85' lang='lat' dir='ltr'><strong>vetera</strong></span> <span class='ocrx_word' id='word_1_171' title='bbox 3310 1397 3580 1464; x_wconf 88' lang='lat' dir='ltr'><strong>ﬂentibus,</strong></span> 
     </span>
    </p>
   </div>
   <div class='ocr_carea' id='block_1_27' title="bbox 2004 1479 3581 1558">
    <p class='ocr_par' dir='ltr' id='par_1_27' title="bbox 2004 1479 3581 1558">
     <span class='ocr_line' id='line_1_27' title="bbox 2004 1479 3581 1558; baseline 0.006 -25"><span class='ocrx_word' id='word_1_172' title='bbox 2004 1485 2059 1533; x_wconf 90' lang='lat' dir='ltr'><strong>et</strong></span> <span class='ocrx_word' id='word_1_173' title='bbox 2127 1479 2417 1535; x_wconf 91' lang='lat' dir='ltr'><strong>criminum</strong></span> <span class='ocrx_word' id='word_1_174' title='bbox 2484 1483 2683 1552; x_wconf 89' lang='lat' dir='ltr'><strong>quibus</strong></span> <span class='ocrx_word' id='word_1_175' title='bbox 2750 1485 3187 1558; x_wconf 86' lang='lat' dir='ltr'><strong>obsordescimus</strong></span> <span class='ocrx_word' id='word_1_176' title='bbox 3251 1487 3581 1543; x_wconf 87' lang='lat' dir='ltr'><strong>conscientia</strong></span> 
     </span>
    </p>
   </div>
   <div class='ocr_carea' id='block_1_28' title="bbox 2001 1572 3578 1650">
    <p class='ocr_par' dir='ltr' id='par_1_28' title="bbox 2001 1572 3578 1650">
     <span class='ocr_line' id='line_1_28' title="bbox 2001 1572 3578 1650; baseline 0.006 -26"><span class='ocrx_word' id='word_1_177' title='bbox 2001 1572 2341 1638; x_wconf 76' lang='lat' dir='ltr'><strong>aerumnosis,</strong></span> <span class='ocrx_word' id='word_1_178' title='bbox 2357 1573 2472 1630; x_wconf 57' lang='lat' dir='ltr'><strong>hac</strong></span> <span class='ocrx_word' id='word_1_179' title='bbox 2489 1575 2672 1630; x_wconf 89' lang='lat' dir='ltr'><strong>sedula</strong></span> <span class='ocrx_word' id='word_1_180' title='bbox 2689 1577 2743 1631; x_wconf 93' lang='lat' dir='ltr'><strong>in</strong></span> <span class='ocrx_word' id='word_1_181' title='bbox 2764 1577 2902 1634; x_wconf 64' lang='lat' dir='ltr'><strong>coelo</strong></span> <span class='ocrx_word' id='word_1_182' title='bbox 2917 1578 3209 1634; x_wconf 86' lang='lat' dir='ltr'><strong>consolatio</strong></span> <span class='ocrx_word' id='word_1_183' title='bbox 3224 1588 3578 1650; x_wconf 85' lang='lat' dir='ltr'><strong>praeparatur.</strong></span> 
     </span>
    </p>
   </div>
   <div class='ocr_carea' id='block_1_29' title="bbox 2075 1654 3576 1737">
    <p class='ocr_par' dir='ltr' id='par_1_29' title="bbox 2075 1654 3576 1737">
     <span class='ocr_line' id='line_1_29' title="bbox 2075 1654 3576 1737; baseline 0.007 -21"><span class='ocrx_word' id='word_1_184' title='bbox 2075 1661 2238 1718; x_wconf 85' lang='lat' dir='ltr'><strong>Vens.</strong></span> <span class='ocrx_word' id='word_1_185' title='bbox 2270 1663 2324 1719; x_wconf 93' lang='lat'><strong>6.</strong></span> <span class='ocrx_word' id='word_1_186' title='bbox 2366 1654 2434 1704; x_wconf 61' lang='lat'><strong>4-</strong></span> <span class='ocrx_word' id='word_1_187' title='bbox 2474 1663 2628 1720; x_wconf 80' lang='lat' dir='ltr'><strong>Beati</strong></span> <span class='ocrx_word' id='word_1_188' title='bbox 2668 1668 2757 1737; x_wconf 87' lang='lat' dir='ltr'><strong>qui</strong></span> <span class='ocrx_word' id='word_1_189' title='bbox 2801 1670 3057 1723; x_wconf 84' lang='lat' dir='ltr'><strong>esuriant.</strong></span> <span class='ocrx_word' id='word_1_190' title='bbox 3106 1670 3387 1726; x_wconf 83' lang='lat' dir='ltr'><strong>Amatores</strong></span> <span class='ocrx_word' id='word_1_191' title='bbox 3430 1671 3576 1728; x_wconf 80' lang='lat' dir='ltr'><strong>verbi</strong></span> 
     </span>
    </p>
   </div>
   <div class='ocr_carea' id='block_1_30' title="bbox 1999 1753 3580 1830">
    <p class='ocr_par' dir='ltr' id='par_1_30' title="bbox 1999 1753 3580 1830">
     <span class='ocr_line' id='line_1_30' title="bbox 1999 1753 3580 1830; baseline 0.004 -20"><span class='ocrx_word' id='word_1_192' title='bbox 1999 1753 2148 1821; x_wconf 91' lang='lat' dir='ltr'><strong>boni,</strong></span> <span class='ocrx_word' id='word_1_193' title='bbox 2176 1755 2372 1824; x_wconf 90' lang='lat' dir='ltr'><strong>quibus</strong></span> <span class='ocrx_word' id='word_1_194' title='bbox 2398 1772 2504 1811; x_wconf 92' lang='lat' dir='ltr'><strong>non</strong></span> <span class='ocrx_word' id='word_1_195' title='bbox 2529 1759 2659 1813; x_wconf 88' lang='lat' dir='ltr'><strong>satis</strong></span> <span class='ocrx_word' id='word_1_196' title='bbox 2686 1766 2767 1813; x_wconf 91' lang='lat' dir='ltr'><strong>est</strong></span> <span class='ocrx_word' id='word_1_197' title='bbox 2791 1760 2932 1830; x_wconf 89' lang='lat' dir='ltr'><strong>quod</strong></span> <span class='ocrx_word' id='word_1_198' title='bbox 2975 1759 3108 1829; x_wconf 88' lang='lat' dir='ltr'><strong>justi</strong></span> <span class='ocrx_word' id='word_1_199' title='bbox 3138 1771 3281 1827; x_wconf 89' lang='lat' dir='ltr'><strong>sunt,</strong></span> <span class='ocrx_word' id='word_1_200' title='bbox 3309 1762 3402 1818; x_wconf 92' lang='lat' dir='ltr'><strong>sed</strong></span> <span class='ocrx_word' id='word_1_201' title='bbox 3437 1777 3580 1817; x_wconf 82' lang='lat' dir='ltr'><strong>sem-</strong></span> 
     </span>
    </p>
   </div>
   <div class='ocr_carea' id='block_1_31' title="bbox 1999 1845 2750 1916">
    <p class='ocr_par' dir='ltr' id='par_1_31' title="bbox 1999 1845 2750 1916">
     <span class='ocr_line' id='line_1_31' title="bbox 1999 1845 2750 1916; baseline 0.003 -17"><span class='ocrx_word' id='word_1_202' title='bbox 1999 1860 2098 1916; x_wconf 88' lang='lat' dir='ltr'><strong>per</strong></span> <span class='ocrx_word' id='word_1_203' title='bbox 2129 1845 2320 1900; x_wconf 91' lang='lat' dir='ltr'><strong>sitiunt</strong></span> <span class='ocrx_word' id='word_1_204' title='bbox 2346 1861 2482 1916; x_wconf 86' lang='lat' dir='ltr'><strong>opus</strong></span> <span class='ocrx_word' id='word_1_205' title='bbox 2503 1845 2750 1915; x_wconf 69' lang='lat' dir='ltr'><strong>justitize.</strong></span> 
     </span>
    </p>
   </div>
   <div class='ocr_carea' id='block_1_32' title="bbox 387 1925 3574 2009">
    <p class='ocr_par' dir='ltr' id='par_1_32' title="bbox 387 1925 3574 2009">
     <span class='ocr_line' id='line_1_32' title="bbox 387 1925 3574 2009; baseline 0.003 -24"><span class='ocrx_word' id='word_1_206' title='bbox 387 1931 549 1986; x_wconf 87' lang='lat' dir='ltr'><strong>Vens.</strong></span> <span class='ocrx_word' id='word_1_207' title='bbox 579 1928 632 1983; x_wconf 76' lang='lat'><strong>2.</strong></span> <span class='ocrx_word' id='word_1_208' title='bbox 658 1959 730 1970; x_wconf 87' lang='lat'><strong>--</strong></span> <span class='ocrx_word' id='word_1_209' title='bbox 760 1927 828 1984; x_wconf 89' lang='lat' dir='ltr'><strong>Et</strong></span> <span class='ocrx_word' id='word_1_210' title='bbox 863 1933 1122 2002; x_wconf 87' lang='lat' dir='ltr'><strong>aperiens.</strong></span> <span class='ocrx_word' id='word_1_211' title='bbox 1160 1933 1382 2004; x_wconf 87' lang='lat' dir='ltr'><strong>Apertio</strong></span> <span class='ocrx_word' id='word_1_212' title='bbox 1405 1935 1518 1991; x_wconf 92' lang='lat' dir='ltr'><strong>oris</strong></span> <span class='ocrx_word' id='word_1_213' title='bbox 1555 1937 1892 2006; x_wconf 83' lang='lat' dir='ltr'><strong>profundita-</strong></span> <span class='ocrx_word' id='word_1_214' title='bbox 1921 1925 1971 1986; x_wconf 87' lang='grc' dir='ltr'><strong>Β</strong></span> <span class='ocrx_word' id='word_1_215' title='bbox 2066 1935 2281 1992; x_wconf 73' lang='lat' dir='ltr'><strong>iustitia</strong></span> <span class='ocrx_word' id='word_1_216' title='bbox 2307 1946 2391 1992; x_wconf 92' lang='lat' dir='ltr'><strong>est</strong></span> <span class='ocrx_word' id='word_1_217' title='bbox 2423 1952 2518 1992; x_wconf 92' lang='lat' dir='ltr'><strong>sua</strong></span> <span class='ocrx_word' id='word_1_218' title='bbox 2547 1938 2742 2008; x_wconf 91' lang='lat' dir='ltr'><strong>cuique</strong></span> <span class='ocrx_word' id='word_1_219' title='bbox 2763 1938 3026 2004; x_wconf 89' lang='lat' dir='ltr'><strong>tribuere,</strong></span> <span class='ocrx_word' id='word_1_220' title='bbox 3060 1939 3182 2005; x_wconf 90' lang='lat' dir='ltr'><strong>sibi,</strong></span> <span class='ocrx_word' id='word_1_221' title='bbox 3210 1950 3264 1994; x_wconf 87' lang='lat' dir='ltr'><strong>et</strong></span> <span class='ocrx_word' id='word_1_222' title='bbox 3290 1939 3574 2009; x_wconf 84' lang='lat' dir='ltr'><strong>proximis,</strong></span> 
     </span>
    </p>
   </div>
   <div class='ocr_carea' id='block_1_33' title="bbox 311 2021 1894 2102">
    <p class='ocr_par' dir='ltr' id='par_1_33' title="bbox 311 2021 1894 2102">
     <span class='ocr_line' id='line_1_33' title="bbox 311 2021 1894 2102; baseline 0.006 -22"><span class='ocrx_word' id='word_1_223' title='bbox 311 2029 423 2080; x_wconf 82' lang='lat' dir='ltr'><strong>tem</strong></span> <span class='ocrx_word' id='word_1_224' title='bbox 455 2021 1084 2094; x_wconf 77' lang='lat' dir='ltr'><strong>significatsacramenti.</strong></span> <span class='ocrx_word' id='word_1_225' title='bbox 1115 2025 1281 2094; x_wconf 86' lang='lat' dir='ltr'><strong>Quasi</strong></span> <span class='ocrx_word' id='word_1_226' title='bbox 1303 2028 1578 2099; x_wconf 87' lang='lat' dir='ltr'><strong>abyssum.</strong></span> <span class='ocrx_word' id='word_1_227' title='bbox 1602 2032 1756 2102; x_wconf 91' lang='lat' dir='ltr'><strong>quasi</strong></span> <span class='ocrx_word' id='word_1_228' title='bbox 1781 2034 1894 2088; x_wconf 87' lang='lat' dir='ltr'><strong>the-</strong></span> 
     </span>
    </p>
   </div>
   <div class='ocr_carea' id='block_1_34' title="bbox 307 2116 1894 2189">
    <p class='ocr_par' dir='ltr' id='par_1_34' title="bbox 307 2116 1894 2189">
     <span class='ocr_line' id='line_1_34' title="bbox 307 2116 1894 2189; baseline 0.006 -19"><span class='ocrx_word' id='word_1_229' title='bbox 307 2128 531 2170; x_wconf 85' lang='lat' dir='ltr'><strong>saurum</strong></span> <span class='ocrx_word' id='word_1_230' title='bbox 580 2116 825 2184; x_wconf 89' lang='lat' dir='ltr'><strong>aperuit,</strong></span> <span class='ocrx_word' id='word_1_231' title='bbox 874 2117 1028 2186; x_wconf 90' lang='lat' dir='ltr'><strong>quasi</strong></span> <span class='ocrx_word' id='word_1_232' title='bbox 1086 2116 1308 2173; x_wconf 88' lang='lat' dir='ltr'><strong>ﬂuvium</strong></span> <span class='ocrx_word' id='word_1_233' title='bbox 1359 2121 1622 2189; x_wconf 90' lang='lat' dir='ltr'><strong>paradisi.</strong></span> <span class='ocrx_word' id='word_1_234' title='bbox 1670 2123 1727 2177; x_wconf 92' lang='lat' dir='ltr'><strong>In</strong></span> <span class='ocrx_word' id='word_1_235' title='bbox 1790 2125 1894 2180; x_wconf 87' lang='lat' dir='ltr'><strong>hoc</strong></span> 
     </span>
    </p>
   </div>
   <div class='ocr_carea' id='block_1_35' title="bbox 306 2205 1892 2272">
    <p class='ocr_par' dir='ltr' id='par_1_35' title="bbox 306 2205 1892 2272">
     <span class='ocr_line' id='line_1_35' title="bbox 306 2205 1892 2272; baseline 0.008 -13"><span class='ocrx_word' id='word_1_236' title='bbox 306 2214 493 2260; x_wconf 89' lang='lat' dir='ltr'><strong>monte</strong></span> <span class='ocrx_word' id='word_1_237' title='bbox 545 2205 753 2262; x_wconf 83' lang='lat' dir='ltr'><strong>Novum</strong></span> <span class='ocrx_word' id='word_1_238' title='bbox 801 2207 1206 2265; x_wconf 89' lang='lat' dir='ltr'><strong>Testamentum</strong></span> <span class='ocrx_word' id='word_1_239' title='bbox 1257 2211 1311 2266; x_wconf 93' lang='lat' dir='ltr'><strong>in</strong></span> <span class='ocrx_word' id='word_1_240' title='bbox 1359 2213 1612 2270; x_wconf 90' lang='lat' dir='ltr'><strong>cordibus</strong></span> <span class='ocrx_word' id='word_1_241' title='bbox 1659 2215 1892 2272; x_wconf 83' lang='lat' dir='ltr'><strong>filiorum</strong></span> 
     </span>
    </p>
   </div>
   <div class='ocr_carea' id='block_1_36' title="bbox 303 2298 1890 2374">
    <p class='ocr_par' dir='ltr' id='par_1_36' title="bbox 303 2298 1890 2374">
     <span class='ocr_line' id='line_1_36' title="bbox 303 2298 1890 2374; baseline 0.006 -20"><span class='ocrx_word' id='word_1_242' title='bbox 303 2298 521 2363; x_wconf 88' lang='lat' dir='ltr'><strong>scribit,</strong></span> <span class='ocrx_word' id='word_1_243' title='bbox 553 2299 868 2369; x_wconf 89' lang='lat' dir='ltr'><strong>incipiensa</strong></span> <span class='ocrx_word' id='word_1_244' title='bbox 895 2301 1230 2358; x_wconf 88' lang='lat' dir='ltr'><strong>beatitudine</strong></span> <span class='ocrx_word' id='word_1_245' title='bbox 1270 2304 1363 2374; x_wconf 92' lang='lat' dir='ltr'><strong>qui</strong></span> <span class='ocrx_word' id='word_1_246' title='bbox 1416 2304 1472 2359; x_wconf 92' lang='lat' dir='ltr'><strong>in</strong></span> <span class='ocrx_word' id='word_1_247' title='bbox 1515 2315 1697 2362; x_wconf 91' lang='lat' dir='ltr'><strong>monte</strong></span> <span class='ocrx_word' id='word_1_248' title='bbox 1741 2307 1890 2364; x_wconf 89' lang='lat' dir='ltr'><strong>Sinai</strong></span> 
     </span>
    </p>
   </div>
   <div class='ocr_carea' id='block_1_37' title="bbox 304 2385 1889 2466">
    <p class='ocr_par' dir='ltr' id='par_1_37' title="bbox 304 2385 1889 2466">
     <span class='ocr_line' id='line_1_37' title="bbox 304 2385 1889 2466; baseline 0.009 -24"><span class='ocrx_word' id='word_1_249' title='bbox 304 2385 475 2444; x_wconf 88' lang='lat' dir='ltr'><strong>Vetus</strong></span> <span class='ocrx_word' id='word_1_250' title='bbox 503 2389 908 2448; x_wconf 87' lang='lat' dir='ltr'><strong>Testamentum</strong></span> <span class='ocrx_word' id='word_1_251' title='bbox 948 2393 1003 2448; x_wconf 93' lang='lat' dir='ltr'><strong>in</strong></span> <span class='ocrx_word' id='word_1_252' title='bbox 1036 2393 1306 2466; x_wconf 89' lang='lat' dir='ltr'><strong>lapidibus</strong></span> <span class='ocrx_word' id='word_1_253' title='bbox 1341 2398 1515 2456; x_wconf 88' lang='lat' dir='ltr'><strong>servis</strong></span> <span class='ocrx_word' id='word_1_254' title='bbox 1558 2401 1707 2456; x_wconf 87' lang='lat' dir='ltr'><strong>dedit</strong></span> <span class='ocrx_word' id='word_1_255' title='bbox 1751 2401 1889 2457; x_wconf 88' lang='lat' dir='ltr'><strong>inci-</strong></span> 
     </span>
    </p>
   </div>
   <div class='ocr_carea' id='block_1_38' title="bbox 301 2479 789 2548">
    <p class='ocr_par' dir='ltr' id='par_1_38' title="bbox 301 2479 789 2548">
     <span class='ocr_line' id='line_1_38' title="bbox 301 2479 789 2548; baseline 0.01 -16"><span class='ocrx_word' id='word_1_256' title='bbox 301 2479 458 2548; x_wconf 88' lang='lat' dir='ltr'><strong>piens</strong></span> <span class='ocrx_word' id='word_1_257' title='bbox 489 2495 519 2534; x_wconf 89' lang='lat' dir='ltr'><strong>a</strong></span> <span class='ocrx_word' id='word_1_258' title='bbox 565 2489 789 2537; x_wconf 90' lang='lat' dir='ltr'><strong>terrore.</strong></span> 
     </span>
    </p>
   </div>
   <div class='ocr_carea' id='block_1_39' title="bbox 373 2569 1891 2646">
    <p class='ocr_par' dir='ltr' id='par_1_39' title="bbox 373 2569 1891 2646">
     <span class='ocr_line' id='line_1_39' title="bbox 373 2569 1891 2646; baseline 0.009 -22"><span class='ocrx_word' id='word_1_259' title='bbox 373 2569 556 2642; x_wconf 83' lang='lat' dir='ltr'><strong>(Auc.)</strong></span> <span class='ocrx_word' id='word_1_260' title='bbox 588 2570 908 2629; x_wconf 90' lang='lat' dir='ltr'><strong>Sermonem</strong></span> <span class='ocrx_word' id='word_1_261' title='bbox 940 2589 1103 2646; x_wconf 90' lang='lat' dir='ltr'><strong>quem</strong></span> <span class='ocrx_word' id='word_1_262' title='bbox 1135 2575 1351 2634; x_wconf 90' lang='lat' dir='ltr'><strong>locutus</strong></span> <span class='ocrx_word' id='word_1_263' title='bbox 1377 2586 1460 2632; x_wconf 89' lang='lat' dir='ltr'><strong>est</strong></span> <span class='ocrx_word' id='word_1_264' title='bbox 1489 2579 1751 2637; x_wconf 87' lang='lat' dir='ltr'><strong>Dominus</strong></span> <span class='ocrx_word' id='word_1_265' title='bbox 1795 2597 1891 2637; x_wconf 80' lang='lat' dir='ltr'><strong>no-</strong></span> 
     </span>
    </p>
   </div>
   <div class='ocr_carea' id='block_1_40' title="bbox 299 2659 1891 2741">
    <p class='ocr_par' dir='ltr' id='par_1_40' title="bbox 299 2659 1891 2741">
     <span class='ocr_line' id='line_1_40' title="bbox 299 2659 1891 2741; baseline 0.008 -27"><span class='ocrx_word' id='word_1_266' title='bbox 299 2659 482 2715; x_wconf 86' lang='lat' dir='ltr'><strong>sterin</strong></span> <span class='ocrx_word' id='word_1_267' title='bbox 502 2663 863 2729; x_wconf 89' lang='lat' dir='ltr'><strong>monte,sicut</strong></span> <span class='ocrx_word' id='word_1_268' title='bbox 890 2665 945 2720; x_wconf 91' lang='lat' dir='ltr'><strong>in</strong></span> <span class='ocrx_word' id='word_1_269' title='bbox 963 2665 1275 2738; x_wconf 85' lang='lat' dir='ltr'><strong>Evangelio,</strong></span> <span class='ocrx_word' id='word_1_270' title='bbox 1303 2675 1433 2734; x_wconf 90' lang='lat' dir='ltr'><strong>etc.,</strong></span> <span class='ocrx_word' id='word_1_271' title='bbox 1459 2686 1622 2741; x_wconf 85' lang='lat' dir='ltr'><strong>usque</strong></span> <span class='ocrx_word' id='word_1_272' title='bbox 1651 2672 1742 2737; x_wconf 87' lang='lat' dir='ltr'><strong>ad,</strong></span> <span class='ocrx_word' id='word_1_273' title='bbox 1761 2671 1891 2726; x_wconf 81' lang='lat' dir='ltr'><strong>0m-</strong></span> 
     </span>
    </p>
   </div>
   <div class='ocr_carea' id='block_1_41' title="bbox 299 2752 1888 2828">
    <p class='ocr_par' dir='ltr' id='par_1_41' title="bbox 299 2752 1888 2828">
     <span class='ocr_line' id='line_1_41' title="bbox 299 2752 1888 2828; baseline 0.007 -23"><span class='ocrx_word' id='word_1_274' title='bbox 299 2752 382 2806; x_wconf 82' lang='lat' dir='ltr'><strong>uis</strong></span> <span class='ocrx_word' id='word_1_275' title='bbox 407 2753 498 2823; x_wconf 88' lang='lat' dir='ltr'><strong>qui</strong></span> <span class='ocrx_word' id='word_1_276' title='bbox 526 2755 673 2808; x_wconf 85' lang='lat' dir='ltr'><strong>audit</strong></span> <span class='ocrx_word' id='word_1_277' title='bbox 697 2755 847 2810; x_wconf 75' lang='lat' dir='ltr'><strong>verba</strong></span> <span class='ocrx_word' id='word_1_278' title='bbox 874 2773 992 2812; x_wconf 84' lang='lat' dir='ltr'><strong>mea</strong></span> <span class='ocrx_word' id='word_1_279' title='bbox 1011 2757 1122 2812; x_wconf 73' lang='lat' dir='ltr'><strong>lucc</strong></span> <span class='ocrx_word' id='word_1_280' title='bbox 1149 2769 1198 2814; x_wconf 86' lang='lat' dir='ltr'><strong>et</strong></span> <span class='ocrx_word' id='word_1_281' title='bbox 1228 2758 1413 2828; x_wconf 78' lang='lat' dir='ltr'><strong>faciat,</strong></span> <span class='ocrx_word' id='word_1_282' title='bbox 1447 2760 1748 2816; x_wconf 84' lang='lat' dir='ltr'><strong>assimilabo</strong></span> <span class='ocrx_word' id='word_1_283' title='bbox 1769 2778 1888 2816; x_wconf 89' lang='lat' dir='ltr'><strong>eum</strong></span> 
     </span>
    </p>
   </div>
   <div class='ocr_carea' id='block_1_42' title="bbox 268 2834 1052 2920">
    <p class='ocr_par' dir='ltr' id='par_1_42' title="bbox 268 2834 1052 2920">
     <span class='ocr_line' id='line_1_42' title="bbox 268 2834 1052 2920; baseline 0.01 -23"><span class='ocrx_word' id='word_1_284' title='bbox 268 2834 272 2836; x_wconf 13' lang='grc' dir='ltr'><strong><em>Ὗ</em></strong></span> <span class='ocrx_word' id='word_1_285' title='bbox 297 2844 408 2898; x_wconf 75' lang='lat' dir='ltr'><strong>uiro</strong></span> <span class='ocrx_word' id='word_1_286' title='bbox 434 2846 657 2916; x_wconf 85' lang='lat' dir='ltr'><strong>sapienti</strong></span> <span class='ocrx_word' id='word_1_287' title='bbox 683 2846 898 2917; x_wconf 75' lang='lat' dir='ltr'><strong>(Matth.</strong></span> <span class='ocrx_word' id='word_1_288' title='bbox 931 2851 1052 2920; x_wconf 83' lang='lat' dir='ltr'><strong>vn).</strong></span> 
     </span>
    </p>
   </div>
   <div class='ocr_carea' id='block_1_43' title="bbox 369 2939 1885 3017">
    <p class='ocr_par' dir='ltr' id='par_1_43' title="bbox 369 2939 1885 3017">
     <span class='ocr_line' id='line_1_43' title="bbox 369 2939 1885 3017; baseline 0.007 -23"><span class='ocrx_word' id='word_1_289' title='bbox 369 2939 529 2996; x_wconf 86' lang='lat' dir='ltr'><strong>Vens.</strong></span> <span class='ocrx_word' id='word_1_290' title='bbox 561 2943 614 2997; x_wconf 78' lang='lat'><strong>5.</strong></span> <span class='ocrx_word' id='word_1_291' title='bbox 638 2973 707 2982; x_wconf 91' lang='lat'><strong><em>—</em></strong></span> <span class='ocrx_word' id='word_1_292' title='bbox 732 2939 902 2998; x_wconf 86' lang='lat' dir='ltr'><strong>Beati.</strong></span> <span class='ocrx_word' id='word_1_293' title='bbox 935 2943 1126 3017; x_wconf 79' lang='lat' dir='ltr'><strong>(Gneo.</strong></span> <span class='ocrx_word' id='word_1_294' title='bbox 1153 2944 1654 3017; x_wconf 79' lang='lat' dir='ltr'><strong>Nrss.)Beatitudo,</strong></span> <span class='ocrx_word' id='word_1_295' title='bbox 1677 2956 1736 3003; x_wconf 89' lang='lat' dir='ltr'><strong>ut</strong></span> <span class='ocrx_word' id='word_1_296' title='bbox 1765 2963 1885 3004; x_wconf 90' lang='lat' dir='ltr'><strong>mea</strong></span> 
     </span>
    </p>
   </div>
   <div class='ocr_carea' id='block_1_44' title="bbox 292 3029 1906 3105">
    <p class='ocr_par' dir='ltr' id='par_1_44' title="bbox 292 3029 1906 3105">
     <span class='ocr_line' id='line_1_44' title="bbox 292 3029 1906 3105; baseline 0.006 -20"><span class='ocrx_word' id='word_1_297' title='bbox 292 3029 402 3086; x_wconf 87' lang='lat' dir='ltr'><strong>fert</strong></span> <span class='ocrx_word' id='word_1_298' title='bbox 427 3033 628 3103; x_wconf 91' lang='lat' dir='ltr'><strong>opinio,</strong></span> <span class='ocrx_word' id='word_1_299' title='bbox 659 3037 1067 3105; x_wconf 89' lang='lat' dir='ltr'><strong>comprehensio</strong></span> <span class='ocrx_word' id='word_1_300' title='bbox 1091 3044 1175 3092; x_wconf 89' lang='lat' dir='ltr'><strong>est</strong></span> <span class='ocrx_word' id='word_1_301' title='bbox 1203 3037 1447 3092; x_wconf 90' lang='lat' dir='ltr'><strong>omnium</strong></span> <span class='ocrx_word' id='word_1_302' title='bbox 1483 3053 1670 3093; x_wconf 90' lang='lat' dir='ltr'><strong>earum</strong></span> <span class='ocrx_word' id='word_1_303' title='bbox 1700 3055 1906 3094; x_wconf 86' lang='lat' dir='ltr'><strong>rerum</strong></span> 
     </span>
    </p>
   </div>
   <div class='ocr_carea' id='block_1_45' title="bbox 293 3129 1887 3196">
    <p class='ocr_par' dir='ltr' id='par_1_45' title="bbox 293 3129 1887 3196">
     <span class='ocr_line' id='line_1_45' title="bbox 293 3129 1887 3196; baseline 0.006 -19"><span class='ocrx_word' id='word_1_304' title='bbox 293 3138 438 3194; x_wconf 67' lang='lat' dir='ltr'><strong>quae,</strong></span> <span class='ocrx_word' id='word_1_305' title='bbox 463 3133 593 3190; x_wconf 91' lang='lat' dir='ltr'><strong>etc.,</strong></span> <span class='ocrx_word' id='word_1_306' title='bbox 625 3143 787 3196; x_wconf 85' lang='lat' dir='ltr'><strong>usque</strong></span> <span class='ocrx_word' id='word_1_307' title='bbox 813 3129 881 3181; x_wconf 91' lang='lat' dir='ltr'><strong>ad</strong></span> <span class='ocrx_word' id='word_1_308' title='bbox 909 3129 1127 3184; x_wconf 89' lang='lat' dir='ltr'><strong>miseria</strong></span> <span class='ocrx_word' id='word_1_309' title='bbox 1172 3130 1316 3185; x_wconf 90' lang='lat' dir='ltr'><strong>enim</strong></span> <span class='ocrx_word' id='word_1_310' title='bbox 1360 3138 1446 3186; x_wconf 91' lang='lat' dir='ltr'><strong>est</strong></span> <span class='ocrx_word' id='word_1_311' title='bbox 1493 3131 1549 3185; x_wconf 91' lang='lat' dir='ltr'><strong>in</strong></span> <span class='ocrx_word' id='word_1_312' title='bbox 1581 3132 1792 3188; x_wconf 89' lang='lat' dir='ltr'><strong>acerbis</strong></span> <span class='ocrx_word' id='word_1_313' title='bbox 1831 3140 1887 3189; x_wconf 90' lang='lat' dir='ltr'><strong>et</strong></span> 
     </span>
    </p>
   </div>
   <div class='ocr_carea' id='block_1_46' title="bbox 293 3217 1886 3288">
    <p class='ocr_par' dir='ltr' id='par_1_46' title="bbox 293 3217 1886 3288">
     <span class='ocr_line' id='line_1_46' title="bbox 293 3217 1886 3288; baseline 0.005 -16"><span class='ocrx_word' id='word_1_314' title='bbox 293 3217 544 3274; x_wconf 84' lang='lat' dir='ltr'><strong>tristibus</strong></span> <span class='ocrx_word' id='word_1_315' title='bbox 569 3225 860 3288; x_wconf 90' lang='lat' dir='ltr'><strong>nostraque</strong></span> <span class='ocrx_word' id='word_1_316' title='bbox 887 3219 1166 3276; x_wconf 84' lang='lat' dir='ltr'><strong>voluntate</strong></span> <span class='ocrx_word' id='word_1_317' title='bbox 1207 3235 1318 3277; x_wconf 88' lang='lat' dir='ltr'><strong>non</strong></span> <span class='ocrx_word' id='word_1_318' title='bbox 1351 3222 1724 3280; x_wconf 71' lang='lat' dir='ltr'><strong>midentibus</strong></span> <span class='ocrx_word' id='word_1_319' title='bbox 1745 3225 1886 3280; x_wconf 90' lang='lat' dir='ltr'><strong>casi-</strong></span> 
     </span>
    </p>
   </div>
   <div class='ocr_carea' id='block_1_47' title="bbox 290 3306 1189 3364">
    <p class='ocr_par' dir='ltr' id='par_1_47' title="bbox 290 3306 1189 3364">
     <span class='ocr_line' id='line_1_47' title="bbox 290 3306 1189 3364; baseline 0 -1"><span class='ocrx_word' id='word_1_320' title='bbox 290 3307 392 3363; x_wconf 91' lang='lat' dir='ltr'><strong>bus</strong></span> <span class='ocrx_word' id='word_1_321' title='bbox 416 3314 474 3361; x_wconf 92' lang='lat' dir='ltr'><strong>et</strong></span> <span class='ocrx_word' id='word_1_322' title='bbox 497 3306 893 3364; x_wconf 83' lang='lat' dir='ltr'><strong>calamitatibus</strong></span> <span class='ocrx_word' id='word_1_323' title='bbox 925 3323 1189 3364; x_wconf 63' lang='lat' dir='ltr'><strong>aerumna.</strong></span> 
     </span>
    </p>
   </div>
   <div class='ocr_carea' id='block_1_48' title="bbox 360 3398 1879 3474">
    <p class='ocr_par' dir='ltr' id='par_1_48' title="bbox 360 3398 1879 3474">
     <span class='ocr_line' id='line_1_48' title="bbox 360 3398 1879 3474; baseline 0.005 -21"><span class='ocrx_word' id='word_1_324' title='bbox 360 3398 520 3454; x_wconf 89' lang='lat' dir='ltr'><strong>Beati</strong></span> <span class='ocrx_word' id='word_1_325' title='bbox 543 3415 816 3470; x_wconf 88' lang='lat' dir='ltr'><strong>pauperes.</strong></span> <span class='ocrx_word' id='word_1_326' title='bbox 851 3399 1259 3457; x_wconf 87' lang='lat' dir='ltr'><strong>Sententiarum</strong></span> <span class='ocrx_word' id='word_1_327' title='bbox 1305 3417 1564 3459; x_wconf 89' lang='lat' dir='ltr'><strong>numerus</strong></span> <span class='ocrx_word' id='word_1_328' title='bbox 1592 3403 1879 3474; x_wconf 76' lang='lat' dir='ltr'><strong>diligenter</strong></span> 
     </span>
    </p>
   </div>
   <div class='ocr_carea' id='block_1_49' title="bbox 291 3491 1875 3565">
    <p class='ocr_par' dir='ltr' id='par_1_49' title="bbox 291 3491 1875 3565">
     <span class='ocr_line' id='line_1_49' title="bbox 291 3491 1875 3565; baseline 0.002 -17"><span class='ocrx_word' id='word_1_329' title='bbox 291 3501 379 3548; x_wconf 86' lang='lat' dir='ltr'><strong>est</strong></span> <span class='ocrx_word' id='word_1_330' title='bbox 404 3491 781 3548; x_wconf 90' lang='lat' dir='ltr'><strong>attendendus.</strong></span> <span class='ocrx_word' id='word_1_331' title='bbox 823 3491 1014 3565; x_wconf 90' lang='lat' dir='ltr'><strong>Incipit</strong></span> <span class='ocrx_word' id='word_1_332' title='bbox 1047 3494 1192 3550; x_wconf 88' lang='lat' dir='ltr'><strong>enim</strong></span> <span class='ocrx_word' id='word_1_333' title='bbox 1235 3494 1515 3551; x_wconf 86' lang='lat' dir='ltr'><strong>beatitudo</strong></span> <span class='ocrx_word' id='word_1_334' title='bbox 1554 3495 1623 3550; x_wconf 89' lang='lat' dir='ltr'><strong>ab</strong></span> <span class='ocrx_word' id='word_1_335' title='bbox 1653 3495 1875 3551; x_wconf 88' lang='lat' dir='ltr'><strong>humili-</strong></span> 
     </span>
    </p>
   </div>
   <div class='ocr_carea' id='block_1_50' title="bbox 292 3590 425 3637">
    <p class='ocr_par' dir='ltr' id='par_1_50' title="bbox 292 3590 425 3637">
     <span class='ocr_line' id='line_1_50' title="bbox 292 3590 425 3637; baseline -0.015 0"><span class='ocrx_word' id='word_1_336' title='bbox 292 3590 425 3637; x_wconf 88' lang='lat' dir='ltr'><strong>tate.</strong></span> 
     </span>
    </p>
   </div>
   <div class='ocr_carea' id='block_1_51' title="bbox 365 3675 1872 3750">
    <p class='ocr_par' dir='ltr' id='par_1_51' title="bbox 365 3675 1872 3750">
     <span class='ocr_line' id='line_1_51' title="bbox 365 3675 1872 3750; baseline 0.005 -19"><span class='ocrx_word' id='word_1_337' title='bbox 365 3675 570 3749; x_wconf 73' lang='grc' dir='ltr'><strong>(Ηιειι.)</strong></span> <span class='ocrx_word' id='word_1_338' title='bbox 592 3675 745 3733; x_wconf 84' lang='lat' dir='ltr'><strong>Beati</strong></span> <span class='ocrx_word' id='word_1_339' title='bbox 766 3694 1019 3750; x_wconf 89' lang='lat' dir='ltr'><strong>pauperes</strong></span> <span class='ocrx_word' id='word_1_340' title='bbox 1042 3679 1250 3750; x_wconf 89' lang='lat' dir='ltr'><strong>spiritu.</strong></span> <span class='ocrx_word' id='word_1_341' title='bbox 1277 3677 1414 3746; x_wconf 85' lang='lat' dir='ltr'><strong>Quia</strong></span> <span class='ocrx_word' id='word_1_342' title='bbox 1441 3695 1550 3736; x_wconf 89' lang='lat' dir='ltr'><strong>non</strong></span> <span class='ocrx_word' id='word_1_343' title='bbox 1575 3682 1872 3739; x_wconf 86' lang='lat' dir='ltr'><strong>necessitas</strong></span> 
     </span>
    </p>
   </div>
   <div class='ocr_carea' id='block_1_52' title="bbox 291 3769 1872 3844">
    <p class='ocr_par' dir='ltr' id='par_1_52' title="bbox 291 3769 1872 3844">
     <span class='ocr_line' id='line_1_52' title="bbox 291 3769 1872 3844; baseline 0.004 -18"><span class='ocrx_word' id='word_1_344' title='bbox 291 3771 387 3826; x_wconf 87' lang='lat' dir='ltr'><strong>sed</strong></span> <span class='ocrx_word' id='word_1_345' title='bbox 417 3769 568 3836; x_wconf 82' lang='lat' dir='ltr'><strong>ﬁdes,</strong></span> <span class='ocrx_word' id='word_1_346' title='bbox 606 3780 662 3826; x_wconf 88' lang='lat' dir='ltr'><strong>et</strong></span> <span class='ocrx_word' id='word_1_347' title='bbox 709 3772 924 3828; x_wconf 87' lang='lat' dir='ltr'><strong>devotio</strong></span> <span class='ocrx_word' id='word_1_348' title='bbox 962 3773 1297 3844; x_wconf 87' lang='lat' dir='ltr'><strong>paupertatis</strong></span> <span class='ocrx_word' id='word_1_349' title='bbox 1337 3773 1530 3830; x_wconf 88' lang='lat' dir='ltr'><strong>beatos</strong></span> <span class='ocrx_word' id='word_1_350' title='bbox 1557 3773 1706 3842; x_wconf 84' lang='lat' dir='ltr'><strong>facit,</strong></span> <span class='ocrx_word' id='word_1_351' title='bbox 1737 3784 1872 3844; x_wconf 90' lang='lat' dir='ltr'><strong>etc.,</strong></span> 
     </span>
    </p>
   </div>
   <div class='ocr_carea' id='block_1_53' title="bbox 291 3862 1874 3935">
    <p class='ocr_par' dir='ltr' id='par_1_53' title="bbox 291 3862 1874 3935">
     <span class='ocr_line' id='line_1_53' title="bbox 291 3862 1874 3935; baseline 0.004 -19"><span class='ocrx_word' id='word_1_352' title='bbox 291 3879 454 3932; x_wconf 83' lang='lat' dir='ltr'><strong>usque</strong></span> <span class='ocrx_word' id='word_1_353' title='bbox 488 3863 557 3916; x_wconf 88' lang='lat' dir='ltr'><strong>ad</strong></span> <span class='ocrx_word' id='word_1_354' title='bbox 584 3862 724 3919; x_wconf 92' lang='lat' dir='ltr'><strong>sicut</strong></span> <span class='ocrx_word' id='word_1_355' title='bbox 752 3864 963 3918; x_wconf 90' lang='lat' dir='ltr'><strong>initium</strong></span> <span class='ocrx_word' id='word_1_356' title='bbox 1001 3864 1279 3935; x_wconf 83' lang='lat' dir='ltr'><strong>sapientiae</strong></span> <span class='ocrx_word' id='word_1_357' title='bbox 1321 3863 1485 3921; x_wconf 89' lang='lat' dir='ltr'><strong>timor</strong></span> <span class='ocrx_word' id='word_1_358' title='bbox 1511 3863 1750 3934; x_wconf 90' lang='lat' dir='ltr'><strong>Domini,</strong></span> <span class='ocrx_word' id='word_1_359' title='bbox 1791 3866 1874 3923; x_wconf 88' lang='lat' dir='ltr'><strong>sic</strong></span> 
     </span>
    </p>
   </div>
   <div class='ocr_carea' id='block_1_54' title="bbox 288 3954 1446 4026">
    <p class='ocr_par' dir='ltr' id='par_1_54' title="bbox 288 3954 1446 4026">
     <span class='ocr_line' id='line_1_54' title="bbox 288 3954 1446 4026; baseline 0.001 -17"><span class='ocrx_word' id='word_1_360' title='bbox 288 3962 584 4026; x_wconf 77' lang='lat' dir='ltr'><strong>paupertas</strong></span> <span class='ocrx_word' id='word_1_361' title='bbox 609 3962 694 4010; x_wconf 90' lang='lat' dir='ltr'><strong>est</strong></span> <span class='ocrx_word' id='word_1_362' title='bbox 717 3954 1042 4024; x_wconf 90' lang='lat' dir='ltr'><strong>principium</strong></span> <span class='ocrx_word' id='word_1_363' title='bbox 1074 3955 1446 4012; x_wconf 89' lang='lat' dir='ltr'><strong>beatitudinis.</strong></span> 
     </span>
    </p>
   </div>
   <div class='ocr_carea' id='block_1_55' title="bbox 360 4044 1872 4117">
    <p class='ocr_par' dir='ltr' id='par_1_55' title="bbox 360 4044 1872 4117">
     <span class='ocr_line' id='line_1_55' title="bbox 360 4044 1872 4117; baseline 0.003 -16"><span class='ocrx_word' id='word_1_364' title='bbox 360 4044 708 4117; x_wconf 80' lang='lat' dir='ltr'><strong>(Cunrsosr.)</strong></span> <span class='ocrx_word' id='word_1_365' title='bbox 731 4044 1000 4116; x_wconf 87' lang='lat' dir='ltr'><strong>Pauperes</strong></span> <span class='ocrx_word' id='word_1_366' title='bbox 1029 4044 1222 4116; x_wconf 89' lang='lat' dir='ltr'><strong>spiritu</strong></span> <span class='ocrx_word' id='word_1_367' title='bbox 1248 4055 1375 4102; x_wconf 91' lang='lat' dir='ltr'><strong>sunt</strong></span> <span class='ocrx_word' id='word_1_368' title='bbox 1395 4047 1626 4104; x_wconf 87' lang='lat' dir='ltr'><strong>humiles</strong></span> <span class='ocrx_word' id='word_1_369' title='bbox 1655 4056 1710 4104; x_wconf 89' lang='lat' dir='ltr'><strong>et</strong></span> <span class='ocrx_word' id='word_1_370' title='bbox 1738 4064 1872 4105; x_wconf 89' lang='lat' dir='ltr'><strong>con-</strong></span> 
     </span>
    </p>
   </div>
   <div class='ocr_carea' id='block_1_56' title="bbox 291 4137 1876 4207">
    <p class='ocr_par' dir='ltr' id='par_1_56' title="bbox 291 4137 1876 4207">
     <span class='ocr_line' id='line_1_56' title="bbox 291 4137 1876 4207; baseline 0 -12"><span class='ocrx_word' id='word_1_371' title='bbox 291 4139 406 4195; x_wconf 84' lang='lat' dir='ltr'><strong>triti</strong></span> <span class='ocrx_word' id='word_1_372' title='bbox 426 4137 611 4194; x_wconf 90' lang='lat' dir='ltr'><strong>corde.</strong></span> <span class='ocrx_word' id='word_1_373' title='bbox 639 4137 899 4207; x_wconf 86' lang='lat' dir='ltr'><strong>Spiritum</strong></span> <span class='ocrx_word' id='word_1_374' title='bbox 927 4144 1106 4193; x_wconf 90' lang='lat' dir='ltr'><strong>autem</strong></span> <span class='ocrx_word' id='word_1_375' title='bbox 1136 4137 1226 4194; x_wconf 90' lang='lat' dir='ltr'><strong>hic</strong></span> <span class='ocrx_word' id='word_1_376' title='bbox 1266 4139 1504 4194; x_wconf 88' lang='lat' dir='ltr'><strong>animam</strong></span> <span class='ocrx_word' id='word_1_377' title='bbox 1537 4148 1594 4194; x_wconf 92' lang='lat' dir='ltr'><strong>et</strong></span> <span class='ocrx_word' id='word_1_378' title='bbox 1629 4140 1876 4196; x_wconf 74' lang='lat' dir='ltr'><strong>volunta~</strong></span> 
     </span>
    </p>
   </div>
   <div class='ocr_carea' id='block_1_57' title="bbox 291 4229 1872 4296">
    <p class='ocr_par' dir='ltr' id='par_1_57' title="bbox 291 4229 1872 4296">
     <span class='ocr_line' id='line_1_57' title="bbox 291 4229 1872 4296; baseline 0.002 -11"><span class='ocrx_word' id='word_1_379' title='bbox 291 4239 403 4286; x_wconf 90' lang='lat' dir='ltr'><strong>tem</strong></span> <span class='ocrx_word' id='word_1_380' title='bbox 431 4229 586 4285; x_wconf 82' lang='lat' dir='ltr'><strong>dixit.</strong></span> <span class='ocrx_word' id='word_1_381' title='bbox 630 4229 897 4296; x_wconf 83' lang='lat' dir='ltr'><strong>Quoniam</strong></span> <span class='ocrx_word' id='word_1_382' title='bbox 929 4236 1110 4284; x_wconf 88' lang='lat' dir='ltr'><strong>autem</strong></span> <span class='ocrx_word' id='word_1_383' title='bbox 1152 4229 1305 4284; x_wconf 91' lang='lat' dir='ltr'><strong>multi</strong></span> <span class='ocrx_word' id='word_1_384' title='bbox 1348 4239 1473 4286; x_wconf 86' lang='lat' dir='ltr'><strong>sunt</strong></span> <span class='ocrx_word' id='word_1_385' title='bbox 1499 4230 1729 4288; x_wconf 89' lang='lat' dir='ltr'><strong>humiles</strong></span> <span class='ocrx_word' id='word_1_386' title='bbox 1764 4245 1872 4288; x_wconf 91' lang='lat' dir='ltr'><strong>non</strong></span> 
     </span>
    </p>
   </div>
   <div class='ocr_carea' id='block_1_58' title="bbox 287 4318 1874 4394">
    <p class='ocr_par' dir='ltr' id='par_1_58' title="bbox 287 4318 1874 4394">
     <span class='ocr_line' id='line_1_58' title="bbox 287 4318 1874 4394; baseline 0.004 -18"><span class='ocrx_word' id='word_1_387' title='bbox 287 4321 572 4390; x_wconf 87' lang='lat' dir='ltr'><strong>spontanei</strong></span> <span class='ocrx_word' id='word_1_388' title='bbox 597 4359 612 4386; x_wconf 90' lang='lat'><strong>,</strong></span> <span class='ocrx_word' id='word_1_389' title='bbox 667 4320 762 4375; x_wconf 86' lang='lat' dir='ltr'><strong>sed</strong></span> <span class='ocrx_word' id='word_1_390' title='bbox 804 4318 1016 4376; x_wconf 83' lang='lat' dir='ltr'><strong>astricti</strong></span> <span class='ocrx_word' id='word_1_391' title='bbox 1057 4320 1382 4377; x_wconf 86' lang='lat' dir='ltr'><strong>necessitate</strong></span> <span class='ocrx_word' id='word_1_392' title='bbox 1406 4361 1423 4389; x_wconf 94' lang='lat'><strong>,</strong></span> <span class='ocrx_word' id='word_1_393' title='bbox 1465 4323 1672 4394; x_wconf 86' lang='lat' dir='ltr'><strong>primos</strong></span> <span class='ocrx_word' id='word_1_394' title='bbox 1716 4333 1874 4381; x_wconf 89' lang='lat' dir='ltr'><strong>vocat</strong></span> 
     </span>
    </p>
   </div>
   <div class='ocr_carea' id='block_1_59' title="bbox 285 4414 827 4470">
    <p class='ocr_par' dir='ltr' id='par_1_59' title="bbox 285 4414 827 4470">
     <span class='ocr_line' id='line_1_59' title="bbox 285 4414 827 4470; baseline -0.002 0"><span class='ocrx_word' id='word_1_395' title='bbox 285 4414 496 4470; x_wconf 84' lang='lat' dir='ltr'><strong>beatos.</strong></span> <span class='ocrx_word' id='word_1_396' title='bbox 825 4457 827 4459; x_wconf 78' lang='lat'><strong>.</strong></span> 
     </span>
    </p>
   </div>
   <div class='ocr_carea' id='block_1_60' title="bbox 361 4505 1866 4580">
    <p class='ocr_par' dir='ltr' id='par_1_60' title="bbox 361 4505 1866 4580">
     <span class='ocr_line' id='line_1_60' title="bbox 361 4505 1866 4580; baseline 0.003 -17"><span class='ocrx_word' id='word_1_397' title='bbox 361 4508 527 4563; x_wconf 90' lang='lat' dir='ltr'><strong>Vens.</strong></span> <span class='ocrx_word' id='word_1_398' title='bbox 562 4507 617 4561; x_wconf 73' lang='grc'><strong>4.</strong></span> <span class='ocrx_word' id='word_1_399' title='bbox 641 4536 712 4548; x_wconf 93' lang='grc'><strong><em>-</em></strong></span> <span class='ocrx_word' id='word_1_400' title='bbox 738 4505 890 4561; x_wconf 87' lang='lat' dir='ltr'><strong>Beati</strong></span> <span class='ocrx_word' id='word_1_401' title='bbox 919 4507 1087 4562; x_wconf 84' lang='lat' dir='ltr'><strong>mites.</strong></span> <span class='ocrx_word' id='word_1_402' title='bbox 1122 4505 1279 4563; x_wconf 78' lang='lat' dir='ltr'><strong>Mites</strong></span> <span class='ocrx_word' id='word_1_403' title='bbox 1297 4516 1425 4564; x_wconf 88' lang='lat' dir='ltr'><strong>sunt</strong></span> <span class='ocrx_word' id='word_1_404' title='bbox 1445 4509 1539 4580; x_wconf 90' lang='lat' dir='ltr'><strong>qui</strong></span> <span class='ocrx_word' id='word_1_405' title='bbox 1564 4509 1723 4567; x_wconf 87' lang='lat' dir='ltr'><strong>malis</strong></span> <span class='ocrx_word' id='word_1_406' title='bbox 1750 4524 1866 4566; x_wconf 88' lang='lat' dir='ltr'><strong>mo-</strong></span> 
     </span>
    </p>
   </div>
   <div class='ocr_carea' id='block_1_61' title="bbox 1996 2027 3576 2098">
    <p class='ocr_par' dir='ltr' id='par_1_61' title="bbox 1996 2027 3576 2098">
     <span class='ocr_line' id='line_1_61' title="bbox 1996 2027 3576 2098; baseline 0.003 -17"><span class='ocrx_word' id='word_1_407' title='bbox 1996 2035 2050 2081; x_wconf 92' lang='lat' dir='ltr'><strong>et</strong></span> <span class='ocrx_word' id='word_1_408' title='bbox 2102 2027 2231 2083; x_wconf 92' lang='lat' dir='ltr'><strong>Deo.</strong></span> <span class='ocrx_word' id='word_1_409' title='bbox 2280 2027 2406 2083; x_wconf 66' lang='lat' dir='ltr'><strong>Haec</strong></span> <span class='ocrx_word' id='word_1_410' title='bbox 2443 2027 2654 2096; x_wconf 86' lang='lat' dir='ltr'><strong>justitia</strong></span> <span class='ocrx_word' id='word_1_411' title='bbox 2695 2044 2802 2084; x_wconf 91' lang='lat' dir='ltr'><strong>non</strong></span> <span class='ocrx_word' id='word_1_412' title='bbox 2831 2029 2986 2098; x_wconf 88' lang='lat' dir='ltr'><strong>plene</strong></span> <span class='ocrx_word' id='word_1_413' title='bbox 3035 2029 3373 2097; x_wconf 88' lang='lat' dir='ltr'><strong>implebitur,</strong></span> <span class='ocrx_word' id='word_1_414' title='bbox 3405 2031 3576 2087; x_wconf 87' lang='lat' dir='ltr'><strong>donec</strong></span> 
     </span>
    </p>
   </div>
   <div class='ocr_carea' id='block_1_62' title="bbox 1996 2117 3575 2192">
    <p class='ocr_par' dir='ltr' id='par_1_62' title="bbox 1996 2117 3575 2192">
     <span class='ocr_line' id='line_1_62' title="bbox 1996 2117 3575 2192; baseline 0.004 -21"><span class='ocrx_word' id='word_1_415' title='bbox 1996 2117 2140 2172; x_wconf 91' lang='lat' dir='ltr'><strong>Deus</strong></span> <span class='ocrx_word' id='word_1_416' title='bbox 2188 2118 2259 2172; x_wconf 92' lang='lat' dir='ltr'><strong>sit</strong></span> <span class='ocrx_word' id='word_1_417' title='bbox 2291 2117 2469 2172; x_wconf 92' lang='lat' dir='ltr'><strong>omnia</strong></span> <span class='ocrx_word' id='word_1_418' title='bbox 2521 2119 2574 2172; x_wconf 92' lang='lat' dir='ltr'><strong>in</strong></span> <span class='ocrx_word' id='word_1_419' title='bbox 2619 2120 2872 2174; x_wconf 90' lang='lat' dir='ltr'><strong>omnibus</strong></span> <span class='ocrx_word' id='word_1_420' title='bbox 2916 2139 2928 2174; x_wconf 90' lang='lat'>:</span> <span class='ocrx_word' id='word_1_421' title='bbox 2982 2120 3103 2175; x_wconf 92' lang='lat' dir='ltr'><strong>ideo</strong></span> <span class='ocrx_word' id='word_1_422' title='bbox 3150 2120 3239 2175; x_wconf 90' lang='lat' dir='ltr'><strong>hic</strong></span> <span class='ocrx_word' id='word_1_423' title='bbox 3286 2136 3575 2192; x_wconf 87' lang='lat' dir='ltr'><strong>possumus</strong></span> 
     </span>
    </p>
   </div>
   <div class='ocr_carea' id='block_1_63' title="bbox 1993 2195 3572 2278">
    <p class='ocr_par' dir='ltr' id='par_1_63' title="bbox 1993 2195 3572 2278">
     <span class='ocr_line' id='line_1_63' title="bbox 1993 2195 3572 2278; baseline 0.001 -14"><span class='ocrx_word' id='word_1_424' title='bbox 1993 2209 2222 2274; x_wconf 90' lang='lat' dir='ltr'><strong>esurire,</strong></span> <span class='ocrx_word' id='word_1_425' title='bbox 2243 2223 2346 2263; x_wconf 92' lang='lat' dir='ltr'><strong>non</strong></span> <span class='ocrx_word' id='word_1_426' title='bbox 2368 2210 2620 2264; x_wconf 88' lang='lat' dir='ltr'><strong>saturari.</strong></span> <span class='ocrx_word' id='word_1_427' title='bbox 2648 2195 3068 2265; x_wconf 72' lang='lat' dir='ltr'><strong>Justitiaelumen</strong></span> <span class='ocrx_word' id='word_1_428' title='bbox 3086 2211 3572 2278; x_wconf 87' lang='lat' dir='ltr'><strong>estmisericordia,</strong></span> 
     </span>
    </p>
   </div>
   <div class='ocr_carea' id='block_1_64' title="bbox 1993 2299 3576 2374">
    <p class='ocr_par' dir='ltr' id='par_1_64' title="bbox 1993 2299 3576 2374">
     <span class='ocr_line' id='line_1_64' title="bbox 1993 2299 3576 2374; baseline 0.003 -20"><span class='ocrx_word' id='word_1_429' title='bbox 1993 2299 2380 2355; x_wconf 78' lang='lat' dir='ltr'><strong>misericordiae</strong></span> <span class='ocrx_word' id='word_1_430' title='bbox 2411 2301 2584 2355; x_wconf 89' lang='lat' dir='ltr'><strong>virtus</strong></span> <span class='ocrx_word' id='word_1_431' title='bbox 2595 2300 2804 2370; x_wconf 89' lang='lat' dir='ltr'><strong>justitia</strong></span> <span class='ocrx_word' id='word_1_432' title='bbox 2833 2318 2848 2368; x_wconf 90' lang='lat'><strong>;</strong></span> <span class='ocrx_word' id='word_1_433' title='bbox 2890 2302 3003 2356; x_wconf 64' lang='lat' dir='ltr'><strong>haec</strong></span> <span class='ocrx_word' id='word_1_434' title='bbox 3045 2301 3417 2358; x_wconf 89' lang='lat' dir='ltr'><strong>misericordia</strong></span> <span class='ocrx_word' id='word_1_435' title='bbox 3452 2310 3576 2374; x_wconf 85' lang='lat' dir='ltr'><strong>eget</strong></span> 
     </span>
    </p>
   </div>
   <div class='ocr_carea' id='block_1_65' title="bbox 1994 2385 3655 2464">
    <p class='ocr_par' dir='ltr' id='par_1_65' title="bbox 1994 2385 3655 2464">
     <span class='ocr_line' id='line_1_65' title="bbox 1994 2385 3655 2464; baseline 0.002 -17"><span class='ocrx_word' id='word_1_436' title='bbox 1994 2392 2188 2462; x_wconf 89' lang='lat' dir='ltr'><strong>spiritu</strong></span> <span class='ocrx_word' id='word_1_437' title='bbox 2237 2391 2466 2457; x_wconf 90' lang='lat' dir='ltr'><strong>consilii,</strong></span> <span class='ocrx_word' id='word_1_438' title='bbox 2509 2392 2627 2450; x_wconf 90' lang='lat' dir='ltr'><strong>sine</strong></span> <span class='ocrx_word' id='word_1_439' title='bbox 2655 2408 2761 2464; x_wconf 92' lang='lat' dir='ltr'><strong>quo</strong></span> <span class='ocrx_word' id='word_1_440' title='bbox 2797 2408 2955 2450; x_wconf 91' lang='lat' dir='ltr'><strong>nemo</strong></span> <span class='ocrx_word' id='word_1_441' title='bbox 2987 2393 3378 2464; x_wconf 88' lang='lat' dir='ltr'><strong>circumspecte</strong></span> <span class='ocrx_word' id='word_1_442' title='bbox 3406 2395 3571 2450; x_wconf 87' lang='lat' dir='ltr'><strong>mise-</strong></span> <span class='ocrx_word' id='word_1_443' title='bbox 3653 2385 3655 2388; x_wconf 28' lang='grc'><em>⁴</em></span> 
     </span>
    </p>
   </div>
   <div class='ocr_carea' id='block_1_66' title="bbox 1992 2483 3572 2555">
    <p class='ocr_par' dir='ltr' id='par_1_66' title="bbox 1992 2483 3572 2555">
     <span class='ocr_line' id='line_1_66' title="bbox 1992 2483 3572 2555; baseline -0.001 -16"><span class='ocrx_word' id='word_1_444' title='bbox 1992 2491 2162 2539; x_wconf 90' lang='lat' dir='ltr'><strong>retur.</strong></span> <span class='ocrx_word' id='word_1_445' title='bbox 2206 2483 2424 2538; x_wconf 92' lang='lat' dir='ltr'><strong>Initium</strong></span> <span class='ocrx_word' id='word_1_446' title='bbox 2457 2491 2541 2538; x_wconf 86' lang='lat' dir='ltr'><strong>est</strong></span> <span class='ocrx_word' id='word_1_447' title='bbox 2597 2484 2679 2539; x_wconf 91' lang='lat' dir='ltr'><strong>sui</strong></span> <span class='ocrx_word' id='word_1_448' title='bbox 2722 2485 3000 2550; x_wconf 90' lang='lat' dir='ltr'><strong>misereri,</strong></span> <span class='ocrx_word' id='word_1_449' title='bbox 3043 2484 3168 2555; x_wconf 84' lang='lat' dir='ltr'><strong>ﬂuis</strong></span> <span class='ocrx_word' id='word_1_450' title='bbox 3210 2494 3295 2540; x_wconf 90' lang='lat' dir='ltr'><strong>est</strong></span> <span class='ocrx_word' id='word_1_451' title='bbox 3329 2501 3427 2555; x_wconf 92' lang='lat' dir='ltr'><strong>pro</strong></span> <span class='ocrx_word' id='word_1_452' title='bbox 3466 2486 3572 2540; x_wconf 81' lang='lat' dir='ltr'><strong>alio</strong></span> 
     </span>
    </p>
   </div>
   <div class='ocr_carea' id='block_1_67' title="bbox 1992 2573 3570 2647">
    <p class='ocr_par' dir='ltr' id='par_1_67' title="bbox 1992 2573 3570 2647">
     <span class='ocr_line' id='line_1_67' title="bbox 1992 2573 3570 2647; baseline 0.001 -16"><span class='ocrx_word' id='word_1_453' title='bbox 1992 2575 2149 2631; x_wconf 90' lang='lat' dir='ltr'><strong>mori.</strong></span> <span class='ocrx_word' id='word_1_454' title='bbox 2175 2573 2320 2630; x_wconf 90' lang='lat' dir='ltr'><strong>Ordo</strong></span> <span class='ocrx_word' id='word_1_455' title='bbox 2345 2575 2490 2629; x_wconf 91' lang='lat' dir='ltr'><strong>enim</strong></span> <span class='ocrx_word' id='word_1_456' title='bbox 2518 2583 2601 2630; x_wconf 86' lang='lat' dir='ltr'><strong>est</strong></span> <span class='ocrx_word' id='word_1_457' title='bbox 2626 2575 2918 2631; x_wconf 89' lang='lat' dir='ltr'><strong>miserendi</strong></span> <span class='ocrx_word' id='word_1_458' title='bbox 2944 2584 3004 2630; x_wconf 91' lang='lat' dir='ltr'><strong>ut</strong></span> <span class='ocrx_word' id='word_1_459' title='bbox 3028 2577 3400 2647; x_wconf 87' lang='lat' dir='ltr'><strong>unusquisque</strong></span> <span class='ocrx_word' id='word_1_460' title='bbox 3427 2578 3570 2632; x_wconf 92' lang='lat' dir='ltr'><strong>inci-</strong></span> 
     </span>
    </p>
   </div>
   <div class='ocr_carea' id='block_1_68' title="bbox 1988 2667 3574 2740">
    <p class='ocr_par' dir='ltr' id='par_1_68' title="bbox 1988 2667 3574 2740">
     <span class='ocr_line' id='line_1_68' title="bbox 1988 2667 3574 2740; baseline 0.001 -17"><span class='ocrx_word' id='word_1_461' title='bbox 1988 2670 2103 2740; x_wconf 89' lang='lat' dir='ltr'><strong>piat</strong></span> <span class='ocrx_word' id='word_1_462' title='bbox 2131 2683 2160 2722; x_wconf 90' lang='lat' dir='ltr'><strong>a</strong></span> <span class='ocrx_word' id='word_1_463' title='bbox 2185 2681 2262 2723; x_wconf 90' lang='lat' dir='ltr'><strong>se.</strong></span> <span class='ocrx_word' id='word_1_464' title='bbox 2289 2667 2475 2723; x_wconf 84' lang='lat' dir='ltr'><strong>Finem</strong></span> <span class='ocrx_word' id='word_1_465' title='bbox 2513 2667 2759 2724; x_wconf 88' lang='lat' dir='ltr'><strong>Christus</strong></span> <span class='ocrx_word' id='word_1_466' title='bbox 2791 2668 3048 2735; x_wconf 90' lang='lat' dir='ltr'><strong>insinuat,</strong></span> <span class='ocrx_word' id='word_1_467' title='bbox 3071 2683 3172 2738; x_wconf 87' lang='lat' dir='ltr'><strong>pro</strong></span> <span class='ocrx_word' id='word_1_468' title='bbox 3194 2670 3574 2739; x_wconf 78' lang='lat' dir='ltr'><strong>peccatoribus</strong></span> 
     </span>
    </p>
   </div>
   <div class='ocr_carea' id='block_1_69' title="bbox 1987 2760 3282 2815">
    <p class='ocr_par' dir='ltr' id='par_1_69' title="bbox 1987 2760 3282 2815">
     <span class='ocr_line' id='line_1_69' title="bbox 1987 2760 3282 2815; baseline 0 -1"><span class='ocrx_word' id='word_1_469' title='bbox 1987 2769 2234 2814; x_wconf 89' lang='lat' dir='ltr'><strong>mortuus</strong></span> <span class='ocrx_word' id='word_1_470' title='bbox 2262 2775 2328 2814; x_wconf 86' lang='lat' dir='ltr'><strong>ex</strong></span> <span class='ocrx_word' id='word_1_471' title='bbox 2360 2760 2757 2815; x_wconf 88' lang='lat' dir='ltr'><strong>misericordia.</strong></span> <span class='ocrx_word' id='word_1_472' title='bbox 3279 2790 3282 2792; x_wconf 58' lang='grc' dir='ltr'><strong><em>η</em></strong></span> 
     </span>
    </p>
   </div>
   <div class='ocr_carea' id='block_1_70' title="bbox 2060 2849 3569 2909">
    <p class='ocr_par' dir='ltr' id='par_1_70' title="bbox 2060 2849 3569 2909">
     <span class='ocr_line' id='line_1_70' title="bbox 2060 2849 3569 2909; baseline 0.003 -6"><span class='ocrx_word' id='word_1_473' title='bbox 2060 2850 2222 2904; x_wconf 88' lang='lat' dir='ltr'><strong>Vens.</strong></span> <span class='ocrx_word' id='word_1_474' title='bbox 2252 2850 2304 2903; x_wconf 91' lang='lat'><strong>7.</strong></span> <span class='ocrx_word' id='word_1_475' title='bbox 2335 2880 2406 2890; x_wconf 94' lang='lat'><strong><em>—</em></strong></span> <span class='ocrx_word' id='word_1_476' title='bbox 2432 2849 2585 2904; x_wconf 88' lang='lat' dir='ltr'><strong>Beati</strong></span> <span class='ocrx_word' id='word_1_477' title='bbox 2614 2851 2995 2906; x_wconf 81' lang='lat' dir='ltr'><strong>misericordes.</strong></span> <span class='ocrx_word' id='word_1_478' title='bbox 3028 2850 3394 2909; x_wconf 84' lang='lat' dir='ltr'><strong>Misericordia</strong></span> <span class='ocrx_word' id='word_1_479' title='bbox 3441 2867 3569 2908; x_wconf 89' lang='lat' dir='ltr'><strong>nas-</strong></span> 
     </span>
    </p>
   </div>
   <div class='ocr_carea' id='block_1_71' title="bbox 1987 2939 3577 3012">
    <p class='ocr_par' dir='ltr' id='par_1_71' title="bbox 1987 2939 3577 3012">
     <span class='ocr_line' id='line_1_71' title="bbox 1987 2939 3577 3012; baseline 0.001 -16"><span class='ocrx_word' id='word_1_480' title='bbox 1987 2940 2128 2997; x_wconf 85' lang='lat' dir='ltr'><strong>citur</strong></span> <span class='ocrx_word' id='word_1_481' title='bbox 2156 2941 2220 2995; x_wconf 90' lang='lat' dir='ltr'><strong>de</strong></span> <span class='ocrx_word' id='word_1_482' title='bbox 2248 2939 2702 3010; x_wconf 87' lang='lat' dir='ltr'><strong>praecedentibus,</strong></span> <span class='ocrx_word' id='word_1_483' title='bbox 2729 2941 2855 3011; x_wconf 90' lang='lat' dir='ltr'><strong>quia</strong></span> <span class='ocrx_word' id='word_1_484' title='bbox 2880 2942 2925 2996; x_wconf 89' lang='lat' dir='ltr'><strong>si</strong></span> <span class='ocrx_word' id='word_1_485' title='bbox 2945 2943 3284 3012; x_wconf 64' lang='lat' dir='ltr'><strong>praecesserit</strong></span> <span class='ocrx_word' id='word_1_486' title='bbox 3315 2950 3450 2998; x_wconf 86' lang='lat' dir='ltr'><strong>vera</strong></span> <span class='ocrx_word' id='word_1_487' title='bbox 3471 2944 3577 2997; x_wconf 56' lang='lat' dir='ltr'><strong>hu-r</strong></span> 
     </span>
    </p>
   </div>
   <div class='ocr_carea' id='block_1_72' title="bbox 1986 3031 3566 3099">
    <p class='ocr_par' dir='ltr' id='par_1_72' title="bbox 1986 3031 3566 3099">
     <span class='ocr_line' id='line_1_72' title="bbox 1986 3031 3566 3099; baseline 0.001 -12"><span class='ocrx_word' id='word_1_488' title='bbox 1986 3031 2189 3087; x_wconf 90' lang='lat' dir='ltr'><strong>militas</strong></span> <span class='ocrx_word' id='word_1_489' title='bbox 2221 3040 2276 3087; x_wconf 90' lang='lat' dir='ltr'><strong>et</strong></span> <span class='ocrx_word' id='word_1_490' title='bbox 2305 3033 2520 3088; x_wconf 90' lang='lat' dir='ltr'><strong>animus</strong></span> <span class='ocrx_word' id='word_1_491' title='bbox 2548 3039 2920 3099; x_wconf 85' lang='lat' dir='ltr'><strong>mansuescat,</strong></span> <span class='ocrx_word' id='word_1_492' title='bbox 2969 3040 3025 3088; x_wconf 90' lang='lat' dir='ltr'><strong>et</strong></span> <span class='ocrx_word' id='word_1_493' title='bbox 3073 3047 3203 3089; x_wconf 89' lang='lat' dir='ltr'><strong>suos</strong></span> <span class='ocrx_word' id='word_1_494' title='bbox 3231 3042 3288 3089; x_wconf 90' lang='lat' dir='ltr'><strong>et</strong></span> <span class='ocrx_word' id='word_1_495' title='bbox 3335 3034 3566 3089; x_wconf 91' lang='lat' dir='ltr'><strong>aliorum</strong></span> 
     </span>
    </p>
   </div>
   <div class='ocr_carea' id='block_1_73' title="bbox 1987 3121 3568 3194">
    <p class='ocr_par' dir='ltr' id='par_1_73' title="bbox 1987 3121 3568 3194">
     <span class='ocr_line' id='line_1_73' title="bbox 1987 3121 3568 3194; baseline 0.002 -16"><span class='ocrx_word' id='word_1_496' title='bbox 1987 3138 2146 3179; x_wconf 91' lang='lat' dir='ltr'><strong>casus</strong></span> <span class='ocrx_word' id='word_1_497' title='bbox 2171 3121 2320 3188; x_wconf 92' lang='lat' dir='ltr'><strong>ﬂeat,</strong></span> <span class='ocrx_word' id='word_1_498' title='bbox 2349 3132 2404 3179; x_wconf 90' lang='lat' dir='ltr'><strong>et</strong></span> <span class='ocrx_word' id='word_1_499' title='bbox 2439 3124 2708 3194; x_wconf 88' lang='lat' dir='ltr'><strong>justitiam</strong></span> <span class='ocrx_word' id='word_1_500' title='bbox 2747 3124 2970 3190; x_wconf 90' lang='lat' dir='ltr'><strong>esuriat,</strong></span> <span class='ocrx_word' id='word_1_501' title='bbox 3011 3132 3135 3194; x_wconf 89' lang='lat' dir='ltr'><strong>post</strong></span> <span class='ocrx_word' id='word_1_502' title='bbox 3169 3125 3412 3181; x_wconf 89' lang='lat' dir='ltr'><strong>nascitur</strong></span> <span class='ocrx_word' id='word_1_503' title='bbox 3438 3141 3568 3181; x_wconf 86' lang='lat' dir='ltr'><strong>vera</strong></span> 
     </span>
    </p>
   </div>
   <div class='ocr_carea' id='block_1_74' title="bbox 1987 3214 3568 3272">
    <p class='ocr_par' dir='ltr' id='par_1_74' title="bbox 1987 3214 3568 3272">
     <span class='ocr_line' id='line_1_74' title="bbox 1987 3214 3568 3272; baseline 0.003 -4"><span class='ocrx_word' id='word_1_504' title='bbox 1987 3214 2380 3269; x_wconf 87' lang='lat' dir='ltr'><strong>misericordia.</strong></span> <span class='ocrx_word' id='word_1_505' title='bbox 2415 3215 2566 3269; x_wconf 92' lang='lat' dir='ltr'><strong>Tunc</strong></span> <span class='ocrx_word' id='word_1_506' title='bbox 2585 3215 2729 3270; x_wconf 90' lang='lat' dir='ltr'><strong>enim</strong></span> <span class='ocrx_word' id='word_1_507' title='bbox 2753 3215 3001 3270; x_wconf 89' lang='lat' dir='ltr'><strong>miserias</strong></span> <span class='ocrx_word' id='word_1_508' title='bbox 3025 3214 3231 3271; x_wconf 88' lang='lat' dir='ltr'><strong>alienas</strong></span> <span class='ocrx_word' id='word_1_509' title='bbox 3251 3214 3416 3272; x_wconf 89' lang='lat' dir='ltr'><strong>faciet</strong></span> <span class='ocrx_word' id='word_1_510' title='bbox 3440 3231 3568 3272; x_wconf 86' lang='lat' dir='ltr'><strong>suas</strong></span> 
     </span>
    </p>
   </div>
   <div class='ocr_carea' id='block_1_75' title="bbox 1911 3285 3566 3374">
    <p class='ocr_par' dir='ltr' id='par_1_75' title="bbox 1911 3285 3566 3374">
     <span class='ocr_line' id='line_1_75' title="bbox 1911 3285 3566 3374; baseline 0 -17"><span class='ocrx_word' id='word_1_511' title='bbox 1911 3285 1958 3348; x_wconf 70' lang='grc' dir='ltr'><strong>(ἶ</strong></span> <span class='ocrx_word' id='word_1_512' title='bbox 1987 3313 2045 3358; x_wconf 89' lang='lat' dir='ltr'><strong>et</strong></span> <span class='ocrx_word' id='word_1_513' title='bbox 2073 3319 2176 3373; x_wconf 89' lang='lat' dir='ltr'><strong>pro</strong></span> <span class='ocrx_word' id='word_1_514' title='bbox 2207 3303 2414 3358; x_wconf 91' lang='lat' dir='ltr'><strong>viribus</strong></span> <span class='ocrx_word' id='word_1_515' title='bbox 2436 3304 2647 3374; x_wconf 88' lang='lat' dir='ltr'><strong>juvabit</strong></span> <span class='ocrx_word' id='word_1_516' title='bbox 2678 3321 2692 3357; x_wconf 91' lang='lat'><strong>:</strong></span> <span class='ocrx_word' id='word_1_517' title='bbox 2722 3312 2779 3359; x_wconf 91' lang='lat' dir='ltr'><strong>et</strong></span> <span class='ocrx_word' id='word_1_518' title='bbox 2805 3305 2849 3358; x_wconf 92' lang='lat' dir='ltr'><strong>si</strong></span> <span class='ocrx_word' id='word_1_519' title='bbox 2872 3302 3096 3373; x_wconf 90' lang='lat' dir='ltr'><strong>juvandi</strong></span> <span class='ocrx_word' id='word_1_520' title='bbox 3133 3303 3360 3360; x_wconf 86' lang='lat' dir='ltr'><strong>facultas</strong></span> <span class='ocrx_word' id='word_1_521' title='bbox 3390 3306 3566 3371; x_wconf 91' lang='lat' dir='ltr'><strong>deest,</strong></span> 
     </span>
    </p>
   </div>
   <div class='ocr_carea' id='block_1_76' title="bbox 1981 3393 3564 3465">
    <p class='ocr_par' dir='ltr' id='par_1_76' title="bbox 1981 3393 3564 3465">
     <span class='ocr_line' id='line_1_76' title="bbox 1981 3393 3564 3465; baseline -0.001 -14"><span class='ocrx_word' id='word_1_522' title='bbox 1981 3394 2282 3465; x_wconf 89' lang='lat' dir='ltr'><strong>compassio</strong></span> <span class='ocrx_word' id='word_1_523' title='bbox 2328 3409 2436 3449; x_wconf 92' lang='lat' dir='ltr'><strong>non</strong></span> <span class='ocrx_word' id='word_1_524' title='bbox 2471 3394 2686 3450; x_wconf 89' lang='lat' dir='ltr'><strong>deerit:</strong></span> <span class='ocrx_word' id='word_1_525' title='bbox 2728 3393 2912 3460; x_wconf 86' lang='lat' dir='ltr'><strong>Estote</strong></span> <span class='ocrx_word' id='word_1_526' title='bbox 2953 3395 3313 3449; x_wconf 75' lang='lat' dir='ltr'><strong>misericordes</strong></span> <span class='ocrx_word' id='word_1_527' title='bbox 3346 3397 3483 3450; x_wconf 86' lang='lat' dir='ltr'><strong>sicut</strong></span> <span class='ocrx_word' id='word_1_528' title='bbox 3514 3404 3564 3449; x_wconf 89' lang='lat' dir='ltr'><strong>et</strong></span> 
     </span>
    </p>
   </div>
   <div class='ocr_carea' id='block_1_77' title="bbox 1978 3485 3566 3560">
    <p class='ocr_par' dir='ltr' id='par_1_77' title="bbox 1978 3485 3566 3560">
     <span class='ocr_line' id='line_1_77' title="bbox 1978 3485 3566 3560; baseline 0.001 -18"><span class='ocrx_word' id='word_1_529' title='bbox 1978 3485 2143 3543; x_wconf 90' lang='lat' dir='ltr'><strong>Pater</strong></span> <span class='ocrx_word' id='word_1_530' title='bbox 2183 3496 2347 3542; x_wconf 81' lang='lat' dir='ltr'><strong>vester</strong></span> <span class='ocrx_word' id='word_1_531' title='bbox 2373 3488 2668 3542; x_wconf 85' lang='lat' dir='ltr'><strong>misericors</strong></span> <span class='ocrx_word' id='word_1_532' title='bbox 2697 3495 2772 3542; x_wconf 86' lang='lat' dir='ltr'><strong>est</strong></span> <span class='ocrx_word' id='word_1_533' title='bbox 2815 3485 2968 3558; x_wconf 88' lang='lat' dir='ltr'><strong>(Luc.</strong></span> <span class='ocrx_word' id='word_1_534' title='bbox 3003 3487 3108 3560; x_wconf 80' lang='lat' dir='ltr'><strong>vi),</strong></span> <span class='ocrx_word' id='word_1_535' title='bbox 3140 3488 3194 3543; x_wconf 89' lang='lat' dir='ltr'><strong>id</strong></span> <span class='ocrx_word' id='word_1_536' title='bbox 3222 3495 3328 3554; x_wconf 85' lang='lat' dir='ltr'><strong>est,</strong></span> <span class='ocrx_word' id='word_1_537' title='bbox 3363 3488 3431 3544; x_wconf 89' lang='lat' dir='ltr'><strong>ad</strong></span> <span class='ocrx_word' id='word_1_538' title='bbox 3459 3489 3566 3544; x_wconf 87' lang='lat' dir='ltr'><strong>hoc</strong></span> 
     </span>
    </p>
   </div>
   <div class='ocr_carea' id='block_1_78' title="bbox 1975 3578 3561 3648">
    <p class='ocr_par' dir='ltr' id='par_1_78' title="bbox 1975 3578 3561 3648">
     <span class='ocr_line' id='line_1_78' title="bbox 1975 3578 3561 3648; baseline 0.001 -13"><span class='ocrx_word' id='word_1_539' title='bbox 1975 3578 2344 3635; x_wconf 89' lang='lat' dir='ltr'><strong>misereamini</strong></span> <span class='ocrx_word' id='word_1_540' title='bbox 2371 3578 2440 3633; x_wconf 89' lang='lat' dir='ltr'><strong>ad</strong></span> <span class='ocrx_word' id='word_1_541' title='bbox 2464 3579 2608 3648; x_wconf 91' lang='lat' dir='ltr'><strong>quod</strong></span> <span class='ocrx_word' id='word_1_542' title='bbox 2629 3587 2684 3633; x_wconf 89' lang='lat' dir='ltr'><strong>et</strong></span> <span class='ocrx_word' id='word_1_543' title='bbox 2703 3579 2866 3645; x_wconf 90' lang='lat' dir='ltr'><strong>Deus,</strong></span> <span class='ocrx_word' id='word_1_544' title='bbox 2893 3588 2954 3634; x_wconf 90' lang='lat' dir='ltr'><strong>ut</strong></span> <span class='ocrx_word' id='word_1_545' title='bbox 2978 3579 3194 3636; x_wconf 84' lang='lat' dir='ltr'><strong>bonitas</strong></span> <span class='ocrx_word' id='word_1_546' title='bbox 3215 3580 3484 3647; x_wconf 90' lang='lat' dir='ltr'><strong>redundet</strong></span> <span class='ocrx_word' id='word_1_547' title='bbox 3506 3581 3561 3636; x_wconf 93' lang='lat' dir='ltr'><strong>in</strong></span> 
     </span>
    </p>
   </div>
   <div class='ocr_carea' id='block_1_79' title="bbox 1975 3671 3563 3744">
    <p class='ocr_par' dir='ltr' id='par_1_79' title="bbox 1975 3671 3563 3744">
     <span class='ocr_line' id='line_1_79' title="bbox 1975 3671 3563 3744; baseline -0.001 -15"><span class='ocrx_word' id='word_1_548' title='bbox 1975 3673 2225 3729; x_wconf 89' lang='lat' dir='ltr'><strong>omnibus</strong></span> <span class='ocrx_word' id='word_1_549' title='bbox 2250 3689 2263 3726; x_wconf 90' lang='lat'>:</span> <span class='ocrx_word' id='word_1_550' title='bbox 2297 3672 2674 3728; x_wconf 90' lang='lat' dir='ltr'><strong>misericordia</strong></span> <span class='ocrx_word' id='word_1_551' title='bbox 2697 3673 2814 3727; x_wconf 85' lang='lat' dir='ltr'><strong>sine</strong></span> <span class='ocrx_word' id='word_1_552' title='bbox 2833 3671 3046 3741; x_wconf 86' lang='lat' dir='ltr'><strong>justitia</strong></span> <span class='ocrx_word' id='word_1_553' title='bbox 3077 3674 3326 3730; x_wconf 89' lang='lat' dir='ltr'><strong>remissio</strong></span> <span class='ocrx_word' id='word_1_554' title='bbox 3345 3683 3401 3729; x_wconf 90' lang='lat' dir='ltr'><strong>et</strong></span> <span class='ocrx_word' id='word_1_555' title='bbox 3428 3673 3563 3744; x_wconf 89' lang='lat' dir='ltr'><strong>tepi-</strong></span> 
     </span>
    </p>
   </div>
   <div class='ocr_carea' id='block_1_80' title="bbox 1976 3763 3561 3835">
    <p class='ocr_par' dir='ltr' id='par_1_80' title="bbox 1976 3763 3561 3835">
     <span class='ocr_line' id='line_1_80' title="bbox 1976 3763 3561 3835; baseline 0.001 -12"><span class='ocrx_word' id='word_1_556' title='bbox 1976 3767 2145 3832; x_wconf 88' lang='lat' dir='ltr'><strong>ditas;</strong></span> <span class='ocrx_word' id='word_1_557' title='bbox 2170 3763 2380 3835; x_wconf 78' lang='lat' dir='ltr'><strong>iustitia</strong></span> <span class='ocrx_word' id='word_1_558' title='bbox 2411 3765 2529 3822; x_wconf 89' lang='lat' dir='ltr'><strong>sine</strong></span> <span class='ocrx_word' id='word_1_559' title='bbox 2564 3765 2940 3823; x_wconf 88' lang='lat' dir='ltr'><strong>misericordia</strong></span> <span class='ocrx_word' id='word_1_560' title='bbox 2964 3765 3226 3824; x_wconf 86' lang='lat' dir='ltr'><strong>severitas</strong></span> <span class='ocrx_word' id='word_1_561' title='bbox 3252 3775 3308 3823; x_wconf 88' lang='lat' dir='ltr'><strong>et</strong></span> <span class='ocrx_word' id='word_1_562' title='bbox 3333 3768 3561 3824; x_wconf 83' lang='lat' dir='ltr'><strong>austeri-</strong></span> 
     </span>
    </p>
   </div>
   <div class='ocr_carea' id='block_1_81' title="bbox 1977 3857 2301 3913">
    <p class='ocr_par' dir='ltr' id='par_1_81' title="bbox 1977 3857 2301 3913">
     <span class='ocr_line' id='line_1_81' title="bbox 1977 3857 2301 3913; baseline -0.009 0"><span class='ocrx_word' id='word_1_563' title='bbox 1977 3865 2060 3913; x_wconf 88' lang='lat' dir='ltr'><strong>tas</strong></span> <span class='ocrx_word' id='word_1_564' title='bbox 2083 3857 2301 3912; x_wconf 90' lang='lat' dir='ltr'><strong>dicitur.</strong></span> 
     </span>
    </p>
   </div>
   <div class='ocr_carea' id='block_1_82' title="bbox 2048 3947 3562 4022">
    <p class='ocr_par' dir='ltr' id='par_1_82' title="bbox 2048 3947 3562 4022">
     <span class='ocr_line' id='line_1_82' title="bbox 2048 3947 3562 4022; baseline 0.002 -19"><span class='ocrx_word' id='word_1_565' title='bbox 2048 3947 2212 4005; x_wconf 89' lang='lat' dir='ltr'><strong>Vens.</strong></span> <span class='ocrx_word' id='word_1_566' title='bbox 2255 3948 2308 4004; x_wconf 89' lang='lat'><strong>9.</strong></span> <span class='ocrx_word' id='word_1_567' title='bbox 2341 3979 2410 3990; x_wconf 91' lang='lat'><strong>--</strong></span> <span class='ocrx_word' id='word_1_568' title='bbox 2441 3947 2595 4004; x_wconf 88' lang='lat' dir='ltr'><strong>Beati</strong></span> <span class='ocrx_word' id='word_1_569' title='bbox 2632 3949 2862 4021; x_wconf 80' lang='lat' dir='ltr'><strong>paciﬁci.</strong></span> <span class='ocrx_word' id='word_1_570' title='bbox 2916 3949 3132 4022; x_wconf 51' lang='lat' dir='ltr'><strong>(Ruﬁ)</strong></span> <span class='ocrx_word' id='word_1_571' title='bbox 3175 3950 3393 4007; x_wconf 85' lang='lat' dir='ltr'><strong>Paciﬁci</strong></span> <span class='ocrx_word' id='word_1_572' title='bbox 3432 3960 3562 4008; x_wconf 90' lang='lat' dir='ltr'><strong>sunt</strong></span> 
     </span>
    </p>
   </div>
   <div class='ocr_carea' id='block_1_83' title="bbox 1973 4041 3560 4112">
    <p class='ocr_par' dir='ltr' id='par_1_83' title="bbox 1973 4041 3560 4112">
     <span class='ocr_line' id='line_1_83' title="bbox 1973 4041 3560 4112; baseline 0.003 -19"><span class='ocrx_word' id='word_1_573' title='bbox 1973 4041 2066 4112; x_wconf 91' lang='lat' dir='ltr'><strong>qui</strong></span> <span class='ocrx_word' id='word_1_574' title='bbox 2096 4055 2284 4096; x_wconf 90' lang='lat' dir='ltr'><strong>omnes</strong></span> <span class='ocrx_word' id='word_1_575' title='bbox 2308 4049 2488 4096; x_wconf 90' lang='lat' dir='ltr'><strong>motus</strong></span> <span class='ocrx_word' id='word_1_576' title='bbox 2517 4041 2684 4096; x_wconf 91' lang='lat' dir='ltr'><strong>animi</strong></span> <span class='ocrx_word' id='word_1_577' title='bbox 2713 4052 3046 4112; x_wconf 92' lang='lat' dir='ltr'><strong>componunt</strong></span> <span class='ocrx_word' id='word_1_578' title='bbox 3073 4051 3130 4099; x_wconf 93' lang='lat' dir='ltr'><strong>et</strong></span> <span class='ocrx_word' id='word_1_579' title='bbox 3163 4043 3364 4098; x_wconf 88' lang='lat' dir='ltr'><strong>rationi</strong></span> <span class='ocrx_word' id='word_1_580' title='bbox 3394 4042 3560 4112; x_wconf 87' lang='lat' dir='ltr'><strong>subji-</strong></span> 
     </span>
    </p>
   </div>
   <div class='ocr_carea' id='block_1_84' title="bbox 1974 4131 3559 4203">
    <p class='ocr_par' dir='ltr' id='par_1_84' title="bbox 1974 4131 3559 4203">
     <span class='ocr_line' id='line_1_84' title="bbox 1974 4131 3559 4203; baseline 0.001 -16"><span class='ocrx_word' id='word_1_581' title='bbox 1974 4131 2144 4198; x_wconf 89' lang='lat' dir='ltr'><strong>ciunt,</strong></span> <span class='ocrx_word' id='word_1_582' title='bbox 2171 4132 2295 4202; x_wconf 92' lang='lat' dir='ltr'><strong>quia</strong></span> <span class='ocrx_word' id='word_1_583' title='bbox 2324 4131 2411 4186; x_wconf 91' lang='lat' dir='ltr'><strong>his</strong></span> <span class='ocrx_word' id='word_1_584' title='bbox 2441 4131 2574 4186; x_wconf 87' lang='lat' dir='ltr'><strong>nihil</strong></span> <span class='ocrx_word' id='word_1_585' title='bbox 2597 4141 2862 4202; x_wconf 79' lang='lat' dir='ltr'><strong>repugnat</strong></span> <span class='ocrx_word' id='word_1_586' title='bbox 2877 4133 2970 4202; x_wconf 91' lang='lat' dir='ltr'><strong>qui</strong></span> <span class='ocrx_word' id='word_1_587' title='bbox 2997 4133 3204 4189; x_wconf 88' lang='lat' dir='ltr'><strong>similes</strong></span> <span class='ocrx_word' id='word_1_588' title='bbox 3231 4134 3396 4203; x_wconf 91' lang='lat' dir='ltr'><strong>patri,</strong></span> <span class='ocrx_word' id='word_1_589' title='bbox 3423 4142 3559 4200; x_wconf 90' lang='lat' dir='ltr'><strong>etc.,</strong></span> 
     </span>
    </p>
   </div>
   <div class='ocr_carea' id='block_1_85' title="bbox 1971 4221 3556 4294">
    <p class='ocr_par' dir='ltr' id='par_1_85' title="bbox 1971 4221 3556 4294">
     <span class='ocr_line' id='line_1_85' title="bbox 1971 4221 3556 4294; baseline -0.001 -17"><span class='ocrx_word' id='word_1_590' title='bbox 1971 4238 2134 4294; x_wconf 87' lang='lat' dir='ltr'><strong>usque</strong></span> <span class='ocrx_word' id='word_1_591' title='bbox 2171 4223 2239 4285; x_wconf 85' lang='lat' dir='ltr'><strong>ad</strong></span> <span class='ocrx_word' id='word_1_592' title='bbox 2269 4237 2391 4276; x_wconf 93' lang='lat' dir='ltr'><strong>cum</strong></span> <span class='ocrx_word' id='word_1_593' title='bbox 2438 4229 2617 4276; x_wconf 90' lang='lat' dir='ltr'><strong>autem</strong></span> <span class='ocrx_word' id='word_1_594' title='bbox 2656 4221 2799 4276; x_wconf 90' lang='lat' dir='ltr'><strong>Deus</strong></span> <span class='ocrx_word' id='word_1_595' title='bbox 2828 4221 2934 4276; x_wconf 89' lang='lat' dir='ltr'><strong>erit</strong></span> <span class='ocrx_word' id='word_1_596' title='bbox 2972 4222 3156 4277; x_wconf 81' lang='lat' dir='ltr'><strong>omnia</strong></span> <span class='ocrx_word' id='word_1_597' title='bbox 3186 4222 3242 4277; x_wconf 92' lang='lat' dir='ltr'><strong>in</strong></span> <span class='ocrx_word' id='word_1_598' title='bbox 3282 4222 3556 4289; x_wconf 83' lang='lat' dir='ltr'><strong>omnibus,</strong></span> 
     </span>
    </p>
   </div>
   <div class='ocr_carea' id='block_1_86' title="bbox 1972 4313 3000 4385">
    <p class='ocr_par' dir='ltr' id='par_1_86' title="bbox 1972 4313 3000 4385">
     <span class='ocr_line' id='line_1_86' title="bbox 1972 4313 3000 4385; baseline -0.002 -13"><span class='ocrx_word' id='word_1_599' title='bbox 1972 4325 2101 4372; x_wconf 90' lang='lat' dir='ltr'><strong>tunc</strong></span> <span class='ocrx_word' id='word_1_600' title='bbox 2129 4315 2409 4371; x_wconf 87' lang='lat' dir='ltr'><strong>beatitudo</strong></span> <span class='ocrx_word' id='word_1_601' title='bbox 2437 4313 2740 4385; x_wconf 90' lang='lat' dir='ltr'><strong>adoptionis</strong></span> <span class='ocrx_word' id='word_1_602' title='bbox 2764 4315 3000 4371; x_wconf 88' lang='lat' dir='ltr'><strong>dabitur.</strong></span> 
     </span>
    </p>
   </div>
   <div class='ocr_carea' id='block_1_87' title="bbox 2040 4405 3558 4478">
    <p class='ocr_par' dir='ltr' id='par_1_87' title="bbox 2040 4405 3558 4478">
     <span class='ocr_line' id='line_1_87' title="bbox 2040 4405 3558 4478; baseline 0.001 -14"><span class='ocrx_word' id='word_1_603' title='bbox 2040 4408 2204 4465; x_wconf 81' lang='lat' dir='ltr'><strong>Vens.</strong></span> <span class='ocrx_word' id='word_1_604' title='bbox 2239 4407 2324 4463; x_wconf 85' lang='grc'><strong>10.</strong></span> <span class='ocrx_word' id='word_1_605' title='bbox 2354 4438 2424 4448; x_wconf 95' lang='grc'><strong><em>-</em></strong></span> <span class='ocrx_word' id='word_1_606' title='bbox 2443 4405 2597 4462; x_wconf 90' lang='lat' dir='ltr'><strong>Beati</strong></span> <span class='ocrx_word' id='word_1_607' title='bbox 2623 4408 2714 4478; x_wconf 91' lang='lat' dir='ltr'><strong>qui</strong></span> <span class='ocrx_word' id='word_1_608' title='bbox 2742 4407 3169 4478; x_wconf 83' lang='lat' dir='ltr'><strong>persecutionem.</strong></span> <span class='ocrx_word' id='word_1_609' title='bbox 3206 4406 3264 4462; x_wconf 91' lang='lat' dir='ltr'><strong>In</strong></span> <span class='ocrx_word' id='word_1_610' title='bbox 3286 4408 3558 4478; x_wconf 70' lang='lat' dir='ltr'><strong>praedictis</strong></span> 
     </span>
    </p>
   </div>
   <div class='ocr_carea' id='block_1_88' title="bbox 1972 4497 3556 4570">
    <p class='ocr_par' dir='ltr' id='par_1_88' title="bbox 1972 4497 3556 4570">
     <span class='ocr_line' id='line_1_88' title="bbox 1972 4497 3556 4570; baseline -0.001 -14"><span class='ocrx_word' id='word_1_611' title='bbox 1972 4506 2181 4570; x_wconf 82' lang='lat' dir='ltr'><strong>septem</strong></span> <span class='ocrx_word' id='word_1_612' title='bbox 2228 4506 2312 4554; x_wconf 89' lang='lat' dir='ltr'><strong>est</strong></span> <span class='ocrx_word' id='word_1_613' title='bbox 2360 4497 2711 4568; x_wconf 89' lang='lat' dir='ltr'><strong>perfectionis</strong></span> <span class='ocrx_word' id='word_1_614' title='bbox 2743 4497 2986 4554; x_wconf 86' lang='lat' dir='ltr'><strong>ostensio</strong></span> <span class='ocrx_word' id='word_1_615' title='bbox 3032 4507 3090 4554; x_wconf 87' lang='lat' dir='ltr'><strong>et</strong></span> <span class='ocrx_word' id='word_1_616' title='bbox 3133 4499 3401 4570; x_wconf 87' lang='lat' dir='ltr'><strong>probatio.</strong></span> <span class='ocrx_word' id='word_1_617' title='bbox 3451 4498 3556 4566; x_wconf 90' lang='lat' dir='ltr'><strong>Qui</strong></span> 
     </span>
    </p>
   </div>
   <div class='ocr_carea' id='block_1_89' title="bbox 288 4589 3559 4700">
    <p class='ocr_par' dir='ltr' id='par_1_89' title="bbox 288 4589 3559 4700">
     <span class='ocr_line' id='line_1_89' title="bbox 288 4589 3559 4700; baseline -0.004 -44"><span class='ocrx_word' id='word_1_618' title='bbox 288 4601 440 4656; x_wconf 86' lang='lat' dir='ltr'><strong>ribus</strong></span> <span class='ocrx_word' id='word_1_619' title='bbox 465 4598 809 4655; x_wconf 82' lang='lat' dir='ltr'><strong>dominantur</strong></span> <span class='ocrx_word' id='word_1_620' title='bbox 840 4615 854 4652; x_wconf 91' lang='lat'><strong>:</strong></span> <span class='ocrx_word' id='word_1_621' title='bbox 885 4595 1126 4668; x_wconf 86' lang='lat' dir='ltr'><strong>perfecta</strong></span> <span class='ocrx_word' id='word_1_622' title='bbox 1163 4597 1337 4655; x_wconf 88' lang='lat' dir='ltr'><strong>virtus</strong></span> <span class='ocrx_word' id='word_1_623' title='bbox 1363 4608 1450 4656; x_wconf 86' lang='lat' dir='ltr'><strong>est</strong></span> <span class='ocrx_word' id='word_1_624' title='bbox 1489 4615 1705 4657; x_wconf 92' lang='lat' dir='ltr'><strong>morum</strong></span> <span class='ocrx_word' id='word_1_625' title='bbox 1748 4614 1874 4671; x_wconf 85' lang='lat' dir='ltr'><strong>pos-</strong></span> <span class='ocrx_word' id='word_1_626' title='bbox 1974 4590 2235 4663; x_wconf 77' lang='lat' dir='ltr'><strong>praedicta</strong></span> <span class='ocrx_word' id='word_1_627' title='bbox 2273 4589 2496 4700; x_wconf 59' lang='lat' dir='ltr'><strong>habent,</strong></span> <span class='ocrx_word' id='word_1_628' title='bbox 2542 4589 2655 4659; x_wconf 81' lang='lat' dir='ltr'><strong>pati</strong></span> <span class='ocrx_word' id='word_1_629' title='bbox 2702 4596 2956 4700; x_wconf 39' lang='lat' dir='ltr'><strong>possunt“</strong></span> <span class='ocrx_word' id='word_1_630' title='bbox 2974 4589 3406 4691; x_wconf 75' lang='lat' dir='ltr'><strong>persecutionem</strong></span> <span class='ocrx_word' id='word_1_631' title='bbox 3443 4603 3480 4700; x_wconf 46' lang='grc' dir='ltr'><strong>τ.</strong></span> <span class='ocrx_word' id='word_1_632' title='bbox 3501 4596 3559 4644; x_wconf 87' lang='lat' dir='ltr'><strong>et</strong></span> 
     </span>
    </p>
   </div>
   <div class='ocr_carea' id='block_1_90' title="bbox 285 4705 481 4750">
    <p class='ocr_par' dir='ltr' id='par_1_90' title="bbox 285 4705 481 4750">
     <span class='ocr_line' id='line_1_90' title="bbox 285 4705 481 4750; baseline -0.026 0"><span class='ocrx_word' id='word_1_633' title='bbox 285 4705 481 4750; x_wconf 70' lang='grc' dir='ltr'><strong>εθδδιο.</strong></span> 
     </span>
    </p>
   </div>
   <div class='ocr_carea' id='block_1_91' title="bbox 354 4780 1874 4857">
    <p class='ocr_par' dir='ltr' id='par_1_91' title="bbox 354 4780 1874 4857">
     <span class='ocr_line' id='line_1_91' title="bbox 354 4780 1874 4857; baseline 0.003 -19"><span class='ocrx_word' id='word_1_634' title='bbox 354 4782 642 4857; x_wconf 75' lang='lat' dir='ltr'><strong>(&#39;I‘ueoru.)</strong></span> <span class='ocrx_word' id='word_1_635' title='bbox 671 4782 828 4839; x_wconf 82' lang='lat' dir='ltr'><strong>Mites</strong></span> <span class='ocrx_word' id='word_1_636' title='bbox 855 4789 1001 4848; x_wconf 90' lang='lat' dir='ltr'><strong>sunt,</strong></span> <span class='ocrx_word' id='word_1_637' title='bbox 1045 4795 1154 4836; x_wconf 88' lang='lat' dir='ltr'><strong>non</strong></span> <span class='ocrx_word' id='word_1_638' title='bbox 1188 4780 1282 4851; x_wconf 88' lang='lat' dir='ltr'><strong>qui</strong></span> <span class='ocrx_word' id='word_1_639' title='bbox 1325 4795 1550 4852; x_wconf 88' lang='lat' dir='ltr'><strong>prorsus</strong></span> <span class='ocrx_word' id='word_1_640' title='bbox 1582 4798 1693 4840; x_wconf 91' lang='lat' dir='ltr'><strong>non</strong></span> <span class='ocrx_word' id='word_1_641' title='bbox 1735 4783 1874 4842; x_wconf 54' lang='lat' dir='ltr'><strong>irasn</strong></span> 
     </span>
    </p>
   </div>
   <div class='ocr_carea' id='block_1_92' title="bbox 282 4877 1865 4952">
    <p class='ocr_par' dir='ltr' id='par_1_92' title="bbox 282 4877 1865 4952">
     <span class='ocr_line' id='line_1_92' title="bbox 282 4877 1865 4952; baseline 0 -16"><span class='ocrx_word' id='word_1_642' title='bbox 282 4891 504 4946; x_wconf 89' lang='lat' dir='ltr'><strong>cuntur,</strong></span> <span class='ocrx_word' id='word_1_643' title='bbox 545 4887 677 4945; x_wconf 83' lang='lat' dir='ltr'><strong>etc.,</strong></span> <span class='ocrx_word' id='word_1_644' title='bbox 721 4894 884 4950; x_wconf 87' lang='lat' dir='ltr'><strong>usque</strong></span> <span class='ocrx_word' id='word_1_645' title='bbox 910 4877 979 4932; x_wconf 89' lang='lat' dir='ltr'><strong>ad</strong></span> <span class='ocrx_word' id='word_1_646' title='bbox 1007 4878 1087 4934; x_wconf 91' lang='lat' dir='ltr'><strong>sic</strong></span> <span class='ocrx_word' id='word_1_647' title='bbox 1111 4877 1356 4934; x_wconf 86' lang='lat' dir='ltr'><strong>doctrina</strong></span> <span class='ocrx_word' id='word_1_648' title='bbox 1397 4879 1499 4936; x_wconf 88' lang='lat' dir='ltr'><strong>viri</strong></span> <span class='ocrx_word' id='word_1_649' title='bbox 1529 4895 1629 4952; x_wconf 89' lang='lat' dir='ltr'><strong>per</strong></span> <span class='ocrx_word' id='word_1_650' title='bbox 1651 4881 1865 4952; x_wconf 87' lang='lat' dir='ltr'><strong>patien-</strong></span> 
     </span>
    </p>
   </div>
   <div class='ocr_carea' id='block_1_93' title="bbox 282 4972 806 5043">
    <p class='ocr_par' dir='ltr' id='par_1_93' title="bbox 282 4972 806 5043">
     <span class='ocr_line' id='line_1_93' title="bbox 282 4972 806 5043; baseline -0.008 -13"><span class='ocrx_word' id='word_1_651' title='bbox 282 4976 426 5030; x_wconf 86' lang='lat' dir='ltr'><strong>tiam</strong></span> <span class='ocrx_word' id='word_1_652' title='bbox 455 4972 806 5043; x_wconf 76' lang='lat' dir='ltr'><strong>dignoscitur.</strong></span> 
     </span>
    </p>
   </div>
   <div class='ocr_carea' id='block_1_94' title="bbox 359 5062 1866 5136">
    <p class='ocr_par' dir='ltr' id='par_1_94' title="bbox 359 5062 1866 5136">
     <span class='ocr_line' id='line_1_94' title="bbox 359 5062 1866 5136; baseline 0.003 -18"><span class='ocrx_word' id='word_1_653' title='bbox 359 5065 705 5120; x_wconf 84' lang='lat' dir='ltr'><strong>Possidebunt</strong></span> <span class='ocrx_word' id='word_1_654' title='bbox 729 5074 943 5119; x_wconf 88' lang='lat' dir='ltr'><strong>terram.</strong></span> <span class='ocrx_word' id='word_1_655' title='bbox 973 5063 1153 5136; x_wconf 80' lang='lat' dir='ltr'><strong>(AUG.)</strong></span> <span class='ocrx_word' id='word_1_656' title='bbox 1177 5062 1326 5118; x_wconf 90' lang='lat' dir='ltr'><strong>Illam</strong></span> <span class='ocrx_word' id='word_1_657' title='bbox 1348 5070 1553 5119; x_wconf 82' lang='lat' dir='ltr'><strong>terram</strong></span> <span class='ocrx_word' id='word_1_658' title='bbox 1575 5079 1676 5136; x_wconf 85' lang='lat' dir='ltr'><strong>ego</strong></span> <span class='ocrx_word' id='word_1_659' title='bbox 1703 5066 1866 5122; x_wconf 85' lang='lat' dir='ltr'><strong>credo</strong></span> 
     </span>
    </p>
   </div>
   <div class='ocr_carea' id='block_1_95' title="bbox 281 5154 1863 5228">
    <p class='ocr_par' dir='ltr' id='par_1_95' title="bbox 281 5154 1863 5228">
     <span class='ocr_line' id='line_1_95' title="bbox 281 5154 1863 5228; baseline -0.001 -15"><span class='ocrx_word' id='word_1_660' title='bbox 281 5159 348 5213; x_wconf 87' lang='lat' dir='ltr'><strong>de</strong></span> <span class='ocrx_word' id='word_1_661' title='bbox 375 5172 482 5228; x_wconf 85' lang='lat' dir='ltr'><strong>qua</strong></span> <span class='ocrx_word' id='word_1_662' title='bbox 506 5158 561 5212; x_wconf 91' lang='lat' dir='ltr'><strong>in</strong></span> <span class='ocrx_word' id='word_1_663' title='bbox 585 5155 801 5212; x_wconf 85' lang='lat' dir='ltr'><strong>Psalmo</strong></span> <span class='ocrx_word' id='word_1_664' title='bbox 823 5155 1053 5210; x_wconf 89' lang='lat' dir='ltr'><strong>dicitur:</strong></span> <span class='ocrx_word' id='word_1_665' title='bbox 1080 5154 1207 5226; x_wconf 87' lang='lat' dir='ltr'><strong>Spes</strong></span> <span class='ocrx_word' id='word_1_666' title='bbox 1232 5171 1348 5210; x_wconf 88' lang='lat' dir='ltr'><strong>mea</strong></span> <span class='ocrx_word' id='word_1_667' title='bbox 1372 5171 1426 5210; x_wconf 91' lang='lat' dir='ltr'><strong>es</strong></span> <span class='ocrx_word' id='word_1_668' title='bbox 1455 5164 1534 5222; x_wconf 88' lang='lat' dir='ltr'><strong>tu,</strong></span> <span class='ocrx_word' id='word_1_669' title='bbox 1558 5157 1728 5227; x_wconf 88' lang='lat' dir='ltr'><strong>portio</strong></span> <span class='ocrx_word' id='word_1_670' title='bbox 1747 5173 1863 5212; x_wconf 89' lang='lat' dir='ltr'><strong>mea</strong></span> 
     </span>
    </p>
   </div>
   <div class='ocr_carea' id='block_1_96' title="bbox 278 5243 1222 5317">
    <p class='ocr_par' dir='ltr' id='par_1_96' title="bbox 278 5243 1222 5317">
     <span class='ocr_line' id='line_1_96' title="bbox 278 5243 1222 5317; baseline -0.006 -13"><span class='ocrx_word' id='word_1_671' title='bbox 278 5251 334 5304; x_wconf 87' lang='lat' dir='ltr'><strong>in</strong></span> <span class='ocrx_word' id='word_1_672' title='bbox 364 5260 506 5302; x_wconf 85' lang='lat' dir='ltr'><strong>terra</strong></span> <span class='ocrx_word' id='word_1_673' title='bbox 533 5248 807 5303; x_wconf 75' lang='lat' dir='ltr'><strong>viventium</strong></span> <span class='ocrx_word' id='word_1_674' title='bbox 843 5243 1016 5317; x_wconf 87' lang='lat' dir='ltr'><strong>(Psal.</strong></span> <span class='ocrx_word' id='word_1_675' title='bbox 1054 5247 1222 5317; x_wconf 77' lang='lat' dir='ltr'><strong>CLXI).</strong></span> 
     </span>
    </p>
   </div>
   <div class='ocr_carea' id='block_1_97' title="bbox 351 5336 1861 5408">
    <p class='ocr_par' dir='ltr' id='par_1_97' title="bbox 351 5336 1861 5408">
     <span class='ocr_line' id='line_1_97' title="bbox 351 5336 1861 5408; baseline -0.001 -11"><span class='ocrx_word' id='word_1_676' title='bbox 351 5341 520 5397; x_wconf 78' lang='lat' dir='ltr'><strong>Vens.</strong></span> <span class='ocrx_word' id='word_1_677' title='bbox 554 5337 608 5397; x_wconf 80' lang='lat'><strong>5.</strong></span> <span class='ocrx_word' id='word_1_678' title='bbox 638 5368 708 5380; x_wconf 93' lang='lat'><strong>—</strong></span> <span class='ocrx_word' id='word_1_679' title='bbox 730 5338 881 5394; x_wconf 86' lang='lat' dir='ltr'><strong>Beati</strong></span> <span class='ocrx_word' id='word_1_680' title='bbox 901 5338 991 5408; x_wconf 87' lang='lat' dir='ltr'><strong>qui</strong></span> <span class='ocrx_word' id='word_1_681' title='bbox 1015 5337 1210 5408; x_wconf 85' lang='lat' dir='ltr'><strong>lugent.</strong></span> <span class='ocrx_word' id='word_1_682' title='bbox 1240 5337 1346 5392; x_wconf 89' lang='lat' dir='ltr'><strong>Pro</strong></span> <span class='ocrx_word' id='word_1_683' title='bbox 1382 5336 1496 5393; x_wconf 89' lang='lat' dir='ltr'><strong>suis</strong></span> <span class='ocrx_word' id='word_1_684' title='bbox 1520 5336 1605 5392; x_wconf 88' lang='lat' dir='ltr'><strong>vel</strong></span> <span class='ocrx_word' id='word_1_685' title='bbox 1633 5337 1861 5395; x_wconf 90' lang='lat' dir='ltr'><strong>aliorum</strong></span> 
     </span>
    </p>
   </div>
   <div class='ocr_carea' id='block_1_98' title="bbox 277 5429 1859 5506">
    <p class='ocr_par' dir='ltr' id='par_1_98' title="bbox 277 5429 1859 5506">
     <span class='ocr_line' id='line_1_98' title="bbox 277 5429 1859 5506; baseline -0.003 -16"><span class='ocrx_word' id='word_1_686' title='bbox 277 5434 541 5506; x_wconf 88' lang='lat' dir='ltr'><strong>peccatis,</strong></span> <span class='ocrx_word' id='word_1_687' title='bbox 566 5433 658 5502; x_wconf 91' lang='lat' dir='ltr'><strong>qui</strong></span> <span class='ocrx_word' id='word_1_688' title='bbox 684 5440 766 5487; x_wconf 89' lang='lat' dir='ltr'><strong>est</strong></span> <span class='ocrx_word' id='word_1_689' title='bbox 798 5432 866 5487; x_wconf 92' lang='lat' dir='ltr'><strong>ab</strong></span> <span class='ocrx_word' id='word_1_690' title='bbox 893 5430 1096 5502; x_wconf 89' lang='lat' dir='ltr'><strong>irriguo</strong></span> <span class='ocrx_word' id='word_1_691' title='bbox 1138 5429 1400 5494; x_wconf 91' lang='lat' dir='ltr'><strong>inferiori,</strong></span> <span class='ocrx_word' id='word_1_692' title='bbox 1432 5429 1524 5484; x_wconf 89' lang='lat' dir='ltr'><strong>sed</strong></span> <span class='ocrx_word' id='word_1_693' title='bbox 1555 5431 1648 5500; x_wconf 88' lang='lat' dir='ltr'><strong>qui</strong></span> <span class='ocrx_word' id='word_1_694' title='bbox 1695 5431 1754 5485; x_wconf 83' lang='lat' dir='ltr'><strong>fit</strong></span> <span class='ocrx_word' id='word_1_695' title='bbox 1793 5432 1859 5487; x_wconf 88' lang='lat' dir='ltr'><strong>ab</strong></span> 
     </span>
    </p>
   </div>
   <div class='ocr_carea' id='block_1_99' title="bbox 279 5520 1856 5597">
    <p class='ocr_par' dir='ltr' id='par_1_99' title="bbox 279 5520 1856 5597">
     <span class='ocr_line' id='line_1_99' title="bbox 279 5520 1856 5597; baseline -0.003 -16"><span class='ocrx_word' id='word_1_696' title='bbox 279 5526 489 5597; x_wconf 84' lang='lat' dir='ltr'><strong>irriguo</strong></span> <span class='ocrx_word' id='word_1_697' title='bbox 537 5523 800 5594; x_wconf 87' lang='lat' dir='ltr'><strong>superiori</strong></span> <span class='ocrx_word' id='word_1_698' title='bbox 851 5530 936 5578; x_wconf 85' lang='lat' dir='ltr'><strong>est</strong></span> <span class='ocrx_word' id='word_1_699' title='bbox 973 5536 1039 5576; x_wconf 82' lang='lat' dir='ltr'><strong>ex</strong></span> <span class='ocrx_word' id='word_1_700' title='bbox 1068 5520 1336 5576; x_wconf 90' lang='lat' dir='ltr'><strong>desiderio</strong></span> <span class='ocrx_word' id='word_1_701' title='bbox 1380 5520 1618 5576; x_wconf 66' lang='lat' dir='ltr'><strong>caelestis</strong></span> <span class='ocrx_word' id='word_1_702' title='bbox 1649 5522 1856 5592; x_wconf 64' lang='lat' dir='ltr'><strong>patrita.</strong></span> 
     </span>
    </p>
   </div>
   <div class='ocr_carea' id='block_1_100' title="bbox 278 5612 1862 5688">
    <p class='ocr_par' dir='ltr' id='par_1_100' title="bbox 278 5612 1862 5688">
     <span class='ocr_line' id='line_1_100' title="bbox 278 5612 1862 5688; baseline -0.006 -13"><span class='ocrx_word' id='word_1_703' title='bbox 278 5620 373 5675; x_wconf 87' lang='lat' dir='ltr'><strong>Ille</strong></span> <span class='ocrx_word' id='word_1_704' title='bbox 395 5619 540 5673; x_wconf 84' lang='lat' dir='ltr'><strong>lavat</strong></span> <span class='ocrx_word' id='word_1_705' title='bbox 568 5625 860 5688; x_wconf 67' lang='lat' dir='ltr'><strong>praesentes</strong></span> <span class='ocrx_word' id='word_1_706' title='bbox 887 5612 1098 5676; x_wconf 89' lang='lat' dir='ltr'><strong>sordes,</strong></span> <span class='ocrx_word' id='word_1_707' title='bbox 1127 5612 1214 5668; x_wconf 89' lang='lat' dir='ltr'><strong>hic</strong></span> <span class='ocrx_word' id='word_1_708' title='bbox 1240 5612 1486 5667; x_wconf 87' lang='lat' dir='ltr'><strong>accendit</strong></span> <span class='ocrx_word' id='word_1_709' title='bbox 1505 5612 1686 5668; x_wconf 88' lang='lat' dir='ltr'><strong>acrius</strong></span> <span class='ocrx_word' id='word_1_710' title='bbox 1711 5621 1862 5668; x_wconf 84' lang='lat' dir='ltr'><strong>aeter-</strong></span> 
     </span>
    </p>
   </div>
   <div class='ocr_carea' id='block_1_101' title="bbox 1975 4679 3554 4752">
    <p class='ocr_par' dir='ltr' id='par_1_101' title="bbox 1975 4679 3554 4752">
     <span class='ocr_line' id='line_1_101' title="bbox 1975 4679 3554 4752; baseline -0.003 -13"><span class='ocrx_word' id='word_1_711' title='bbox 1975 4690 2124 4739; x_wconf 87' lang='lat' dir='ltr'><strong>recte</strong></span> <span class='ocrx_word' id='word_1_712' title='bbox 2154 4689 2302 4738; x_wconf 91' lang='lat' dir='ltr'><strong>tenet</strong></span> <span class='ocrx_word' id='word_1_713' title='bbox 2325 4681 2585 4752; x_wconf 83' lang='lat' dir='ltr'><strong>praedicta</strong></span> <span class='ocrx_word' id='word_1_714' title='bbox 2608 4694 2729 4751; x_wconf 70' lang='lat' dir='ltr'><strong>quae</strong></span> <span class='ocrx_word' id='word_1_715' title='bbox 2752 4679 2961 4750; x_wconf 88' lang='lat' dir='ltr'><strong>accepit</strong></span> <span class='ocrx_word' id='word_1_716' title='bbox 2978 4679 3070 4750; x_wconf 90' lang='lat' dir='ltr'><strong>qui</strong></span> <span class='ocrx_word' id='word_1_717' title='bbox 3097 4693 3198 4750; x_wconf 91' lang='lat' dir='ltr'><strong>pro</strong></span> <span class='ocrx_word' id='word_1_718' title='bbox 3223 4679 3304 4736; x_wconf 91' lang='lat' dir='ltr'><strong>eis</strong></span> <span class='ocrx_word' id='word_1_719' title='bbox 3331 4686 3554 4750; x_wconf 90' lang='lat' dir='ltr'><strong>paratus</strong></span> 
     </span>
    </p>
   </div>
   <div class='ocr_carea' id='block_1_102' title="bbox 1973 4776 2246 4834">
    <p class='ocr_par' dir='ltr' id='par_1_102' title="bbox 1973 4776 2246 4834">
     <span class='ocr_line' id='line_1_102' title="bbox 1973 4776 2246 4834; baseline -0.007 -1"><span class='ocrx_word' id='word_1_720' title='bbox 1973 4785 2059 4834; x_wconf 87' lang='lat' dir='ltr'><strong>est</strong></span> <span class='ocrx_word' id='word_1_721' title='bbox 2087 4776 2246 4832; x_wconf 89' lang='lat' dir='ltr'><strong>mori.</strong></span> 
     </span>
    </p>
   </div>
   <div class='ocr_carea' id='block_1_103' title="bbox 1963 4865 3552 4928">
    <p class='ocr_par' dir='ltr' id='par_1_103' title="bbox 1963 4865 3552 4928">
     <span class='ocr_line' id='line_1_103' title="bbox 1963 4865 3552 4928; baseline -0.005 1"><span class='ocrx_word' id='word_1_722' title='bbox 1963 4911 1966 4914; x_wconf 67' lang='lat'><strong><em>~</em></strong></span> <span class='ocrx_word' id='word_1_723' title='bbox 2041 4872 2206 4928; x_wconf 80' lang='lat' dir='ltr'><strong>Vens.</strong></span> <span class='ocrx_word' id='word_1_724' title='bbox 2231 4871 2320 4926; x_wconf 79' lang='grc'><strong>11.</strong></span> <span class='ocrx_word' id='word_1_725' title='bbox 2348 4899 2420 4913; x_wconf 90' lang='grc'><strong><em>-</em></strong></span> <span class='ocrx_word' id='word_1_726' title='bbox 2448 4868 2600 4926; x_wconf 87' lang='lat' dir='ltr'><strong>Beati</strong></span> <span class='ocrx_word' id='word_1_727' title='bbox 2619 4870 2744 4926; x_wconf 88' lang='lat' dir='ltr'><strong>estis</strong></span> <span class='ocrx_word' id='word_1_728' title='bbox 2765 4886 2885 4924; x_wconf 87' lang='lat' dir='ltr'><strong>cum</strong></span> <span class='ocrx_word' id='word_1_729' title='bbox 2909 4866 3298 4923; x_wconf 70' lang='lat' dir='ltr'><strong>maledixerint.</strong></span> <span class='ocrx_word' id='word_1_730' title='bbox 3337 4865 3552 4922; x_wconf 79' lang='lat' dir='ltr'><strong>Iiucus-</strong></span> 
     </span>
    </p>
   </div>
   <div class='ocr_carea' id='block_1_104' title="bbox 1969 4957 3582 5040">
    <p class='ocr_par' dir='ltr' id='par_1_104' title="bbox 1969 4957 3582 5040">
     <span class='ocr_line' id='line_1_104' title="bbox 1969 4957 3582 5040; baseline -0.006 -20"><span class='ocrx_word' id='word_1_731' title='bbox 1969 4977 2075 5036; x_wconf 88' lang='lat' dir='ltr'><strong>que</strong></span> <span class='ocrx_word' id='word_1_732' title='bbox 2095 4960 2422 5034; x_wconf 90' lang='lat' dir='ltr'><strong>generaliter</strong></span> <span class='ocrx_word' id='word_1_733' title='bbox 2453 4961 2750 5017; x_wconf 87' lang='lat' dir='ltr'><strong>sententias</strong></span> <span class='ocrx_word' id='word_1_734' title='bbox 2777 4959 2959 5030; x_wconf 89' lang='lat' dir='ltr'><strong>posuit</strong></span> <span class='ocrx_word' id='word_1_735' title='bbox 2993 4957 3148 5029; x_wconf 88' lang='lat' dir='ltr'><strong>quasi</strong></span> <span class='ocrx_word' id='word_1_736' title='bbox 3178 4957 3246 5012; x_wconf 92' lang='lat' dir='ltr'><strong>ad</strong></span> <span class='ocrx_word' id='word_1_737' title='bbox 3275 4958 3548 5040; x_wconf 85' lang='lat' dir='ltr'><strong>absentes,</strong></span> <span class='ocrx_word' id='word_1_738' title='bbox 3577 5009 3582 5020; x_wconf 78' lang='grc'><em>,</em></span> 
     </span>
    </p>
   </div>
   <div class='ocr_carea' id='block_1_105' title="bbox 1966 5048 3578 5124">
    <p class='ocr_par' dir='ltr' id='par_1_105' title="bbox 1966 5048 3578 5124">
     <span class='ocr_line' id='line_1_105' title="bbox 1966 5048 3578 5124; baseline -0.006 -11"><span class='ocrx_word' id='word_1_739' title='bbox 1966 5071 2094 5113; x_wconf 88' lang='lat' dir='ltr'><strong>eum</strong></span> <span class='ocrx_word' id='word_1_740' title='bbox 2119 5065 2176 5110; x_wconf 89' lang='lat' dir='ltr'><strong>et</strong></span> <span class='ocrx_word' id='word_1_741' title='bbox 2194 5053 2263 5109; x_wconf 91' lang='lat' dir='ltr'><strong>ad</strong></span> <span class='ocrx_word' id='word_1_742' title='bbox 2293 5062 2588 5124; x_wconf 65' lang='lat' dir='ltr'><strong>praesentes</strong></span> <span class='ocrx_word' id='word_1_743' title='bbox 2608 5053 2960 5124; x_wconf 86' lang='lat' dir='ltr'><strong>pertinerent.</strong></span> <span class='ocrx_word' id='word_1_744' title='bbox 2989 5065 3134 5107; x_wconf 90' lang='lat' dir='ltr'><strong>nunc</strong></span> <span class='ocrx_word' id='word_1_745' title='bbox 3173 5049 3242 5106; x_wconf 91' lang='lat' dir='ltr'><strong>ad</strong></span> <span class='ocrx_word' id='word_1_746' title='bbox 3264 5065 3358 5106; x_wconf 90' lang='lat' dir='ltr'><strong>eos</strong></span> <span class='ocrx_word' id='word_1_747' title='bbox 3384 5048 3549 5105; x_wconf 87' lang='lat' dir='ltr'><strong>verba</strong></span> <span class='ocrx_word' id='word_1_748' title='bbox 3575 5081 3578 5084; x_wconf 84' lang='lat'><strong><em>~</em></strong></span> 
     </span>
    </p>
   </div>
   <div class='ocr_carea' id='block_1_106' title="bbox 1970 5137 3548 5214">
    <p class='ocr_par' dir='ltr' id='par_1_106' title="bbox 1970 5137 3548 5214">
     <span class='ocr_line' id='line_1_106' title="bbox 1970 5137 3548 5214; baseline -0.004 -14"><span class='ocrx_word' id='word_1_749' title='bbox 1970 5142 2517 5214; x_wconf 89' lang='lat' dir='ltr'><strong>convertit(quamvis</strong></span> <span class='ocrx_word' id='word_1_750' title='bbox 2545 5149 2601 5196; x_wconf 90' lang='lat' dir='ltr'><strong>et</strong></span> <span class='ocrx_word' id='word_1_751' title='bbox 2628 5141 2732 5196; x_wconf 91' lang='lat' dir='ltr'><strong>hoc</strong></span> <span class='ocrx_word' id='word_1_752' title='bbox 2756 5140 2877 5195; x_wconf 91' lang='lat' dir='ltr'><strong>aliis</strong></span> <span class='ocrx_word' id='word_1_753' title='bbox 2902 5137 3229 5210; x_wconf 89' lang='lat' dir='ltr'><strong>conveniat),</strong></span> <span class='ocrx_word' id='word_1_754' title='bbox 3247 5138 3548 5210; x_wconf 62' lang='lat' dir='ltr'><strong>praedicens</strong></span> 
     </span>
    </p>
   </div>
   <div class='ocr_carea' id='block_1_107' title="bbox 1971 5231 3549 5310">
    <p class='ocr_par' dir='ltr' id='par_1_107' title="bbox 1971 5231 3549 5310">
     <span class='ocr_line' id='line_1_107' title="bbox 1971 5231 3549 5310; baseline -0.004 -17"><span class='ocrx_word' id='word_1_755' title='bbox 1971 5245 2174 5310; x_wconf 87' lang='lat' dir='ltr'><strong>quanta</strong></span> <span class='ocrx_word' id='word_1_756' title='bbox 2197 5250 2298 5306; x_wconf 89' lang='lat' dir='ltr'><strong>pro</strong></span> <span class='ocrx_word' id='word_1_757' title='bbox 2337 5235 2556 5291; x_wconf 91' lang='lat' dir='ltr'><strong>nomine</strong></span> <span class='ocrx_word' id='word_1_758' title='bbox 2577 5234 2693 5305; x_wconf 91' lang='lat' dir='ltr'><strong>ejus</strong></span> <span class='ocrx_word' id='word_1_759' title='bbox 2722 5242 2903 5302; x_wconf 72' lang='lat' dir='ltr'><strong>essent</strong></span> <span class='ocrx_word' id='word_1_760' title='bbox 2925 5232 3140 5303; x_wconf 87' lang='lat' dir='ltr'><strong>passuri</strong></span> <span class='ocrx_word' id='word_1_761' title='bbox 3173 5248 3188 5286; x_wconf 89' lang='lat'><strong>:</strong></span> <span class='ocrx_word' id='word_1_762' title='bbox 3222 5231 3348 5301; x_wconf 89' lang='lat' dir='ltr'><strong>quia</strong></span> <span class='ocrx_word' id='word_1_763' title='bbox 3375 5231 3549 5302; x_wconf 82' lang='lat' dir='ltr'><strong>digni-</strong></span> 
     </span>
    </p>
   </div>
   <div class='ocr_carea' id='block_1_108' title="bbox 1970 5323 3566 5399">
    <p class='ocr_par' dir='ltr' id='par_1_108' title="bbox 1970 5323 3566 5399">
     <span class='ocr_line' id='line_1_108' title="bbox 1970 5323 3566 5399; baseline -0.004 -16"><span class='ocrx_word' id='word_1_764' title='bbox 1970 5336 2135 5384; x_wconf 87' lang='lat' dir='ltr'><strong>tatem</strong></span> <span class='ocrx_word' id='word_1_765' title='bbox 2173 5328 2373 5399; x_wconf 89' lang='lat' dir='ltr'><strong>gradus</strong></span> <span class='ocrx_word' id='word_1_766' title='bbox 2408 5341 2595 5381; x_wconf 90' lang='lat' dir='ltr'><strong>eorum</strong></span> <span class='ocrx_word' id='word_1_767' title='bbox 2636 5326 2716 5380; x_wconf 85' lang='lat' dir='ltr'><strong>eis</strong></span> <span class='ocrx_word' id='word_1_768' title='bbox 2753 5325 3006 5380; x_wconf 89' lang='lat' dir='ltr'><strong>intimare</strong></span> <span class='ocrx_word' id='word_1_769' title='bbox 3056 5323 3271 5379; x_wconf 91' lang='lat' dir='ltr'><strong>volebat</strong></span> <span class='ocrx_word' id='word_1_770' title='bbox 3314 5323 3566 5380; x_wconf 82' lang='lat' dir='ltr'><strong>dicens:.</strong></span> 
     </span>
    </p>
   </div>
   <div class='ocr_carea' id='block_1_109' title="bbox 1979 5412 3546 5482">
    <p class='ocr_par' dir='ltr' id='par_1_109' title="bbox 1979 5412 3546 5482">
     <span class='ocr_line' id='line_1_109' title="bbox 1979 5412 3546 5482; baseline -0.004 -10"><span class='ocrx_word' id='word_1_771' title='bbox 1979 5418 2082 5473; x_wconf 83' lang='lat' dir='ltr'><strong>Vos</strong></span> <span class='ocrx_word' id='word_1_772' title='bbox 2101 5419 2222 5474; x_wconf 85' lang='lat' dir='ltr'><strong>estis</strong></span> <span class='ocrx_word' id='word_1_773' title='bbox 2254 5417 2335 5472; x_wconf 79' lang='lat' dir='ltr'><strong>sat</strong></span> <span class='ocrx_word' id='word_1_774' title='bbox 2370 5426 2546 5482; x_wconf 70' lang='lat' dir='ltr'><strong>terrm,</strong></span> <span class='ocrx_word' id='word_1_775' title='bbox 2573 5432 2660 5471; x_wconf 81' lang='lat' dir='ltr'><strong>vos</strong></span> <span class='ocrx_word' id='word_1_776' title='bbox 2689 5417 2812 5471; x_wconf 86' lang='lat' dir='ltr'><strong>estis</strong></span> <span class='ocrx_word' id='word_1_777' title='bbox 2843 5414 2936 5470; x_wconf 78' lang='lat' dir='ltr'><strong>luas</strong></span> <span class='ocrx_word' id='word_1_778' title='bbox 2956 5413 3174 5480; x_wconf 83' lang='lat' dir='ltr'><strong>mundi;</strong></span> <span class='ocrx_word' id='word_1_779' title='bbox 3204 5421 3264 5468; x_wconf 91' lang='lat' dir='ltr'><strong>ut</strong></span> <span class='ocrx_word' id='word_1_780' title='bbox 3291 5429 3360 5469; x_wconf 80' lang='lat' dir='ltr'><strong>ex</strong></span> <span class='ocrx_word' id='word_1_781' title='bbox 3383 5412 3546 5468; x_wconf 83' lang='lat' dir='ltr'><strong>tristi-</strong></span> 
     </span>
    </p>
   </div>
   <div class='ocr_carea' id='block_1_110' title="bbox 1965 5511 3539 5582">
    <p class='ocr_par' dir='ltr' id='par_1_110' title="bbox 1965 5511 3539 5582">
     <span class='ocr_line' id='line_1_110' title="bbox 1965 5511 3539 5582; baseline -0.007 -9"><span class='ocrx_word' id='word_1_782' title='bbox 1965 5517 2067 5573; x_wconf 87' lang='lat' dir='ltr'><strong>bus</strong></span> <span class='ocrx_word' id='word_1_783' title='bbox 2088 5515 2468 5580; x_wconf 88' lang='lat' dir='ltr'><strong>humilitatem,</strong></span> <span class='ocrx_word' id='word_1_784' title='bbox 2499 5529 2566 5569; x_wconf 77' lang='lat' dir='ltr'><strong>ex</strong></span> <span class='ocrx_word' id='word_1_785' title='bbox 2593 5513 2728 5568; x_wconf 77' lang='lat' dir='ltr'><strong>laetis</strong></span> <span class='ocrx_word' id='word_1_786' title='bbox 2765 5514 3072 5582; x_wconf 90' lang='lat' dir='ltr'><strong>acciperent</strong></span> <span class='ocrx_word' id='word_1_787' title='bbox 3097 5511 3539 5567; x_wconf 88' lang='lat' dir='ltr'><strong>consolationem.</strong></span> 
     </span>
    </p>
   </div>
   <div class='ocr_carea' id='block_1_111' title="bbox 2039 5601 3544 5680">
    <p class='ocr_par' dir='ltr' id='par_1_111' title="bbox 2039 5601 3544 5680">
     <span class='ocr_line' id='line_1_111' title="bbox 2039 5601 3544 5680; baseline -0.005 -18"><span class='ocrx_word' id='word_1_788' title='bbox 2039 5606 2431 5662; x_wconf 76' lang='lat' dir='ltr'><strong>Maledixerint.</strong></span> <span class='ocrx_word' id='word_1_789' title='bbox 2462 5605 2696 5680; x_wconf 80' lang='lat' dir='ltr'><strong>Antiqua</strong></span> <span class='ocrx_word' id='word_1_790' title='bbox 2722 5603 3002 5660; x_wconf 89' lang='lat' dir='ltr'><strong>translatio</strong></span> <span class='ocrx_word' id='word_1_791' title='bbox 3030 5603 3193 5658; x_wconf 87' lang='lat' dir='ltr'><strong>habet</strong></span> <span class='ocrx_word' id='word_1_792' title='bbox 3222 5621 3234 5658; x_wconf 92' lang='lat'><strong>:</strong></span> <span class='ocrx_word' id='word_1_793' title='bbox 3265 5601 3392 5658; x_wconf 88' lang='lat' dir='ltr'><strong>Cum</strong></span> <span class='ocrx_word' id='word_1_794' title='bbox 3421 5601 3544 5655; x_wconf 84' lang='lat' dir='ltr'><strong>ode-</strong></span> 
     </span>
    </p>
   </div>
   <div class='ocr_carea' id='block_1_112' title="bbox 278 5696 3540 5774">
    <p class='ocr_par' dir='ltr' id='par_1_112' title="bbox 278 5696 3540 5774">
     <span class='ocr_line' id='line_1_112' title="bbox 278 5696 3540 5774; baseline -0.006 -7"><span class='ocrx_word' id='word_1_795' title='bbox 278 5727 474 5768; x_wconf 83' lang='lat' dir='ltr'><strong>nornm</strong></span> <span class='ocrx_word' id='word_1_796' title='bbox 500 5718 789 5764; x_wconf 86' lang='lat' dir='ltr'><strong>amatores.</strong></span> <span class='ocrx_word' id='word_1_797' title='bbox 818 5705 921 5774; x_wconf 91' lang='lat' dir='ltr'><strong>Qui</strong></span> <span class='ocrx_word' id='word_1_798' title='bbox 951 5712 1130 5760; x_wconf 85' lang='lat' dir='ltr'><strong>autem</strong></span> <span class='ocrx_word' id='word_1_799' title='bbox 1151 5714 1372 5772; x_wconf 89' lang='lat' dir='ltr'><strong>peccata</strong></span> <span class='ocrx_word' id='word_1_800' title='bbox 1393 5702 1660 5773; x_wconf 89' lang='lat' dir='ltr'><strong>deposuit,</strong></span> <span class='ocrx_word' id='word_1_801' title='bbox 1686 5718 1865 5760; x_wconf 85' lang='lat' dir='ltr'><strong>mores</strong></span> <span class='ocrx_word' id='word_1_802' title='bbox 1969 5702 2074 5755; x_wconf 91' lang='lat' dir='ltr'><strong>rint</strong></span> <span class='ocrx_word' id='word_1_803' title='bbox 2108 5718 2195 5756; x_wconf 85' lang='lat' dir='ltr'><strong>vos</strong></span> <span class='ocrx_word' id='word_1_804' title='bbox 2241 5700 2494 5764; x_wconf 84' lang='lat' dir='ltr'><strong>homines,</strong></span> <span class='ocrx_word' id='word_1_805' title='bbox 2531 5709 2577 5754; x_wconf 88' lang='lat' dir='ltr'><strong>et</strong></span> <span class='ocrx_word' id='word_1_806' title='bbox 2607 5699 2830 5754; x_wconf 76' lang='lat' dir='ltr'><strong>dixerint</strong></span> <span class='ocrx_word' id='word_1_807' title='bbox 2861 5714 3012 5753; x_wconf 85' lang='lat' dir='ltr'><strong>omne</strong></span> <span class='ocrx_word' id='word_1_808' title='bbox 3046 5696 3263 5762; x_wconf 85' lang='lat' dir='ltr'><strong>malum,</strong></span> <span class='ocrx_word' id='word_1_809' title='bbox 3301 5705 3347 5749; x_wconf 92' lang='lat' dir='ltr'><strong>et</strong></span> <span class='ocrx_word' id='word_1_810' title='bbox 3375 5709 3540 5762; x_wconf 77' lang='lat' dir='ltr'><strong>expu-</strong></span> 
     </span>
    </p>
   </div>
   <div class='ocr_carea' id='block_1_113' title="bbox 280 5783 3541 5866">
    <p class='ocr_par' dir='ltr' id='par_1_113' title="bbox 280 5783 3541 5866">
     <span class='ocr_line' id='line_1_113' title="bbox 280 5783 3541 5866; baseline -0.008 -4"><span class='ocrx_word' id='word_1_811' title='bbox 280 5798 697 5862; x_wconf 75' lang='lat' dir='ltr'><strong>mahsiictudine</strong></span> <span class='ocrx_word' id='word_1_812' title='bbox 724 5799 982 5863; x_wconf 74' lang='lat' dir='ltr'><strong>correxit,</strong></span> <span class='ocrx_word' id='word_1_813' title='bbox 1010 5796 1158 5852; x_wconf 88' lang='lat' dir='ltr'><strong>ﬂevit</strong></span> <span class='ocrx_word' id='word_1_814' title='bbox 1186 5796 1376 5862; x_wconf 89' lang='lat' dir='ltr'><strong>etiam,</strong></span> <span class='ocrx_word' id='word_1_815' title='bbox 1391 5795 1504 5866; x_wconf 90' lang='lat' dir='ltr'><strong>jam</strong></span> <span class='ocrx_word' id='word_1_816' title='bbox 1539 5803 1717 5866; x_wconf 89' lang='lat' dir='ltr'><strong>potest</strong></span> <span class='ocrx_word' id='word_1_817' title='bbox 1739 5809 1864 5851; x_wconf 85' lang='lat' dir='ltr'><strong>esu-</strong></span> <span class='ocrx_word' id='word_1_818' title='bbox 1969 5791 2142 5847; x_wconf 82' lang='lat' dir='ltr'><strong>terint.</strong></span> <span class='ocrx_word' id='word_1_819' title='bbox 2169 5790 2316 5846; x_wconf 90' lang='lat' dir='ltr'><strong>Idem</strong></span> <span class='ocrx_word' id='word_1_820' title='bbox 2345 5798 2523 5844; x_wconf 89' lang='lat' dir='ltr'><strong>tamen</strong></span> <span class='ocrx_word' id='word_1_821' title='bbox 2553 5805 2742 5846; x_wconf 88' lang='lat' dir='ltr'><strong>sensus</strong></span> <span class='ocrx_word' id='word_1_822' title='bbox 2768 5789 2821 5844; x_wconf 91' lang='lat' dir='ltr'><strong>in</strong></span> <span class='ocrx_word' id='word_1_823' title='bbox 2850 5795 3034 5844; x_wconf 85' lang='lat' dir='ltr'><strong>nostra</strong></span> <span class='ocrx_word' id='word_1_824' title='bbox 3053 5827 3067 5852; x_wconf 89' lang='lat'><strong>,</strong></span> <span class='ocrx_word' id='word_1_825' title='bbox 3099 5801 3221 5842; x_wconf 93' lang='lat' dir='ltr'><strong>cum</strong></span> <span class='ocrx_word' id='word_1_826' title='bbox 3257 5783 3541 5839; x_wconf 88' lang='lat' dir='ltr'><strong>maledicta</strong></span> 
     </span>
    </p>
   </div>
   <div class='ocr_carea' id='block_1_114' title="bbox 281 5875 3540 5970">
    <p class='ocr_par' dir='ltr' id='par_1_114' title="bbox 281 5875 3540 5970">
     <span class='ocr_line' id='line_1_114' title="bbox 281 5875 3540 5970; baseline -0.009 -10"><span class='ocrx_word' id='word_1_827' title='bbox 281 5899 393 5960; x_wconf 73' lang='lat' dir='ltr'><strong>rite</strong></span> <span class='ocrx_word' id='word_1_828' title='bbox 414 5903 478 5955; x_wconf 80' lang='lat' dir='ltr'><strong>&#39;et</strong></span> <span class='ocrx_word' id='word_1_829' title='bbox 501 5895 655 5956; x_wconf 72' lang='lat' dir='ltr'><strong>sitire</strong></span> <span class='ocrx_word' id='word_1_830' title='bbox 681 5889 1136 5970; x_wconf 73' lang='lat' dir='ltr'><strong>justitiam,qu</strong></span> <span class='ocrx_word' id='word_1_831' title='bbox 1158 5888 1442 5962; x_wconf 78' lang='lat' dir='ltr'><strong>priusuon</strong></span> <span class='ocrx_word' id='word_1_832' title='bbox 1466 5895 1700 5965; x_wconf 80' lang='lat' dir='ltr'><strong>poterat.</strong></span> <span class='ocrx_word' id='word_1_833' title='bbox 1733 5885 1864 5948; x_wconf 82' lang='lat' dir='ltr'><strong>Haec</strong></span> <span class='ocrx_word' id='word_1_834' title='bbox 1889 5963 1933 5968; x_wconf 14' lang='grc' dir='ltr'><strong><em>*λ</em></strong></span> <span class='ocrx_word' id='word_1_835' title='bbox 1971 5899 2040 5943; x_wconf 81' lang='lat' dir='ltr'><strong>ex</strong></span> <span class='ocrx_word' id='word_1_836' title='bbox 2070 5883 2196 5942; x_wconf 88' lang='lat' dir='ltr'><strong>odio</strong></span> <span class='ocrx_word' id='word_1_837' title='bbox 2230 5883 2412 5942; x_wconf 89' lang='lat' dir='ltr'><strong>cordis</strong></span> <span class='ocrx_word' id='word_1_838' title='bbox 2435 5882 2607 5958; x_wconf 59' lang='lat' dir='ltr'><strong>fiant.</strong></span> <span class='ocrx_word' id='word_1_839' title='bbox 2637 5881 2740 5952; x_wconf 82' lang='lat' dir='ltr'><strong>Qui</strong></span> <span class='ocrx_word' id='word_1_840' title='bbox 2785 5879 3012 5955; x_wconf 82' lang='lat' dir='ltr'><strong>gloriam</strong></span> <span class='ocrx_word' id='word_1_841' title='bbox 3043 5875 3167 5935; x_wconf 86' lang='lat' dir='ltr'><strong>coeli</strong></span> <span class='ocrx_word' id='word_1_842' title='bbox 3215 5880 3385 5950; x_wconf 82' lang='lat' dir='ltr'><strong>optat,</strong></span> <span class='ocrx_word' id='word_1_843' title='bbox 3431 5888 3540 5934; x_wconf 83' lang='lat' dir='ltr'><strong>non</strong></span> 
     </span>
    </p>
   </div>
  </div>
