4068 6344
524 337 588 394 91
1022 337 1413 395 WALAFBIDI
1454 337 1706 394 STRABI
1745 335 1949 392 FULD.
1994 334 2155 391 MON.
2199 335 2355 397 OPP.
2395 334 2574 390 PARS
2611 334 2653 389 Ι.
2691 364 2761 375 -
2798 333 3255 391 THEOLOCICA.
3702 333 3775 388 92

523 459 679 514 timet
725 458 1071 530 opprobrium
1121 459 1174 512 in
1216 468 1390 524 terra;
1437 464 1697 527 quantum
1744 457 1972 528 quisque
2031 455 2096 510 de
2121 450 2386 515 Aiamini
2410 468 2477 508 ne
2504 468 2597 508 vos
2616 452 2978 507 abscondatis.
3008 450 3121 504 Non
3148 451 3291 506 enim
3316 448 3541 505 facultas
3563 449 3775 504 subter-

521 548 678 606 laude
702 548 979 604 hominum
1005 548 1237 614 laetatur,
1256 553 1478 605 tantum
1506 551 1573 606 de
1600 549 1888 622 opprobrio
1916 549 2098 604 trista-

520 651 627 697 tur.
661 641 830 710 Quem
874 641 993 697 laus
1036 641 1265 707 extollit,
1303 642 1633 714 vituperatio
1675 641 1969 712 deprimit:
2003 640 2097 695 ubi

519 738 642 807 quis
678 736 871 807 quaerit
898 732 1104 790 laudari
1137 743 1347 791 tantum
1388 737 1529 808 apud
1560 737 1751 801 Deum,
1792 750 1898 789 non
1945 734 2101 788 timet

518 828 772 884 confundi
824 828 878 882 in
929 833 1221 897 conspectu
1262 828 1561 883 hominum.
1610 826 1933 883 Mentientea.
1986 823 2099 878 Hoc

519 920 670 975 addit
699 935 764 975 ne
788 918 1049 990 glorietur
1074 920 1139 974 de
1166 934 1273 990 quo
1300 934 1427 975 vere
1454 919 1593 975 mala
1626 919 1894 974 dicuntur.
1923 916 2098 973 Etiam

519 1011 667 1065 addit
700 1028 713 1063 :
746 1009 971 1078 Propter
996 1028 1101 1077 me,
1159 1012 1285 1081 quia
1325 1009 1613 1081 aliquando
1660 1009 1793 1064 falsa
1823 1009 2097 1077 dicuntur,

516 1103 659 1173 quod
677 1104 886 1159 accedit
908 1106 1209 1160 temeritate
1231 1105 1529 1168 hominum,
1548 1119 1651 1159 non
1676 1111 1852 1159 tamen
1878 1112 2101 1175 propter

517 1192 787 1248 Christum
811 1194 915 1249 hoc
943 1195 1243 1263 patiuntur,
1274 1211 1431 1265 quem
1459 1206 1566 1249 non
1604 1203 1921 1264 sequuntur.

589 1306 753 1363 Vens.
788 1307 970 1361 11—
1008 1305 1270 1374 Quoniam
1318 1324 1513 1362 merces
1550 1315 1719 1360 vestra
1758 1307 1965 1376 copiosa
2022 1314 2099 1360 est

517 1397 573 1452 in
602 1396 762 1452 caelis.
796 1395 912 1453 Non
946 1398 999 1452 in
1024 1397 1365 1462 volubilibus,
1394 1413 1516 1452 cum
1546 1412 1652 1452 non
1683 1396 1738 1450 in
1768 1396 1929 1451 rebus
1949 1394 2100 1449 volu-

518 1485 713 1541 bilibus
742 1501 948 1542 merces
972 1496 1170 1542 acterna
1202 1500 1322 1541 esse
1355 1486 1567 1552 debeat,
1611 1485 1706 1542 sed
1751 1486 1804 1541 in
1850 1484 2098 1556 spiritua-

520 1574 660 1630 libus
704 1572 1076 1640 firmamentis,
1120 1575 1211 1630 ubi
1258 1574 1466 1630 habitat
1495 1577 1820 1646 sempiterna
1860 1575 2093 1646 justitia.

517 1663 636 1722 Jam
666 1682 793 1739 ergo
832 1668 1072 1723 sentiunt
1110 1667 1248 1722 hanc
1279 1669 1580 1723 mercedem
1611 1669 1700 1738 qui
1726 1667 2098 1738 spiritualibus

522 1758 681 1813 bonis
706 1757 960 1829 gaudent.
994 1756 1097 1812 Sed
1131 1757 1440 1827 perﬁcietur
1466 1774 1587 1813 cum
1619 1757 1845 1812 mortale
1881 1758 1981 1811 hoc
2006 1757 2095 1811 in-

524 1848 653 1902 duet
685 1847 1159 1904 immortalitatem.
1186 1847 1277 1904 Sic
1306 1850 1443 1902 enim
1484 1850 1759 1919 persecuti,
1791 1856 1895 1904 etc.
1928 1846 2090 1904 Tem-

517 1945 673 2007 perat
697 1938 943 2008 exemplo
982 1939 1211 2010 rigorem
1242 1940 1526 2008 passionis.
1573 1938 1769 1996 Tribus
1818 1941 1993 1997 modis
2037 1936 2097 1995 iit

526 2029 835 2097 persecutio
865 2046 879 2084 :
906 2031 1030 2084 odio
1056 2030 1253 2096 cordis,
1283 2030 1467 2097 dictis,
1498 2029 1679 2087 factis.

593 2140 753 2197 Vitas.
791 2142 878 2197 15.
905 2171 975 2184 -
1012 2141 1113 2197 Vos
1144 2145 1267 2198 estis
1299 2143 1587 2200 salterne.
1624 2144 1723 2201 Hic
1754 2146 1869 2216 jam
1906 2155 2095 2203 osten-

519 2234 668 2290 ditur
713 2235 1076 2304 apostolorum
1118 2234 1384 2302 ollicium,
1428 2237 1634 2293 scilicet
1673 2239 1815 2309 quod
1850 2248 1977 2295 sunt
2017 2240 2097 2296 sal

519 2331 679 2379 terrae
724 2333 781 2378 et
829 2324 921 2379 lux
968 2326 1171 2381 mundi.
1201 2326 1313 2381 Hoc
1356 2328 1660 2397 specialiter
1707 2328 1775 2383 ad
1804 2330 2093 2399 apostolos,

517 2414 610 2483 qui
640 2412 909 2484 praedictis
934 2415 1247 2482 virtutibus,
1289 2426 1604 2486 paupertate
1644 2419 1851 2475 scilicet
1876 2429 1931 2475 et
1952 2421 2095 2487 aliis,

519 2506 721 2564 debent
753 2509 970 2573 ornari,
1002 2518 1063 2563 ut
1097 2510 1207 2566 sint
1232 2510 1311 2566 sal
1339 2512 1601 2581 Optimum
1625 2513 1941 2568 condientes
1963 2513 2098 2569 alios

518 2599 791 2667 doctrina,
823 2610 880 2658 et
930 2601 1053 2657 vitae
1094 2618 1206 2658 suae
1247 2604 1516 2674 exemplo.
1547 2603 1673 2671 Sal,
1719 2606 1864 2660 salus
1902 2621 1931 2659 a
1969 2621 2094 2661 cor-

516 2691 787 2760 raptione.
807 2690 958 2747 Unde
980 2695 1238 2763 propheta
1263 2713 1275 2749 :
1301 2693 1466 2750 Ροεηιὶ
1493 2706 1541 2750 te
1565 2697 1620 2751 in
1643 2697 1811 2752 lucem
1832 2698 2092 2768 gentium,

520 2789 580 2835 ut
605 2781 678 2835 aia
700 2780 844 2836 salua
872 2798 987 2838 mea
1015 2799 1176 2854 usque
1207 2785 1275 2840 ad
1304 2796 1535 2840 extrema
1569 2796 1742 2842 terrce.

593 2890 744 2957 Quod
770 2892 816 2946 si
838 2892 945 2959 ut,
974 2902 1078 2948 etc.
1109 2894 1167 2949 id
1194 2903 1293 2958 est,
1333 2895 1378 2950 si
1407 2910 1523 2961 vos,
1554 2910 1653 2966 per
1679 2911 1813 2966 quos
1841 2896 1930 2952 alii
1969 2912 2098 2953 cou-

520 2981 699 3038 diendi
748 2993 893 3050 sunt,
924 2985 1166 3041 adversis
1207 2985 1294 3040 vel
1331 2988 1605 3056 prosperis
1648 2988 1924 3043 cesseritis
1958 3006 1971 3043 :
2002 3004 2099 3057 per

520 3087 656 3141 quos
683 3087 713 3128 a
743 3074 894 3130 vobis
926 3086 1082 3131 error
1106 3073 1400 3140 auferetur,
1434 3088 1557 3131 cum
1586 3092 1683 3133 vos
1726 3078 1867 3134 Deus
1908 3080 2097 3135 tollere

521 3166 643 3222 aliis
688 3167 950 3240 elegerit?
985 3168 1068 3223 Ad
1113 3167 1340 3224 nihilum
1392 3170 1539 3225 valet
1585 3187 1600 3224 ε
1650 3170 1778 3240 quia
1829 3170 1911 3242 (ut
1957 3171 2097 3228 alius
2126 3153 2171 3217 C

518 3259 849 3330 evangelista
877 3260 975 3331 ait)
1022 3273 1122 3316 nec
1168 3268 1328 3316 term
1352 3260 1501 3317 utilis
1549 3269 1631 3317 est
1676 3276 1836 3331 quam
1865 3277 1964 3318 suo
2007 3264 2091 3317 iii-

516 3348 662 3420 jectu
688 3351 995 3422 germinare
1018 3350 1291 3421 prohibet,
1324 3366 1424 3408 nec
1450 3353 1787 3424 sterquilinio
1818 3355 1963 3424 quod
1989 3370 2099 3410 non

519 3439 810 3497 fecundare
834 3440 982 3497 sinit.
1010 3442 1103 3498 Sic
1124 3443 1215 3513 qui
1244 3452 1391 3498 retro
1415 3444 1582 3509 vadit,
1604 3459 1705 3499 nec
1727 3445 1839 3514 ipse
1861 3444 2098 3500 fructum

518 3530 644 3598 fert,
666 3544 770 3589 nec
794 3532 931 3589 alios
952 3532 1095 3587 valet
1116 3533 1384 3597 excolere,
1446 3534 1541 3589 sed
1568 3534 1638 3589 ab
1673 3534 1912 3590 Ecclesia
1943 3533 2096 3603 ejici-

521 3632 630 3690 tur,
654 3632 709 3679 et
732 3624 789 3679 in
813 3625 931 3680 haec
953 3623 1122 3679 verba
1153 3625 1398 3682 ridetur:
1424 3624 1528 3680 Hic
1558 3626 1712 3681 homo
1736 3628 1884 3698 ctzpil
1920 3627 2093 3695 (ediﬁ-

518 3732 673 3781 care,
714 3724 766 3771 et
807 3732 912 3772 non
946 3718 1112 3787 potuit
1153 3733 1517 3773 consummare
1544 3756 1560 3773 .
1602 3718 1664 3775 Si
1708 3718 1789 3773 sal
1823 3718 2096 3773 cenauerit

520 3806 675 3878 (Luc.
703 3807 798 3879 iv).
821 3806 880 3863 id
901 3817 1006 3875 est,
1035 3809 1080 3864 si
1106 3809 1298 3864 timore
1320 3809 1404 3865 vel
1436 3810 1685 3881 cupidine
1712 3811 1900 3866 doctor
1933 3825 2093 3879 sapo-

518 3913 633 3954 rem
686 3900 967 3971 sapientiie
1011 3902 1255 3958 omiserit
1285 3942 1301 3970 ,
1352 3919 1449 3974 per
1493 3917 1654 3974 quem
1709 3901 1928 3959 fatuitas
1976 3901 2096 3971 ejus

518 3988 899 4045 emendabitur
926 3991 950 4045 τ
982 3991 1098 4048 Hoc
1136 3993 1268 4049 solis
1304 3993 1561 4064 apostolis
1605 3994 1854 4049 convenit
1883 4013 1896 4049 :
1940 3993 2096 4061 Quod

518 4083 783 4153 sequitur,
805 4085 1056 4141 omnium
1080 4087 1352 4157 magistris
1376 4104 1389 4141 :
1418 4086 1498 4141 Ad
1519 4085 1738 4140 nihilum
1769 4086 1898 4141 valet
1922 4086 2087 4151 ultra,

516 4184 623 4231 etc.
652 4176 709 4231 ln
733 4176 840 4233 line
868 4177 938 4233 de
960 4177 1211 4233 omnibus
1232 4176 1505 4233 concludit
1529 4176 1610 4232 sic
1640 4190 1655 4229 :
1694 4175 1817 4231 Nisi
1847 4177 2089 4233 abunda-

520 4269 646 4321 verit
662 4268 897 4337 justitia,
933 4278 1039 4325 etc.

592 4355 661 4410 Et
679 4358 1010 4413 conculcetur
1030 4358 1099 4412 ab
1124 4358 1439 4415 hominibus.
1467 4358 1699 4415 Sanctus
1730 4368 1789 4415 et
1813 4374 1975 4416 verus
1994 4360 2097 4415 mi-

2202 540 2439 613 fugiendi
2480 540 2563 597 vel
2615 542 2751 597 clam
2797 539 2998 610 aliquid
3041 540 3273 596 faciendi
3308 557 3322 607 ;
3367 539 3488 595 ideo
3530 539 3773 596 subditos

2202 626 2622 691 misericorditer
2642 635 2785 689 intus
2809 632 3032 689 consilio
3072 633 3263 704 regite,
3306 641 3361 686 et
3399 640 3555 687 extra
3584 641 3771 689 contra

2202 728 2540 782 adversarios
2570 741 2669 798 pro
2705 724 2916 795 iustitia
2957 726 3242 796 pugnando
3269 723 3543 781 defendite
3573 742 3587 778 :
3630 725 3773 794 quod

2201 820 2431 890 pertinet
2451 820 2517 874 ad
2545 820 2790 890 spiritum
2813 817 3021 874 consilii
3055 826 3111 873 et
3140 817 3486 873 fortitudinis.

2272 909 2431 966 Vnus.
2469 909 2554 965 15.
2588 940 2658 950 —
2690 908 2869 981 Neque
2888 909 3173 963 accendunt
3198 905 3485 963 lucernam.
3508 904 3775 965 Domesti-

2204 1006 2283 1061 cis
2306 1003 2566 1076 exemplis
2594 1003 2769 1069 docet,
2794 1018 2862 1058 ne
2889 1001 3067 1058 celent
3105 1001 3279 1057 lucem
3316 1000 3466 1056 verbi
3494 1002 3596 1058 sibi
3620 1017 3778 1059 com»

2202 1096 2439 1150 missam.
2490 1094 2607 1150 Non
2652 1086 2974 1158 accendunt,
3017 1091 3069 1147 id
3118 1099 3220 1157 est,
3269 1106 3373 1146 non
3403 1090 3521 1147 ideo
3544 1093 3776 1150 dataest

2203 1187 2445 1241 doctrina
2498 1184 2893 1256 praedicationis
2935 1191 2995 1237 ut
3038 1182 3213 1239 celent
3249 1197 3366 1237 eam
3405 1190 3458 1238 et
3489 1183 3777 1255 subjiciam

2202 1278 2445 1334 servituti
2477 1276 2742 1348 corporis,
2783 1278 2908 1331 dum
2954 1276 3133 1346 aliqua
3180 1275 3391 1331 timent.
3437 1274 3542 1333 Sed
3578 1293 3777 1349 corpus

2202 1384 2358 1423 suum
2403 1368 2703 1423 ministerio
2746 1368 2841 1423 Dei
2885 1366 3204 1435 subjiciunt,
3247 1376 3307 1422 ut
3347 1383 3444 1439 per
3490 1384 3675 1425 vocem
3720 1378 3779 1425 et

2203 1468 2396 1515 caatera
2424 1458 2667 1530 corporis
2691 1455 2863 1513 oilicia
2891 1457 2981 1514 lux
3010 1459 3359 1515 excellentior
3387 1460 3599 1515 caeteris
3619 1474 3781 1532 appa-

2199 1558 2331 1606 reat.
2358 1548 2509 1606 Unde
2534 1548 2731 1604 dicitur
2754 1546 2807 1621 (I
2837 1546 2958 1603 Cor.
2986 1546 3063 1620 ix)
3090 1566 3104 1603 :
3136 1547 3347 1621 Castigo
3369 1565 3553 1620 corpus
3579 1567 3774 1618 meum,

2197 1648 2303 1696 etc.
2348 1639 2463 1706 Vel,
2485 1640 2733 1696 Christus
2772 1639 3046 1696 lucernam
3098 1640 3363 1705 accendit,
3404 1641 3529 1694 dum
3581 1648 3776 1696 testam

2203 1731 2451 1786 humana:
2493 1739 2699 1787 natura:
2732 1731 2945 1787 ﬂamma
2988 1742 3099 1787 sua:
3145 1729 3439 1785 divinitatis
3482 1730 3772 1801 implevit:

2122 1804 2171 1865 Β
2201 1836 2364 1892 quam
2389 1835 2488 1875 uec
2516 1822 2861 1877 credentibus
2889 1821 3190 1885 abscondit,
3225 1833 3324 1875 nec
3352 1820 3553 1885 modio,
3598 1816 3651 1877 id
3691 1827 3782 1876 est

2198 1928 2452 1969 mensura
2475 1913 2630 1985 legis,
2652 1915 2738 1969 vel
2762 1916 3004 1970 terminis
3023 1916 3182 1969 unius
3208 1915 3381 1986 gentis
3406 1914 3639 1970 inclusit.
3668 1913 3779 1971 Sed

2195 2017 2357 2075 super
2383 2003 2785 2069 candelabrum,
2815 2004 2870 2059 id
2900 2015 3002 2070 est,
3038 2005 3335 2060 Ecclesiam
3373 2004 3529 2060 fidem
3556 2021 3667 2061 suae
3689 2007 3775 2061 in-

2195 2096 2529 2151 carnationis
2556 2094 2745 2159 aiiixit,
2774 2096 2865 2150 ubi
2894 2109 3081 2151 omnes
3108 2096 3315 2165 possint
3347 2095 3563 2160 intueri,
3598 2096 3690 2166 qui
3718 2096 3776 2152 in

2193 2186 2376 2251 domo,
2402 2187 2457 2241 id
2488 2196 2593 2253 est,
2617 2187 2859 2242 Ecclesia
2882 2196 3005 2243 sunt
3032 2188 3116 2242 vel
3141 2186 3354 2242 mundo.
3377 2187 3530 2243 Unde
3550 2189 3732 2244 subdit
3756 2206 3772 2243 :

2198 2278 2288 2334 Sic
2310 2278 2504 2345 luceat,
2524 2288 2628 2333 etc.
2658 2277 3059 2334 Candelabrum.
3088 2279 3475 2334 Sicutlucerna
3499 2275 3773 2349 Christus,

2196 2369 2579 2427 candelabrum
2609 2386 2740 2426 crux
2781 2378 2886 2437 est,
2934 2386 3097 2441 super
3139 2386 3298 2440 quam
3338 2379 3455 2426 erat
3494 2371 3772 2428 levandus.

2196 2460 2590 2517 Candelabrum
2619 2462 2882 2529 Ecclesia,
2910 2478 3030 2534 quae
3072 2465 3300 2519 verbum
3338 2465 3465 2519 vitae
3493 2464 3775 2534 prmsentis

2194 2552 2417 2621 bajulat.

2271 2650 2432 2705 Vens.
2467 2650 2644 2706 16.—-
2690 2648 2781 2708 Sic
2820 2651 3004 2717 luceat,
3057 2660 3162 2709 etc.
3207 2653 3277 2708 Et
3320 2653 3436 2709 haec
3467 2654 3646 2709 omnia
3695 2655 3773 2711 ita

2198 2741 2360 2812 agite,
2411 2748 2470 2796 ut
2499 2757 2604 2797 non
2639 2742 2799 2797 linem
2839 2743 2968 2799 boni
3013 2743 3195 2815 operis
3226 2743 3280 2799 in
3323 2743 3572 2800 laudibus
3600 2743 3776 2799 homi-

2197 2849 2325 2887 num
2356 2833 2711 2887 constituatis.
2745 2830 2811 2885 Ut
2843 2833 3071 2899 videant,
3101 2843 3205 2888 etc.
3235 2832 3410 2904 Opera
3440 2834 3685 2903 requiro,
3718 2843 3780 2889 ut

2196 2922 2501 2988 videantur,
2527 2931 2581 2978 et
2598 2924 2679 2978 sic
2697 2924 2937 2979 doctrina
2960 2923 3338 2980 confirmetur:
3370 2933 3425 2980 et
3450 2925 3552 2980 hoc
3573 2939 3679 2981 non
3708 2925 3777 2979 ad

2198 3013 2422 3085 gloriam
2450 3021 2707 3068 vestram.

2276 3105 2439 3160 Vsus.
2476 3104 2563 3157 l7.
2588 3134 2660 3144 —-
2690 3103 2866 3158 Nolite
2885 3112 3088 3174 putare.
3114 3104 3405 3175 Postquam
3434 3106 3678 3161 hortatus
3694 3113 3781 3162 est

2204 3196 2387 3250 omnia
2435 3196 2544 3266 pati
2574 3208 2672 3265 pro
2712 3196 2965 3262 veritate,
2994 3205 3183 3252 etnon
3217 3196 3415 3262 celare,
3458 3204 3513 3251 et
3552 3197 3777 3267 gloriam

2204 3289 2296 3343 Dei
2326 3288 2518 3347 facere,
2556 3288 2742 3358 incipit
2792 3289 2987 3345 docere
3028 3291 3155 3361 quid
3198 3290 3409 3344 docturi
3453 3288 3580 3344 sint.
3613 3290 3780 3357 Quasi

2200 3379 2438 3435 diceret:
2461 3380 2600 3446 Quid
2628 3387 2711 3435 est
2736 3381 2880 3451 quod
2902 3390 3052 3436 vetas
3074 3382 3351 3447 abscondi,
3366 3394 3466 3450 pro
3489 3392 3598 3451 quo
3619 3381 3779 3451 jubes

2201 3470 2384 3524 omnia
2411 3471 2519 3539 pati
2549 3470 2573 3524 ‘l
2596 3485 2665 3524 an
2692 3477 2777 3526 est
2798 3471 2999 3541 aliquid
3032 3483 3221 3528 contra
3260 3472 3477 3543 legem?
3508 3472 3632 3526 Non
3664 3473 3778 3527 veni

2203 3559 2396 3615 solvere
2451 3560 2633 3631 legem,
2694 3550 2803 3615 sed
2850 3562 3152 3632 adimplere,
3202 3563 3289 3618 vel
3337 3562 3583 3618 faciendo
3631 3565 3779 3634 quod

2203 3649 2358 3716 dicit,
2416 3650 2501 3705 vel
2545 3650 2841 3722 supplendo
2895 3653 3042 3722 quod
3081 3654 3269 3709 deerat
3308 3663 3365 3709 et
3404 3655 3780 3726 imperfectum

2198 3752 2332 3797 erat.

2270 3833 2432 3890 Veiis.
2464 3833 2550 3889 18.
2581 3864 2652 3877 —-
2681 3831 2822 3889 lota.
2868 3835 3084 3907 (Βκολ.)
3127 3835 3225 3893 Hic
3263 3836 3596 3904 ostenditur,
3634 3838 3781 3908 quod

2197 3942 2317 3996 quia
2340 3927 2561 3982 minima
2590 3936 2846 3997 putantur
2876 3928 2930 3982 in
2959 3927 3096 3998 lege,
3126 3929 3485 3984 sacramentis
3522 3929 3778 3999 spiritua-

2196 4019 2337 4075 libus
2358 4020 2514 4089 plena
2547 4028 2694 4084 sunt,
2726 4027 2783 4073 et
2814 4020 3016 4084 omnia,
3047 4027 3179 4086 etc.,
3213 4036 3376 4091 usque
3418 4020 3487 4074 ad
3510 4020 3638 4091 quia
3667 4020 3780 4076 iota

2196 4112 2384 4168 decem
2420 4112 2708 4181 signiﬁcat,
2750 4112 2806 4167 id
2843 4120 2927 4168 est
2982 4113 3319 4184 decalognm,
3349 4111 3504 4181 cuius
3531 4126 3669 4183 apex
3693 4119 3781 4169 est

2194 4204 2467 4275 Evangelii
2500 4204 2784 4275 perfectio.

2266 4293 2458 4349 Omnia
2491 4295 2641 4362 ﬁant.
2674 4293 3042 4366 Spirituaiiter
3080 4294 3429 4365 impleantur,
3466 4293 3553 4349 vel
3578 4294 3780 4363 imper-

2198 4382 2341 4439 fecta
2376 4382 2752 4454 perﬁciantur,
2776 4393 2829 4439 et
2853 4384 3232 4455 signiﬁcantia,
3251 4385 3304 4438 id
3340 4393 3424 4440 est
3445 4383 3778 4455 impletione,

521 4450 696 4507 nister
723 4451 944 4555 Christi,
973 4452 1076 4507 etsi
1113 4466 1144 4507 a
1173 4453 1328 4553 malis
1368 4453 1594 4516 ridetur,
1628 4452 1937 4511 conculcari
1981 4468 2090 4510 non
2116 4498 2173 4561 Β
2194 4450 2660 4530 ωηωίηωειιωιι,

520 4550 718 4612 potest,
741 4542 869 4614 quia
893 4552 1073 4601 inelite
1100 4544 1239 4599 ilxus
1262 4542 1319 4598 in
1348 4544 1486 4600 colo
1508 4552 1708 4601 manet.

590 4660 753 4716 Vens.
776 4660 863 4717 14.
892 4680 961 4702 -δ-
999 4646 1103 4716 V-oa
1124 4662 1246 4717 estis
1275 4662 1367 4716 lux
1388 4660 1588 4719 mundi.
1622 4659 1778 4718 Prius
1813 4659 1892 4717 sal
1928 4676 2093 4732 quam

519 4753 634 4818 lux,
663 4754 791 4825 quia
818 4753 968 4826 prius
1014 4754 1124 4808 vita
1154 4769 1314 4824 quam
1347 4756 1591 4811 doctrina
1635 4774 1648 4809 :
1688 4756 1798 4810 vita
1830 4753 1980 4809 ducit
2020 4753 2091 4809 ad

2269 4566 2435 4625 Vires.
2468 4566 2555 4623 19.
2582 4584 2653 4612 -ι-
2700 4566 2803 4633 Qat
2831 4579 2957 4637 ergo
3000 4564 3233 4632 soluerit,
3262 4572 3365 4621 etc.
3398 4563 3618 4619 Minima
3653 4570 3782 4621 sunt

2195 4676 2327 4717 crux
2356 4659 2556 4717 Christi
2582 4668 2637 4716 et
2663 4660 2862 4731 passio,
2888 4674 3051 4731 quam
3077 4659 3168 4729 qui
3190 4657 3465 4713 erubescit
3517 4657 3779 4712 minimus

2193 4760 2313 4819 est;
2338 4752 2428 4822 qui
2474 4751 2762 4807 conﬁtetur
2804 4764 3056 4821 magnas.
3109 4750 3205 4805 Vel
3246 4748 3549 4805 Pharisaaes
3584 4754 3778 4813 notat,

521 4844 803 4900 scientiam
838 4840 1105 4900 veritatis.
1153 4842 1255 4912 Qui
1292 4843 1460 4902 Deum
1498 4846 1675 4912 timet,
1711 4845 1935 4902 scientia
1976 4859 2089 4901 non
2184 4843 2285 4914 ᾳιί
2319 4842 2573 4898 mandata
2616 4841 2715 4897 Dei
2734 4841 3057 4897 dimiserunt
3093 4856 3193 4912 pro
3228 4841 3342 4897 suis
3370 4838 3779 4905 traditionibus,

521 4943 689 4993 caret.

589 5025 709 5083 Lua:
732 5028 933 5085 mundi.
960 5020 1080 5086 Alia
1109 5044 1270 5088 causa
1300 5038 1381 5088 est
1410 5038 1578 5103 quare
1601 5044 1710 5086 non
1740 5030 1938 5087 debent
1959 5030 2094 5087 dell-

521 5133 644 5175 cere
672 5138 684 5174 :
712 5120 837 5190 quia
874 5120 1157 5179 illuminati
1201 5139 1231 5179 a
1272 5124 1486 5180 Christo
1512 5122 1677 5178 verbo
1714 5130 1769 5179 et
1794 5122 2043 5194 exemplo
2074 5140 2089 5178 :

521 5228 842 5285 quocunque
868 5212 1001 5269 illati
1044 5214 1329 5270 mundanis
1375 5213 1548 5269 lucem
1591 5212 1715 5268 ﬁdei
1754 5221 1807 5269 et
1852 5214 2093 5271 scientia:

522 5303 716 5360 debent
742 5302 1067 5363 ministrare.
1123 5305 1191 5362 Et
1218 5305 1357 5361 sicut
1395 5305 1541 5378 (quia
1584 5314 1712 5361 sunt
1750 5305 1852 5376 sal)
1897 5307 2096 5363 debent

521 5398 922 5468 corruptionem
941 5394 1169 5470 pellere:
1194 5399 1273 5455 sic
1296 5408 1350 5454 et
1376 5398 1629 5453 tenebras
1654 5397 1800 5471 (quia
1828 5397 1921 5453 lux
1941 5398 2093 5474 sunt)

518 5485 726 5561 fugare.

591 5580 715 5638 Non
738 5590 901 5655 potest
928 5583 1130 5650 civitas,
1165 5591 1269 5640 etc.
1314 5582 1447 5652 Quia
1480 5585 1709 5655 apostoli
1745 5585 2092 5646 fundamenta

521 5682 665 5742 aunt,
692 5684 817 5746 apte
857 5676 1050 5732 civitas
1088 5676 1352 5732 dicuntur.
1407 5676 1583 5748 Supra
1614 5688 1862 5734 montem.
1913 5680 2093 5738 Locus

519 5774 756 5829 montem
773 5768 998 5842 justitia.:
1018 5768 1211 5840 innuit,
1237 5771 1329 5842 qui
1351 5768 1597 5829 excelsus
1624 5778 1729 5841 est,
1759 5786 1867 5843 quo
1890 5787 2090 5844 propa-

2194 4950 2314 5006 quai
2342 4935 2476 4990 nihil
2516 4934 2714 5001 valent,
2752 4934 2878 4989 dum
2915 4934 3002 4989 vel
3028 4933 3330 4999 minimum,
3362 4932 3505 5003 quod
3555 4932 3612 4986 in
3634 4931 3781 5001 Jege

2194 5037 2298 5095 est,
2323 5036 2670 5101 praetereunt.
2711 5028 2989 5084 Ioraliter
3010 5037 3190 5085 autem
3238 5027 3400 5085 solvit
3423 5028 3516 5097 qui
3540 5043 3647 5082 non
3678 5028 3783 5081 im-

2193 5123 2325 5195 plet,
2352 5124 2446 5179 sed
2469 5132 2619 5179 tenet
2642 5123 2784 5179 sicut
2807 5122 3039 5179 inﬁrmis
3069 5122 3196 5177 data
3226 5128 3371 5177 sunt.
3410 5118 3507 5174 Vel
3530 5119 3623 5188 qui
3671 5133 3780 5174 non

2197 5214 2446 5287 intelligit
2483 5214 2853 5285 spiritualiter.
2882 5214 3122 5275 Solvere,
3158 5227 3266 5268 non
3293 5219 3378 5267 est
3404 5223 3587 5280 agere,
3634 5207 3780 5277 quod

2198 5315 2344 5363 recte
2373 5307 2640 5378 intelligit,
2670 5307 2755 5364 vel
2782 5322 2890 5363 non
2921 5305 3220 5376 intelligere
3244 5302 3388 5374 quod
3429 5315 3538 5357 non
3588 5299 3779 5369 depra-

2196 5407 2325 5466 vat,
2395 5408 2489 5455 aut
2549 5399 2798 5456 minuere
2879 5396 3245 5469 integritatem
3320 5388 3778 5465 superadditionis

2195 5490 2418 5549 Christi.

2266 5586 2519 5643 Minimus
2550 5584 2840 5648 vocabitur,
2880 5590 2988 5639 etc.
3028 5581 3088 5637 In
3119 5596 3287 5653 regno
3309 5580 3573 5637 calorum
3621 5576 3782 5632 mini-
3816 5570 3821 5575 ’

2194 5694 2316 5736 inus
2340 5678 2622 5735 vocabitur
2648 5675 2740 5745 qui
2764 5674 2873 5731 erit
2900 5673 2956 5728 in
2982 5687 3052 5729 eo
3084 5672 3356 5745 indiguus,
3385 5673 3436 5728 in
3465 5687 3572 5743 quo
3598 5667 3781 5724 nullus

2194 5774 2449 5831 minimus
2486 5769 2579 5825 sed
2610 5780 2801 5824 omnes
2836 5764 3041 5839 magni.
