4068 6344
285 380 359 439 93
1206 381 1475 442 GLOSSA
1513 388 1905 449 ORDINARIA.
1942 421 2012 432 —
2050 390 2303 452 EVANG.
2346 394 2605 453 MATTH.
3016 448 3019 451 λ
3465 407 3534 463 ει

360 495 465 563 Qui
512 505 688 550 autem
734 494 936 566 fecerit.
964 494 1067 565 Qui
1094 510 1224 553 non.
1257 499 1513 568 solverit,
1542 510 1597 556 et
1642 503 1720 559 sic
1763 505 1858 560 do-
1886 514 1942 577 Α
1964 505 2051 576 pie
2079 504 2347 576 intelligit,
2377 507 2723 580 intelligendo
2768 508 2969 578 obedit,
3003 519 3059 567 et
3096 514 3162 570 ad
3211 514 3537 587 implendum

286 596 395 654 cet,
437 602 549 643 non
580 585 854 654 minimus,
887 601 995 642 non
1042 596 1222 643 tamen
1271 606 1499 663 magnus
1544 594 1683 649 :sed
1732 592 1861 649 facit

283 680 430 752 quod
466 681 640 735 docet.
676 676 788 737 Soli
815 680 950 736 enim
977 680 1202 753 factores
1231 682 1359 757 legis
1387 686 1523 757 justi
1566 698 1687 743 sunt
1720 688 1861 760 apud

283 769 456 855 Peum
485 768 654 843 (Rom.
680 770 766 844 ιι).

355 859 520 915 Vsus.
558 861 651 915 20.
676 891 749 902 —
777 859 908 917 Dico
956 875 1131 919 autem
1167 865 1326 920 vobis.
1373 865 1506 923 Cum
1537 868 1647 936 ait,
1700 870 1856 937 dico,

281 948 533 1023 inagnam
589 952 698 1007 vim
753 960 808 1008 et
858 953 1185 1025 profundam
1249 955 1661 1029 intelligentiam
1712 961 1859 1032 cogi-

282 1043 432 1097 tandi
487 1043 715 1098 incussit
758 1062 775 1097 :
827 1045 1064 1100 ostendit
1101 1048 1369 1115 quomodo
1432 1053 1761 1120 superaddit.
1790 1052 1859 1109 Et

278 1146 388 1187 non
414 1147 534 1202 quae
563 1133 715 1203 prius
736 1132 1100 1202 mandaverat,
1131 1137 1377 1193 absolvit.
1409 1137 1534 1196 Plus
1570 1144 1732 1198 etiam
1775 1152 1862 1201 est

280 1223 505 1295 diligere
560 1224 806 1279 inimicos
852 1240 1013 1294 quam
1063 1242 1167 1282 non
1202 1229 1424 1285 odisse:
1467 1246 1575 1286 non
1618 1248 1853 1303 cupere,

279 1329 442 1384 quam
488 1330 597 1371 non
648 1315 939 1372 adulterari
969 1332 983 1371 :
1015 1334 1123 1375 non
1162 1318 1355 1388 irasci,
1407 1337 1569 1393 quam
1619 1339 1727 1380 non
1767 1340 1858 1381 oc-

278 1405 488 1463 cidere.

353 1515 509 1583 Nisi,
546 1527 653 1575 etc.
697 1519 755 1575 Id
779 1529 890 1585 est,
936 1537 1041 1577 non
1072 1522 1243 1578 solum
1278 1526 1499 1581 minima
1542 1527 1675 1599 legis
1717 1545 1859 1600 prte-

276 1618 435 1679 cepta
464 1610 835 1681 impleveritis,
871 1614 965 1669 sed
994 1623 1048 1670 et
1095 1631 1159 1670 ea
1198 1631 1318 1686 quae
1344 1618 1482 1674 addo
1511 1603 1681 1690 {quia
1728 1622 1856 1677 dum

274 1699 415 1757 ﬁunt
462 1703 642 1758 addita
686 1705 752 1759 ad
801 1704 1223 1776 perfectionem,
1279 1710 1441 1765 etiam
1489 1712 1603 1767 haec
1647 1713 1856 1782 plenius

274 1799 511 1862 aguntur
570 1808 691 1863 qua:
750 1797 1028 1866 praemissa
1088 1806 1215 1853 sunt
1272 1802 1340 1855 ad
1386 1801 1785 1860 inchoationem
1836 1823 1850 1860 :

1965 612 2060 652 cor
2087 596 2265 667 erigit.

2037 689 2197 745 Vens.
2223 689 2312 745 25.
2333 721 2403 732 -
2428 690 2556 746 Esto
2592 696 2932 750 consentiens.
2963 693 3115 751 Sicut
3142 697 3253 768 jam
3274 699 3535 769 praecepit

1963 778 2117 836 fratri
2153 783 2486 838 reconciliari
2526 793 2582 839 et
2608 794 2731 856 post
2772 785 2927 855 jubet
2965 789 3212 845 inimicos
3259 792 3427 862 diligi,
3458 792 3535 848 ita

1961 872 2050 929 hic
2094 875 2220 928 dum
2252 876 2520 931 currimus
2546 877 2598 930 in
2625 878 2713 931 via
2747 877 2905 948 hujus
2929 882 3129 951 saeculi,
3157 883 3225 937 ad
3266 899 3452 953 pacem
3480 891 3537 939 et

1960 966 2298 1022 concordiam
2348 968 2611 1034 hortatur,
2660 970 2800 1024 sicut
2836 970 3036 1026 dicitur
3082 991 3094 1028 :
3134 971 3192 1029 Si
3226 974 3340 1043 ﬁeri
3370 984 3537 1045 potest

1957 1058 2096 1129 quod
2141 1074 2206 1111 ea:
2252 1058 2392 1113 vobis
2442 1069 2517 1114 est
2569 1077 2686 1114 cum
2736 1062 2974 1117 omnibus
3023 1065 3318 1121 hominibus
3354 1084 3535 1137 pacem

1959 1149 2200 1206 [tabentes
2247 1150 2441 1224 (Rom.
2474 1156 2594 1223 xu).
2626 1153 2693 1208 Et
2730 1170 2831 1225 pro
2871 1157 3215 1213 consentiens
3241 1173 3308 1213 ex
3345 1155 3536 1215 Graeco

1958 1240 2188 1297 habetur
2230 1242 2493 1313 benignus
2540 1244 2624 1298 vel
2653 1244 2959 1301 benevolus.
3007 1245 3163 1314 Cito,
3211 1264 3279 1302 ne
3322 1248 3536 1307 differas

1959 1330 2015 1386 in
2042 1332 2339 1388 crastinum
2370 1348 2385 1386 :
2420 1333 2556 1389 Dum
2584 1352 2638 1390 es
2664 1336 2719 1391 in
2754 1337 2859 1403 via,
2886 1336 3014 1392 dum
3048 1338 3223 1394 adhuc
3256 1336 3384 1395 licet
3409 1354 3537 1410 ope-

1959 1424 2090 1479 rari.

2030 1515 2086 1570 Si
2119 1516 2340 1573 fratrem
2372 1519 2578 1585 laesisti,
2612 1520 2964 1576 reconciliare
2989 1521 3061 1576 ei.
3093 1519 3151 1576 Si
3192 1520 3535 1578 adversarius

1958 1611 2245 1678 exstiterit,
2272 1621 2390 1668 esto
2414 1613 2727 1680 benevolus,
2755 1624 2814 1669 ut
2847 1614 2942 1669 ﬁat
2978 1615 3203 1670 amicus.

2028 1704 2096 1759 In
2138 1705 2219 1760 via
2256 1723 2374 1760 cum
2416 1724 2494 1760 eo.
2552 1705 2743 1762 Sermo
2772 1708 3008 1773 divinus,
3037 1706 3318 1763 nobiscum
3354 1714 3437 1763 est
3478 1706 3534 1762 in

1958 1795 2158 1852 Christi
2202 1798 2310 1852 via.
2358 1798 2715 1854 Adversarius
2764 1798 3042 1854 nobiscum
3090 1798 3144 1853 in
3195 1798 3281 1852 via
3331 1796 3531 1852 saeculi.

272 1884 406 1954 quia
452 1884 544 1955 qui
592 1900 700 1942 non
744 1887 891 1943 videt
939 1887 1219 1945 mulierem
1265 1892 1331 1945 ad
1371 1894 1854 1962 concupiscendum
1882 1892 1930 1954 Β
1960 1887 2153 1944 Sermo
2179 1889 2391 1944 divinus
2435 1890 2592 1946 nobis
2636 1890 2722 1945 via
2754 1898 2838 1946 est
2860 1905 2966 1961 qua
3005 1889 3294 1945 currimus.
3328 1887 3482 1944 Unde
3515 1905 3531 1944 :

270 1986 433 2041 eam,
475 1989 573 2030 nec
600 1974 937 2064 fqnicatur'.
964 1992 1065 2035 nec
1093 1981 1293 2036 occidit
1323 1983 1416 2052 qui
1446 1999 1552 2040 non
1579 1985 1848 2042 irascitur.

345 2083 563 2139 Iustitia
597 2096 786 2141 vestra.
817 2087 1091 2144 Justitiam
1128 2090 1523 2149 Pharismorum
1557 2105 1716 2152 vocat
1738 2112 1854 2152 oma

271 2171 365 2226 nia
386 2172 479 2227 illa
516 2176 584 2231 ad
612 2176 815 2233 cultum
843 2178 939 2235 Dei
971 2181 1255 2237 actualiter
1274 2197 1540 2256 praacepta
1566 2200 1699 2244 :seu
1721 2188 1853 2260 ligu-

272 2278 456 2317 rarum
492 2267 717 2336 mystica
756 2277 959 2325 tantum
989 2272 1056 2327 ad
1086 2272 1324 2330 litteram
1354 2277 1620 2335 instituta.

344 2352 510 2445 Vitas.
541 2355 629 2410 Si.
658 2386 729 2398 --
763 2360 1022 2428 Audistis,
1048 2372 1154 2419 etc.
1179 2365 1415 2436 Exponit
1433 2384 1554 2439 quae
1582 2379 1666 2428 est
1684 2374 1848 2445 justi-

270 2442 348 2498 tia
377 2442 810 2514 Pharisaeorum,
853 2466 1013 2520 quam
1070 2455 1162 2524 qui
1202 2456 1459 2527 adimplet
1511 2476 1618 2517 non
1664 2442 1848 2519 statim

271 2551 535 2607 magnus,
566 2539 662 2594 sed
703 2540 937 2610 aliquem
966 2546 1191 2614 gradum
1232 2550 1562 2605 conscendit.

340 2646 507 2703 Vens.
529 2648 619 2704 22.
649 2680 721 2690 —
742 2651 856 2722 Ego
902 2665 1098 2721 autem,
1133 2666 1236 2712 etc.
1267 2657 1655 2718 Perfectionem
1684 2680 1846 2734 quam

266 2736 418 2792 venit
452 2738 670 2808 implere
703 2738 892 2812 incipit
911 2746 1221 2816 explanare,
1260 2758 1316 2806 et
1335 2753 1605 2821 quomodo
1625 2755 1836 2827 justitia

268 2844 463 2885 eorum
490 2830 680 2888 debeat
704 2838 1162 2905 superabundare.

340 2919 524 2977 Omnis
565 2939 655 2995 qui
686 2926 950 2983 irascitur.
992 2930 1126 2997 Quia
1156 2932 1470 2991 nesciebant
1497 2936 1845 2997 homicidium

266 3024 388 3065 esse
449 3012 553 3067 nisi
598 3018 1023 3086 peremptionem
1085 3038 1100 3075 :
1153 3024 1329 3093 aperit
1372 3040 1588 3082 omnem
1638 3037 1844 3086 motum

266 3098 435 3153 animi
498 3102 567 3154 ad
631 3104 956 3171 nocendum,
1003 3108 1058 3161 in
1116 3109 1460 3168 homicidium
1520 3119 1840 3186 computari.

266 3188 580 3244 laudatum
607 3190 806 3247 Christi
841 3209 946 3248 non
980 3206 1066 3252 est
1097 3202 1427 3257 contrarium
1463 3204 1599 3274 legi,
1643 3209 1737 3262 sed
1762 3208 1845 3263 la-

266 3282 373 3337 tius
404 3282 579 3354 legem
622 3284 675 3339 in
707 3298 767 3340 se
794 3288 1095 3344 continens.
1127 3291 1227 3357 Qui
1273 3307 1379 3347 non
1428 3294 1697 3363 irascitur,
1734 3314 1844 3354 non

262 3374 482 3429 occidit.
516 3372 624 3430 Sed
655 3388 762 3430 non
803 3388 1054 3445 econtra,
1099 3380 1317 3437 licentia
1366 3384 1633 3443 irascendi
1679 3402 1844 3445 causa

264 3465 563 3522 homicidii.
594 3466 743 3523 Tolle
767 3466 903 3523 iram
921 3509 935 3535 ,
961 3479 1017 3524 et
1044 3472 1391 3529 homicidium
1417 3492 1524 3531 non
1549 3476 1630 3532 ﬁt.

335 3575 501 3630 Vsus.
533 3575 622 3630 2'5.
644 3576 793 3633 —Si
820 3595 940 3651 ergo
977 3581 1131 3651 o/fers
1162 3600 1348 3640 munus
1378 3594 1545 3642 tuum.
1579 3586 1845 3663 Explanat

263 3665 581 3736 ampliorem
606 3665 871 3736 justitiam
911 3672 1241 3728 ostendendo
1298 3677 1440 3746 quod
1478 3677 1524 3732 si
1569 3694 1674 3734 non
1716 3681 1844 3739 licet

263 3758 421 3813 fratri
449 3759 641 3825 irasci,
668 3760 837 3817 multo
859 3763 1035 3819 minus
1058 3766 1112 3820 in
1137 3768 1317 3822 animo
1355 3770 1588 3826 retinere
1614 3774 1755 3841 quod
1784 3773 1838 3829 in

261 3850 449 3905 odium
488 3860 695 3921 quaerat
745 3856 1006 3909 converti.
1057 3855 1115 3911 Si
1164 3860 1455 3930 quidquam
1487 3863 1611 3918 mali
1651 3873 1843 3923 contra

263 3942 571 4013 proximum
597 3944 647 3998 in
672 3945 853 4000 animo
869 3946 1149 4015 habemus,
1166 3948 1275 4005 Deo
1300 3951 1495 4021 placite
1519 3952 1713 4012 oﬂ'erre
1734 3973 1840 4013 non

261 4048 570 4105 possumus.
601 4035 661 4092 Si
678 4054 798 4108 ergo
823 4040 997 4109 oﬂ'ers.
1013 4039 1319 4098 Secundum
1350 4044 1583 4101 litteram
1607 4048 1710 4103 hoc
1735 4048 1833 4105 ab-

261 4127 485 4180 surdum
502 4134 604 4182 est.
625 4126 720 4182 Est
743 4143 872 4200 ergo
892 4129 946 4184 in
973 4131 1215 4187 interiori
1240 4135 1436 4205 templo
1459 4136 1650 4204 altare,
1667 4138 1721 4195 id
1745 4147 1832 4196 est

260 4214 523 4280 ἠὼς,εηὶ
549 4217 825 4287 quodlibet
852 4234 1067 4287 munus,
1096 4222 1149 4278 id
1178 4233 1280 4290 est,
1306 4226 1564 4296 psalmus,
1584 4230 1836 4301 hymnus,

259 4306 462 4373 oratio,
476 4314 531 4364 et
550 4307 877 4378 huiusmodi,
891 4312 994 4368 nisi
1016 4314 1088 4370 sit
1106 4315 1350 4373 innixum
1367 4336 1472 4375 non
1493 4330 1576 4377 est
1592 4322 1702 4379 Deo
1722 4325 1838 4395 plac

261 4399 520 4457 citurum.
555 4400 622 4454 Et
640 4402 715 4455 ibi
732 4442 748 4467 ,
769 4410 901 4469 etc.,
938 4404 991 4461 id
1022 4415 1125 4473 est,
1148 4422 1270 4464 cum
1298 4410 1352 4466 in
1376 4413 1539 4469 corde
1563 4414 1727 4484 (quod
1754 4423 1841 4472 est

261 4489 521 4560 templum
535 4490 783 4564 interius)
796 4493 902 4549 tale
921 4511 1116 4553 munus
1141 4499 1418 4558 oblaturus
1443 4504 1583 4570 es,si
1604 4504 1660 4561 in
1682 4521 1839 4564 men-

260 4588 373 4635 tem
394 4582 603 4637 venerit
634 4584 776 4653 quod
804 4583 975 4641 frater
1001 4596 1123 4645 tuus
1141 4590 1304 4646 habet
1323 4592 1523 4662 aliquid
1546 4596 1836 4653 adversum
1862 4608 1916 4673 υ
1939 4618 2042 4686 δίε,

258 4679 334 4738 ιε,
350 4688 511 4743 quem
528 4684 585 4733 tu
606 4676 812 4735 laesisti.
831 4680 887 4736 Si
912 4683 1057 4738 enim
1078 4685 1194 4756 ipse
1216 4694 1267 4741 te
1286 4687 1566 4754 lazsitmon
1592 4693 1724 4762 ipse,
1739 4696 1837 4752 sed

259 4771 314 4818 tu
342 4764 511 4822 habes
537 4767 798 4826 adversus
828 4785 950 4826 eum
981 4787 997 4827 :
1036 4789 1138 4831 nec
1166 4783 1294 4832 tunc
1310 4787 1522 4850 oportet
1543 4791 1596 4837 te
1620 4786 1834 4842 veniam

254 4864 465 4926 petere,
493 4860 588 4915 sed
621 4859 756 4917 dare
785 4862 925 4918 sicut
952 4864 1037 4920 vis
1065 4865 1165 4923 tibi
1199 4868 1416 4926 dimitti.

325 4964 490 5023 Vsus.
524 4966 614 5024 ει.
653 5002 724 5011 -
756 4969 1009 5045 Relinque
1051 4974 1159 5043 ibi,
1210 4985 1314 5035 etc.
1364 4978 1478 5038 Non
1528 4982 1606 5039 ait
1641 4985 1829 5045 refer:

253 5060 382 5129 quia
428 5062 572 5131 quod
607 5072 754 5121 recte
781 5063 1005 5123 offertur
1056 5069 1329 5130 immutari
1372 5091 1478 5132 non
1529 5074 1674 5136 licet.
1723 5080 1831 5139 Sed

253 5149 520 5222 relinque,
553 5152 723 5211 donec
750 5156 1065 5227 placabilius
1106 5158 1298 5219 offeras
1327 5172 1347 5219 :'
1383 5181 1492 5223 non
1541 5169 1685 5226 enim
1713 5189 1833 5230 mu-

255 5256 359 5298 nus
382 5243 607 5315 repellit.
627 5249 721 5303 sed
751 5250 1073 5308 charitatem
1098 5256 1327 5324 proximi
1355 5260 1565 5329 quaerit,
1585 5262 1701 5319 sine
1723 5281 1832 5336 qua

254 5349 417 5389 nemo
454 5337 518 5391 ad
541 5337 856 5395 eharitatem
879 5341 970 5397 Dei
996 5344 1255 5413 pervenit.
1289 5346 1439 5404 Unde
1469 5367 1483 5403 :
1513 5348 1668 5408 Prius
1701 5354 1831 5411 cha-

256 5425 473 5482 ritatem
514 5432 764 5501 proximo
790 5433 1029 5490 exsolvat
1057 5437 1148 5508 qui
1176 5454 1369 5496 munus
1399 5457 1559 5498 suum
1583 5446 1693 5502 Deo
1715 5448 1832 5519 pla-

254 5528 380 5573 cere
408 5527 580 5590 optat.
611 5519 777 5580 Vade.
801 5524 915 5580 Non
949 5527 1202 5596 pedibus,
1226 5529 1318 5585 sed
1349 5533 1528 5589 animo
1556 5535 1831 5595 humiliter

253 5609 302 5665 ei
340 5622 659 5682 prosternas
698 5615 750 5671 in
796 5626 1086 5688 conSpectu
1120 5620 1259 5677 illius
1291 5623 1375 5677 cui
1431 5625 1709 5684 oblaturus
1746 5645 1825 5686 es.

258 5698 350 5757 Vel
369 5707 604 5775 petendo
631 5708 842 5765 veniam
865 5711 907 5766 si
936 5725 1173 5781 praesens
1196 5722 1299 5768 est.
1350 5711 1571 5785 O/feres.
1616 5718 1727 5775 Hoc
1761 5737 1831 5780 ex

259 5788 454 5870 spiritu
485 5798 704 5872 pietatis
741 5814 849 5875 quo
903 5803 1051 5862 mitis
1104 5804 1183 5877 fit,
1231 5813 1287 5863 et
1318 5806 1559 5866 divinum
1602 5812 1831 5873 verbum

1642 5922 1747 5945 pm

1959 1985 2112 2042 Viam
2143 1987 2508 2041 mandatorum
2537 1996 2746 2041 tuarum
2773 1986 3003 2052 cucurri,
3027 2001 3145 2040 cum
3167 1983 3403 2039 dilatasti
3444 1998 3535 2037 cor

1950 2093 2122 2132 meum
2162 2075 2335 2148 (Psal.
2369 2080 2584 2147 cxvm).
3184 2122 3213 2147 κ

2023 2168 2107 2223 Ne
2135 2167 2269 2239 forte
2310 2169 2507 2223 tradat.
2557 2166 2649 2223 Sic
2698 2167 3054 2237 temperavit,
3112 2173 3175 2221 ut
3199 2162 3533 2236 paenitentia:

1949 2256 2126 2314 locum
2150 2274 2255 2317 non
2298 2256 2514 2313 all'erret
2547 2276 2560 2311 :
2608 2265 2890 2327 putaretur
2918 2256 3087 2320 enim,
3119 2254 3261 2325 quod
3291 2254 3335 2308 si
3366 2253 3533 2308 obiis-

1950 2356 2035 2404 set
2064 2347 2409 2403 adversarius
2431 2356 2488 2403 et
2527 2362 2634 2403 non
2676 2356 2859 2418 posset
2885 2347 2934 2402 ei
2979 2347 3034 2401 in
3066 2346 3151 2401 via
3192 2360 3313 2400 esse
3363 2345 3531 2400 bene-

1947 2437 2137 2503 volus,
2196 2438 2504 2494 necessario
2533 2438 2700 2508 judiei
2725 2438 3069 2493 .traderetur.
3102 2435 3209 2493 Sed
3255 2447 3309 2493 et
3350 2435 3526 2490 locum

1947 2531 2280 2600 pmnitentite
2311 2530 2547 2600 reliquit,
2582 2538 2639 2585 et
2683 2530 3112 2600 impmnitentem
3153 2528 3325 2598 judici
3368 2527 3532 2582 tradi-

1949 2620 2045 2686 dit,
2076 2621 2262 2675 dicens
2292 2639 2304 2673 ;
2334 2618 2505 2675 Iudex
2547 2620 2726 2675 tradat
2774 2627 2825 2674 te
2873 2619 3141 2674 ministro.
3188 2616 3426 2683 Tradat,
3477 2616 3531 2671 id

1948 2719 2050 2777 est,
2075 2725 2242 2765 causa
2280 2710 2352 2765 sit
2388 2725 2485 2764 cur
2510 2709 2741 2765 tradaris
2763 2710 2815 2762 in
2847 2724 3040 2764 manus
3062 2708 3284 2775 Christi,
3310 2708 3395 2764 cui
3421 2707 3525 2762 Pa-

1949 2808 2032 2856 ter
2065 2815 2223 2856 omne
2256 2797 2519 2868 judicium
2549 2799 2721 2854 dedit.
2749 2798 2998 2855 Christus
3045 2798 3313 2865 ministro,
3346 2797 3399 2852 id
3442 2805 3528 2885 est

1946 2891 2157 2963 angelo,
2186 2890 2279 2962 qui
2310 2890 2525 2962 colliget
2557 2888 2785 2945 zizania.

2018 2987 2183 3043 Vsus.
2212 2983 2303 3040 26.
2325 3015 2396 3026 -
2426 2983 2784 3039 Nouissimam
2808 2981 3172 3055 quadrantem.
3211 2979 3268 3035 Id
3298 2987 3402 3046 est,
3426 2979 3529 3035 mlo

1946 3084 2077 3131 nuta
2124 3086 2372 3147 peccata,
2406 3073 2533 3144 quia
2568 3071 2701 3127 nihil
2746 3072 2852 3128 erit
2896 3072 3240 3143 impunitum.
3288 3068 3387 3125 Vel
3430 3083 3528 3141 per

1948 3167 2301 3238 quadrantem
2346 3163 2718 3231 novissimum,
2749 3162 3121 3236 signiﬁcantur
3148 3172 3360 3218 terrena
3400 3174 3526 3230 pee-

1871 3244 1919 3310 C
1949 3267 2092 3323 cata,
2119 3257 2243 3327 quia
2272 3257 2447 3328 prima
2489 3271 2617 3325 pars
2641 3255 2822 3310 mundi
2844 3255 3074 3320 cmlum;
3106 3252 3357 3320 secunda,
3399 3266 3523 3319 aer;

1946 3349 2103 3404 tertia
2154 3364 2333 3419 aqua;
2385 3357 2608 3417 quarta,
2642 3348 2935 3402 novissima
2978 3357 3138 3402 terra.
3170 3346 3311 3418 Ergo
3358 3347 3528 3425 donec

1943 3440 2137 3495 reddas
2179 3439 2531 3495 novissimum
2560 3439 2940 3509 quadrantem,
2976 3438 3030 3494 id
3069 3447 3175 3506 est,
3203 3437 3373 3493 donec
3405 3435 3527 3490 luas

1940 3540 2164 3604 peceata
2193 3547 2314 3602 quae
2337 3532 2402 3587 de
2428 3540 2571 3586 terra
2600 3530 2948 3586 eontraxisti.

2018 3620 2178 3677 Vens.
2209 3621 2295 3677 27.
2324 3652 2394 3662 ——
2422 3620 2679 3676 Audistis.
2712 3620 2931 3693 (RAB.)
2980 3620 3172 3676 Adhuc
3216 3618 3309 3690 qui
3348 3616 3523 3675 dixit:

1943 3710 2068 3766 Non
2093 3712 2205 3766 veni
2242 3710 2437 3767 solvere
2469 3710 2629 3784 legem
2653 3753 2668 3779 ,
2720 3714 2810 3767 sed
2866 3696 3149 3782 adimplere
3181 3702 3374 3783 (Marc.
3414 3708 3517 3782 ιι).

1939 3800 2102 3857 Addit
2151 3821 2162 3855 :
2202 3812 2463 3873 quantum
2515 3803 2706 3858 debeat
2731 3804 3029 3869 abundare,
3067 3812 3212 3870 etc.,
3252 3818 3414 3873 usque
3454 3800 3525 3855 ad

1941 3894 2157 3964 quando
2183 3893 2361 3961 anima
2384 3894 2569 3951 relicta
2599 3894 2862 3966 superiori
2890 3895 3031 3968 lege,
3077 3895 3218 3967 turpi
3249 3895 3525 3950 voluntate

1940 3980 2260 4039 inferiorum
2289 3986 2580 4056 prostituta
2619 3986 3004 4059 corrumpitur.

2036 4072 2237 4130 Viderit
2280 4076 2569 4132 mulierem.
2616 4077 2848 4151 (BEDA.)
2894 4079 3082 4150 Magna
3133 4078 3519 4151 superadditio.

1940 4159 2104 4221 Visus
2132 4166 2350 4237 ponitur
2374 4182 2471 4236 pro
2491 4169 2639 4224 omni
2661 4179 2809 4226 motu
2838 4169 2929 4241 qui
2960 4178 3060 4235 est,
3092 4180 3224 4237 etc.,
3267 4187 3428 4242 usque
3449 4169 3519 4225 ad

1940 4259 2066 4330 quia
2117 4274 2225 4314 non
2272 4258 2565 4315 secundum
2616 4261 2759 4331 quod
2803 4261 3031 4332 quisque
3087 4260 3263 4333 potuit
3302 4267 3360 4315 et
3410 4275 3518 4316 non

1939 4348 2106 4414 licuit,
2156 4348 2251 4405 sed
2299 4350 2595 4407 secundum
2637 4353 2780 4422 quod
2827 4353 2996 4408 voluit
3041 4361 3097 4409 et
3142 4351 3426 4426 proposuit
3451 4367 3522 4409 ex

1939 4438 2269 4496 conscientia
2298 4450 2588 4497 accusatur
2620 4442 2707 4498 vel
2732 4442 3055 4500 defenditur.

2010 4529 2091 4584 Ad
2117 4531 2599 4602 concupiscendum.
2634 4531 2703 4589 Ut
2740 4541 2978 4590 transeat
3019 4534 3075 4590 in
3122 4524 3370 4591 affectum
3401 4549 3521 4591 cor-

2072 4630 2132 4677 ut
2156 4620 2335 4678 facere
2366 4623 2641 4693 disponat,
2669 4625 2761 4682 ubi
2795 4641 2901 4681 non
2926 4626 3081 4682 deest
3106 4626 3381 4694 voluntas,
3423 4626 3521 4684 sed

1937 4714 2150 4770 occasio
2206 4732 2219 4769 :
2276 4716 2420 4788 quod
2472 4719 2652 4789 passio
2700 4719 2920 4787 dicitur,
2976 4735 3097 4791 qua:
3145 4727 3229 4776 est
3275 4735 3421 4777 mors
3460 4720 3516 4777 in

1938 4800 2115 4863 domo.
2147 4804 2436 4877 Propassio
2473 4817 2558 4865 est
2586 4810 2751 4865 animi
2783 4812 2993 4867 subitus
3024 4810 3249 4868 affectus
3283 4811 3367 4867 vel
3395 4812 3517 4880 irae,

1937 4898 2022 4957 vel
2081 4904 2303 4960 amoris.
2346 4904 2536 4961 Passio
2576 4916 2660 4963 est
2695 4908 2860 4962 animi
2896 4907 3067 4965 forma
3111 4909 3197 4965 vel
3242 4909 3516 4967 delibera-

1936 4993 2013 5062 tio
2041 5007 2109 5048 ex
2140 5009 2428 5054 consensu.
2462 4996 2613 5055 Unde
2652 4997 2852 5055 dicitur
2878 4998 3073 5070 aliquis
3112 4999 3408 5058 iracundus
3426 5000 3514 5058 vel

1939 5094 2168 5142 amator.

2009 5174 2181 5251 (lsrn.)
2218 5174 2277 5235 Si
2327 5181 2712 5252 contemplatio
2740 5184 2970 5241 vertitur
3003 5178 3059 5242 in
3091 5185 3307 5242 mdium
3343 5183 3428 5241 vel
3456 5184 3513 5243 in

1937 5269 2335 5342 arrogantiam,
2382 5272 2594 5330 dimitte
2628 5289 2781 5342 eam,
2824 5285 2879 5333 et
2933 5277 3104 5334 transi
3130 5277 3197 5334 ad
3234 5278 3510 5335 activam;

1936 5359 2060 5430 quia
2100 5360 2293 5417 melius
2320 5373 2403 5418 est
2422 5379 2520 5435 per
2547 5365 2778 5422 activam
2806 5367 3026 5436 salvari,
3053 5382 3217 5439 quam
3253 5382 3350 5438 per
3376 5381 3511 5425 con-

1934 5449 2304 5521 templativam
2350 5453 2551 5525 perire.

2004 5539 2167 5596 Vens.
2193 5540 2372 5597 29.—
2405 5543 2547 5599 Erue
2575 5562 2713 5602 eum.
2736 5546 2816 5603 Ad
2845 5547 3077 5604 litteram
3096 5549 3300 5606 nullum
3334 5563 3508 5605 mem-

1934 5629 2087 5691 brum
2127 5634 2242 5689 erui
2270 5637 2598 5706 praecipitur,
2635 5640 2729 5694 sed
2752 5640 2977 5696 interior
3005 5642 3152 5698 visus
3178 5642 3270 5712 qui
3297 5642 3509 5707 dexter,

1932 5735 1987 5782 et
2017 5728 2256 5785 exterior
2287 5729 2377 5800 qui
2406 5731 2624 5790 sinister
2649 5734 2864 5802 dicitur,
2906 5751 3003 5807 per
3046 5735 3283 5792 studium
3307 5734 3384 5807 pii
3426 5733 3508 5790 las

1930 5818 2081 5880 boris
2126 5819 2174 5879 si
2215 5831 2375 5882 nocet
2400 5832 2485 5883 est
2529 5826 2864 5887 revocandus
2892 5826 2977 5885 vel
3019 5825 3377 5901 removendus
3408 5830 3515 5891 εει
