4068 6344
503 378 611 440 5195
1041 380 1426 440 WALAFRIDI
1461 375 1708 439 STRABI
1743 379 1946 440 FULD.
1984 378 2147 439 MON.
2191 376 2340 438 OPP.
2379 383 2558 439 PARS
2594 383 2633 439 l.
2670 415 2740 425 —
2777 380 3228 442 THEOLOGICA.
3711 383 3783 441 96

537 497 700 554 etiam
728 497 886 568 longe
920 494 1225 560 faciendus,
1271 505 1332 550 ut
1375 496 1581 552 scilicet
1607 512 1707 552 nec
1742 497 1796 551 in
1842 494 2101 550 memoria
2127 500 2178 560 Α
2276 493 2381 549 Per
2431 495 2634 550 caelum.
2665 497 2743 552 llli
2776 499 2859 553 vel
2895 498 3089 554 coelum
3127 497 3248 569 plus
3291 495 3496 567 aliquid
3541 498 3784 567 suspica-

537 587 821 641 habeatur.
858 586 1079 642 Eruitur
1099 584 1288 641 oculus
1325 601 1447 640 cum
1475 584 1740 657 frangitur
1767 584 1938 640 malus
1958 601 2106 640 usus.

537 677 845 750 Projicitur,
879 693 998 736 cum
1018 693 1086 734 ex
1115 686 1226 734 toto
1247 679 1599 745 annihilatur,
1630 695 1730 736 nec
1758 678 1962 734 intrare
1990 694 2111 750 per-

539 771 793 826 mittitur.

513 905 517 909 .
610 863 770 916 Vens.
806 859 895 916 50.
941 890 1013 900 —
1047 860 1273 916 Dextera
1310 878 1498 916 manus
1529 871 1639 916 tua.
1692 862 1957 934 Prospera
1990 876 2114 932 ope-

509 952 695 1016 ratio,
729 952 812 1008 vel
857 952 1052 1021 aliquis
1081 952 1294 1021 adjutor
1321 961 1572 1009 strenuus
1615 954 1757 1009 intra
1779 955 1903 1010 vitae
1943 969 2108 1025 nego-

513 1045 606 1100 ‘tia
635 1062 647 1097 :
679 1043 770 1113 qui
794 1044 839 1099 si
865 1044 1180 1100 scandalum
1213 1052 1296 1100 est
1316 1045 1371 1100 in
1401 1045 1517 1116 lege
1544 1045 1662 1111 Dei,
1693 1045 1884 1100 melius
1911 1055 1996 1102 est
2019 1046 2110 1103 illo

532 1121 768 1204 praeciso.
786 1133 1001 1199 salvari,
1031 1149 1192 1204 quam
1245 1149 1368 1189 cum
1407 1135 1498 1190 illo
1544 1134 1805 1191 damnari.
1851 1135 2110 1190 Abscinde

507 1243 672 1292 eam,
705 1237 809 1282 etc.
837 1227 895 1282 Si
925 1228 1048 1297 quis
1075 1228 1178 1282 hoc
1207 1228 1466 1298 praedicat
1509 1228 1575 1284 de
1607 1229 1884 1294 membris,
1914 1227 2109 1283 affectu

534 1318 751 1387 pietatis
777 1333 884 1372 non
909 1318 1066 1373 debet
1094 1317 1286 1373 audiri.
1329 1317 1436 1373 Sed
1465 1326 1524 1372 ut
1551 1318 1870 1388 improbitas
1896 1335 2108 1375 morum

505 1419 590 1476 et
616 1409 854 1480 pravitas
881 1410 1151 1465 actionum
1197 1410 1320 1465 inde
1361 1420 1655 1477 resecetur,
1674 1420 1734 1468 ut
1756 1413 2015 1485 quidquid
2051 1415 2106 1470 in

512 1501 690 1566 oculo
725 1500 1004 1556 mentisde
1031 1501 1350 1571 viajustitiaa
1373 1510 1429 1557 et
1459 1518 1668 1558 morum
1690 1504 1958 1574 probitate
2005 1520 2105 1562 nos

535 1592 819 1656 subvertit,
848 1603 902 1647 et
924 1593 1180 1662 quidquid
1219 1601 1402 1648 contra
1447 1594 1812 1664 operationem
1843 1595 2104 1650 virtutum

535 1695 686 1742 extra
715 1685 910 1757 pulsat,
942 1687 1130 1756 procul
1161 1687 1408 1756 pellatur.
1436 1686 1503 1741 In
1558 1689 1862 1758 gehennam.
1899 1687 2106 1744 Nomen

2211 587 2424 654 bantur,
2448 587 2531 642 vel
2557 604 2655 659 per
2680 589 2809 644 illud
2840 587 3089 658 iurantes
3126 604 3232 644 non
3259 588 3523 658 putabant
3544 602 3602 644 se
3621 587 3783 658 jura-

2210 685 2392 734 mento
2409 679 2576 735 teneri
2596 697 2608 734 :
2630 680 2752 736 ideo
2774 681 3098 737 sententiam
3127 681 3207 736 sic
3227 688 3508 750 temperat,
3527 688 3586 735 ut
3601 688 3656 737 et
3676 697 3787 738 cte-

2210 768 2317 824 lum
2334 781 2583 826 creatura
2610 772 2702 828 Dei
2734 775 3012 837 credatur,
3043 771 3296 842 nonfplus
3324 771 3556 842 aliquid:
3583 781 3636 828 et
3657 774 3786 844 quia

2171 899 2174 902 .
2210 860 2435 916 thronus
2464 860 2578 930 ejus
2607 870 2691 918 est
2711 861 3003 933 periurium
3030 863 3302 919 timeatur.
3329 861 3422 918 Sic
3446 868 3501 917 et
3525 862 3592 918 de
3617 871 3785 930 terra,

2208 951 2335 1021 quia
2371 952 2664 1007 scabellum
2694 954 2891 1022 pedum
2938 952 3073 1023 ejus.
3116 953 3220 1020 Qui
3271 968 3401 1024 ergo
3445 967 3544 1023 per
3573 944 3860 1034 creata-fi

2209 1055 2325 1094 ram
2343 1041 2514 1111 jnrat,
2547 1042 2623 1097 illi
2646 1043 2806 1098 debet
2824 1043 3191 1115 juramentum
3227 1043 3320 1115 qui
3343 1058 3464 1099 eam
3494 1044 3700 1100 creavit
3727 1052 3789 1100 et
3853 1050 3861 1064 '

2207 1133 2365 1202 regit,
2395 1147 2494 1188 nec
2523 1133 2613 1188 alii
2655 1143 2802 1190 recte
2827 1142 3048 1206 putatur
3075 1134 3248 1190 reddi.

2277 1222 2395 1278 Non
2433 1222 2679 1293 iuremus
2725 1241 2825 1296 per
2874 1234 3154 1282 creaturas
3207 1233 3268 1280 ut
3315 1239 3641 1282 veneremur
3691 1239 3788 1282 eas

2207 1315 2350 1370 ultra
2398 1331 2561 1385 quam
2619 1316 2880 1374 debemus
2923 1332 3022 1388 per
3059 1332 3182 1385 eas,
3231 1324 3295 1373 ut
3335 1315 3470 1372 viles
3507 1317 3788 1372 existime-

2207 1421 2363 1471 mus,
2393 1414 2454 1461 ιιι
2481 1405 2686 1463 scilicet
2712 1422 2838 1463 cum
2873 1423 2972 1479 per
3010 1423 3104 1464 eas
3140 1407 3387 1478 juremus
3423 1407 3558 1463 nihil
3600 1406 3791 1477 jurare

2207 1506 2484 1568 putemus.

2278 1588 2459 1660 Neque
2493 1607 2586 1661 per
2628 1600 2840 1646 terram.
2878 1590 2984 1646 Alii
3026 1606 3124 1662 per
3172 1591 3403 1648 salutem
3456 1591 3788 1659 Pharaonis,

2207 1680 2299 1750 qui
2327 1680 2420 1736 Dei
2445 1681 2650 1751 judicio
2688 1683 2896 1752 positus
2923 1691 3006 1739 est
3052 1683 3106 1738 in
3157 1682 3376 1740 inﬁmis.
3413 1683 3538 1738 Non
3585 1694 3660 1739 est
3699 1701 3792 1756 po.

527 1779 790 1849 .geliengge
825 1777 879 1832 in
922 1779 1196 1834 veteribus
1239 1793 1346 1833 non
1395 1778 1665 1833 invenitur
1694 1794 1709 1832 :
1752 1780 1846 1834 sed
1889 1779 2038 1849 prius
2071 1794 2104 1834 a
2132 1846 2166 1849 _
2204 1779 2363 1826 testas
2385 1774 2486 1827 nisi
2513 1791 2545 1827 a
2574 1773 2684 1828 Deo
2713 1773 2890 1844 (Rom.
2917 1775 3038 1848 xm)
3066 1793 3080 1829 ι
3113 1785 3168 1833 ει
3194 1776 3251 1831 in
3286 1776 3391 1832 hoc
3419 1777 3587 1834 Deum
3608 1776 3786 1847 juras.

534 1837 762 1925 Domitio
787 1870 1021 1941 ponitur.
1051 1867 1215 1939 Cujus
1260 1871 1496 1926 nominis
1526 1872 1739 1927 occasio
1765 1880 1867 1928 est.
1889 1837 2102 1926 idolum
2130 1846 2180 1907 Β
2277 1861 2481 1934 Neque,
2529 1871 2633 1920 elc-
2683 1865 2834 1932 Quod
2867 1882 2971 1921 non
3009 1875 3093 1922 est
3133 1876 3284 1923 tuum
3311 1883 3477 1938 opus,
3499 1871 3594 1924 sed
3639 1869 3736 1924 Dei
3764 1888 3780 1923 :

532 1960 659 2016 Baal
685 1961 784 2016 fuit
805 1960 960 2031 juxta
987 1960 1284 2018 Jerusalem
1314 1965 1382 2019 ad
1427 1965 1662 2020 radicem
1705 1965 1905 2020 montis
1933 1964 2102 2021 Moria

531 2055 620 2108 ubi
653 2053 796 2110 Siloe
822 2055 939 2110 fuit.
969 2053 1095 2110 Haec
1128 2055 1279 2110 vallis
1304 2055 1502 2128 irrigua
1527 2056 1628 2112 fuit
1657 2066 1710 2112 et
1739 2072 2022 2113 nemorosa
2050 2065 2106 2114 et

529 2147 687 2216 plena
718 2147 957 2212 deliciis,
1001 2156 1057 2202 et
1092 2146 1242 2202 locus
1276 2147 1333 2202 in
1365 2162 1430 2202 ea
1480 2147 1640 2203 idolis
1687 2157 2040 2204 consecratus
2086 2166 2100 2203 :

529 2238 756 2308 populus
787 2246 964 2294 autem
993 2238 1157 2295 Israel
1185 2238 1320 2294 adeo
1351 2239 1603 2295 insanivit
1622 2281 1637 2307 ,
1664 2249 1721 2296 ut
1749 2241 1938 2297 relicto
1962 2251 2104 2297 tem-

529 2329 618 2399 plo
654 2330 727 2384 ibi
759 2330 1116 2396 immolarent,
1159 2339 1215 2386 et
1267 2330 1405 2387 ﬁlios
1448 2347 1576 2388 suos
1620 2333 1968 2388 incenderent
1999 2334 2106 2388 dae-

529 2419 746 2475 moniis.
779 2419 847 2475 Et
876 2419 1154 2476 dicebatur
1201 2421 1349 2477 locus
1392 2422 1495 2478 iste
1539 2421 1854 2491 Gehennon,
1907 2425 1960 2480 id
1996 2431 2102 2491 est,

527 2510 682 2566 vallis
721 2511 935 2568 Ennon.
982 2512 1354 2569 Comminatur
1391 2523 1568 2570 autem
1605 2515 1746 2571 Deus
1799 2531 1859 2571 se
1908 2515 2101 2585 imple-

529 2608 708 2658 turum
743 2603 917 2660 locum
947 2603 1092 2660 illum
1136 2606 1508 2672 cadaveribus,
1541 2616 1601 2662 ut
1635 2615 1856 2664 vocetur
1882 2608 2105 2680 polyano

527 2690 704 2758 drum,
759 2695 811 2749 id
864 2703 981 2760 est,
1031 2696 1266 2751 tumulus
1312 2706 1646 2752 mortuorum
1694 2716 1708 2753 :
1761 2697 1918 2769 hujus
1973 2713 2104 2771 ergo

526 2782 631 2839 loci
659 2787 874 2841 nomine
904 2786 1081 2842 futura
1120 2787 1381 2858 supplicia
1411 2790 1786 2861 designantur.

601 2873 759 2929 Vens.
789 2875 876 2930 3i.
909 2907 980 2916 -
1015 2877 1114 2932 Det
1144 2877 1240 2932 illi.
1290 2878 1470 2951 (Auc.)
1521 2880 1750 2951 Scripsit
1783 2881 1993 2955 Moyses
2037 2882 2094 2938 in

529 2961 963 3032 Deutcronomio,
995 2970 1138 3038 quod
1163 2969 1209 3024 si
1238 2985 1377 3025 uxor
1409 2985 1516 3026 non
1546 2971 1722 3041 placet
1742 2972 1860 3027 viro
1883 2981 2104 3043 propter

2207 1960 2264 2009 et
2285 1953 2358 2008 ita
2381 1953 2436 2009 in
2465 1954 2705 2010 minimis
2732 1955 2901 2011 Deum
2923 1956 3158 2028 jurando
3186 1957 3483 2029 perjurium
3505 1958 3790 2016 incurrere

2205 2051 2384 2114 potes.
3351 2087 3354 2090 .
3665 2063 3668 2066 θ

2277 2133 2380 2202 Qui
2410 2148 2507 2206 per
2536 2143 2698 2207 caput
2719 2135 2892 2207 jurat,
2916 2135 2996 2193 illi
3037 2136 3198 2194 debet
3221 2137 3377 2210 cujus
3402 2137 3574 2212 ﬁgura
3593 2147 3650 2197 et
3685 2155 3787 2211 po-

2205 2232 2376 2283 testas
2399 2227 2453 2282 in
2479 2243 2544 2284 eo
2570 2235 2771 2284 manet.

2275 2317 2441 2374 Vens.
2466 2319 2556 2374 56.
2579 2350 2652 2361 —
2679 2320 2819 2386 Quia
2849 2337 2955 2376 non
2997 2330 3158 2392 potes,
3189 2329 3293 2378 etc.
3348 2321 3475 2380 Hac
3527 2323 3785 2395 praedicta

2205 2424 2328 2466 cum
2368 2410 2478 2466 sint
2499 2412 2666 2466 ardua
2712 2420 2768 2468 et
2812 2410 3044 2468 diﬁicilia
3071 2454 3086 2480 ,
3123 2428 3283 2470 nemo
3311 2414 3427 2470 sine
3456 2415 3648 2486 spiritu
3678 2416 3786 2473 for-

2206 2499 2450 2556 titudinis
2481 2511 2683 2557 servat.
2734 2501 3019 2573 Compellit
3067 2506 3135 2560 ad
3185 2502 3608 2575 perfectionem,
3656 2505 3784 2562 dum

2207 2591 2345 2650 tollit
2374 2593 2596 2664 jurandi
2630 2596 2993 2652 occasionem.

2275 2683 2440 2739 Vsus.
2490 2684 2579 2739 37.
2606 2715 2676 2726 —
2702 2685 2820 2752 Est,
2865 2695 2978 2752 est;
3015 2703 3149 2754 non,
3181 2704 3306 2744 non.
3342 2688 3467 2744 Ideo
3506 2689 3592 2744 bis
3631 2688 3784 2756 dicit,

2202 2782 2265 2829 ut
2297 2773 2439 2844 quod
2485 2789 2581 2830 ore
2639 2775 2794 2842 dicis,
2838 2777 3092 2846 operibus
3137 2779 3356 2848 probes.
3406 2779 3560 2846 Quod
3603 2778 3788 2834 verbis

2205 2881 2394 2937 negas,
2419 2865 2581 2922 factis
2610 2883 2717 2922 non
2747 2869 3064 2937 comprobes
3097 2870 3184 2926 vel
3224 2870 3533 2927 conﬁrmes.

2275 2958 2390 3015 Non
2428 2960 2646 3030 penitus
2665 2958 2854 3030 jurare
2882 2961 3179 3032 prohibuit,
3210 2963 3308 3018 sed
3353 2963 3638 3019 occasione
3663 2977 3788 3032 per-

527 3056 759 3126 aliquam
805 3057 1129 3127 foeditatem,
1173 3061 1410 3118 dimittat
1461 3079 1602 3118 eam.
1653 3064 1804 3131 Quod
1855 3064 2102 3122 Christus

2200 3050 2348 3122 jurii.
2380 3050 2534 3119 Quod
2568 3051 2862 3122 perfectius
2883 3062 2968 3109 est
3002 3054 3188 3117 docuit
3223 3055 3512 3111 ostendens
3533 3056 3675 3126 quod
3702 3056 3787 3110 ul-

517 3149 766 3220 .exponit,
792 3158 920 3218 etc.,
952 3168 1113 3224 usque
1134 3152 1203 3206 ad
1226 3152 1367 3208 sicut
1389 3153 1561 3224 diligit
1586 3153 1885 3221 inimicum,
1908 3171 2015 3211 non
2043 3156 2097 3211 in

527 3239 631 3296 hoc
663 3242 805 3311 quod
851 3241 1103 3300 inimicus
1140 3253 1197 3301 et
1224 3244 1418 3313 malus,
1445 3245 1540 3302 sed
1566 3246 1709 3316 quod
1738 3247 1900 3303 homo
1927 3255 1990 3303 ut
2015 3263 2100 3305 se-

518 3343 647 3385 cum
685 3331 755 3385 sit
790 3331 989 3389 salvus.

595 3421 938 3495 (Cunvsosr)
969 3423 1220 3483 Permisit
1251 3426 1462 3498 Moyses
1506 3427 1625 3482 dari
1665 3428 1904 3484 libellum
1940 3444 2101 3500 repu-

524 3509 620 3575 dii,
653 3525 719 3566 ne
741 3520 962 3582 propter
988 3515 1169 3568 odium
1208 3513 1532 3572 funderetur
1560 3519 1796 3586 sanguis.
1846 3518 2102 3576 Permisit

521 3603 644 3667 ﬁeri
675 3603 837 3678 mala,
861 3612 964 3661 etc.
985 3646 998 3672 ,
1027 3623 1188 3680 usque
1213 3608 1281 3662 ad
1311 3609 1438 3679 quia
1477 3610 1650 3665 malas
1694 3611 1978 3669 hominum
2003 3628 2101 3668 vo-

527 3691 760 3750 luntates
789 3695 856 3750 ad
889 3696 1102 3767 plenum
1129 3698 1415 3769 prohibere
1447 3716 1555 3756 non
1592 3716 1896 3770 possumus.

551 3847 554 3850 ,
601 3781 763 3841 Vens.
791 3786 880 3840 32.
897 3817 966 3828 —
991 3787 1165 3843 Causa
1191 3789 1571 3856 fornicationis.
1597 3792 1732 3860 Quia
1753 3794 1808 3849 in
1837 3795 1941 3852 hoc
1966 3793 2101 3853 ﬁdes

525 3877 794 3954 castitatis
837 3887 894 3935 et
931 3882 1185 3936 connubii
1235 3884 1544 3954 rumpitur:
1586 3894 1642 3941 et
1687 3887 1776 3944 ille
1813 3903 1919 3944 non
1971 3889 2101 3946 facit

528 3983 649 4023 eam
688 3970 970 4036 mtechari,
995 3972 1090 4027 sed
1128 3973 1245 4044 ipsa
1274 3989 1436 4030 causa
1463 3985 1548 4033 est
1570 3987 1753 4034 reatus
1781 3981 1887 4036 sui.
1917 3979 1975 4037 Si
1998 3997 2100 4037 au-

529 4066 634 4114 tem
674 4075 771 4130 pro
815 4060 1171 4118 fornicatione
1199 4065 1438 4132 dimittit,
1471 4082 1502 4121 a
1554 4067 1912 4126 fornicatione
1941 4071 2102 4127 debet

527 4164 647 4206 esse
676 4152 948 4220 immunis,
971 4169 1073 4212 nec
1093 4155 1255 4212 aliam
1286 4158 1482 4215 ducere
1505 4159 1633 4216 licet
1659 4162 1786 4217 dum
1825 4153 1916 4218 illa
1944 4164 2096 4219 vivit.

525 4239 914 4301 Fornicationis
949 4263 1128 4302 causa.
1151 4249 1409 4315 Feminae,
1432 4265 1552 4320 qua:
1587 4250 1851 4308 fornicata
1883 4261 1988 4319 est,
2017 4253 2099 4309 vel

525 4333 628 4387 viri
661 4350 729 4389 ne
760 4334 1078 4404 fornicetur,
1110 4339 1316 4394 scilicet
1337 4342 1384 4396 si
1414 4357 1551 4396 uxor
1593 4352 1752 4412 cogat
1786 4345 1852 4399 ad
1878 4345 2102 4401 idolola-

518 4422 703 4491 triam,
739 4424 822 4480 vel
849 4426 915 4480 ad
936 4428 1240 4495 avaritiam,
1271 4430 1355 4485 vel
1386 4431 1452 4486 ad
1483 4431 1618 4487 alias
1645 4433 1860 4490 illicitas
1896 4451 2098 4492 concu-

523 4511 833 4583 piscentias.
881 4516 999 4572 Non
1028 4519 1172 4574 enim
1201 4519 1485 4578 fornicatio
1527 4531 1612 4579 est
1641 4531 1850 4581 tantum
1898 4530 2095 4600 stupri,

522 4605 616 4664 sed
648 4608 973 4677 generaliter
1019 4627 1138 4682 quae
1171 4628 1202 4667 a
1232 4613 1350 4684 lege
1400 4615 1495 4670 Dei
1532 4614 1786 4673 aberrare
1835 4618 1986 4675 facit.
2027 4621 2096 4677 Et

522 4697 630 4765 qui,
663 4706 768 4753 etc.
808 4698 1152 4773 (Cnnrsosr.)
1195 4703 1310 4760 Non
1363 4707 1515 4764 dicas
1557 4711 1818 4780 quoniam
1854 4713 1940 4768 vir
1967 4728 2097 4772 suus

523 4802 640 4844 eam
659 4791 1022 4864 dimisit,quia
1050 4796 1214 4852 etiam
1238 4807 1524 4870 postquam
1550 4802 1769 4860 dimissa
1792 4813 1896 4873 est,
1922 4805 2097 4862 rema-

522 4888 617 4938 net
641 4879 960 4938 dimittentis
986 4899 1140 4940 uxor.

528 5012 535 5026 .
596 4967 757 5026 Vsus.
786 4971 875 5028 35.
905 5001 973 5015 —-
1005 4973 1205 5032 Redde:
1226 4988 1421 5034 autem.
1447 4979 1504 5036 Si
1527 4980 1714 5052 jurare
1759 4987 2052 5059 contigerit
2076 5003 2092 5046 :

514 5077 622 5134 per
673 5063 985 5123 Creatorem
1024 5067 1273 5138 iurabis:
1307 5089 1414 5130 non
1459 5091 1558 5146 per
1609 5088 1937 5136 creaturam.
1981 5081 2096 5139 Hoc

527 5157 670 5211 enim
694 5173 790 5229 per
821 5162 963 5229 quod
983 5161 1135 5232 jurat
1179 5165 1407 5237 quilibet
1434 5178 1726 5226 veneratur
1750 5187 1765 5226 :
1794 5173 1897 5229 hoc
1927 5183 2096 5240 amat,

515 5247 631 5312 hoc
660 5250 832 5310 timet.
860 5253 984 5311 ldeo
1009 5255 1094 5312 lex
1131 5260 1376 5331 praecipit
1413 5271 1473 5316 ut
1497 5277 1603 5318 non
1629 5261 1846 5333 juretur
1870 5266 1974 5322 nisi
2001 5282 2099 5338 per

514 5338 713 5409 Deum.

594 5427 710 5506 Ego
745 5446 943 5505 autem,
990 5447 1094 5496 etc.
1128 5441 1295 5498 Docet
1331 5442 1406 5498 nil
1439 5452 1548 5499 tam
1595 5446 1701 5500 vile
1745 5446 1801 5500 in
1834 5447 2100 5504 creaturis

517 5523 668 5595 quod
689 5526 810 5595 quis
836 5527 1080 5598 pejerare
1101 5531 1316 5599 debeat,
1345 5534 1471 5588 dum
1503 5551 1533 5588 a
1582 5551 1794 5591 summo
1824 5551 1994 5606 usque
2033 5537 2102 5593 ad

524 5614 717 5684 imum,
764 5619 1132 5691 juramentum
1173 5632 1336 5687 vetat,
1374 5625 1427 5679 id
1456 5635 1568 5689 est,
1601 5641 1630 5679 a
1657 5626 1796 5682 caalo
1824 5641 1992 5694 usque
2033 5628 2100 5683 ad

519 5709 799 5778 capillum.
829 5711 885 5766 ln
910 5712 1077 5768 Deum
1106 5715 1350 5784 pejerare
1383 5717 1745 5784 convincitur,
1772 5717 1927 5786 cujus
1950 5719 2098 5777 thro-

524 5813 625 5884 nus
659 5811 746 5861 est
767 5805 989 5873 uelum,
1013 5813 1070 5862 et
1094 5809 1249 5879 cujus
1272 5818 1357 5868 est
1386 5810 1782 5894 quidquidest.

2123 4575 2178 4637 Ι)

2205 3143 2374 3199 terius
2406 3151 2490 3200 est
2528 3160 2559 3198 a
2588 3145 2734 3199 malo
2781 3159 2920 3200 esse.
2967 3145 3255 3216 Apostolus
3283 3144 3462 3214 jurat,
3511 3154 3574 3202 ut
3623 3144 3782 3201 ﬁdem

2125 3211 2170 3278 (ἶ
2200 3233 2528 3304 persuadeat
2557 3250 2572 3289 :
2595 3233 2838 3291 Ecclesia
2861 3211 3032 3291 etiam
3053 3253 3152 3307 pro
3179 3211 3382 3293 foedere
3395 3237 3548 3308 pacis
3570 3252 3639 3293 ac
3658 3236 3786 3296 ﬁdei

2201 3339 2331 3381 suos
2366 3323 2554 3394 jurare
2597 3327 2865 3383 concedit.
2901 3326 3009 3382 Sed
3039 3325 3289 3382 Christus
3325 3328 3467 3396 quod
3490 3325 3786 3398 perfectius

2200 3424 2284 3471 est
2313 3416 2517 3483 docuit,
2549 3418 2693 3488 quod
2717 3417 3050 3476 inﬁrmitatis
3077 3418 3321 3486 indulsit,
3345 3420 3491 3491 quod
3519 3420 3782 3491 supersti-

2200 3506 2400 3563 tiosum
2430 3509 2720 3564 resecavit.

2271 3595 2486 3655 Veritas
2531 3598 2802 3670 Evangelii
2842 3601 3207 3672 juramentum
3257 3615 3364 3656 non
3404 3601 3636 3671 recipit,
3691 3602 3787 3658 sed

2201 3684 2426 3742 alterius
2448 3686 2734 3743 inﬁrmitas
2756 3689 2809 3744 id
2838 3690 3004 3761 cogit,
3031 3690 3158 3747 dum
3184 3690 3402 3746 veritati
3441 3705 3549 3746 non
3587 3690 3782 3748 credit.

2271 3779 2318 3833 Α
2345 3778 2484 3835 malo
2529 3790 2625 3836 est.
2680 3780 2797 3840 Non
2827 3784 3043 3853 quidem
3096 3784 3330 3853 malum,
3360 3786 3488 3856 quia
3527 3786 3629 3842 etsi
3677 3801 3785 3842 non

2199 3870 2400 3927 bonum
2418 3912 2432 3937 ,
2473 3879 2650 3927 tamen
2678 3873 3065 3940 necessarium,
3088 3875 3182 3932 sed
3207 3891 3239 3930 a
3259 3875 3401 3931 malo
3431 3885 3532 3940 est,
3565 3890 3672 3931 non
3694 3885 3786 3932 tuo

2201 3963 2297 4018 sed
2325 3961 2464 4018 illius
2491 3978 2524 4018 a
2551 3979 2656 4033 quo
2695 3964 3131 4036 cogerisjurare,
3154 3966 3211 4022 id
3235 3975 3340 4035 est,
3369 3968 3440 4025 ab
3463 3968 3785 4024 inﬁrmitate

2203 4051 2346 4108 illius
2369 4068 2488 4123 quae
2517 4054 2719 4110 malum
2749 4063 2854 4111 est.
2912 4099 2924 4105 -

2275 4166 2437 4221 Vens.
2477 4166 2567 4222 58.
2596 4198 2668 4208 -
2709 4167 2963 4224 Audistis.
3012 4168 3220 4242 (Auc.)
3273 4170 3386 4227 Lex
3445 4172 3664 4228 modum
3695 4173 3784 4228 ul-

2199 4254 2365 4312 tionis
2419 4257 2654 4313 instituit
2693 4273 2709 4313 :
2746 4259 2964 4314 oculum
3008 4275 3108 4330 pro
3155 4260 3333 4317 oculo.
3386 4261 3540 4330 Quod
3592 4263 3637 4317 si
3676 4262 3785 4317 dici

2201 4355 2402 4418 potest,
2446 4358 2578 4415 etc.,
2624 4366 2784 4421 usque
2826 4351 2895 4404 ad
2949 4351 3044 4406 sed
3069 4368 3168 4423 pro
3214 4352 3502 4408 dilectione
3529 4352 3783 4422 justitite,

2197 4435 2402 4506 justum
2431 4455 2529 4510 pro
2567 4440 2786 4510 iniusto,
2817 4443 2960 4513 quod
2984 4452 3070 4498 est
3092 4444 3293 4499 bonum
3322 4443 3616 4515 pro-malo,
3636 4445 3784 4516 quod

2204 4525 2370 4584 etiam
2399 4525 2566 4596 judex
2594 4527 2746 4586 facit.

2272 4618 2423 4687 Quod
2449 4621 2605 4689 dicit,
2641 4622 2855 4678 oculum
2877 4640 2972 4695 pro
3008 4623 3182 4693 oculo,
3217 4625 3422 4680 dentem
3463 4641 3556 4695 pro
3583 4625 3734 4680 dente
3759 4641 3782 4680 :

2199 4728 2308 4769 non
2350 4713 2580 4771 alterum
2601 4716 2716 4771 vult
2739 4716 2947 4783 tollere,
2975 4719 3070 4774 sed
3099 4726 3388 4790 utrumque
3428 4733 3780 4784 conservare,
3875 4762 3880 4766 .

2199 4804 2326 4861 dum
2355 4806 2596 4861 minatur
2621 4807 2895 4863 talionem.
2943 4807 3116 4875 Quam
3151 4809 3316 4864 etiam
3353 4824 3476 4864 cum
3518 4810 3679 4866 modo
3704 4809 3785 4864 fa-

2199 4895 2306 4962 cit,
2352 4904 2412 4950 ut
2464 4896 2712 4966 injuriam
2765 4898 3004 4955 vindicta
3052 4915 3160 4955 non
3200 4908 3443 4956 transeat
3495 4918 3509 4955 :
3563 4908 3620 4957 et
3666 4901 3784 4956 hac

2200 4995 2285 5043 est
2311 4987 2459 5056 pacis
2486 4987 2777 5054 inchoatio,
2809 4997 2864 5044 et
2887 4990 3041 5059 quasi
3070 4987 3296 5059 justitim
3335 4991 3611 5060 incteptio.
3705 5023 3708 5027 -

2276 5079 2439 5136 Vsus.
2480 5082 2662 5139 39.—
2691 5082 2814 5138 Non
2857 5084 3112 5139 resistere.
3155 5081 3371 5140 Justitia
3427 5083 3561 5152 legis
3620 5083 3784 5139 rudes

2206 5172 2425 5228 instruit
2454 5169 2508 5228 in
2538 5173 2693 5229 initio
2729 5174 2976 5245 justitiaz,
3016 5175 3070 5231 id
3091 5183 3197 5240 est,
3225 5189 3332 5230 non
3358 5172 3478 5243 plus
3502 5187 3664 5242 quam
3699 5181 3784 5228 est

2202 5262 2411 5319 illatum
2442 5264 2684 5320 reddere.
2707 5265 2926 5322 Justitia
2954 5266 3230 5337 Evangelii
3261 5265 3405 5339 (quae
3433 5263 3582 5319 ducit
3601 5264 3781 5320 homi-

2209 5369 2306 5410 nes
2351 5354 2416 5408 ad
2467 5358 2715 5427 regnum)
2746 5367 2830 5413 est
2876 5373 2984 5413 non
3016 5358 3270 5413 resistere
3317 5355 3500 5411 malo:
3537 5353 3661 5408 Non
3694 5370 3780 5409 re-

2205 5449 2385 5505 sistere
2414 5464 2434 5503 :
2463 5457 2522 5504 ut
2554 5449 2835 5518 ipseidem
2867 5469 2878 5505 :
2916 5449 3114 5504 Discite
3133 5467 3166 5504 a
3190 5463 3289 5514 me,
3312 5447 3436 5518 quia
3467 5447 3608 5502 mitis
3635 5461 3778 5510 sunt,

2202 5549 2250 5595 et
2289 5540 2501 5594 humilis
2537 5541 2695 5595 corde
2743 5541 2954 5613 (Matth.
2988 5540 3085 5612 χι).
3116 5539 3182 5594 Et
3211 5539 3379 5593 David
3415 5555 3428 5590 :
3467 5537 3529 5593 Si
3575 5536 3779 5599 reddidi

2202 5633 2605 5687 retribttentilms
2627 5634 2753 5688 mihi
2781 5633 2920 5688 mala
2944 5629 3116 5702 (Psal.
3141 5632 3258 5701 vn).
3277 5629 3476 5686 Jerem.
3494 5628 3562 5682 Et
3585 5625 3775 5690 maxil-

2200 5721 2308 5778 lam
2339 5724 2459 5778 dedi
2482 5724 2788 5792 percutienti
2813 5721 3028 5795 (Tltren.
3059 5721 3163 5794 tu).
3189 5721 3326 5780 Ecce
3340 5721 3489 5780 idem
3519 5716 3780 5776 Dominus

2200 5815 2334 5888 legis
2367 5823 2424 5870 et
2443 5814 2740 5886 Evangelii.
2877 5882 2880 5886 _
3149 5849 3153 5854 ι
3229 5823 3282 5874 θ
