4068 6344
310 399 378 456 97
1261 387 1530 447 GLOSSA
1565 384 1961 444 0RD1NARIA.
2001 415 2066 427 —-
2105 383 2354 442 EVANG.
2385 384 2653 443 MATTH.
3437 418 3440 422 η
3480 383 3550 443 93

382 503 569 560 Prtebe
615 501 713 558 illi.
745 499 863 557 Non
921 507 1126 556 tantum
1175 513 1284 555 non
1319 497 1669 569 repercutias,
1702 496 1797 552 sed
1833 496 1880 551 si
1906 501 1960 561 Α
1985 496 2222 569 Singulis
2260 497 2467 570 singula
2501 506 2864 569 opponuntur,
2889 504 2949 555 ut
2984 483 3173 556 omnes
3223 505 3413 570 partes
3437 478 3552 557 ma-

311 595 425 650 vult
452 594 680 649 alteram
709 591 896 657 ferire,
926 591 1195 662 patienter
1233 588 1375 644 feras
1415 602 1430 641 :
1468 587 1569 641 hoc
1595 587 1660 642 de
1688 585 1883 655 injuria

309 686 572 756 corporis.
603 685 679 740 De
707 683 1029 739 necessariis
1073 693 1252 736 autem
1283 681 1330 736 si
1368 678 1666 750 perdideris
1692 695 1881 746 unum,

307 777 424 832 sine
451 776 562 831 tolli
591 783 647 831 et
674 774 958 844 reliquum.
985 771 1124 840 Quid
1151 787 1279 842 ergo
1318 771 1384 826 de
1413 767 1738 839 superﬁuis?

295 881 304 897 '
377 866 629 923 Alteram.
661 863 1008 938 (Cunvsosr.)
1045 863 1285 919 Primum
1320 862 1668 933 indigna'res
1702 869 1786 918 est
1823 869 1884 918 ut

309 975 470 1017 nomo
499 959 674 1014 ﬁdelis
700 966 806 1015 stet
837 958 891 1013 in
913 955 1120 1026 judicio
1154 964 1280 1011 ante
1309 964 1657 1026 conspectum
1681 953 1881 1023 judicis

305 1051 560 1109 inﬁdelis.
589 1051 726 1106 Nam
758 1059 814 1107 et
840 1051 886 1106 si
912 1049 1163 1114 inﬁdelis,
1182 1057 1312 1113 etc.,
1341 1065 1503 1119 usque
1531 1048 1600 1102 ad
1631 1047 1688 1102 Si
1715 1048 1882 1104 semel

303 1145 360 1200 in
382 1144 651 1216 judicium
682 1143 962 1214 ingressus
983 1140 1183 1206 fueris,
1214 1155 1318 1195 non
1358 1139 1472 1210 jam
1499 1140 1772 1196 desideras
1819 1149 1880 1197 ut

302 1236 504 1292 veritas
548 1249 726 1290 causa:
775 1243 1066 1306 appareat,
1113 1233 1207 1289 sed
1244 1240 1305 1288 ut
1353 1248 1673 1304 quocunque
1720 1235 1878 1291 modo

318 1327 489 1382 victor
517 1326 772 1382 exsistas.

374 1418 538 1474 Vens.
556 1417 646 1472 40.
663 1416 813 1471 —Et
843 1418 890 1471 ei
909 1419 1018 1489 qui,
1040 1417 1446 1473 etc.Consilium
1478 1425 1564 1472 est
1589 1426 1878 1489 antequam

302 1509 616 1567 contendas.
655 1509 807 1565 Licet
833 1509 1050 1580 quidem
1093 1509 1325 1566 inﬁrmis
1352 1526 1448 1565 sua
1487 1519 1748 1580 repetere,
1782 1511 1878 1567 sed

301 1615 408 1658 non
429 1600 776 1656 contendere.
795 1599 970 1655 Lucas
989 1614 1312 1656 econverso:
1335 1600 1438 1668 Qui
1457 1599 1633 1656 aufert
1643 1611 1872 1671 vestem,

301 1693 464 1747 etiam
503 1692 739 1747 tunicam
765 1692 874 1748 noli
894 1692 1361 1763 prohibere.Quod
1383 1709 1491 1748 non
1520 1694 1588 1749 de
1611 1693 1694 1749 his
1723 1694 1875 1761 solis,

298 1785 393 1840 sed
407 1785 474 1840 de
485 1784 736 1840 omnibus
763 1783 1146 1855 temporalibus
1169 1782 1472 1840 faciendum
1491 1792 1596 1840 est.
1624 1775 1878 1839 Tunicam

1984 589 2115 645 litiae
2146 590 2386 645 bonitate
2415 591 2721 644 vincantur.
2753 593 3013 648 Videntur
3052 600 3238 648 contra
3279 607 3399 650 esse
3443 593 3546 647 imo

1982 683 2322 752 precationes
2374 684 2760 752 prophetarum
2811 701 2932 754 qua;
2973 700 3081 740 non
3128 685 3377 740 dicuntur
3423 691 3550 741 voto

1981 772 2301 842 Optantium,
2335 774 2427 828 sed
2449 775 2639 844 spiritu
2665 776 3094 845 praevidentium.

2054 862 2236 916 Orate.
2271 862 2452 934 (Auc.)
2477 863 2594 920 Non
2621 865 2696 920 ait
2718 865 2820 921 hoc
2847 881 2946 936 pro
2989 867 3244 922 fratribus
3273 866 3327 922 in
3358 867 3552 937 quibus

1979 961 2106 1010 sunt
2168 954 2458 1026 aliquando
2510 966 2731 1027 peccata
2779 960 3153 1028 persecutione
3209 961 3552 1016 inimicorum

1979 1044 2251 1113 graviora,
2289 1055 2416 1112 etc.,
2458 1065 2620 1120 usque
2661 1050 2732 1104 ad
2753 1065 2877 1106 cum
2927 1051 3030 1106 etsi
3061 1065 3313 1122 peccasse
3345 1052 3554 1110 fatean-

1979 1142 2087 1201 tur,
2113 1143 2168 1191 et
2189 1137 2381 1194 fecisse
2403 1139 2543 1194 mala
2570 1141 2918 1198 vehementer
2941 1157 3036 1198 eos
3064 1144 3343 1213 paeniteat,
3374 1155 3554 1202 tamen

1976 1226 2281 1297 huiusmodi
2311 1232 2629 1307 affectiones
2652 1236 2846 1291 mentis
2888 1236 3091 1292 habent
3115 1243 3176 1291 ut
3221 1252 3280 1293 se
3305 1253 3414 1294 non
3450 1240 3552 1298 hu-

1977 1319 2187 1375 milieut
2213 1323 2279 1378 ad
2301 1325 2588 1392 petendam
2613 1327 2848 1382 veniam.

2047 1412 2262 1469 Movere
2289 1425 2468 1473 autem
2498 1427 2698 1489 potest,
2719 1419 2860 1490 quod
2885 1417 3119 1478 Joannes
3139 1421 3192 1476 in
3216 1421 3454 1493 Epistola
3484 1424 3552 1482 de

1978 1503 2266 1563 dilectione
2313 1507 2411 1562 Dei
2454 1516 2510 1564 et
2540 1509 2774 1580 proximi
2799 1519 3005 1566 tantum
3043 1527 3264 1567 monere
3311 1512 3545 1580 videtur,

1977 1605 2038 1652 ut
2064 1596 2261 1654 fratres
2286 1598 2594 1671 diligamus,
2621 1617 2743 1658 cum
2766 1599 3024 1658 Dominus
3062 1602 3207 1658 dicat
3235 1611 3290 1659 ct
3329 1618 3427 1674 pro
3450 1603 3553 1659 ini-

1977 1688 2132 1744 micis
2159 1690 2440 1746 orandum.
2471 1690 2577 1748 Sed
2608 1692 2808 1748 fratres
2843 1693 3215 1764 intelliguntur
3239 1710 3346 1749 non
3375 1694 3550 1750 solum

1978 1782 2067 1850 qui
2092 1780 2203 1850 jam
2224 1783 2468 1848 credunt,
2501 1785 2592 1840 sed
2621 1785 2711 1855 qui
2734 1786 2992 1840 credituri
3021 1793 3166 1850 sunt,
3219 1786 3550 1878 pro.quibus

302 1894 465 1936 tuam.
513 1878 634 1944 Vel,
661 1877 843 1933 tunica
874 1853 965 1934 est
987 1877 1189 1944 anima,
1218 1891 1378 1946 quam
1419 1877 1465 1932 si
1497 1876 1619 1948 quis
1649 1877 1874 1948 perdere
1906 1853 1951 1913 Β
1979 1874 2381 1949 orandumcst,
2407 1883 2468 1930 ut
2485 1853 2726 1933 fraterno
2754 1875 2959 1934 ftedere
2986 1878 3141 1933 nobis
3175 1853 3468 1934 socient—ur.

297 1969 556 2035 noluerit,
580 1968 820 2024 dimittat
842 1967 1084 2038 pallium,
1121 1967 1173 2022 id
1201 1975 1305 2034 est,
1342 1981 1538 2037 corpus
1568 1967 1636 2021 ad
1673 1976 1877 2040 marty-

299 2061 463 2116 rium.
498 2059 884 2131 Spiritualiter,
911 2060 1104 2115 doctor
1129 2059 1368 2114 tunicam
1391 2057 1550 2124 tollit,
1585 2073 1708 2114 cum
1739 2059 1874 2114 inte-

297 2153 443 2208 riora
469 2153 599 2208 vitia
623 2151 753 2208 facit
780 2150 1052 2216 conﬁteri,
1074 2157 1134 2205 ut
1158 2158 1241 2207 est
1269 2149 1491 2216 invidia,
1525 2150 1798 2220 superbia,
1821 2158 1877 2206 et

296 2243 636 2314 hujusmodi.
694 2242 787 2298 llle
836 2242 984 2298 addit
1023 2259 1037 2296 :
1073 2241 1144 2295 Et
1173 2241 1391 2313 pallium
1405 2241 1560 2314 ς,ᾳυὶ
1613 2251 1670 2297 et
1727 2250 1877 2297 exte-

295 2335 466 2400 riora,
502 2343 562 2390 ut
597 2333 800 2390 furtum
843 2343 898 2390 et
952 2333 1387 2403 fornicationem,
1438 2349 1548 2392 non
1604 2335 1877 2391 erubescit

294 2414 576 2484 conﬁteri.
738 2455 742 2460 π
1120 2463 1134 2475 .

368 2518 530 2575 Vens.
553 2518 717 2574 41.-
737 2517 886 2573 Mille
909 2533 1114 2588 passus.
1144 2515 1256 2572 lloc
1279 2524 1362 2572 est
1387 2516 1492 2572 iter
1513 2517 1745 2584 sabbati,
1768 2531 1877 2587 quo

293 2611 612 2682 designatur
644 2609 904 2683 perfectio
953 2607 1249 2679 spiritualis
1281 2625 1294 2661 :
1329 2607 1456 2678 quia
1489 2622 1598 2662 non
1645 2608 1770 2665 licet
1817 2609 1874 2664 in

292 2703 520 2759 sabbato
546 2703 742 2759 servile
767 2717 902 2774 opus
939 2699 1140 2757 facere.
1169 2699 1290 2754 Alia
1326 2699 1452 2754 duo.
1495 2698 1656 2755 Vadit
1683 2709 1740 2756 et
1768 2701 1874 2757 alia

293 2795 402 2851 duo
422 2795 514 2867 qui
539 2796 664 2851 dum
689 2809 916 2866 corpore
937 2802 1145 2848 tantum
1173 2793 1227 2847 in
1251 2792 1563 2847 servitutem
1591 2793 1872 2863 redigitur,

293 2887 493 2958 spiritu
524 2896 580 2943 et
603 2887 804 2954 anima,
833 2886 890 2943 id
917 2894 1000 2942 est
1026 2885 1335 2955 .ratione‘et
1361 2883 1656 2952 voluntate,
1703 2886 1874 2959 redigi

291 2986 380 3035 est
412 2987 652 3048 paratus.

366 3068 533 3124 Vens.
560 3069 652 3124 42.
677 3098 750 3111 -
775 3069 860 3123 Da
881 3069 950 3123 ei.
979 3067 1110 3136 Quae
1136 3067 1364 3124 honeste
1396 3075 1453 3125 et
1482 3068 1626 3140 juste
1650 3076 1877 3139 possunt

2032 1969 2214 2037 Vens.
2245 1969 2334 2024 43.
2358 2001 2428 2010 -—
2445 1967 2596 2024 Filii.
2625 1969 2744 2027 Non
2766 1971 3081 2042 degeneres.
3112 1970 3279 2038 Quasi
3305 1971 3510 2026 diceret
3534 1988 3547 2023 :

1974 2057 2210 2129 Accepta
2239 2067 2505 2129 potestate
2544 2060 2801 2130 cperibus
2828 2060 2969 2130 agite
2994 2068 3054 2113 ut
3089 2059 3208 2114 sitis
3232 2058 3326 2113 ﬁlii
3366 2072 3556 2114 renas-

1977 2147 2147 2204 cendo
2197 2164 2296 2219 per
2341 2150 2687 2204 cbaritatem.
2721 2151 2922 2204 Patris.
2963 2147 3084 2204 Jam
3130 2149 3328 2205 dicitur
3373 2159 3550 2221 pater.

1977 2241 2169 2297 Videte
2194 2249 2255 2294 ut
2309 2241 2428 2297 sitis
2453 2241 2548 2296 ﬁlii
2576 2243 2752 2298 renati
2797 2257 2865 2297 ex
2896 2241 3007 2298 Deo
3033 2242 3125 2312 qui
3165 2250 3250 2297 est
3287 2243 3547 2298 charitas.

1980 2331 2086 2399 Qui
2115 2331 2302 2389 solem.
2333 2332 2488 2388 Hunc
2528 2333 2816 2389 visibilem.
2865 2331 3001 2387 Nam
3031 2332 3280 2402 inquiunt
3326 2333 3380 2386 in
3416 2333 3554 2388 libro

1981 2425 2307 2490 Salomonis,
2350 2425 2444 2481 Sol
2463 2427 2692 2496 justitia:
2734 2443 2838 2481 non
2877 2426 3051 2480 illuxit
3087 2426 3234 2480 nobis
3279 2425 3432 2496 (Sap.
3472 2428 3551 2497 v).

1975 2515 2044 2570 Et
2074 2517 2141 2571 de
2186 2515 2367 2585 pluvia
2405 2516 2666 2572 doctrinae
2693 2517 2956 2588 propheta
2983 2515 3114 2570 dicit
3139 2533 3151 2568 :
3182 2514 3358 2585 Super
3385 2531 3547 2569 unam

1975 2611 2235 2666 ciuitatem
2275 2611 2431 2682 pluit,
2479 2623 2528 2668 et
2556 2629 2660 2668 non
2698 2629 2854 2684 super
2889 2613 3129 2668 alterum.
3181 2611 3356 2667 Solem
3399 2629 3553 2667 suum

1975 2699 2181 2773 (Amos.
2214 2700 2312 2773 ιν),
2341 2711 2446 2758 etc.
2480 2701 2643 2770 Quasi
2667 2703 2852 2759 dicat:
2885 2703 3055 2772 Quem
3080 2703 3231 2768 fecit,
3255 2701 3408 2772 cujus
3423 2718 3557 2774 pro-

1974 2796 2091 2868 prie
2117 2805 2241 2852 sunt
2271 2797 2454 2853 omnia
2483 2813 2602 2868 quae
2621 2799 2688 2854 de
2711 2798 2880 2854 nihilo
2900 2798 3122 2854 creavit.
3147 2796 3286 2864 Quid
3307 2811 3437 2867 ergo
3456 2814 3556 2856 nos

1974 2885 2238 2942 faciemus
2273 2887 2341 2943 de
2365 2887 2449 2943 his
2478 2903 2598 2958 quae
2623 2888 2691 2944 de
2712 2903 2939 2945 munere
2959 2886 3077 2957 ejus
3102 2889 3450 2958 accepimus?

2048 2980 2212 3035 Vens.
2259 2979 2350 3035 46.
2393 3011 2464 3022 -
2494 2977 2792 3035 Publicaui.
2835 2981 3128 3038 Exactores
3163 2969 3556 3052 Romanorum,

1977 3090 2114 3146 quos
2153 3075 2322 3131 Judaei
2345 3075 2424 3131 sic
2446 3085 2664 3142 vocant,
2688 3075 2815 3146 quia
2835 3077 2902 3131 de
2926 3076 3201 3148 republica
3237 3091 3425 3133 curam
3464 3074 3556 3148 ge-

293 3160 436 3217 dari.
468 3159 529 3216 Si
554 3160 708 3216 deest
751 3159 1004 3226 facultas,
1031 3161 1098 3215 da
1127 3159 1378 3216 affectum
1402 3160 1569 3215 verbo
1592 3161 1678 3216 vel
1719 3161 1874 3216 obse-
1911 3214 1947 3226 ,_
1981 3166 2193 3221 rebant.
2226 3166 2491 3221 Dicuntur
2516 3177 2574 3222 et
2597 3181 2792 3223 nomen
2818 3168 3049 3224 traxisse
3082 3183 3114 3222 a
3144 3167 3334 3224 Publio
3354 3167 3556 3225 Roma-

292 3252 445 3322 quio.
495 3249 582 3305 Da
619 3251 688 3305 ei.
734 3248 835 3314 lta,
860 3248 1090 3315 scilicet,
1134 3256 1194 3303 ut
1235 3264 1338 3304 nec
1381 3249 1478 3304 tibi
1518 3258 1730 3316 noceat,
1777 3265 1879 3306 nec

294 3345 388 3400 alii
420 3364 433 3399 :
464 3343 739 3414 pensanda
775 3350 860 3399 est
899 3343 1043 3397 enim
1064 3341 1298 3413 justitia.
1328 3342 1406 3396 lta
1446 3342 1590 3397 enim
1617 3342 1764 3397 omni
1788 3356 1880 3412 pe-

298 3440 431 3495 tenti
457 3437 634 3503 dabis,
667 3445 723 3490 et
752 3435 797 3490 si
825 3449 934 3490 non
963 3435 1017 3489 id
1049 3434 1193 3504 quod
1218 3434 1376 3504 petit,
1405 3435 1499 3489 sed
1528 3433 1723 3488 melius
1754 3449 1876 3489 cum

299 3531 499 3602 injuste
523 3536 794 3599 petentem
829 3527 1156 3583 correxeris.
1192 3526 1264 3581 Et
1305 3525 1513 3582 volenti.
1540 3526 1657 3582 Duo
1679 3541 1878 3599 genera

297 3620 596 3694 praestandi
622 3619 1020 3690 complectitur.
1052 3618 1150 3674 Vel
1177 3619 1320 3676 enim
1362 3617 1621 3674 benevole
1664 3619 1875 3687 damus,

301 3717 386 3774 vel
401 3715 679 3773 reddituro
698 3715 1122 3770 commodamus.
1141 3712 1210 3768 Et
1226 3713 1552 3783 quandoque
1576 3713 1667 3783 qui
1690 3713 1876 3781 donat,

296 3825 405 3866 non
440 3809 557 3864 vult
597 3806 964 3873 commodare,
999 3805 1153 3876 quasi
1183 3804 1320 3860 nihil
1349 3806 1617 3861 mercedis
1644 3806 1698 3860 in
1723 3820 1789 3861 eo
1810 3806 1882 3861 sit

296 3916 423 3956 cum
464 3915 578 3955 rem
623 3909 902 3971 acceptam
939 3897 1150 3954 debitor
1173 3897 1448 3969 persolvit.
1488 3897 1596 3954 Sed
1623 3913 1752 3954 vere
1792 3899 1881 3955 ille

297 3993 390 4062 qui
414 3991 580 4048 etiam
609 3991 714 4047 hoc
739 3989 916 4062 jubet,
945 3990 1221 4046 retribuit.
1253 3990 1398 4046 Dicit
1421 4005 1551 4062 ergo
1577 4010 1589 4046 :
1614 3990 1698 4047 Ne
1729 4009 1880 4048 aver-

298 4087 454 4153 taris,
485 4084 537 4140 id
566 4093 669 4152 est,
700 4099 802 4140 nec
839 4084 1042 4142 alienes
1062 4085 1398 4149 voluntatem
1443 4093 1608 4140 tuam.
1641 4085 1880 4142 Hilarem

298 4179 692 4236 enimdatérem
716 4176 886 4249 diligit
919 4177 1059 4233 Deus
1091 4176 1193 4248 (11
1233 4177 1354 4233 Cor.
1400 4178 1512 4249 ιι),
1561 4179 1640 4235 sic
1667 4189 1723 4235 et
1767 4180 1880 4250 spi-

297 4271 514 4326 ritualis
541 4270 730 4327 doctor
756 4269 905 4326 verbi
931 4269 1098 4325 divini
1138 4268 1319 4325 fmnus
1356 4270 1694 4327 auditoribus
1722 4271 1883 4328 debet

302 4363 735 4429 accommodare,
765 4369 828 4418 ut
863 4362 992 4418 boni
1021 4362 1201 4433 operis
1222 4362 1634 4418 retributionem
1665 4363 1735 4420 ab
1777 4363 1884 4421 illis

297 4456 475 4528 possit
502 4456 773 4527 accipere,
797 4463 855 4510 et
880 4469 912 4510 a
941 4453 1055 4509 Deo
1081 4454 1387 4510 mercedem
1416 4468 1658 4526 sperare.

1980 3270 2052 3310 no
2074 3269 2220 3324 rege,
2245 3255 2338 3326 qui
2363 3256 2513 3325 prius
2541 3271 2636 3311 eos
2657 3257 2950 3312 ordinavit.

2051 3343 2214 3398 Vsns.
2267 3343 2357 3398 47.
2384 3375 2455 3384 —-
2477 3344 2546 3399 Et
2569 3344 3002 3401 sisalutaveritis.
3037 3346 3093 3403 Si
3114 3362 3214 3417 pro
3240 3346 3326 3402 his
3347 3355 3557 3404 tantum

1976 3449 2072 3489 ora
2083 3435 2286 3501 veritis,
2310 3436 2404 3505 qui
2449 3437 2630 3506 aliqua
2658 3435 2917 3492 afﬁnitate
2941 3438 3096 3494 vobis
3129 3439 3238 3494 sint
3265 3437 3555 3508 conjuncti,

1978 3525 2108 3596 quid
2155 3527 2386 3597 amplius
2427 3528 2594 3585 habet
2614 3528 2936 3585 beneﬁcium
2963 3538 3203 3588 vestrum
3240 3541 3402 3600 quam
3438 3529 3561 3586 inﬁ-

1979 3615 2223 3674 delium?
2258 3617 2488 3690 Oportet
2520 3620 2720 3678 fratres
2742 3621 2988 3694 diligere,
3025 3630 3081 3678 et
3106 3623 3384 3680 humiliter
3411 3624 3558 3681 salua

1980 3717 2096 3765 tare
2130 3728 2142 3764 :
2175 3712 2269 3766 sed
2287 3726 2478 3781 parum
2501 3721 2602 3768 est.
3312 3714 3321 3722 '
3407 3729 3409 3732 ‘

2049 3801 2216 3858 Vens.
2241 3805 2329 3860 48.
2355 3835 2424 3845 --
2451 3803 2700 3874 Pet-fecti.
2727 3807 2785 3862 ln
2807 3808 3076 3864 charitate
3103 3809 3197 3864 Dei
3223 3817 3279 3864 et
3297 3809 3554 3881 proximi.

1981 3895 2242 3953 Cumulus
2291 3897 2640 3968 perfectionis
2692 3899 2918 3970 diligere
2972 3901 3138 3956 etiam
3187 3900 3459 3968 inimicos,
3502 3908 3559 3957 et

1979 4001 2138 4043 orare
2161 4001 2261 4058 pro
2284 3987 2416 4053 illis,
2446 3987 2588 4043 sicut
2611 3995 2668 4044 et
2686 3987 2934 4044 Christus
2966 3988 3113 4044 fecit.

2601 4116 2829 4175 CAPUT
2862 4119 2949 4175 VI.

2058 4254 2378 4311 Vens.i.—
2401 4251 2687 4320 Attendite,
2718 4260 2826 4310 etc.
2866 4251 2970 4321 Qui
2998 4252 3278 4324 hucusque
3307 4253 3562 4325 praecepit

1983 4347 2050 4404 de
2085 4344 2482 4411 misericordia,
2515 4360 2661 4400 nunc
2688 4343 2932 4415 praecipit
2977 4346 3044 4400 de
3090 4344 3271 4400 cordis
3296 4342 3562 4399 munditia

1984 4456 2092 4512 qua
2129 4439 2273 4495 Deus
2306 4438 2540 4494 videtur.
2570 4435 2629 4492 Si
2661 4437 2806 4492 enim
2851 4452 2954 4493 non
2999 4435 3230 4506 simplici
3263 4437 3562 4492 intentione

370 4548 536 4604 Vens.
566 4546 658 4602 ts.
686 4577 759 4588 —
781 4545 1036 4602 Audistis.
1063 4546 1164 4614 Qui
1191 4547 1364 4618 legem
1392 4547 1614 4617 implere
1637 4547 1806 4614 venit,
1826 4549 1880 4604 in
1907 4584 1960 4646 υ
1986 4534 2082 4637 εεξί
2105 4549 2204 4637 pro
2226 4534 2505 4646 δίζιξιίηιξηι
2536 4534 2716 4646 ιευιάθ,
2744 4549 2853 4638 non
2881 4534 3179 4646 probamur
3200 4549 3231 4587 ει
3261 4533 3370 4589 Deo
3398 4547 3563 4646 aper:

300 4642 410 4698 ﬁne
443 4640 514 4697 ad
543 4639 865 4696 charitatem
893 4637 1106 4710 plenam
1135 4637 1402 4710 perducit,
1430 4651 1551 4706 quae
1578 4647 1661 4692 est
1694 4637 1883 4709 imple-

303 4733 377 4788 tio
412 4732 572 4801 legis.

375 4799 514 4880 Odia
558 4822 791 4878 habebis.
855 4819 1107 4878 Forsitan
1152 4818 1562 4892 intelligendum
1605 4827 1691 4874 est
1731 4799 1909 4892 juxta

299 4915 406 4976 hoc
445 4918 590 4988 quod
617 4931 778 4987 supra
827 4931 842 4970 :
877 4912 1107 4968 Oculum
1142 4929 1238 4984 pro
1273 4911 1451 4979 oculo,
1487 4921 1594 4968 etc.
1626 4912 1721 4968 Vel
1761 4913 1888 4970 sub—

303 5011 568 5067 trahendo
597 5007 770 5066 ofﬁcia
795 5005 1162 5063 humanitatis.

312 5124 316 5126 ·
377 5103 735 5161 Ἶειιδ.44.-
763 5101 998 5173 Diligite.
1027 5099 1230 5156 Contra
1274 5097 1576 5154 Ecclesiam
1617 5105 1888 5170 pugnatur

304 5196 484 5252 tribus
512 5194 730 5251 modis:
771 5193 917 5260 odio,
956 5192 1160 5257 verbis,
1207 5189 1452 5246 cruciatu
1492 5189 1754 5259 corporis.
1783 5189 1888 5244 Ec-
1919 5257 1921 5259 ι

306 5289 476 5346 clesia
502 5296 725 5344 econtra
754 5285 958 5356 diligit,
994 5283 1265 5340 benefacit
1284 5322 1302 5347 ,
1329 5289 1468 5336 orat.
1497 5279 1610 5336 Hoc
1653 5289 1737 5336 est
1786 5296 1884 5336 no-

306 5397 434 5438 vum
466 5381 805 5443 mandatum,
858 5378 962 5432 hoc
1003 5377 1068 5431 de
1095 5375 1219 5430 ﬁliis
1271 5374 1366 5428 irae
1418 5372 1548 5427 facit
1590 5372 1728 5428 ﬁlios
1755 5372 1884 5439 Dei;

309 5477 454 5532 unde
492 5475 777 5546 sequitur:
809 5471 875 5527 Ut
915 5472 1027 5527 silis
1065 5470 1185 5542 ﬁili.
1217 5469 1448 5540 Adoptio
1490 5468 1721 5524 ﬁliorum
1769 5467 1884 5524 sola

310 5569 581 5626 oharitate
602 5565 922 5637 acquiritur.
1279 5581 1282 5584 ’

384 5659 703 5729 Benefacite.
721 5654 1076 5712 Ministrando
1098 5654 1276 5711 cibum
1295 5651 1494 5709 mentis
1517 5651 1887 5723 velcorporis.

313 5749 632 5819 Quod'facit
646 5749 818 5804 etiam
837 5747 933 5818 qui
958 5745 1092 5802 dicit
1115 5755 1241 5801 eum
1262 5743 1566 5814 hujusmodi
1586 5758 1685 5799 nec
1711 5744 1891 5800 cibum

315 5858 550 5900 sumere.
598 5841 791 5899 Omnia
820 5839 964 5896 enim
997 5853 1060 5894 ea
1103 5844 1370 5912 spectant,
1403 5843 1462 5893 ut
1501 5835 1701 5894 fratres
1740 5835 1890 5897 ﬁant.

1987 4626 2399 4684 misericordiae.
2430 4625 2576 4681 Laus
2609 4627 2889 4682 hominum
2918 4642 3024 4680 non
3051 4625 3210 4681 debet
3235 4626 3437 4694 appeti,
3468 4626 3562 4681 sed

1988 4718 2264 4789 subsequi,
2313 4726 2374 4772 ut
2413 4718 2661 4788 exemplo
2720 4717 2855 4773 alios
2918 4717 3126 4772 invitet.
3182 4715 3454 4772 Hactenus
3500 4718 3569 4773 de

1983 4807 2195 4880 justitia
2211 4807 2513 4878 Evangelii,
2537 4824 2659 4878 qua:
2675 4817 2761 4864 est
2774 4822 2937 4879 super
2959 4805 3223 4876 justitiam
3251 4805 3565 4863 Scribarum

1987 4909 2043 4956 et
2075 4898 2494 4971 Pharisaeorum.
2521 4897 2674 4954 Nunc
2717 4913 2823 4968 qua
2853 4897 3113 4952 munditia
3155 4898 3333 4952 cordis
3379 4897 3568 4953 eadem

1983 4992 2195 5064 justitia
2218 4992 2414 5047 debeat
2439 4990 2650 5060 impleri
2674 5008 2688 5044 :
2718 4989 2861 5060 quod
2877 4988 3294 5060 ineleemosyna
3321 4993 3569 5043 servatur

1989 5096 2044 5144 et
2066 5087 2336 5142 oratione.
2360 5084 2479 5141 Non
2502 5086 2648 5140 enim
2679 5091 2865 5139 monet
2885 5083 2980 5138 hic
3007 5082 3094 5138 vel
3117 5096 3278 5140 orare
3306 5081 3392 5138 vel
3429 5080 3571 5137 ele‘e-

1989 5195 2274 5251 mosynam
2300 5178 2480 5235 facere
2531 5197 2544 5233 :
2596 5177 2691 5232 sed
2718 5191 2828 5246 quo
2850 5168 3036 5232 animo
3068 5175 3328 5231 debemus
3366 5173 3567 5231 facere.

1989 5271 2182 5342 Agitur
2209 5272 2353 5327 enim
2400 5272 2492 5326 hic
2518 5270 2584 5325 de
2625 5268 2936 5324 mundando
2965 5269 3146 5324 corde.
3175 5267 3328 5339 Apud
3360 5266 3571 5321 Patrem

1991 5373 2235 5419 vestrum.
2287 5360 2452 5430 Cujus
2504 5359 2730 5430 gloriam
2780 5357 2876 5414 ﬁlii
2925 5373 3170 5429 quaerere
3232 5357 3478 5423 debent,‘
3507 5357 3573 5412 εἰ

1991 5459 2171 5516 omnia
2199 5457 2338 5513 bona
2370 5454 2438 5511 ad
2457 5455 2561 5510 hoc
2583 5462 2645 5508 ut
2669 5453 2922 5524 placeant
2950 5453 3022 5518 ei,
3051 5451 3277 5508 referre.

2063 5554 2222 5610 Vens.
2252 5551 2310 5605 2.
2335 5579 2411 5592 -
2440 5547 2572 5603 Cum
2599 5563 2743 5618 ergo,
2787 5555 2893 5602 etc.
2923 5545 2971 5600 A
3006 5553 3119 5600 toto
3163 5543 3218 5598 in
3256 5549 3462 5614 partes,
3493 5547 3575 5595 ut

1993 5653 2230 5717 exponat
2257 5658 2378 5715 quze
2407 5642 2546 5698 bona
2587 5655 2696 5696 non
2724 5640 2834 5696 sint
2859 5653 2959 5708 pro
2992 5637 3271 5693 hominum
3305 5634 3474 5689 laude
3491 5632 3576 5686 fa-

1997 5738 2212 5795 cienda.
2256 5735 2406 5790 Tuba
2464 5749 2672 5789 canere.
2730 5730 2982 5788 Forsitan
3023 5725 3356 5785 convocandi
3399 5723 3576 5795 gratia

1997 5834 2102 5890 hoc
2126 5832 2374 5888 fecerunt
2394 5845 2410 5885 :
2441 5836 2506 5886 ut
2523 5839 2713 5890 omnes
2734 5825 2880 5882 irent
2897 5823 3064 5899 quasi
3083 5821 3164 5878 ad.
3181 5816 3572 5897 spectaculum.
