4068 6344
468 398 544 462 99
970 388 1363 450 WALAFRIDI
1401 387 1651 447 arma!
1686 384 1894 444 rum.
1938 381 2101 441 non.
2144 380 2294 440 ora.
2336 380 2516 438 mas
2554 381 2596 437 ι.
2633 412 2702 424 -
2737 380 3188 439 THEOLOGICA.
3622 332 3727 438 too

475 511 612 568 Ante
650 516 718 565 te.
757 508 901 564 Ante
926 517 987 561 se
1025 503 1152 558 tuba
1176 503 1324 558 canit
1351 502 1443 573 qui
1471 511 1595 557 ante
1621 500 1754 556 alios
1786 498 1901 553 vnit
1933 497 2051 553 iau-
2075 507 2122 567 Α
2226 493 2568 566 (Cunvsosr.)
2596 492 2653 549 Si
2698 495 2884 566 paucis
2922 496 3182 551 orandum
3214 500 3315 562 est,
3348 509 3446 552 cur
3489 495 3726 566 parabo-,-

479 602 595 659 dari
622 620 635 655 :
662 607 723 655 ut
766 602 1022 667 appareat
1063 591 1233 661 major
1284 592 1408 647 illis.
1464 591 1803 661 Receperunt.
1859 588 1903 642 A
1940 587 2048 643 Deo
2151 586 2257 641 lam
2284 585 2563 658 proposuit
2605 584 2779 640 Lucas
2808 585 2876 640 ad
2904 594 3138 640 montem
3170 600 3381 655 semper
3415 600 3536 641 esse
3565 600 3730 640 oran-

480 692 662 750 cordis
690 692 994 758 inspectore
1017 682 1242 738 fallaciae
1259 674 1580 753 supplicium
1601 681 1667 737 de
1697 680 1891 750 quibus
1918 678 2050 733 dici-
2154 679 2302 746 dum,
2321 686 2453 744 etc.,
2481 695 2641 750 usque
2667 679 2735 732 ad
2766 676 2821 733 Si
2850 678 3064 749 quidem
3094 688 3147 733 et
3177 677 3423 735 Christus
3450 687 3505 733 et
3529 676 3731 735 Paulus

483 794 573 840 tur
612 800 625 837 :
666 778 904 834 Recedite
931 793 963 829 a
1011 790 1116 840 me,
1160 774 1384 844 operarii
1416 772 1585 826 dolosi
1630 787 1648 824 :
1691 786 1875 824 nomen
1913 769 2050 822 enim
2148 768 2311 843 jussit
2345 769 2557 836 breves,
2581 769 2678 825 sed
2703 770 2923 825 crebras
2964 768 3079 825 ﬁeri
3126 770 3401 825 orationes
3442 784 3509 826 ex
3538 768 3732 839 paucis

481 889 655 930 meum
682 869 937 925 habuistis
969 880 987 917 :
1018 867 1109 920 sed
1132 882 1289 936 opera
1316 881 1431 919 mea
1460 880 1563 918 non
1587 862 1802 932 fecistis.
2154 866 2472 925 intervallis.

556 963 719 1016 Vens.
760 958 815 1013 '5.
845 987 916 998 —
946 955 1183 1010 Νικίαι.
1238 955 1500 1017 Sinistra.
1561 952 1691 1007 Vitia
1742 970 1757 1006 ε
1809 952 2051 1017 dextera,
2228 958 2427 1031 (Cass)
2482 956 2678 1013 Utilius
2721 964 2947 1012 censent
2991 954 3224 1027 (Patres)
3270 956 3462 1011 breves
3509 955 3731 1026 quidem

485 1056 732 1110 virtutes.
763 1048 915 1117 Quod
941 1062 1073 1116 ergo
1114 1046 1225 1117 agit
1267 1047 1460 1110 virllIS,
1493 1043 1698 1099 nesciat
1736 1041 1917 1104 elatio,
1970 1039 2057 1096 νει
2156 1050 2448 1116 orationes,
2484 1050 2577 1105 sed
2604 1048 2983 1115 creberrimas,
3012 1056 3145 1114 etc.,
3175 1064 3337 1120 usque
3360 1048 3429 1103 ad
3450 1050 3734 1105 succincta

482 1158 622 1198 vana
650 1141 841 1213 gloria,
869 1154 966 1194 seu
992 1137 1209 1206 aliquod
1236 1136 1428 1190 vitium
1458 1152 1473 1188 :
1502 1134 1597 1190 sed
1625 1133 1716 1187 lux
1737 1142 1900 1189 recta:
1923 1147 2054 1203 ope-
2157 1141 2422 1197 brevitate
2449 1141 2702 1196 vitemus.

482 1235 713 1294 rationis
735 1234 884 1304 fuget
907 1231 1159 1285 tenebras
1185 1229 1415 1299 peccati.
2232 1232 2428 1287 Putant
2455 1234 2612 1286 enim.
2649 1230 2909 1285 Putantes
2951 1230 3096 1300 quod
3129 1229 3576 1300 persuasibilibus
3600 1245 3730 1286 ver—

556 1326 720 1382 Vnas.
749 1325 804 1378 4.
836 1353 906 1364 -
936 1322 1003 1377 1η
1033 1317 1356 1375 abscondito.
1381 1318 1441 1373 In
1469 1317 1787 1374 abscondito
1827 1316 2060 1373 eleemo-
2160 1324 2246 1380 bis
2299 1325 2439 1378 Deus
2481 1322 2800 1377 mulceatur.
2848 1320 2943 1379 Vel
3000 1321 3046 1376 si
3098 1322 3294 1378 absens
3336 1329 3421 1377 est
3462 1330 3729 1379 vocetur:

492 1435 630 1494 syna
654 1418 731 1482 fit,
762 1431 882 1486 qua!
905 1415 1067 1469 nullis
1094 1414 1353 1469 miscetur
1372 1412 1609 1467 tenebris
1634 1431 1647 1466 ε
1677 1410 1768 1465 lux
1790 1409 1935 1465 intus
1955 1417 2058 1473 est,
2162 1423 2217 1473 et
2245 1418 2385 1487 quod
2415 1414 2607 1479 nescit,
2633 1413 2920 1468 verborum
2950 1413 3267 1485 ambagibus
3292 1414 3571 1470 doceatur.

488 1509 725 1566 tenebras
758 1514 934 1561 extra.
990 1502 1140 1557 Videt
1182 1505 1238 1557 in
1270 1502 1594 1557 abscondito.
1628 1500 1824 1556 Videre
1851 1500 1943 1555 Dei
1980 1506 2063 1554 est
2235 1507 2400 1561 Vens.
2440 1506 2494 1561 8.
2520 1536 2589 1546 —
2617 1503 2796 1559 Nolite
2834 1521 2956 1576 ergo
2983 1503 3267 1559 assimilari
3295 1506 3389 1560 eis.
3427 1504 3543 1569 Non
3587 1504 3739 1560 enim

488 1600 810 1672 approbare.
849 1597 944 1652 illa
988 1605 1169 1650 autem
1219 1576 1429 1649 tantuiii
1467 1586 1729 1667 approbat
1772 1606 1889 1661 quae
1937 1597 2065 1646 sunt
2165 1597 2305 1668 apud
2333 1596 2497 1651 Deum
2541 1594 2805 1667 agendum
2852 1603 2936 1649 est
2979 1595 3180 1660 verbis,
3213 1593 3307 1650 sed
3346 1595 3529 1661 rebus,
3555 1596 3735 1651 inten—

487 1689 824 1753 abscondita,
852 1702 972 1758 quas
997 1693 1154 1742 extra
1180 1694 1306 1743 sunt
1326 1700 1431 1740 non
1455 1685 1671 1755 placent
1697 1682 1747 1738 εἰ
1778 1696 1953 1751 neque
1971 1695 2065 1751 ³9-
2167 1689 2311 1744 tione
2334 1688 2535 1753 cordis,
2563 1685 2756 1741 aﬂ’ectu
2777 1686 3025 1756 simplici.
3056 1684 3186 1755 Quae
3210 1701 3332 1741 cum
3356 1686 3606 1752 dicimus,
3627 1701 3739 1741 non

487 1780 729 1864 probat.
2167 1794 2288 1835 eum
2321 1780 2590 1841 docemus,
2618 1775 2710 1831 sed
2738 1792 2838 1831 nos
2864 1785 3104 1847 tempore
3130 1774 3319 1830 orandi
3362 1776 3735 1830 recordamur.

562 1862 726 1925 Vsus.
755 1868 809 1924 5.
837 1899 909 1911 ——
936 1866 1006 1921 Et
1035 1883 1155 1921 cum
1189 1868 1373 1921 oratis.
1423 1865 1505 1921 Ad
1532 1865 1810 1936 superiora
1837 1862 2062 1932 coniun-
2092 1864 2141 1926 B
2170 1869 2278 1927 Scit
2307 1871 2443 1925 enim
2467 1881 2632 1941 paler.
2677 1867 2785 1923 Cur
2819 1884 2946 1941 ergo
2976 1868 3162 1923 scienti
3193 1867 3502 1938 loquimur?
3527 1867 3646 1923 Non
3678 1876 3745 1923 ut

490 1963 635 2035 gitur
659 1962 776 2016 huic
800 1958 1087 2015 sententia.
1127 1958 1304 2028 Supra
1326 1958 1540 2012 dixerat
1568 1976 1581 2011 ε
1609 1957 1868 2011 Αιιεηάὶῑε
1888 1972 1951 2009 ηε
1968 1955 2063 2025 ,ἰιι-
2164 1971 2365 2018 nostra;
2386 1960 2646 2015 faciamus
2679 1959 2936 2014 indicium
2973 1959 3280 2027 voluntatis,
3310 1959 3404 2017 sed
3435 1969 3493 2015 ut
3529 1959 3737 2017 excite-

488 2054 684 2109 stilum
696 2060 918 2106 vestram
945 2049 1151 2119 faciatis
1176 2065 1351 2102 coram
1375 2047 1708 2111 hominibus;
1734 2048 1823 2102 hic
1850 2046 2062 2101 subdit:
2164 2067 2285 2107 mus
2306 2051 2407 2122 pia;
2436 2050 2734 2105 devotionis
2759 2048 3100 2118 obsequium.

490 2140 700 2196 Etcum
756 2140 942 2194 oratis.
988 2136 1104 2193 Non
1126 2137 1375 2207 prohibet
1418 2153 1600 2201 orare,
1627 2140 1719 2191 sed
1770 2137 1823 2190 in
1859 2135 2065 2191 orando
2238 2142 2401 2196 Vens.
2449 2140 2503 2194 9.
2537 2137 2699 2193 Pater
2726 2148 2917 2193 noster.
2954 2136 3168 2210 (ΒΕΜ.)
3199 2137 3343 2191 Inter
3367 2145 3564 2193 caetera
3586 2138 3735 2194 salu-

491 2230 790 2301 liypocritis
818 2228 1020 2284 similes
1047 2242 1185 2282 esse.
1217 2226 1284 2281 In
1309 2227 1538 2298 angulis.
1584 2228 1749 2295 Quasi
1777 2226 2066 2282 absconso-
2168 2231 2308 2286 taria
2339 2230 2541 2284 monita
2565 2237 2620 2283 et
2652 2228 2851 2292 divina,
2885 2226 3080 2297 quibus
3105 2227 3338 2282 consulit
3368 2229 3739 2296 credentibus,

495 2335 584 2376 res
612 2334 851 2391 precum,
878 2326 936 2372 et
958 2328 1137 2372 tamen
1162 2317 1216 2371 in
1245 2316 1435 2386 plateis
1466 2325 1526 2370 ut
1553 2317 1857 2379 videantur.
1890 2323 1945 2368 el
1968 2328 2067 2383 per
2166 2321 2394 2378 formam
2423 2319 2610 2389 orandi
2653 2319 2950 2388 proposuit,
2981 2326 3109 2384 etc.,
3137 2334 3303 2388 usque
3334 2318 3402 2372 ad
3432 2328 3486 2374 et
3529 2320 3584 2374 hi
3614 2328 3746 2376 sunt

492 2413 601 2481 hoc
624 2409 849 2480 amplior
866 2408 1058 2479 gloria.
1092 2406 1413 2475 Allegorice.
1444 2405 1499 2460 In
1527 2406 1722 2476 angulo
1748 2413 1871 2461 orat
1896 2405 1985 2473 qui
2011 2404 2064 2457 in

2167 2420 2282 2475 veri
2310 2418 2640 2480 adoratores,
2665 2417 2754 2487 qui
2776 2416 2895 2471 Filii
2917 2431 3014 2486 per
3035 2416 3262 2489 gratiam
3285 2415 3510 2471 adorant
3527 2415 3745 2473 Patrem

493 2501 809 2560 abscondito
834 2515 891 2555 se
916 2514 1072 2555 orare
1088 2498 1304 2553 simulat
1337 2516 1351 2551 :
1380 2504 1439 2579 et
1455 2506 1632 2552 tamen
1662 2498 1715 2551 in
1740 2496 1913 2567 platea
1942 2511 2066 2550 cum
2169 2509 2224 2564 in
2257 2508 2448 2578 Spimu
2473 2517 2528 2561 ει
2554 2507 2807 2563 veritate,

492 2594 692 2651 famam
721 2600 922 2662 captat.
975 2590 1171 2660 Anguli
1214 2590 1511 2660 platearum
1560 2597 1685 2643 sunt
1713 2589 1802 2643 ubi
1846 2588 1931 2641 via
1971 2602 2069 2657 per

2240 2597 2395 2652 Nulla
2424 2597 2599 2653 oratio
2631 2598 2804 2667 magis
2854 2595 3153 2667 spiritualis
3194 2605 3277 2651 est
3304 2612 3467 2670 quam
3506 2595 3595 2653 illa
3625 2612 3745 2668 qua:

494 2688 776 2743 transitum
820 2685 920 2739 viae
958 2684 1191 2749 ducitur,
1221 2691 1276 2737 et
1328 2682 1668 2752 quadrivium
1707 2682 1901 2737 reddit.
1950 2680 2068 2734 Non

2170 2706 2237 2746 ex
2264 2704 2359 2745 ore
2388 2688 2531 2754 Filii,
2557 2687 2649 2758 qui
2671 2696 2754 2744 est
2785 2685 3015 2753 Veritas,
3042 2688 3328 2758 processit.
3363 2688 3525 2743 Pater
3551 2701 3743 2743 noster.

493 2780 639 2841 enim
672 2776 825 2834 nefas
850 2785 935 2832 est
969 2775 1163 2840 Videri.
1196 2774 1292 2830 88d
1329 2783 1583 2846 appetere
1608 2774 1797 2829 Videri-
1840 2772 2067 2841 Παρμε-
2170 2779 2266 2835 Cui
2308 2794 2415 2832 non
2458 2779 2651 2832 timore
2678 2818 2693 2843 ,
2725 2777 2817 2832 scd
2866 2791 3051 2832 amore
3092 2777 3423 2833 haereditatis
3458 2778 3743 2833 servimus.

495 2878 640 2925 runt.
687 2867 749 2927 In
791 2866 878 2922 bis
906 2881 1013 2922 non
1057 2864 1229 2929 solum
1272 2880 1402 2920 vera
1434 2878 1644 2919 meroes
1686 2877 1854 2933 ρτεινα
1893 2864 2070 2915 inien-
2170 2872 2306 2926 Dum
2324 2869 2485 2924 Pater
2507 2868 2725 2933 dicitur,
2750 2868 2816 2923 de
2837 2868 3129 2939 adOptione
3156 2869 3476 2939 cogitemus,
3510 2876 3569 2923 ut
3596 2865 3747 2922 Patri

494 2961 645 3021 tione
670 2966 964 3017 evacuatur
993 2975 1009 3010 :
1042 2957 1139 3012 sed
1165 2956 1355 3011 vitium
1383 2954 1747 3011 simulationis
1775 2961 1831 3008 et
1861 2952 2067 3007 irrisio—
2170 2963 2317 3035 pium
2340 2963 2591 3017 arrectum
2618 2961 2996 3031 rependamus,
3019 2961 3156 3017 num
3184 2962 3383 3017 dicitur
3407 2971 3603 3029 mm",
3642 2961 3750 3016 rm-

497 3052 584 3109 nis
608 3060 796 3109 conisa
824 3050 991 3107 Deum
1019 3059 1266 3119 “seu”.
2171 3057 2442 3113 ternitatis
2492 3057 2843 3121 admonetur,
2876 3069 2998 3109 cum
3040 3053 3111 3108 sit
3170 3054 3476 3111 communis
3520 3052 3744 3123 adoptio

568 3147 731 3204 Vens.
779 3144 832 3201 6.
867 3173 939 3187 ——
986 3142 1066 3199 Tu
1094 3153 1288 3199 autem.
1338 3140 1453 3197 Hoc
1497 3140 1814 3211 simpliciter
1855 3139 2063 3195 intelle-
2108 3176 2174 3221 _.

2141 3218 2142 3221 η
2171 3149 2442 3205 omnibus.
2483 3147 2650 3202 Nemo
2678 3145 2823 3201 dicat
2851 3160 3021 3212 meus,
3049 3145 3190 3221 quod
3228 3145 3447 3218 proprie
3478 3143 3588 3200 ﬁlio
3615 3159 3747 3201 con-

495 3246 663 3301 ctum,
697 3236 852 3291 docet
878 3249 1072 3289 Vanam
1102 3233 1328 3306 gloriam
1369 3231 1553 3287 mundi
1594 3231 1922 3303 fusiendam-
1961 3230 2070 3287 Sed
2098 3212 2144 3276 (ἶ
2174 3241 2345 3304 venit,
2375 3240 2459 3295 cui
2487 3247 2642 3310 pater
2669 3245 2751 3294 est
2775 3253 2873 3309 per
2897 3212 3170 3292 naturam.
3210 3212 3363 3294 Unde
3391 3237 3516 3293 alibi
3547 3255 3562 3269 ·
3599 3235 3750 3292 Vada

498 3331 672 3403 magis
706 3330 920 3386 videtur
951 3328 1193 3398 praecipi,
1218 3336 1299 3391 ut,
1344 3327 1548 3382 inclusa
1594 3325 1827 3396 pectoris
1868 3325 2071 3396 cogita-
2174 3332 2244 3386 ad
2275 3330 2491 3385 Patrem
2539 3346 2709 3383 incum
2745 3328 2928 3402 (Joan.
2970 3328 3091 3401 vn),
3124 3329 3427 3400 specialiter
3459 3344 3557 3400 per
3595 3337 3755 3384 natu-

497 3423 646 3480 tione
666 3421 930 3490 labiisque
973 3421 1320 3488 compressis,
1359 3427 1479 3473 oret
1512 3417 1700 3471 Deum.
1752 3416 2069 3472 Cubiculum
2173 3439 2291 3479 ram
2330 3431 2427 3478 :et
2452 3429 2712 3488 vestrum,
2746 3423 3086 3494 coniunctum
3139 3437 3239 3493 per
3283 3423 3537 3495 gratiam.
3590 3420 3754 3476 Pater

498 3522 683 3571 autem
704 3520 793 3568 est
814 3510 1011 3566 cordia
1028 3517 1317 3565 acnuam.
1351 3506 1579 3572 Ostium,
1610 3505 1843 3561 carnalis
1878 3523 2072 3563 sensus
2174 3525 2348 3569 noster
2377 3514 2591 3579 dicitur,
2619 3515 2765 3583 quod
2784 3530 3069 3573 commune
3097 3514 3368 3581 omnibus,
3400 3527 3559 3569 nemo
3604 3512 3752 3569 dicat

497 3619 599 3675 per
642 3616 802 3673 quem
840 3600 958 3657 hac
1000 3599 1275 3655 exteriora
1317 3598 1560 3668 improbe
1609 3612 1668 3653 se
1719 3598 1989 3667 ingerunt,
2018 3606 2073 3653 et
2176 3616 2331 3659 meus
2361 3620 2374 3656 :
2400 3602 2544 3673 quod
2571 3601 2744 3658 solum
2774 3602 2993 3660 Christo
3039 3604 3311 3667 convenit,
3367 3603 3459 3675 qui
3485 3601 3627 3657 ﬁlius
3669 3609 3755 3657 est

500 3697 671 3751 turba:
701 3695 1138 3764 pbantasmatum
1180 3691 1460 3746 orantibus
1503 3690 1841 3759 obstrepunt.
1874 3689 2070 3744 Parum
2175 3710 2277 3768 per
2305 3703 2592 3760 naturam;
2622 3693 2742 3749 aliis
2767 3696 3082 3751 conceditur
3108 3694 3413 3751 communis
3457 3694 3628 3771 gratia
3666 3693 3754 3748 ad-

499 3796 585 3845 eat
609 3802 741 3858 ergo
773 3783 1080 3842 cubiculum
1104 3783 1331 3847 intrare,
1361 3783 1406 3836 si
1430 3782 1753 3851 importunis
1779 3783 2068 3852 cogitatio-
2175 3784 2434 3855 optionis.

500 3880 662 3943 ribus
681 3877 874 3935 ostium
899 3882 1066 3946 patet.
1100 3872 1206 3929 Sed
1234 3873 1591 3928 resistendum
1613 3880 1696 3927 est
1714 3873 1921 3928 carnali
1947 3888 2066 3929 sen-
2246 3875 2429 3947 (ΚΑΒ.)
2481 3873 2727 3930 Monetur
2765 3874 2963 3930 nobilis
3003 3880 3057 3927 et
3106 3874 3254 3930 dives
3311 3887 3419 3929 non
3449 3872 3751 3944 superbire,

502 3972 602 4036 sui,
628 3979 688 4025 ut
711 3968 886 4024 oratio
914 3966 1211 4038 spiritualis
1245 3981 1311 4021 ex
1343 3965 1549 4021 intimis
1585 3966 1768 4021 cordis
1808 3966 2073 4037 dirigatur
2175 3976 2304 4031 etc.,
2333 3983 2497 4038 usque
2522 3967 2592 4021 ad
2612 3965 2749 4034 Quid
2774 3967 2993 4040 negabit
3015 3965 3159 4033 liliis,
3182 3967 3273 4038 qui
3296 3964 3407 4035 jam
3436 3965 3585 4021 dedit
3608 3962 3752 4035 quod

501 4066 570 4121 ad
598 4064 785 4119 Deum.
818 4060 1009 4116 Clauso
1035 4061 1186 4115 ostio.
1236 4059 1494 4117 Sensibus
1540 4059 1757 4124 clausis,
1804 4072 1871 4113 ne
1905 4060 2075 4113 turbae
2175 4066 2330 4130 pater
2360 4058 2477 4113 est?

501 4158 939 4229 phantasmatum
992 4158 1323 4211 exteriorum
1372 4165 1684 4211 occurrant.
1741 4155 1836 4211 Vcl
1876 4154 2072 4209 ostium
2248 4150 2465 4222 (Λυσι.)
2515 4149 2789 4222 Nusquam
2833 4151 3108 4207 invenitur
3174 4157 3501 4222 [incoeptum
3549 4146 3753 4221 populo

499 4260 658 4311 meat
687 4264 927 4306 amorem
947 4249 1032 4304 vel
1057 4249 1307 4304 timorem
1328 4248 1486 4317 hujus
1507 4246 1709 4303 saeculi.
1744 4246 1897 4302 Sicut
1929 4246 2073 4301 enim
2175 4242 2362 4307 israel,
2407 4250 2468 4297 ut
2522 4243 2729 4299 diceret
2763 4261 2776 4297 :
2812 4240 2971 4298 Pater
3001 4253 3194 4309 noster,
3239 4250 3333 4297 aut
3364 4251 3570 4306 oraret,
3620 4247 3753 4304 etc.,

501 4357 661 4399 mune
688 4343 888 4396 bonum
928 4355 996 4394 ex
1024 4340 1219 4394 timore
1242 4348 1297 4394 et
1326 4352 1511 4393 amore
1540 4347 1624 4393 est
1658 4336 1777 4401 Dei,
1800 4338 1880 4392 sic
1915 4351 2075 4391 omne
2177 4351 2338 4406 usque
2367 4335 2436 4388 ad
2482 4337 2526 4391 si
2557 4338 2624 4391 ab
2648 4337 2766 4407 ejus
2787 4337 3059 4392 mandatis
3084 4353 3192 4392 non
3216 4338 3553 4392 aberrarent.
3604 4332 3756 4389 Sicut

500 4432 702 4489 malum
732 4445 799 4485 ex
827 4442 1011 4484 amone
1030 4436 1086 4483 et
1106 4428 1298 4483 timore
1324 4426 1524 4483 steculi.
1560 4425 1654 4482 His
1679 4426 1898 4493 clausis,
1922 4425 1974 4483 id
1992 4432 2078 4481 est
2176 4444 2261 4491 est
2295 4432 2423 4489 illud
2456 4451 2470 4486 :
2502 4427 2675 4484 Filios
2703 4430 2858 4501 genui
2876 4439 2922 4485 et
2943 4431 3169 4485 exaltavi
3201 4429 3333 4503 (Isa.
3354 4430 3417 4502 ι),
3447 4440 3534 4487 etc

502 4524 721 4628 ablatis,
746 4537 867 4579 ora.
899 4614 910 4624 .
966 4614 1004 4628 Α
1048 4614 1101 4628 η
1325 4614 1337 4627 .
1457 4614 1470 4627 .
1536 4614 1562 4628 Ω
1594 4552 1617 4627 ,λ
1696 4613 1737 4628 n
1805 4613 1819 4628 .
1887 4613 1900 4628 .
2101 4565 2160 4628 Β
2183 4616 2198 4628 ⁸
2345 4524 2504 4628 cretis.
2533 4521 3083 4628 Spirituallbusmtad
3099 4523 3610 4628 spiritualitatemin
3643 4543 3753 4598 qua

574 4614 921 4687 (Cnsrsos'ri)
962 4614 1103 4682 Quid
1142 4629 1290 4685 ergo,
1323 4614 1503 4683 inquis
1536 4614 1562 4668 ἓ
1593 4614 1648 4668 in
1696 4613 1935 4669 Ecclesia
1966 4629 2073 4671 non
2101 4612 2153 4628 "
2183 4614 2411 4682 habitat,
2439 4613 2698 4670 festinare
2731 4613 3019 4681 discamus,
3049 4622 3103 4669 et
3142 4612 3384 4669 coelestia
3420 4616 3489 4672 ab
3508 4632 3574 4673 eo
3609 4632 3757 4691 quae-

502 4717 716 4779 oportet
765 4707 964 4763 orare?
1002 4705 1070 4761 Et
1098 4705 1253 4760 valde
1295 4706 1538 4775 quidem,
1568 4704 1661 4760 sed
1691 4720 1813 4760 cum
1848 4707 1951 4760 hac
1980 4722 2074 4761 vo-
2183 4722 2385 4763 ramus.

503 4800 708 4856 luntate
728 4806 787 4853 ut
815 4797 965 4853 illum
1009 4813 1174 4853 unum
1203 4797 1485 4859 intuearis,
1515 4797 1606 4867 qui
1646 4797 1809 4852 habet
1838 4796 2074 4853 donandi
2256 4796 2625 4869 Sancti/iretur
2681 4811 2866 4850 nomen
2925 4803 3092 4850 tuum.
3153 4794 3397 4852 Videnda
3439 4805 3524 4854 est
3560 4799 3754 4856 harum

503 4892 647 4962 quod
675 4890 898 4962 petieris
933 4898 1274 4961 potestatem.
1324 4888 1534 4960 Ubique
1578 4889 1723 4944 enim
1773 4888 1935 4957 Deus,
1967 4905 2075 4962 quo
2185 4890 2462 4947 distinctio
2484 4897 2692 4958 septem
2722 4887 3060 4959 petitionum.
3107 4886 3241 4943 Nam
3276 4904 3398 4945 cum
3422 4891 3533 4946 vita
3573 4902 3759 4949 nostra

505 4981 709 5051 aliquid
738 4978 905 5034 iacias
936 4978 1153 5044 intuitu,
1180 4986 1406 5049 spectat.
2186 4980 2555 5052 temporaliter
2581 4978 2760 5048 agitur
2780 4987 3132 5050 speraturque
3163 4988 3385 5048 aeterna,
3412 4982 3593 5052 priora
3613 4992 3753 5048 sunt,

575 5073 811 5129 Patrem.
840 5073 1011 5142 Quem
1036 5073 1181 5128 intus
1199 5072 1366 5129 babes
1387 5087 1486 5144 per
1503 5072 1696 5139 ﬁdem;
1727 5074 1900 5130 unde:
1921 5074 2075 5147 Apud
2177 5080 2309 5139 etc.,
2353 5088 2516 5144 usque
2564 5070 2632 5124 ad
2665 5070 2913 5126 liberatio
2939 5071 3081 5126 enim
3130 5071 3263 5127 facit
3290 5072 3511 5137 liberos,
3543 5075 3596 5129 id
3648 5084 3755 5143 est,

505 5182 588 5223 nte
611 5166 783 5221 oratio
807 5164 916 5219 Deo
946 5164 1063 5219 vitae
1089 5179 1219 5218 mea!
1243 5162 1413 5237 (Psal.
1441 5164 1580 5235 xu).
2178 5167 2339 5233 iiiios,
2370 5174 2430 5221 ut
2457 5165 2701 5221 dicamus
2729 5165 2918 5235 spiritu
2941 5164 3265 5236 adoptionis,
3297 5165 3447 5221 Abba
3474 5164 3656 5222 Pater.

575 5257 739 5314 Vna.
774 5255 828 5309 7.
859 5285 932 5299 -
969 5254 1194 5311 Orontes
1233 5265 1426 5311 autem.
1473 5255 1627 5312 Sicut
1674 5257 2075 5329 bypocritarum
2254 5257 2439 5323 Amen,
2470 5255 2739 5327 signiﬁcat
2759 5256 2812 5311 in
2839 5256 3089 5313 omnibus
3119 5257 3202 5313 his
3219 5258 3571 5329 petitionibus
3599 5259 3757 5315 indu-

506 5355 594 5406 est
624 5348 832 5404 ostendi
859 5355 915 5403 et
946 5346 1165 5418 placere
1191 5347 1523 5413 hominibus,
1564 5348 1640 5403 ita
1687 5349 1969 5419 gentilium
1995 5359 2081 5406 est
2179 5348 2420 5405 bitanter
2464 5362 2493 5402 a
2540 5346 2765 5401 Domino
2811 5347 2973 5402 tribui
3018 5349 3160 5418 quod
3213 5350 3433 5419 petitur,
3463 5350 3508 5405 si
3556 5349 3758 5407 ultima,

505 5437 1261 5509 multiloquium,aquibuset
1277 5438 1460 5509 capit.
1494 5437 1561 5494 Hi
1589 5439 1736 5495 enim
1758 5441 2073 5496 exercenda:
2183 5440 2507 5497 conditionis
2538 5448 2754 5510 pactum
2799 5454 3016 5495 servare
3044 5455 3152 5495 non
3199 5442 3542 5514 negligimus.
3599 5444 3758 5501 Unde

505 5529 704 5600 lingua
728 5530 901 5601 magis
917 5545 1139 5600 operam
1160 5531 1313 5596 dant,
1332 5544 1494 5600 quam
1518 5531 1687 5585 menti
1714 5531 2073 5587 mundandae:
2181 5530 2362 5588 subdit
2406 5548 2418 5584 :
2455 5528 2513 5585 Si
2553 5529 2865 5591 dimiseritis,
2905 5538 3010 5585 etc.
3061 5528 3447 5600 Sanctiﬁcatur,
3495 5543 3601 5592 etc.
3652 5534 3757 5601 Hic

508 5633 571 5681 ut
590 5624 694 5680 hoc
718 5624 986 5695 nugatorii
1013 5622 1174 5679 σωοὶί
1198 5636 1387 5695 genus,
1415 5623 1580 5677 etiam
1610 5623 1680 5678 ad
1709 5623 1879 5678 Deum
1911 5638 2076 5693 prece
2185 5622 2433 5693 spiritum
2464 5620 2744 5690 sapientiae
2770 5635 3011 5687 oramus,
3043 5636 3113 5677 ne
3134 5636 3164 5676 a
3195 5624 3622 5684 sanctiﬁcatione
3661 5644 3757 5685 no-

507 5713 829 5773 ﬂectendum
865 5715 1217 5781 transferant,
1245 5722 1501 5786 putantes
1539 5718 1681 5785 quod
1711 5716 1851 5771 sicut
1894 5727 2081 5772 orator
2186 5713 2350 5769 minis
2404 5712 2611 5781 primus
2651 5710 2706 5764 in
2750 5710 2926 5781 aliquo
2979 5712 3344 5784 discrepemus
3394 5733 3409 5771 :
3448 5719 3542 5774 sed
3585 5723 3758 5790 patris

505 5803 764 5877 iudicem,
792 5807 868 5862 ita
892 5813 948 5862 et
981 5805 1083 5877 ipsi
1114 5805 1281 5861 Deum
1307 5804 1526 5861 nectere
1549 5814 1767 5876 queant.
2187 5806 2384 5863 nomen
2414 5806 2468 5860 in
2500 5803 2624 5859 ﬁliis
2647 5804 2888 5860 moribus
2920 5813 2981 5861 et
3002 5807 3108 5862 vita
3135 5810 3470 5865 ostendatur.
