4068 6344
321 410 421 470 1θί

1243 404 1507 463 GLOSSA
1545 400 1935 460 ORDINARIA.
1976 430 2044 443 --
2077 398 2329 457 EVANG.
2371 400 2631 457 ΜΑΤἸἮ.

3463 406 3571 466 T0!

390 525 600 581 Nomen
623 524 795 596 patris
813 524 871 580 in
892 522 1050 581 nobis
1070 530 1176 589 est,
1198 522 1292 593 qui
1318 521 1412 576 ﬁlii
1438 520 1670 576 dicimur
1700 536 1713 571 :
1746 518 1889 586 quod
1918 524 1969 585 Α
1992 529 2210 570 oramus
2259 532 2274 568 :
2311 513 2513 570 Panem
2559 520 2803 571 nostrum
2839 514 3211 586 quotidianum
3244 518 3313 574 da
3357 515 3515 576 nobis
3544 537 3562 577 :

320 619 554 691 petimus
589 617 938 673 sanctiﬁcari.
989 616 1107 673 Non
1145 625 1206 671 ut
1248 616 1361 685 ipse
1390 613 1629 668 sanctior
1674 612 1767 676 sit,
1797 611 1895 667 sed

321 719 380 765 ut
397 711 459 764 in'
475 710 631 765 nobis
647 718 901 780 operetur
912 716 1258 779 augmenmm
1279 721 1389 762 sua:
1410 705 1885 760 sanctiﬁcationis:

320 815 445 854 nam
488 799 849 854 sanctiﬁcatio
893 800 1128 854 ﬁliorum
1156 797 1360 853 nomini
1410 794 1528 864 ejus
1557 796 1912 851 attribuitur..

318 889 397 943 lta
441 889 642 943 dicitur
682 888 1181 944 sanctiﬁcari'sicut
1208 885 1513 950 clariﬁcari,
1554 894 1609 940 et
1640 884 1888 956 magniﬁ-

318 980 431 1035 cari
480 980 536 1034 in
588 980 745 1035 nobis
776 996 790 1034 :
822 977 1190 1048 Sanctiﬁcetur
1212 1017 1228 1047 ,
1258 978 1314 1033 id
1356 986 1440 1033 est
1470 1018 1485 1043 ,
1514 978 1588 1033 ita
1625 978 1765 1033 sicut
1807 985 1897 1034 est

318 1077 588 1136 sanctum,
621 1070 888 1123 habeatur
919 1069 1226 1124 [nominibus
1257 1083 1271 1122 :
1300 1077 1356 1122 et
1386 1069 1460 1122 ita
1491 1068 1796 1122 innotescat
1826 1066 1893 1127 il~

317 1163 386 1218 iis
412 1162 577 1229 Deus,
599 1172 659 1218 ut
685 1178 791 1218 non
820 1170 1012 1235 putent
1034 1162 1239 1232 aliquid
1267 1161 1530 1217 sanctius.

388 1254 554 1309 Vnus.
591 1253 678 1308 10.
707 1284 777 1295 —-
803 1254 1059 1308 Adveniet
1088 1268 1303 1323 regnum
1327 1261 1498 1307 tuum.
1538 1250 1640 1307 Hic
1665 1251 1895 1322 spiritus

317 1345 685 1416 intelligentia:
725 1346 969 1417 petitur,
1012 1360 1120 1416 quo
1166 1344 1458 1400 inundatur
1501 1359 1596 1399 cor
1642 1353 1702 1400 ut
1750 1344 1889 1408 Deus

317 1436 582 1492 videatur.
614 1437 820 1492 Duritia
850 1446 906 1492 et
951 1444 1192 1507 potestas
1227 1434 1423 1492 diaboli
1477 1435 1805 1502 excluditur,
1834 1444 1891 1490 et

315 1531 371 1585 in
402 1529 587 1586 futuro
612 1529 927 1600 perfectius,
954 1544 1077 1584 cum
1108 1529 1456 1585 evacuavcrit
1484 1544 1698 1584 omnem
1733 1528 1888 1597 prin-

315 1622 553 1692 cipatum
577 1630 634 1677 et
661 1628 1013 1690 potestatem,
1040 1627 1095 1675 et
1118 1620 1360 1675 tradetur
1388 1634 1617 1690 regnum
1647 1618 1758 1673 Deo
1785 1616 1888 1671 Pa-

316 1712 409 1768 tri.
441 1710 692 1781 Congrne
715 1709 982 1780 sequitur,
1010 1718 1070 1765 ut
1104 1718 1228 1780 post
1264 1710 1609 1779 adoptionem
1652 1707 1888 1765 ﬁliorum

312 1816 542 1875 regnum
568 1811 815 1873 petamus
845 1802 991 1871 quod
1011 1800 1135 1857 ﬁliis
1166 1801 1409 1856 debetur.

1992 608 2108 663 sine
2137 621 2243 676 quo
2273 606 2412 661 fame
2435 621 2787 662 moreremur.

2060 699 2245 764 Panis,
2267 714 2464 769 corpus
2484 698 2683 755 Christi
2709 708 2812 765 est,
2834 700 2920 755 vel
2942 703 3166 757 verbum
3198 704 3314 770 Dei,
3335 705 3421 761 vel
3446 707 3563 777 ipse

1990 787 2155 853 Deus,
2186 803 2294 857 quo
2323 788 2561 858 quotidie
2582 803 2821 859 egemus,
2848 790 2933 845 vel
2952 792 3044 859 qui
3070 800 3157 849 est
3183 809 3346 864 super
3373 810 3562 853 omnes

1991 880 2341 935 substantias.
2375 878 2478 932 llic
2503 888 2578 933 est
2602 881 2753 949 panis
2776 881 2919 934 vivus
2947 883 3037 953 qui
3060 882 3124 936 de
3142 883 3269 937 creto
3293 885 3562 943 descendit

1991 969 2172 1043 (Joan.
2215 970 2316 1041 VI),
2356 970 2508 1040 cujus
2549 979 2756 1025 naturae
2801 970 3105 1029 sublimitas
3150 988 3313 1044 super
3363 989 3551 1032 omnes

1990 1061 2326 1119 substantias
2348 1071 2452 1119 est.

1972 1166 1975 1171 '
2061 1154 2342 1211 Nostrum.
2369 1155 2507 1222 Quia
2525 1154 2777 1212 Christus
2798 1164 2982 1212 noster
3000 1165 3086 1214 est
3108 1156 3307 1226 factus,
3330 1168 3388 1216 et
3404 1160 3548 1217 Deus

1989 1246 2153 1302 Pater
2199 1263 2327 1302 cum
2355 1247 2571 1304 Christo
2600 1249 2777 1305 omnia
2817 1251 2978 1307 nobis
3005 1252 3247 1307 donavit.
3277 1252 3405 1311 Ideo
3434 1268 3560 1309 ora-

1991 1352 2110 1393 mus
2138 1345 2199 1393 ut
2223 1339 2365 1407 quod
2385 1346 2627 1394 nostrum
2658 1346 2742 1395 est
2764 1354 2860 1410 per
2884 1340 3105 1407 donum,
3127 1342 3367 1411 quotidie
3389 1343 3552 1399 detur

1987 1442 2086 1497 per
2110 1426 2384 1483 eﬁ‘ectum.
2917 1503 2920 1506 ἢ

2054 1516 2644 1596 Supersubstantialcm;
2682 1520 2776 1576 Vel
2830 1522 3224 1591 quotidianum.
3264 1524 3401 1592 Quia
3455 1522 3548 1596 qui

1994 1609 2153 1664 edunt
2176 1626 2260 1665 me
2293 1611 2463 1667 adhuc
2501 1588 2725 1667 esuﬁent
2759 1588 2925 1684 (Eccl.
2961 1614 3131 1686 xuv).
3161 1588 3553 1687 Hicquotidia-

1989 1714 2114 1762 nus,
2142 1700 2195 1753 in
2220 1701 2393 1769 patria
2422 1710 2675 1756 aeternus.
2709 1702 2807 1757 Hic
2833 1706 2988 1774 panis
3027 1706 3242 1761 assidue
3270 1723 3367 1777 per
3396 1708 3558 1765 ﬁdem

1986 1797 2043 1845 et
2067 1790 2386 1847 charitatem
2419 1791 2646 1849 interius
2680 1794 2905 1853 reﬁcere
2926 1794 3087 1857 debet
3114 1812 3128 1851 :
3157 1797 3285 1865 quia
3330 1797 3448 1855 sine
3488 1810 3556 1853 eo

386 1896 630 1966 Regnum
654 1896 749 1951 Dei
779 1909 993 1964 semper
1015 1902 1099 1949 εει
1125 1912 1142 1948 ι
1174 1894 1268 1949 θεά
1309 1893 1511 1959 veniat,
1551 1892 1604 1948 id
1634 1899 1740 1958 εει,
1768 1905 1887 1946 ma-
1912 1885 1963 1946 Β
1989 1895 2150 1937 nemo
2175 1882 2359 1939 vivere
2401 1892 2598 1954 potest.
2628 1884 2724 1941 Vel
2764 1889 2921 1956 panis
2961 1888 3215 1951 dicuntur
3262 1891 3559 1961 spiritualia

311 1985 599 2047 nitestetur
619 1985 927 2042 hominibus
951 2001 982 2039 a
1010 1985 1205 2054 quibus
1228 1991 1289 2039 ut
1316 1983 1407 2049 lux
1429 1982 1718 2039 caecis'non
1739 1982 1886 2039 vide-

312 2086 429 2143 tur,
453 2076 597 2147 quod
635 2076 815 2131 nullus
854 2076 1109 2148 ignorare
1150 2075 1514 2144 poterit,'cum
1542 2073 1711 2131 Filius
1735 2073 1886 2143 judi—

306 2182 439 2225 care
465 2166 695 2225 venerit.
718 2166 776 2222 In
805 2182 912 2237 quo
940 2166 1243 2234 regnabunt
1278 2173 1332 2221 et
1362 2167 1555 2233 sancti,
1584 2175 1645 2222 ut
1664 2167 1885 2234 dicitur,

309 2257 572 2327 Percipite
586 2273 796 2328 regnum
809 2256 948 2328 quod
967 2256 1106 2312 vobis
1118 2265 1268 2326 parat
1274 2271 1361 2310 um
1377 2254 1592 2327 (Matth.
1608 2272 1675 2313 xx
1685 2256 1760 2328 v),
1776 2264 1884 2313 etc.

384 2345 590 2417 Spiritu
617 2345 982 2417 intelligentia:
1008 2360 1233 2416 regnum
1264 2344 1503 2403 futurum
1534 2347 1889 2417 ingredienti-

307 2441 415 2496 bus
457 2440 781 2504 declaratur,
811 2448 871 2495 et
910 2438 1175 2494 munditia
1204 2438 1385 2494 cordis
1433 2439 1763 2505 attribuitur,
1792 2454 1891 2510 per

310 2547 476 2602 quam
523 2533 664 2587 Deus
703 2532 898 2586 ibidem
927 2546 1162 2602 regnans
1197 2530 1339 2585 sicut
1365 2537 1448 2586 est
1468 2530 1755 2594 videbitur,
1796 2531 1890 2586 ubi

306 2624 538 2695 Spiritus
578 2624 857 2694 sapientia:
879 2623 1243 2693 complebitur
1265 2622 1496 2692 septima
1525 2620 1887 2679 sanctiﬁcatio

307 2715 546 2770 nominis
574 2712 706 2783 ejus.
748 2714 805 2769 lo
834 2714 1167 2783 perfectione
1200 2712 1401 2769 senarii
1431 2711 1693 2769 adventus
1737 2712 1891 2783 regni

308 2806 574 2877 poscitur,
606 2816 665 2862 ut
709 2822 991 2862 curramus
1015 2822 1203 2863 omnes
1249 2807 1302 2860 in
1329 2805 1500 2859 virum
1542 2803 1883 2873 perfectum:

304 2899 504 2954 deinde
525 2900 581 2952 in
609 2913 676 2953 eo
697 2899 1099 2968 quiescentibus
1126 2897 1496 2954 sanctiﬁcetur
1514 2896 1631 2965 ipse
1656 2897 1709 2953 in
1729 2897 1886 2954 nobis

305 2990 441 3044 dum
483 3003 581 3043 nos
614 2989 669 3043 in
704 2989 796 3046 illo
841 2990 1262 3047 sanctiﬁcamur.
1306 2990 1439 3062 Ejus
1476 2997 1719 3068 requiem
1760 2997 1886 3068 jure

303 3079 588 3149 poscimus
630 3080 685 3134 in
716 3081 874 3135 nobis
901 3082 1255 3150 sanctiﬁcari,
1278 3093 1337 3139 ut
1383 3090 1695 3155 perenniter
1736 3090 1789 3144 in
1818 3104 1885 3144 eo

303 3172 637 3229 sanctiﬁcati
655 3173 1080 3240 requiescamus,
1105 3175 1161 3230 in
1189 3191 1293 3246 qua
1324 3180 1754 3236 sanctiﬁcatione
1774 3197 1883 3252 pax

303 3261 661 3319 beatitudinis
686 3262 933 3318 ﬁrmatur
956 3272 1011 3319 et
1031 3264 1187 3333 plena
1217 3267 1480 3337 sapientia
1512 3270 1763 3326 donatur.

384 3379 509 3434 Fiat
555 3380 793 3435 voluntas
842 3388 951 3435 tua.
1001 3379 1100 3437 llic
1147 3382 1349 3452 petitur
1386 3383 1605 3456 spiritus
1652 3386 1884 3454 consilii,

304 3485 409 3544 per
451 3485 609 3540 quem
654 3470 903 3528 voluntas
946 3470 1042 3527 Dei
1082 3473 1395 3544 inquiritur,
1424 3483 1483 3530 ut
1523 3492 1554 3531 a
1589 3478 1744 3534 nobis
1784 3479 1884 3533 im-

304 3563 543 3634 pleatur.

383 3673 645 3732 Voluntas
687 3675 783 3732 Dei
822 3676 876 3732 in
914 3678 1074 3734 terris
1102 3679 1241 3735 sicut
1270 3680 1325 3736 in
1353 3681 1489 3739 coelo
1537 3684 1728 3756 spiritu
1756 3702 1886 3742 con-

310 3766 420 3823 silii
450 3767 672 3837 regitur.
726 3768 890 3825 Nobis
917 3771 1079 3824 etiam
1104 3788 1239 3842 opus
1278 3782 1360 3829 est
1389 3775 1584 3845 spiritu
1621 3779 1832 3834 consilii
1867 3797 1880 3834 :

308 3864 371 3911 ut
414 3856 659 3912 voluntas
689 3857 782 3916 Dei
811 3858 1075 3931 dirigatur
1105 3860 1161 3921 in
1187 3863 1360 3928 nobis,
1392 3873 1449 3918 ut
1496 3866 1879 3925 misericordes

308 3945 367 4002 in
398 3961 456 4001 re
474 3954 601 4009 esse
625 3948 911 4017 possimus.
962 3948 1220 4005 Voluntas
1262 3952 1356 4008 Dei
1401 3970 1618 4026 semper
1649 3956 1709 4012 ﬁt
1740 3979 1752 4013 :
1787 3962 1882 4016 sed

308 4054 530 4097 oramus
560 4050 619 4094 ut
659 4041 881 4097 libertas
916 4042 1082 4099 nostri
1115 4043 1325 4101 arbitrii
1356 4047 1594 4102 societur
1640 4065 1738 4118 per
1765 4066 1888 4122 gra-

309 4132 443 4187 tiam
486 4147 596 4188 suae
627 4134 909 4201 voluntati,
953 4151 1071 4208 quae
1114 4144 1197 4192 est
1224 4139 1577 4197 sanctiﬁcatio
1612 4152 1795 4198 nostra
1833 4153 1891 4201 et

307 4220 421 4275 vita
465 4230 683 4291 mterna,
736 4220 991 4279 Voluntas
1052 4225 1147 4280 Dei
1194 4235 1277 4283 est
1327 4238 1723 4301 prwceptorum
1769 4232 1886 4303 ejus

309 4312 582 4367 custodia.

384 4421 531 4478 Sicut
554 4425 608 4479 in
639 4424 784 4481 caelo.
831 4425 983 4489 Sicut
1011 4427 1064 4483 in
1092 4428 1320 4501 angelis,
1353 4431 1423 4486 ita
1471 4432 1524 4487 in
1555 4434 1885 4492 hominibus.

1986 1984 2276 2045 praecepta,
2305 1991 2426 2046 quae
2463 1991 2678 2047 semper
2707 1988 2833 2037 sunt
2872 1982 3177 2040 exercenda
3220 1982 3304 2041 vel
3332 1998 3559 2041 conser-

1986 2066 2185 2125 venda.

2059 2156 2223 2215 Vens.
2266 2157 2353 2213 i2.
2410 2189 2478 2201 -—
2509 2159 2576 2215 Et
2617 2161 2841 2228 dimitte,
2862 2168 2970 2221 etc.
3021 2163 3151 2221 Post
3196 2164 3375 2221 cibum
3425 2165 3562 2235 petit

1986 2254 2199 2311 veniam
2227 2263 2590 2324 peccatorum,
2624 2264 2684 2311 ut
2719 2256 2811 2326 qui
2842 2273 2874 2312 a
2903 2256 3014 2314 Deo
3044 2259 3302 2328 pascitur,
3340 2260 3396 2315 in
3443 2258 3556 2317 Deo

1986 2345 2151 2409 vivat,
2179 2353 2234 2400 et
2254 2345 2320 2405 ad
2342 2345 2507 2401 vitam
2539 2354 2798 2403 aeternam
2823 2347 3125 2416 perveniat.

2057 2432 2191 2495 Cum
2230 2434 2458 2491 dicimus
2490 2452 2503 2488 :
2533 2434 2746 2489 Dimitte
2775 2435 2922 2495 nobis
2947 2435 3120 2491 debita
3147 2444 3324 2495 nostra
3352 2455 3364 2493 :
3393 2438 3561 2508 Spiri~

1988 2533 2102 2580 tum
2128 2526 2367 2581 scientiae
2391 2540 2659 2594 rogamus,
2686 2540 2793 2594 quo
2819 2525 3011 2581 delicta
3042 2525 3405 2598 intelligimus,
3431 2543 3553 2598 qum

1989 2618 2105 2677 sine
2162 2617 2353 2685 spiritu
2407 2616 2646 2671 scientim
2690 2632 2794 2671 non
2858 2616 3248 2688 intelliguntur.
3317 2618 3558 2675 Scientia

1989 2707 2183 2777 quippe
2229 2707 2293 2761 ad
2324 2721 2477 2759 usum
2518 2705 2890 2773 temporalium
2929 2707 3184 2778 pertinet,
3219 2722 3338 2779 qua:
3382 2709 3556 2765 virtus

1988 2798 2169 2863 est,in
2214 2796 2449 2853 vitandis
2476 2795 2634 2851 malis
2683 2804 2738 2851 et
2780 2799 3030 2867 petendis
3055 2798 3234 2864 bonis,
3271 2807 3330 2856 ut
3370 2806 3558 2857 nostra

1987 2896 2042 2943 et
2062 2886 2288 2941 aliorum
2318 2886 2566 2958 contagia
2594 2885 2887 2957 ploremus,
2913 2888 3056 2942 bona
3079 2889 3379 2960 cupiamus.

2059 2977 2228 3034 Sicut.
2274 2977 2412 3032 Ecce
2440 2993 2545 3047 qua
2577 2978 2826 3033 cautione
2870 2981 3321 3052 constringimur,
3351 2982 3406 3037 in
3443 2997 3552 3054 qua

1986 3070 2150 3126 etiam
2177 3085 2277 3125 nos
2304 3069 2604 3127 adinvicem
2634 3070 2702 3128 ad
2740 3072 3165 3133 misericordiam
3212 3073 3460 3138 inﬂectit.
3495 3084 3552 3133 et

1986 3160 2332 3233 peccantibus
2374 3162 2427 3216 in
2458 3175 2516 3218 se
2547 3160 2757 3219 veniam
2782 3163 3068 3233 promittit,
3098 3172 3153 3219 et
3197 3165 3353 3222 nobis
3376 3174 3434 3220 et
3458 3180 3556 3235 per

1910 3238 1957 3301 Ο
1988 3266 2088 3307 nos
2112 3249 2232 3306 aliis
2256 3250 2467 3305 veniam
2495 3251 2778 3325 promittit.

2055 3340 2234 3412 Culpa:
2266 3342 2477 3396 veniam
2516 3356 2623 3396 non
2656 3342 2912 3397 debemus
2946 3357 3174 3415 negare;
3209 3343 3351 3398 unde
3381 3361 3393 3398 :
3421 3342 3556 3398 Cum

1984 3435 2164 3499 aratis.
2208 3434 2450 3488 remittite
2489 3433 2536 3488 si
2568 3433 2694 3503 quid
2732 3433 2931 3499 habetis
2960 3416 3218 3493 adversus
3272 3435 3497 3507 aliquem
3530 3450 3548 3489 :

1984 3528 2138 3583 aliter
2173 3528 2311 3583 enim
2354 3525 2519 3583 Pater
2547 3537 2710 3585 uester
2751 3545 2855 3584 non
2898 3529 3123 3587 dimittet
3154 3531 3294 3587 vobis
3335 3543 3550 3603 peccata

1984 3628 2174 3674 vestra.

2054 3708 2345 3765 Pecuniam
2391 3708 2551 3765 alicui
2593 3718 2838 3781 repetere
2877 3710 3212 3781 conceditur,
3236 3713 3332 3773 sed
3374 3713 3555 3771 debita

1984 3812 2332 3874 peccatorum
2389 3804 2593 3874 petenti
2649 3805 2860 3860 veniam
2923 3821 3199 3881 nunquam
3253 3808 3403 3878 juste
3455 3824 3558 3867 ne-

1987 3912 2197 3969 gamus.

2058 3986 2222 4042 Vsus.
2274 3986 2360 4041 15.
2411 4017 2481 4029 --
2522 3987 2592 4042 Et
2654 4004 2717 4045 ne
2765 4004 2861 4043 nos
2905 3989 3146 4047 inducas.
3214 3989 3319 4049 Sed
3366 3990 3558 4064 spiritu

1988 4078 2226 4147 scientiae
2265 4077 2488 4147 illustre,
2514 4088 2574 4133 ut
2603 4079 2839 4137 sciamus
2875 4080 3072 4149 quibus
3117 4081 3274 4137 malis
3325 4083 3552 4145 involvi-

1988 4190 2130 4239 mur,
2153 4182 2207 4228 et
2234 4181 2293 4228 ut
2311 4173 2561 4245 lacrymte
2582 4174 2793 4243 prosint
2814 4189 3065 4244 rogamus
3098 4191 3115 4228 :
3160 4175 3370 4229 Dimitte
3400 4178 3548 4233 nobis

1988 4266 2161 4325 debita
2184 4275 2381 4320 nostra.
2412 4262 2479 4319 Et
2502 4281 2564 4325 ne
2591 4281 2706 4330 nos,
2731 4273 2836 4325 etc.
2868 4263 2986 4322 Non
3005 4266 3147 4336 quod
3168 4266 3283 4335 ipse
3309 4266 3552 4334 inducat,

1991 4360 2086 4415 sed
2114 4359 2240 4428 quia
2267 4358 2467 4413 deserit
2494 4367 2548 4414 et
2576 4359 2657 4413 ire
2678 4358 2966 4429 permittit.
3000 4357 3120 4414 Non
3146 4374 3276 4415 vero
3302 4368 3559 4431 precatur

1991 4464 2098 4504 non
2137 4448 2355 4514 tentari,
2381 4449 2474 4505 sed
2518 4463 2619 4505 nec
2647 4448 2715 4504 ad
2765 4448 3040 4509 modicum
3093 4449 3256 4507 vinci.
3311 4449 3560 4505 Tentatio

308 4516 411 4572 Vel
439 4517 580 4571 sicut
615 4518 797 4589 justis,
831 4518 905 4573 ita
938 4519 990 4574 in
1014 4522 1390 4593 peccatoribus
1433 4527 1728 4581 conversis.
1790 4527 1887 4583 Vel

1990 4540 2135 4595 enim
2151 4549 2234 4595 est
2246 4541 2554 4596 necessaria
2571 4542 2637 4597 ad
2652 4556 2929 4597 coronam.
2949 4539 3016 4599 Et
3030 4557 3093 4595 ne
3113 4557 3230 4607 nos,
3247 4550 3377 4607 etc.,
3404 4542 3562 4598 dese-

310 4608 453 4664 sicut
473 4608 528 4661 in
552 4607 788 4679 Christo,
813 4610 886 4666 ita
914 4610 969 4665 in
987 4591 1246 4665 Ecclesia.
1276 4608 1376 4667 Vel
1401 4612 1541 4667 sicut
1568 4624 1749 4671 mente
1771 4631 1886 4672 ser-

1991 4634 2184 4688 rcnsin
2209 4633 2505 4689 tentatione
2526 4633 2674 4688 sinas
2695 4632 2836 4686 vinci
2872 4650 2886 4685 :
2911 4631 3015 4687 etsi
3030 4632 3177 4687 sinas
3201 4632 3418 4701 tentari,
3440 4633 3561 4689 sine

308 4701 401 4757 vio
434 4701 538 4772 legi
568 4700 692 4770 Dei,
722 4703 796 4757 ita
823 4710 877 4758 et
909 4703 961 4757 in
1000 4717 1186 4758 carne.

383 4811 691 4877 Secundum
757 4816 1010 4887 spiritum
1049 4815 1267 4881 uelum,
1321 4817 1614 4872 secundum
1665 4832 1884 4877 carnem

309 4914 460 4960 terra
489 4919 697 4961 sumus.
742 4904 971 4961 Oramus
998 4921 1126 4978 ergo
1168 4915 1226 4961 ut
1253 4906 1394 4961 sicut
1437 4907 1492 4961 in
1525 4907 1685 4974 coelo,
1719 4907 1772 4965 id
1801 4917 1887 4966 est

309 4993 612 5066 inspiritu,
664 4995 736 5050 ita
762 4996 817 5055 in
847 5005 991 5055 terra
1020 4997 1113 5054 ﬁat
1137 4997 1383 5053 voluntas
1413 5012 1427 5051 :
1455 5010 1513 5053 ut
1538 5013 1665 5054 caro
1694 5008 1750 5054 ct
1779 5001 1887 5071 spi-

307 5085 450 5141 ritus
474 5086 550 5141 sit
570 5086 731 5144 liomo
752 5088 1049 5165 spiritualis
1076 5089 1142 5145 de
1168 5104 1276 5161 quo
1297 5090 1494 5145 dicitur
1527 5108 1541 5145 :
1573 5090 1677 5147 Cor
1714 5109 1885 5151 meum

305 5189 355 5234 et
380 5194 505 5232 caro
535 5194 650 5233 mea
680 5179 1065 5247 exsultaverunt
1088 5181 1144 5235 in
1183 5180 1352 5237 Deum
1381 5183 1569 5238 vivum.
1622 5182 1734 5240 Nec
1768 5193 1888 5241 tau-

312 5278 428 5327 tum
458 5278 649 5326 oratur
673 5279 731 5329 ut
757 5272 897 5329 bona
926 5271 1173 5338 velimus,
1201 5273 1294 5328 sed
1324 5273 1417 5328 ﬁat
1442 5273 1689 5337 voluntas
1708 5276 1765 5343 in
1790 5291 1886 5335 no-

306 5362 415 5430 bis,
452 5370 511 5421 ut
536 5362 782 5419 vivamus
813 5364 931 5430 tibi,
961 5379 1066 5420 non
1096 5364 1274 5420 nobis.
1302 5363 1428 5419 Haec
1459 5367 1561 5421 tria
1591 5367 1886 5435 perfectius

304 5457 584 5513 habentur
606 5457 663 5513 in
711 5454 912 5523 futuro,
938 5456 1031 5513 sed
1070 5456 1160 5512 hic
1205 5456 1420 5512 interim
1450 5472 1518 5512 ex
1561 5468 1715 5526 parte
1756 5473 1884 5514 ora-

307 5566 456 5616 mus,
495 5559 556 5606 ut
580 5559 767 5622 postea
808 5549 1101 5624 perfecuus
1141 5550 1459 5607 habeantur.
1514 5550 1759 5620 Quatuor
1793 5567 1888 5608 se-

307 5645 534 5716 quentia
555 5644 838 5715 praesentis
860 5645 982 5699 vitae
1003 5651 1128 5703 sunt
1147 5644 1415 5715 pnesidja.

388 5739 553 5797 Vsus.
596 5739 682 5793 il.
707 5768 779 5779 —
804 5738 1023 5801 Panem.
1052 5738 1277 5794 Esuries
1292 5739 1517 5809 justitia;
1546 5748 1607 5794 ut
1647 5739 1714 5793 ad
1741 5747 1888 5803 satu-

313 5832 532 5886 ritatem
572 5829 860 5901 pertingat,
903 5827 1119 5885 fulcitur
1141 5828 1332 5899 spiritu
1366 5828 1720 5886 fortitudinis.
1766 5828 1888 5895 ideo

1991 4738 2096 4793 qua
2137 4722 2317 4778 nullus
2342 4725 2604 4794 probatus
2631 4730 2735 4779 est.

2062 4815 2167 4871 Sed
2215 4814 2378 4870 libera
2409 4832 2501 4869 nos
2529 4833 2561 4869 a
2587 4814 2750 4870 malo.
2802 4813 2929 4870 Haec
2955 4827 3063 4870 una
3097 4813 3315 4886 petitio,
3346 4822 3556 4872 tantum

1991 4910 2234 4971 continet
2263 4920 2525 4979 quantum
2555 4922 2744 4964 omnes
2771 4907 3098 4986 superiores.

2064 5000 2131 5055 Ut
2158 5000 2351 5070 spiritu
2382 4999 2591 5055 timoris
2623 4999 2723 5056 Dei
2746 4998 2925 5055 omnia
2953 4998 3116 5054 noxia
3143 4999 3290 5054 intus
3320 5006 3374 5056 et
3401 5007 3555 5055 exte—

1991 5092 2105 5147 rius
2158 5090 2474 5160 pellantur:
2509 5098 2565 5145 et
2592 5090 2690 5145 sub
2732 5096 3051 5159 paupertate
3094 5090 3252 5146 beate
3294 5091 3558 5149 vivamus.

1991 5182 2095 5241 Sed.
2130 5182 2294 5238 libera
2326 5200 2442 5237 nos.
2469 5182 2530 5239 In
2574 5181 2722 5237 illam
2749 5196 2869 5252 quae
2897 5182 3137 5238 nondum
3170 5192 3254 5239 est
3296 5199 3365 5243 ne
3409 5183 3562 5247 sinas

1992 5274 2195 5342 induci,
2229 5283 2283 5330 et
2311 5274 2381 5329 ab
2422 5288 2486 5329 ea
2522 5273 2578 5328 in
2619 5287 2725 5345 qua
2769 5288 2956 5329 sumus
2994 5273 3160 5340 ducti,
3206 5273 3374 5331 libera
3408 5292 3422 5329 :
3452 5290 3562 5346 quo

1995 5367 2143 5427 facto
2171 5368 2301 5423 nihil
2336 5374 2420 5423 est
2446 5365 2812 5434 metuendum,
2842 5365 2977 5422 nihil
3005 5375 3176 5423 restat
3193 5369 3478 5424 orandum.

2065 5462 2109 5515 A
2139 5460 2303 5526 malo,
2325 5459 2491 5523 omni,
2522 5457 2715 5514 visibili
2746 5467 2802 5515 et
2838 5458 3112 5514 invisibili.
3144 5457 3270 5513 Haec
3308 5457 3562 5515 liberatio

1997 5551 2244 5623 quotidie
2277 5549 2584 5607 necessaria
2615 5559 2718 5616 est,
2774 5551 2899 5606 dum
2928 5549 3045 5607 sine
3092 5548 3234 5617 malo
3274 5549 3463 5604 anima:
3509 5556 3566 5604 et

1990 5644 2235 5715 corporis
2252 5657 2356 5697 non
2370 5642 2590 5707 vivitur,
2613 5642 2707 5697 sed
2739 5641 2791 5697 in
2816 5641 2922 5695 ﬁne
2945 5639 3319 5713 complebitur,
3354 5638 3568 5707 quando

1990 5734 2325 5792 immortales
2354 5741 2404 5789 et
2419 5733 2777 5805 impassibiles
2798 5733 3021 5787 erimus.
3042 5729 3254 5786 Deimis
3272 5730 3338 5783 ad
3356 5742 3568 5783 summa

1990 5826 2257 5899 gradatim
2280 5826 2357 5881 sic
2385 5825 2712 5882 ascenditur.
2732 5823 2779 5878 Δ
2808 5824 2951 5881 malo
2998 5837 3095 5893 per
3118 5820 3365 5893 spiritum
3411 5818 3572 5873 timo.
