4068 6344
484 361 589 418 105

972 360 1367 417 WALAFRIDI
1409 358 1662 417 STRABI
1701 359 1908 419 FULD.
1949 357 2113 416 MON.
2151 361 2303 444 OPP.
2340 360 2520 418 PARS
2557 361 2600 418 Ι.
2640 392 2709 404 -
2743 362 3203 423 THEOLOGICA.

3641 367 3752 425 104

483 474 562 530 ris
589 472 918 528 liberamur:
949 473 1072 529 inde
1094 473 1307 528 liberati
1339 488 1604 543 pauperes
1631 474 1825 545 Spiritu
1866 481 1922 529 et
1966 488 2055 528 re-
2079 475 2139 536 Α
2230 474 2342 530 Deo
2362 473 2572 544 jejunat
2599 475 2693 547 qui
2718 492 2816 548 pro
2841 493 3027 534 amore
3042 477 3234 548 ejusse
3261 485 3506 538 macerat
3527 489 3585 538 et
3603 481 3753 554 quod

483 565 584 620 bus
615 580 732 622 esse
764 565 1032 636 cupimus,
1063 565 1190 618 dum
1223 566 1473 631 dicimus,
1508 565 1584 621 Ne
1616 581 1714 621 nos
1735 565 1958 624 inducas
2009 566 2064 620 in

485 656 854 712 tentationem.
901 654 1161 725 Spiritum
1216 656 1434 726 pietatis
1474 672 1745 728 rogamus,
1794 664 1856 710 ut
1905 656 2064 710 homo

484 747 711 802 interior
739 756 1078 802 mansuescat
1104 753 1160 802 et
1179 747 1328 802 mitis
1366 747 1482 812 ﬁat,
1510 762 1578 802 ne
1614 747 1910 803 tentatione
1951 760 2067 801 mo-

485 848 699 896 ventur.

560 929 718 984 Vnus.
748 927 835 983 M.
858 959 930 969 —
953 927 1014 985 Si
1033 931 1171 984 enim
1217 929 1545 986 dimiseritis.
1589 929 1842 986 Formam
1891 930 2067 1002 impo-

483 1021 593 1078 suit
637 1021 873 1092 qualiter
915 1021 1142 1076 velimus
1175 1019 1426 1090 judicari.
1473 1021 1627 1078 Unde
1671 1021 2068 1093 indulgentibus

485 1127 668 1169 coram
715 1113 827 1168 Deo
869 1111 1062 1167 ﬁducia
1105 1111 1396 1182 respondet
1439 1112 1761 1182 impetrandi
1796 1131 1809 1167 :
1855 1113 2070 1184 exigen-

486 1213 565 1260 tes
593 1218 742 1268 vero,
791 1217 950 1275 paena
996 1203 1266 1259 remordet
1305 1203 1525 1258 ultionis
1572 1204 1656 1259 vel
1686 1204 2064 1260 damnationis.

552 1297 719 1352 Vens.
753 1295 843 1350 15.
865 1325 936 1335 --
958 1293 1020 1350 Si
1039 1305 1214 1349 autem
1249 1312 1352 1350 non
1399 1295 1721 1349 dimiseritis.
1769 1293 1925 1348 Nulla
1970 1309 2067 1349 ex-

485 1388 694 1444 cusatio
749 1385 1092 1456 relinquitur,
1152 1386 1278 1457 quia
1340 1387 1712 1456 unusquisque
1769 1385 2069 1442 secundum

485 1481 623 1537 hanc
654 1479 976 1536 sententiam
1005 1479 1060 1534 in
1083 1477 1263 1533 futuro
1285 1478 1634 1549 judic_abitur.
1678 1478 1758 1533 Ex
1811 1479 1915 1534 hoc
1966 1493 2062 1547 pa-

487 1579 582 1637 tet,
631 1570 777 1642 quod
817 1569 1186 1640 unusquisque
1227 1542 1775 1627 in'sua‘nﬁdelitate
1813 1542 2067 1626 condem-

485 1671 667 1720 natur.
1055 1650 1057 1652 ’

555 1757 718 1814 Vens.
745 1757 909 1813 lﬁ.—
933 1755 1065 1813 Cum
1099 1757 1375 1828 jejunatis.
1407 1757 1697 1828 Postquam
1725 1757 1906 1813 docuit
1933 1771 2067 1827 quo-

2164 566 2266 621 sibi
2289 568 2560 623 subtrahit
2582 568 2738 623 alteri
2774 569 3026 640 largitur.
3107 604 3112 608 -

2235 659 2515 719 Vens.-l8.
2543 693 2613 704 —
2639 664 2709 718 Et
2725 664 2888 721 Pater
2917 675 3058 721 tuus.
3093 667 3256 722 Pater
3281 683 3382 739 per
3408 667 3571 724 ﬁdem
3605 667 3751 724 intus

2165 761 2249 808 est
2277 771 2291 808 :
2315 763 2372 809 et
2400 766 2709 811 remunerat
2734 757 2789 812 in
2818 758 3134 814 abscondito
3160 757 3322 814 facta.
3377 758 3454 814 Ibi
3497 774 3627 830 ergo
3660 757 3749 827 je-

2158 840 2460 912 junandum
2481 861 2589 916 quo
2617 847 2733 918 ipse
2763 847 2960 902 videat.
3007 847 3075 903 Et
3115 864 3337 905 necesse
3377 856 3459 904 est
3511 857 3570 902 nt
3611 847 3754 919 jeju-

2165 950 2305 992 nans
2331 937 2411 1001 sic
2424 935 2652 1008 jejunet,
2678 947 2739 994 ut
2763 938 2816 994 ei
2844 938 3054 1009 placeat
3080 953 3244 1010 quem
3280 939 3334 994 in
3368 947 3585 1011 pectore
3624 954 3752 1009 por-

2166 1037 2265 1085 tat.

2236 1119 2403 1177 Vens.
2450 1121 2630 1177 l9.—
2654 1120 2836 1176 Nolite
2857 1121 3250 1193 [thesaurizare.
3295 1121 3379 1178 Ad
3428 1121 3751 1178 munditiam

2166 1213 2347 1268 cordis
2375 1221 2595 1268 terrena
2615 1213 2827 1284 erogari
2856 1213 3120 1284 praecipit.

2236 1305 2381 1360 Vens
2411 1305 2501 1360 20.
2543 1336 2613 1346 -—
2653 1305 3034 1362 Thesaurizare
3093 1316 3288 1362 autem.
3331 1305 3496 1375 Quasi
3549 1325 3562 1361 :
3614 1306 3752 1364 Cum

2161 1395 2416 1468 jejunatis
2461 1392 2553 1452 aut
2573 1396 2775 1467 aliquid
2816 1397 2945 1453 boni
2992 1398 3173 1468 operis
3217 1397 3415 1470 agitis:
3445 1397 3520 1452 ibi
3562 1413 3754 1454 recon-

2166 1487 2277 1543 dite
2296 1487 2387 1542 ubi
2409 1488 2680 1558 corruptio
2707 1503 2811 1543 non
2837 1488 3008 1557 possit
3025 1488 3305 1543 accedere.

2235 1578 2304 1635 In
2325 1579 2472 1634 caelo.
2496 1578 2552 1633 ld
2573 1587 2680 1646 est,
2706 1594 2923 1634 omnem
2948 1594 3098 1648 spem
3123 1579 3175 1634 in
3199 1579 3512 1636 coelestibus
3535 1579 3751 1648 ponite:

2165 1671 2270 1726 ﬁde
2295 1669 2635 1741 gradientes,
2685 1670 3010 1726 cbaritatem
3042 1669 3450 1740 amplectantes.
3484 1667 3552 1723 In
3602 1668 3750 1733 caelo,

2166 1762 2219 1817 id
2239 1770 2344 1828 est,
2384 1762 2439 1816 in
2477 1760 2743 1832 spirituali
2777 1760 3158 1816 ﬁrmamento:
3202 1759 3344 1830 quod
3380 1774 3488 1814 non
3522 1761 3749 1814 transit:

483 1853 644 1908 modo
690 1851 953 1908 orandum
999 1827 1107 1916 sit,
1141 1827 1298 1905 docet
1333 1849 1399 1904 de
1438 1827 1644 1920 jejunio
1682 1848 1826 1919 quod
1865 1849 2060 1904 iterum
2090 1827 2139 1889 Β
2166 1827 2364 1908 Caelum
2384 1863 2431 1907 et
2478 1827 2619 1908 terra
2672 1853 3015 1908 transibunt:
3056 1827 3429 1908 verba—autem
3481 1869 3597 1908 mea
3648 1869 3757 1907 non

483 1943 714 2014 pertinet
743 1942 809 1997 ad
837 1940 1155 1997 munditiam
1181 1940 1382 2006 cordis,
1409 1954 1478 1995 ne
1499 1955 1606 1995 non
1629 1940 1701 1995 sit
1733 1938 1962 2009 simplex
1995 1938 2064 1994 ad

484 2034 685 2100 Deum',
712 2033 838 2087 dum
869 2031 937 2086 ad
978 2031 1248 2088 exteriora
1287 2030 1517 2102 rapitdr.
1564 2029 1743 2086 Nolite
1777 2031 1915 2100 ﬁeri.
1945 2027 2065 2086 Non

480 2127 730 2199 prohibet
769 2125 1046 2191 virtutem,
1084 2125 1180 2182 sed
1218 2125 1398 2180 ﬁctam
1425 2125 1641 2181 virtutis
1665 2125 1918 2195 speciem.

551 2221 757 2275 Bonum
808 2227 891 2274 est
919 2217 1125 2289 jejunio
1193 2233 1293 2289 pro
1342 2219 1582 2289 peccatis
1626 2218 1808 2273 tristes
1827 2233 1948 2274 esse
1995 2217 2064 2273 ad

477 2312 873 2386 penitentiam,
903 2321 958 2366 et
991 2309 1276 2366 humiliare
1304 2309 1539 2364 animam
1566 2318 1838 2374 nostram;
1877 2307 2055 2364 unde:

478 2404 584 2460 Cor
619 2405 901 2459 contritum
951 2413 1002 2458 et
1049 2401 1415 2468 humiliatum,
1441 2401 1615 2468 Deus,
1656 2418 1760 2456 non
1810 2402 2059 2472 despicies

477 2493 648 2568 (Psal.
679 2495 754 2566 L).
781 2495 888 2550 Sed
923 2494 1197 2550 tristitiam
1222 2510 1342 2564 qua:
1388 2510 1488 2565 pro
1529 2495 1688 2550 laude
1728 2502 1830 2562 est,
1876 2494 2062 2566 prohi-

477 2588 586 2642 bet.
621 2586 771 2643 Unde
796 2602 904 2642 non
949 2587 1026 2642 ait
1069 2587 1421 2657 simpliciter:
1451 2585 1628 2643 Nolite
1646 2585 1917 2656 jejunare,
1964 2585 2060 2642 sed

477 2680 660 2735 addit:
693 2681 834 2736 sicut
865 2679 1174 2751 hypocriten,
1207 2680 1406 2734 tristes.

549 2769 932 2825 Exterminant.
966 2769 1023 2826 Id
1049 2777 1151 2835 est,
1179 2777 1331 2824 extra
1359 2770 1621 2825 terminos
1659 2771 1910 2825 humana:
1937 2784 2061 2826 con-

476 2861 696 2918 ditionis
715 2860 1006 2916 obducunl.
1042 2859 1195 2916 Sicut
1219 2860 1284 2915 de
1308 2860 1482 2916 nitore
1522 2860 1755 2916 vestium
1791 2858 2056 2929 jactantia

476 2962 559 3010 est
587 2968 601 3006 :
626 2953 706 3008 sic
725 2952 792 3007 de
833 2952 1001 3008 nimio
1045 2951 1294 3023 squalore
1335 2960 1388 3007 et
1430 2953 1621 3008 macie.
1677 2952 1931 3007 Demoliri
1972 2959 2058 3008 est

476 3043 630 3114 quasi
657 3043 920 3112 dissipare
950 3060 962 3096 :
987 3050 1042 3096 et
1061 3050 1398 3098 venustatem
1429 3042 1609 3098 vultus
1657 3043 1817 3114 quasi
1860 3042 1928 3098 ad
1973 3042 2057 3098 ni-

477 3136 643 3191 hilum
667 3134 928 3205 redigere.
957 3131 1145 3189 Facies
1185 3151 1328 3189 suas.
1374 3133 1658 3191 Luctuosis
1702 3135 1955 3190 sordibus
1997 3134 2051 3189 in

477 3229 672 3300 quibus
697 3228 860 3283 etiam
883 3225 1147 3297 jactantia
1177 3235 1263 3284 est
1293 3245 1306 3283 :
1337 3236 1392 3283 et
1416 3229 1587 3300 magis
1612 3229 1712 3285 sub
1749 3229 1929 3298 specie
1969 3243 2059 3284 re-

487 3321 703 3392 ligionis
729 3319 1021 3392 decipiunt.

545 3411 682 3468 Nota
722 3427 829 3467 non
883 3411 1079 3466 debere
1119 3424 1248 3467 oves
1280 3409 1448 3481 pelles
1487 3426 1611 3466 suas
1653 3413 1942 3482 deponere,
1966 3412 2062 3468 sed

480 3502 690 3567 vestiri,
717 3502 763 3556 si
786 3500 1075 3570 aliquando
1110 3499 1221 3572 lupi
1249 3501 1329 3556 eis
1367 3515 1425 3556 se
1465 3510 1778 3571 contegunt.

546 3595 714 3649 Vens.
747 3591 835 3645 17.
865 3620 934 3630 -
973 3588 1120 3662 Unge
1154 3601 1311 3661 caput
1350 3601 1520 3646 tuum.
1568 3591 1843 3663 Spirituali
1876 3591 2061 3648 laetitia

477 3695 714 3746 mentem
774 3683 937 3740 reﬁce
975 3682 1162 3739 diebus
1209 3683 1548 3739 abstinentia:
1591 3703 1605 3738 :
1648 3693 1708 3739 ut
1759 3683 2062 3740 dilectionis

477 3781 613 3836 odor
642 3777 851 3849 fragret
873 3776 927 3831 in
949 3775 1202 3847 operibus
1236 3775 1638 3833 misericordiae.
1662 3776 2060 3832 Conscientiam

431 3905 448 3910 -
480 3872 605 3926 lava
632 3869 885 3942 lacrymis
916 3887 929 3923 :
967 3879 1028 3923 ut
1055 3867 1126 3922 sit
1149 3867 1348 3924 munda
1370 3883 1552 3924 coram
1582 3870 1709 3924 Deo.
1751 3867 1867 3924 Non
1914 3869 2062 3924 enim

477 3963 674 4020 suﬁicit
694 3978 830 4035 Opus
872 3961 1259 4017 misericordia:
1291 3961 1410 4017 sine
1448 3962 1648 4017 munda
1684 3963 2011 4018 conscientia
2043 3977 2059 4018 :

477 4074 580 4113 nec
605 4059 708 4112 hoc
743 4056 862 4112 sine
887 4053 997 4110 illo.
1035 4052 1339 4109 Palaestinis
1365 4069 1484 4109 mos
1510 4061 1628 4109 erat
1654 4053 1709 4108 in
1730 4052 1882 4109 festis
1904 4060 2065 4124 caput

478 4163 678 4220 ungere
703 4163 716 4201 :
749 4160 878 4218 ergo
908 4151 1069 4215 caput
1091 4158 1250 4214 unge,
1275 4144 1328 4199 id
1355 4153 1458 4210 est,
1475 4143 1724 4199 festivum
1758 4152 1814 4199 et
1834 4143 2062 4199 hilarem

478 4250 530 4298 te
556 4241 752 4296 exhibe
787 4257 800 4292 :
829 4246 885 4293 et
919 4244 1157 4291 mentem
1192 4237 1459 4307 spirituali
1503 4236 1624 4292 oleo
1659 4236 1822 4293 reﬁce
1865 4254 1877 4291 :
1912 4247 1968 4292 et
1998 4236 2066 4292 de

478 4333 675 4404 jejunio
701 4347 806 4386 non
829 4344 1041 4400 quaeras
1060 4328 1274 4384 laudem
1297 4328 1555 4384 exterius.
1597 4326 1704 4383 Sed
1743 4329 1868 4398 quia
1904 4329 1983 4384 sic
2033 4343 2064 4383 a

478 4423 673 4482 saeculo
695 4419 979 4485 averteris,
1011 4434 1192 4474 coram
1210 4421 1320 4476 Deo
1346 4418 1582 4491 gaudeas
1617 4436 1631 4473 :
1657 4427 1713 4474 et
1744 4420 1822 4474 sic
1843 4419 2064 4488 faciem,

2083 3183 2130 3248 C

2166 1944 2483 1999 transibunt.
2513 1943 2571 1999 Si
2600 1959 2731 2016 ergo
2764 1959 2860 2000 cor
2907 1952 2992 2000 est
3040 1944 3094 2000 in
3133 1945 3290 2011 caelo,
3335 1943 3595 2000 mundum
3647 1953 3754 2013 est,

2165 2033 2292 2106 quia
2319 2035 2520 2090 munda
2549 2042 2677 2089 sunt
2701 2033 2965 2090 caelestia.
2991 2032 3049 2090 Si
3074 2041 3256 2089 autem
3277 2034 3333 2090 in
3357 2042 3505 2090 terra
3533 2034 3750 2090 voluta-

2164 2134 2270 2191 tur,
2289 2125 2567 2196 quomodo
2587 2124 2848 2182 mundum
2868 2125 2986 2181 est?
3027 2124 3083 2180 id
3129 2133 3238 2192 est,
3279 2125 3324 2180 si
3367 2125 3500 2196 quid
3543 2127 3655 2197 agit
3693 2137 3757 2183 nt

2161 2223 2380 2272 terrena
2431 2224 2814 2286 consequatur,
2879 2216 3148 2285 quomodo
3194 2217 3455 2272 mundum
3519 2218 3639 2272 est?
3693 2217 3754 2273 Si

2167 2309 2370 2365 etenim
2412 2308 2502 2363 illa
2563 2309 2616 2363 in
2665 2322 2864 2378 genere
2914 2321 3011 2362 suo
3067 2307 3266 2362 munda
3327 2315 3506 2364 tamen
3566 2309 3754 2365 sorde-

2167 2401 2270 2456 scit
2297 2413 2386 2455 res
2414 2399 2620 2470 dignior
2657 2399 2784 2453 dum
2823 2397 3066 2453 inferiori
3112 2398 3411 2454 miscetur:
3458 2408 3518 2455 ut
3558 2414 3751 2455 aurum

2163 2499 2385 2562 argento
2403 2531 2418 2557 ,
2469 2497 2754 2561 argentum
2795 2489 3035 2560 plumbo.

2232 2583 2392 2641 Vens.
2423 2585 2511 2639 2i.
2543 2614 2615 2624 —
2641 2582 2740 2639 Ubi
2765 2585 2903 2640 enim
2929 2592 3005 2638 est
3037 2583 3335 2639 thesaurus.
3382 2582 3441 2639 Si
3484 2583 3542 2639 in
3578 2591 3746 2653 terra,

2161 2689 2258 2731 cor
2275 2683 2361 2731 est
2387 2676 2638 2732 deorsum
2664 2691 2680 2740 ;
2711 2674 2758 2731 si
2782 2674 2838 2730 in
2862 2672 3195 2742 ealestibus,
3222 2689 3317 2730 cor
3343 2681 3428 2731 est
3453 2673 3509 2730 in
3530 2673 3750 2731 Christo

2161 2767 2352 2823 ﬁxum.

2233 2859 2396 2915 Vens.
2415 2857 2584 2913 22.—
2605 2855 2864 2912 Lucerna.
2889 2855 3243 2927 Prosequitur
3271 2856 3589 2912 munditiam
3632 2871 3749 2912 cor-

2160 2952 2262 3009 dis.
2301 2951 2454 3008 Sicut
2472 2950 2661 3006 oculus
2690 2950 2932 3006 membra
2958 2951 3026 3006 ad
3050 2949 3385 3020 operandum
3429 2949 3636 3022 dirigit,
3669 2939 3748 3006 sic

2160 3044 2389 3102 intentio
2413 3052 2469 3098 ct
2501 3042 2590 3096 lux
2618 3041 2742 3097 ﬁdei
2762 3055 2950 3097 omnes
2974 3041 3221 3097 virtutes.
3256 3041 3501 3096 Lucerna
3539 3049 3625 3096 est
3669 3041 3747 3097 lu-

2159 3153 2284 3194 men
2309 3137 2366 3193 in
2388 3144 2551 3202 testa,
2577 3136 2655 3191 sic
2683 3134 2920 3191 charitas
2945 3135 3001 3189 in
3027 3135 3151 3191 ﬁde.
3172 3135 3307 3190 Cum
3335 3135 3468 3190 ﬁdes
3489 3137 3743 3202 cessabit,

2161 3230 2272 3287 sola
2294 3228 2534 3285 charitas
2567 3227 2658 3282 lux
2691 3227 2814 3283 erit.
2858 3227 2937 3282 De
2987 3227 3264 3293 exteriori,
3314 3228 3470 3283 docet
3509 3227 3744 3284 olﬁcium

2163 3319 2435 3375 interioris
2471 3318 2728 3384 hominis,
2771 3317 3071 3375 intentione
3114 3318 3312 3374 mentis
3360 3328 3418 3375 et
3458 3319 3576 3376 luce
3618 3319 3744 3375 ﬁdei

2161 3425 2350 3467 omnes
2375 3411 2606 3466 virtutes
2629 3408 2986 3476 illustrantur,
3011 3419 3073 3466 ut
3098 3411 3327 3467 reddant
3361 3411 3598 3467 lucidum
3625 3427 3746 3467 cor-

2066 3509 2072 3532 ι
2162 3517 2283 3573 pus.

2231 3590 2363 3646 Item
2394 3590 2462 3648 ad
2485 3590 2806 3648 munditiam
2829 3591 3011 3649 cordis
3052 3606 3151 3663 per
3203 3607 3263 3649 se
3305 3593 3409 3648 hoc
3452 3593 3746 3664 capitulum

2161 3691 2266 3748 est,
2307 3681 2390 3736 vel
2440 3683 2614 3753 gratia
2654 3684 2897 3752 priorum
2935 3698 3160 3755 operum
3194 3699 3316 3755 quae
3351 3683 3530 3756 palam
3575 3701 3743 3758 appa-

2162 3780 2303 3828 rent.
3363 3831 3365 3833 ,
3635 3837 3640 3850 ,

2185 3853 2193 3862 ’
2234 3865 2294 3922 Si
2328 3865 2488 3936 fuerit
2519 3863 2724 3933 oculus,
2755 3871 2864 3922 etc.
2893 3864 2951 3921 Si
2974 3880 3111 3938 pura
3137 3867 3452 3933 intentione,
3492 3883 3612 3939 qua:
3652 3884 3748 3940 po-

2164 3966 2246 4014 tes
2270 3960 2410 4014 bona
2460 3959 2595 4030 agis,
2623 3973 2784 4030 opera
2816 3967 2943 4015 sunt
2969 3959 3127 4027 lucis,
3154 3961 3367 4017 etiamsi
3393 3977 3500 4018 non
3548 3964 3624 4018 ita
3645 3965 3744 4021 bo-

2163 4049 2398 4106 minibus
2418 4051 2689 4108 videatur.
2720 4050 2780 4106 Si
2815 4066 3073 4121 perversa
3093 4053 3324 4110 intentio
3361 4065 3467 4125 est,
3518 4072 3746 4127 pravum

2163 4153 2246 4196 est
2291 4142 2550 4213 quidquid
2584 4143 2780 4214 agitur,
2809 4143 2914 4199 etsi
2934 4143 3183 4200 videatur
3212 4153 3441 4202 rectum.

2230 4235 2431 4293 Oculus
2453 4253 2592 4294 unus
2617 4249 2674 4294 et
2698 4238 2926 4308 simplex
2963 4248 3079 4306 est,
3113 4240 3320 4298 scilicet
3349 4239 3748 4314 ebaritas,qutn

2165 4331 2325 4387 modo
2345 4332 2492 4388 lucet
2519 4332 2574 4387 in
2595 4331 2700 4387 ﬁde
2729 4332 2870 4388 sicut
2889 4333 2942 4387 in
2971 4341 3130 4389 testa.

2237 4423 2404 4480 Vnns.
2432 4424 2522 4480 25.
2552 4454 2624 4464 -
2651 4423 2713 4480 Si
2749 4434 2922 4479 autem
2947 4425 3147 4480 oculus.
3193 4425 3252 4481 Si
3280 4424 3508 4483 intentio
3532 4441 3639 4481 non
3665 4437 3753 4485 est

480 4520 532 4574 Id
575 4525 660 4574 est
698 4531 812 4580 cor,
850 4513 1136 4569 mundabis
1176 4528 1206 4567 a
1244 4513 1532 4569 sordibus:
1574 4513 1772 4585 quibus
1816 4516 2057 4584 remotis,
2086 4545 2140 4606 Ι)
2165 4535 2233 4576 ex
2276 4518 2403 4584 ﬁde,
2449 4527 2591 4574 totus
2631 4519 2794 4575 homo
2831 4518 3057 4575 interior
3096 4519 3414 4575 tenebrosus
3457 4529 3559 4576 est.
3612 4520 3751 4589 Quia

482 4611 647 4666 Deum
693 4607 878 4664 videre
910 4605 1113 4662 licebit.
1153 4602 1297 4676 Unge
1336 4615 1492 4677 caput
1535 4615 1704 4660 tuum.
1745 4605 1885 4663 Ecce
1925 4622 2062 4663 non-

479 4704 606 4758 dum
636 4700 818 4757 omnia
849 4699 904 4756 in
953 4697 1101 4754 Novo
1131 4697 1479 4754 Testamento
1504 4700 1573 4756 ad
1606 4700 1864 4757 litteram.
1906 4701 2060 4759 Ridi-

435 4794 439 4798 ’
478 4796 583 4852 culi
607 4795 753 4852 enim
776 4799 956 4848 essent
984 4791 1040 4846 in
1063 4789 1276 4862 jejunio
1298 4791 1416 4848 oleo
1447 4792 1668 4850 delibuti
1705 4813 1718 4849 :
1751 4796 1845 4852 sed
1870 4795 1937 4851 de
1960 4797 2069 4866 spi-

478 4888 587 4943 ritu
608 4883 808 4941 amoris
838 4883 972 4954 ejus,
1001 4881 1154 4952 cujus
1178 4883 1524 4953 passiouibus
1557 4886 1816 4942 debemus
1842 4888 2066 4956 partici-

477 4992 609 5052 pare
638 4991 737 5031 nos
778 4974 1180 5040 macerandum,
1231 4990 1384 5031 mens
1425 4975 1584 5032 debet
1629 4961 1812 5050 inungi
1856 4988 1912 5036 et
1953 4994 2064 5036 non

476 5073 597 5129 oleo
621 5068 942 5125 adulationis
971 5067 1167 5123 :aliter
1206 5083 1343 5124 vana
1381 5079 1508 5124 sunt
1541 5068 1766 5141 jejunia.

548 5163 798 5220 Christus
821 5159 994 5215 factus
1025 5167 1110 5214 est
1131 5169 1464 5231 unguentum
1495 5162 1650 5217 nobis
1677 5177 1692 5216 :
1744 5163 1889 5234 quod
1932 5162 2068 5220 eﬁ'u-

478 5269 601 5310 sum
627 5267 724 5322 per
752 5249 1057 5320 passionem
1076 5250 1267 5306 mortis
1283 5251 1580 5306 Ecclesiam
1607 5267 1758 5308 suam
1775 5269 1873 5310 suo
1899 5256 2066 5314 odore

480 5345 742 5417 implevit.
770 5343 894 5398 Ideo
923 5357 1029 5396 non
1052 5342 1276 5398 alterius
1297 5358 1461 5398 causa
1489 5343 1738 5414 jejunare
1767 5346 2058 5404 debemus:

479 5439 575 5496 sed
604 5438 720 5508 ejus
747 5432 952 5506 perfusi
983 5432 1176 5503 spiritu
1209 5448 1306 5502 per
1346 5433 1732 5491 abstinentiam
1786 5454 2066 5494 maceran-

479 5541 564 5588 tes
588 5543 806 5586 carnem
828 5524 945 5595 ejus
969 5524 1206 5595 passioni
1233 5526 1642 5597 participemus.
1684 5528 1781 5584 lllo
1811 5545 1939 5600 ergo
1963 5548 2064 5586 un-

481 5632 708 5693 gamur:
736 5625 796 5671 ut
815 5629 979 5686 opera
1009 5614 1391 5670 misericordia:
1437 5619 1819 5675 cumulentur:
1854 5629 1907 5677 et
1923 5622 2070 5692 ,cha-

484 5711 616 5766 rilas
645 5706 871 5762 interius
901 5703 1232 5758 diﬁ‘undatur
1263 5721 1276 5756 ε
1306 5705 1434 5774 quia
1454 5706 1571 5762 sine
1599 5708 1690 5765 illo
1727 5710 1868 5766 calix
1895 5714 2068 5770 nostri

483 5799 805 5872 iejunii—nou
831 5794 1131 5856 inebriatur
1152 5794 1348 5856 allectu
1400 5798 1635 5870 pietatis.

2163 4612 2306 4684 quod
2336 4626 2441 4666 non
2465 4620 2548 4666 est
2568 4626 2636 4666 ex
2657 4610 2781 4677 ﬁde,
2819 4619 3102 4680 peccatum
3122 4619 3222 4667 est.
3254 4609 3601 4666 Tenebrosum
3629 4614 3748 4668 erit.

2165 4701 2610 4772 Quandoquidem
2684 4703 2916 4758 intentio
2984 4718 3216 4773 sequens
3276 4717 3414 4774 Opus
3472 4704 3748 4762 informat.

2165 4796 2306 4867 Ergo
2329 4795 2375 4850 si
2397 4796 2535 4850 bona
2560 4809 2680 4864 qua:
2703 4794 2838 4865 agis,
2861 4794 2987 4864 quia
3008 4794 3146 4850 mala
3170 4795 3470 4852 intentione
3497 4796 3654 4864 ﬁunt,
3673 4808 3753 4856 te-

2165 4889 2348 4945 nebra:
2369 4895 2516 4952 sunt,
2539 4887 2667 4958 quid
2694 4900 2759 4942 ea
2793 4901 2913 4956 qua:
2935 4901 3032 4956 per
3054 4901 3113 4942 se
3145 4886 3286 4941 mala
3325 4895 3469 4953 sunt,
3511 4897 3567 4944 et
3609 4890 3751 4946 mala

2167 4981 2465 5036 intentione
2486 4978 2656 5033 ﬁunt?
2679 4976 2735 5032 Si
2761 4993 2881 5048 ergo
2906 4977 3101 5032 lumen.
3146 4977 3376 5034 Intentio
3396 4994 3502 5049 qua
3525 4978 3756 5037 facimus

2169 5072 2562 5143 quodcunque,
2595 5084 2716 5139 quae
2750 5068 2805 5123 in
2828 5068 2984 5124 nobis
3008 5076 3092 5124 est
3125 5077 3274 5138 nota,
3303 5070 3485 5127 lumen
3515 5071 3750 5139 dicitur;

2167 5165 2346 5222 exitus
2375 5178 2505 5219 vero
2529 5162 2608 5219 rei
2637 5162 2875 5217 incertus
2899 5171 3002 5227 est,
3031 5171 3090 5217 ut
3137 5179 3260 5221 cum
3302 5165 3429 5235 quid
3477 5164 3637 5221 alicui
3686 5167 3756 5222 do

2167 5255 2256 5312 vel
2279 5270 2383 5326 ago
2407 5254 2593 5311 nescio
2621 5262 2801 5309 utrum
2825 5250 2981 5310 cedat
2998 5255 3048 5310 ei
3074 5256 3218 5312 bono
3240 5271 3307 5311 an
3329 5257 3470 5312 malo
3501 5275 3514 5310 :
3553 5267 3608 5313 et
3634 5257 3756 5314 ideo

2169 5349 2648 5416 tenebras,vocat.
2695 5347 2836 5403 Dicit
2874 5363 3007 5420 ergo
3038 5365 3051 5403 :
3104 5347 3162 5404 Si
3200 5349 3432 5406 intentio
3471 5365 3576 5421 qua
3621 5350 3758 5408 facis

2169 5441 2311 5513 (quae
2337 5441 2435 5496 tibi
2461 5449 2589 5495 nota
2613 5439 2712 5510 est)
2749 5440 2986 5510 appetitu
3009 5440 3384 5512 temporalium
3411 5442 3754 5498 sordidatur:

2171 5542 2372 5605 quanto
2400 5533 2570 5602 magis
2591 5532 2767 5602 ipsum
2794 5529 2995 5585 factum
3017 5529 3169 5598 cujus
3213 5531 3409 5587 dubius
3431 5541 3514 5588 est
3539 5533 3758 5589 exitus?

2167 5625 2294 5696 quia
2319 5624 2421 5679 etsi
2455 5624 2593 5679 bene
2625 5621 2782 5677 cedat
2802 5620 2916 5687 alii,
2941 5621 3082 5690 quod
3117 5637 3222 5677 non
3272 5623 3411 5679 bona
3456 5623 3757 5681 intentione

2175 5716 2330 5783 facis,
2363 5712 2494 5769 nihil
2517 5714 2612 5768 tibi
2634 5711 2875 5783 proderit
2905 5730 2920 5771 :
2952 5714 3078 5782 quia
3115 5717 3382 5785 quomodo
3422 5715 3620 5774 feceris
3660 5717 3756 5776 tibi

2174 5811 2484 5880 imputatur,
2513 5822 2617 5861 non
2645 5806 2913 5878 quomodo
2951 5805 3029 5862 illi
3051 5808 3310 5865 evenerit.
