4068 6344
323 344 424 402 I05

1245 343 1511 401 GLOSSA
1550 345 1940 402 ORDINAIIIA.
1977 378 2043 388 —
2081 348 2332 405 EVA‘NG.
2373 350 2626 406 MATTII.

3397 321 3400 326 ’
3469 347 3570 401 tot;

388 459 555 514 Vens.
580 460 669 514 il.
699 488 767 499 -
797 459 964 515 Nemo
999 471 1181 532 potest,
1209 470 1312 516 etc.
1340 461 1502 529 Quasi
1537 479 1674 516 :non
1701 465 1895 532 poteri-
1925 469 1970 525 Α
1998 463 2055 518 In
2072 465 2156 519 his
2167 466 2446 535 promissis
2462 465 2705 520 veritatis
2737 437 2894 518 nemo
2909 448 3569 530 dubitet:Sithomoquod

319 552 389 606 tis
418 553 482 606 ad
512 551 726 606 oculum
747 552 1029 606 hominum
1052 554 1192 606 bona
1219 568 1401 623 agerc,
1437 561 1490 608 et
1531 568 1597 606 ex
1654 553 1738 606 his
1787 553 1897 607 Deo

316 641 550 711 placere.
579 640 694 696 Non
717 641 874 696 simul
905 642 958 695 in
987 643 1125 697 ct‘elo
1159 652 1212 696 et
1240 643 1294 696 in
1322 652 1465 697 terra
1506 643 1893 706 thesaurizare,

322 749 424 788 nec
448 742 502 787 et
527 733 671 787 vitiis
705 741 760 788 et
789 733 1072 788 virtutibus
1100 733 1391 789 deservire.
1431 734 1699 804 Quidquid
1744 734 1892 799 facis,

321 823 407 880 vel
433 838 499 878 ex
524 838 707 877 amore
736 823 863 887 Dei,
892 823 974 877 vel
1001 825 1257 878 servitute
1287 825 1506 878 diaboli.

384 915 525 971 Cum
556 929 778 984 regnum
809 915 901 968 Dei
929 923 982 969 et
1009 914 1202 970 diaboli
1230 915 1527 970 dissideant
1567 915 1708 969 inter
1731 930 1806 978 se,
1839 915 1894 969 in

313 1017 546 1076 utroque
568 1020 725 1060 nemo
746 1014 926 1074 potest
949 1006 1107 1061 simul
1137 1006 1369 1061 militare
1402 1021 1416 1060 :
1446 1007 1587 1060 unde
1607 1007 1700 1075 qui
1721 1006 1894 1076 bapti-

313 1110 527 1165 zantur,
553 1098 764 1168 diabolo
789 1099 1169 1152 abrenuntiant
1199 1107 1252 1152 et
1278 1098 1531 1168 operibus
1572 1098 1708 1168 ejus.

384 1195 488 1246 Aut
509 1191 642 1245 enim
675 1206 835 1244 unum
867 1191 1007 1244 odio.
1033 1189 1172 1243 Nihil
1199 1199 1282 1244 est
1325 1191 1579 1244 medium.
1623 1190 1892 1260 Quidquid

310 1283 456 1335 enim
479 1278 641 1344 facis,
673 1288 765 1333 aut
786 1293 852 1333 ex
879 1294 1061 1334 amore
1087 1278 1204 1344 Dei,
1247 1277 1329 1334 vel
1378 1293 1443 1333 ex
1483 1279 1744 1334 servitute
1781 1280 1894 1336 dia-

311 1373 441 1428 boli.

385 1461 568 1534 (Αυο.)
608 1460 858 1517 Diabolus
887 1459 1030 1515 enim
1054 1474 1266 1530 semper
1299 1467 1384 1513 est
1409 1459 1532 1513 odio
1557 1459 1836 1515 habendus
1867 1477 1882 1514 ε

312 1555 456 1610 Deus
491 1570 635 1618 vero,
659 1565 787 1618 etc.,
812 1569 972 1623 usque
1006 1552 1075 1605 ad
1106 1552 1198 1607 sed
1228 1559 1598 1617 contemnunt,
1622 1551 1745 1606 victi
1768 1567 1889 1607 con-

310 1646 643 1716 cupiscentia
669 1660 762 1700 sua
791 1653 844 1698 et
867 1644 1211 1714 persuasione
1237 1643 1520 1698 diabolica.

385 1737 488 1790 Aut
529 1752 688 1789 unum
725 1734 1017 1789 sustinebit.
1071 1731 1194 1804 (In.)
1240 1731 1353 1787 Non
1401 1732 1616 1802 quidem
1667 1720 1881 1804 diligit:

1998 569 2116 609 esse
2145 553 2332 621 debet,
2381 569 2500 608 mox
2544 551 2810 610 adduntur
2849 551 2900 608 ei
2932 551 3112 607 omnia
3152 561 3368 622 propter
3411 567 3569 620 quem

1996 654 2122 700 sunt
2149 644 2311 700 facta.

2066 728 2230 790 Vens.
2261 729 2354 788 26.
2385 764 2453 773 —
2476 731 2746 804 Respicite.
2779 729 2891 787 Hoc
2927 732 2994 785 ad
3021 745 3220 786 escam.
3248 729 3433 784 Sancti
3457 743 3568 784 me-

1995 826 2098 879 rito
2146 832 2528 894 comparantur
2575 823 2782 888 avibus,
2828 823 2952 891 quia
3011 822 3204 876 cmlum
3255 828 3460 890 petunt,
3513 831 3568 874 et

1993 917 2208 985 quidam
2239 917 2311 970 ita
2342 916 2531 970 remoti
2559 923 2684 970 sunt
2719 930 2748 968 a
2779 914 2995 976 mundo,
3047 923 3104 966 ut
3138 914 3246 981 jam
3303 913 3356 966 in
3408 901 3568 968 terris

1994 1005 2068 1059 nil
2097 1015 2277 1076 agant.
2301 1005 2393 1060 sed
2434 1005 2545 1062 sola
2587 1003 3040 1072 contemplatione
3064 1000 3174 1068 jam
3204 1003 3253 1054 iu
3297 1002 3433 1056 cmlo
3475 1002 3568 1056 dc-

1991 1104 2142 1166 gunt.
2167 1096 2244 1150 De
2282 1097 2475 1166 quibus
2495 1095 2692 1150 dicitur
2721 1109 2735 1147 :
2765 1093 2866 1159 Qui
2906 1101 3024 1146 sunt
3066 1092 3142 1158 lii,
3186 1093 3272 1162 qui
3311 1101 3363 1145 ut
3409 1092 3566 1145 nubes

1992 1186 2204 1241 volant?
2229 1183 2362 1258 (Isa'.
2388 1187 2498 1258 ιι),
2527 1194 2631 1242 etc.

2061 1278 2184 1335 Ilaec
2202 1279 2443 1350 exempla
2490 1294 2593 1333 non
2626 1277 2911 1348 prohibent
2956 1274 3350 1346 providentiam
3391 1289 3457 1328 ne
3492 1272 3566 1328 la-

1989 1372 2162 1439 boret,
2188 1372 2282 1428 sed
2308 1371 2736 1436 sollicitudinem,
2770 1379 2827 1424 ut
2875 1378 2986 1425 tota
3034 1353 3226 1424 ﬁducia
3273 1375 3450 1423 vestra
3497 1368 3568 1422 sit

1989 1463 2044 1518 in
2073 1465 2202 1527 Deo,
2232 1479 2353 1518 cum
2381 1471 2436 1517 et
2456 1471 2589 1518 ‘aves
2615 1455 2730 1516 sine
2755 1475 2889 1516 cura
2921 1461 3124 1514 vivant.

2056 1553 2126 1607 Et
2184 1548 2346 1608 Pater
2383 1563 2561 1607 tester.
2601 1545 2902 1622 Exaggerat
2941 1550 3191 1604 ﬁduciam
3237 1548 3467 1604 ﬁliorum
3512 1557 3570 1606 et

1985 1644 2268 1699 conﬁrmat
2295 1658 2310 1698 :
2336 1634 2460 1714 quia
2485 1644 2529 1698 si
2554 1642 2772 1698 bonitas
2795 1641 2973 1698 Patris
2996 1642 3155 1695 etiam
3187 1641 3255 1696 ad
3279 1640 3367 1694 illa
3389 1655 3448 1697 se
3472 1655 3567 1696 ex-

1987 1728 2176 1797 tendit,
2209 1742 2412 1803 quanto
2432 1733 2600 1803 magis
2624 1733 2692 1787 ad
2717 1732 2855 1787 ﬁlios
2884 1730 3221 1801 adoptionis?

309 1843 474 1883 nemo
499 1827 640 1882 enim
662 1826 934 1880 diabolum
962 1824 1156 1894 diligit,
1198 1824 1292 1879 sed
1329 1839 1425 1878 sua
1462 1823 1753 1894 cupiditate
1784 1825 1886 1878 im-
1910 1814 1958 1874 B
2056 1819 2220 1879 Vens.
2255 1823 2428 1878 27.-
2461 1824 2590 1890 Quis
2618 1834 2791 1878 autent
2831 1834 3079 1888 uestrum,
3127 1831 3229 1878 etc.
3278 1821 3354 1876 Illi
3385 1830 3564 1877 autem

308 1920 560 1990 plicatus,
587 1929 718 1983 etc.,
746 1935 905 1990 usque
947 1917 1015 1971 ad
1065 1917 1167 1972 etsi
1209 1933 1317 1973 non
1365 1925 1511 1972 amet
1550 1916 1698 1971 illum
1737 1916 1889 1988 cujus

305 2009 563 2064 ancillam
601 2007 788 2077 diligit.
1660 2083 1661 2086 η

384 2101 615 2155 Alterum
636 2110 940 2154 contemnet.
964 2099 1077 2154 Non
1105 2099 1322 2169 quidem
1349 2099 1472 2154 odio
1494 2099 1741 2155 habebit:
1775 2100 1886 2154 nul-

305 2193 416 2248 lius
445 2192 586 2245 enim
616 2190 943 2245 conscientia
969 2191 1335 2262 Deumvpotest
1377 2189 1573 2254 odisse,
1614 2190 1754 2258 quod
1798 2203 1884 2244 re-

306 2283 563 2338 tractavit
594 2282 730 2336 idem
759 2278 1107 2351 Augustinus,
1137 2281 1351 2335 dicens:
1391 2279 1507 2335 Non
1544 2267 1696 2335 video
1722 2268 1886 2335 fuisse

306 2376 618 2430 dicendum.
648 2373 796 2426 Multi
826 2372 970 2427 enim
993 2370 1202 2426 suntde
1231 2371 1426 2444 quibus
1457 2371 1715 2441 scriptum
1757 2379 1840 2426 cst
1868 2387 1880 2424 :

308 2465 568 2536 Superbia
593 2479 770 2518 eorum
795 2463 884 2534 qui
910 2471 956 2516 te
993 2462 1212 2514 oderunt
1241 2459 1411 2531 (Psal.
1445 2461 1550 2532 ιιι),
1580 2470 1683 2516 etc.

382 2556 449 2609 Et
489 2569 820 2608 mammonte.
865 2551 1188 2615 Hammona,
1237 2550 1373 2622 Syra
1422 2551 1618 2622 lingua,
1663 2551 1880 2617 divitia»,

301 2648 504 2719 quibus
527 2646 728 2702 servire
751 2645 916 2700 Deum
939 2658 1136 2715 negare
1176 2653 1274 2698 est.
1315 2642 1428 2696 Non
1477 2643 1607 2697 dicit
1651 2643 1879 2697 habere:

300 2739 450 2809 quod
472 2737 586 2792 ﬁeri
624 2737 748 2791 licet
777 2745 835 2788 ut
877 2735 1013 2790 bene
1042 2735 1332 2802 dispenset,
1360 2732 1456 2787 sed
1481 2733 1702 2796 servire,
1741 2733 1880 2802 quod

298 2837 395 2883 est
419 2827 585 2882 avari.
615 2817 819 2880 Dicitur
848 2825 949 2880 hoc
979 2839 1171 2878 nomen
1203 2839 1323 2878 esse
1349 2822 1606 2877 daemonis
1634 2824 1723 2892 qui
1750 2839 1883 2893 prte-

299 2929 392 2975 est
416 2920 631 2982 divitiis,
663 2933 769 2972 non
799 2917 939 2986 quod
968 2917 1020 2971 in
1055 2917 1172 2986 ejus
1202 2914 1410 2970 ditione
1433 2921 1556 2968 sunt
1585 2931 1596 2967 :
1623 2914 1714 2968 sed
1739 2913 1880 2983 quod

301 3012 396 3066 his
420 3013 587 3066 utitur
616 3010 681 3065 ad
714 3010 1100 3079 decipiendum,
1131 3007 1423 3062 irretiendo
1436 3006 1643 3076 laqueis
1665 3006 1877 3060 divitia-

303 3119 453 3158 rum.

376 3195 545 3249 Vens.
576 3191 666 3245 25'.
701 3221 772 3230 —
796 3189 923 3244 Ideo
945 3189 1059 3242 dico
1092 3190 1227 3243 vobis
1256 3227 1270 3253 ,
1293 3195 1397 3242 etc.
1431 3186 1567 3252 Quia
1602 3199 1703 3240 non
1740 3196 1878 3256 pote-

298 3288 400 3341 stis
434 3285 544 3338 Deo
569 3285 757 3338 servire
783 3293 828 3337 et
853 3298 1181 3336 mammomr.
1209 3280 1287 3336 Ne
1329 3281 1446 3336 sitis
1472 3280 1704 3343 solliciti,
1741 3281 1882 3348 quod

297 3384 388 3430 est
415 3372 618 3427 servire
643 3365 860 3426 divitiis.
893 3370 1268 3438 Contemptum
1315 3367 1494 3422 saeculi
1533 3375 1587 3421 et
1621 3367 1880 3422 ﬁduciam

297 3465 610 3519 futurorum
636 3470 748 3516 toto
777 3468 1026 3515 sermone
1049 3459 1322 3528 pratCepit,
1348 3458 1472 3512 dum
1500 3467 1558 3512 et
1586 3457 1723 3511 mala
1764 3473 1882 3512 sus-

301 3555 478 3609 tinere
503 3561 683 3606 etnon
730 3550 938 3614 ulcisci,
973 3557 1029 3602 et
1065 3549 1310 3602 inimicos
1348 3546 1572 3616 diligere
1605 3544 1790 3614 jussit,
1825 3555 1880 3600 et

298 3645 595 3698 humanam
621 3642 841 3712 gloriam
863 3640 1064 3711 fugere.
1095 3639 1247 3693 Nunc
1277 3639 1388 3692 vult
1422 3639 1747 3693 conﬁrmare
1786 3653 1880 3709 per

305 3736 474 3790 ﬁdem
503 3735 554 3788 in
584 3748 677 3803 spe
695 3741 1038 3795 mternorum,
1069 3731 1192 3801 quia
1218 3730 1397 3800 plures
1419 3738 1545 3784 sunt
1575 3743 1709 3798 quos
1727 3745 1880 3784 amor

299 3826 646 3899 praesentium
687 3833 741 3879 et
781 3823 1081 3892 desperatio
1127 3820 1439 3876 futurorum
1483 3828 1756 3890 torpentes
1802 3819 1878 3874 fa-

292 3918 398 3972 ‘cit.

377 4011 432 4063 lu
448 4010 644 4064 sudore
675 4008 853 4062 vultus
872 4015 1095 4077 paratur
1118 4007 1294 4076 panis,
1321 4007 1414 4062 sed
1444 4006 1594 4061 labor
1625 4016 1707 4062 est
1722 4023 1878 4061 exer-

293 4101 530 4164 ‘cendus,
561 4099 861 4155 sollicitudo
889 4098 1120 4153 tollenda
1146 4105 1250 4162 est,
1273 4112 1391 4167 qua:
1413 4105 1648 4152 mentem
1672 4106 1879 4168 pertur-

300 4192 436 4244 bat:
471 4189 594 4242 dum
617 4189 768 4242 timet
791 4203 857 4242 ne
887 4196 979 4241 aut
1011 4202 1256 4258 possessa
1296 4188 1602 4257 dispereant
1637 4199 1731 4244 aut
1769 4191 1876 4247 ela-

299 4286 492 4338 borata
530 4297 635 4336 non
673 4283 1005 4352 contingant.

376 4374 577 4427 Animte
605 4383 807 4427 vestrm.
837 4373 892 4428 Id
917 4382 999 4427 est
1037 4373 1355 4427 animalitati
1391 4374 1479 4428 cui
1534 4375 1649 4430 haec
1684 4391 1872 4432 neces-

277 4459 450 4518 saria
498 4473 641 4518 sunt.
673 4463 860 4518 Totam
883 4479 1028 4533 spem
1058 4465 1166 4518 Deo
1192 4464 1538 4529 committite,
1565 4466 1690 4536 quia
1717 4467 1870 4531 nihil,

281 4554 406 4611 nisi
437 4555 578 4624 quod
604 4556 839 4610 decrevit
877 4555 984 4619 ille,
1023 4555 1247 4624 potestis
1287 4557 1569 4624 acquirere
1605 4559 1687 4613 vel
1735 4560 1866 4615 reti-

299 4661 452 4700 nere.

371 4737 563 4789 Anima
600 4735 685 4790 hic
714 4735 929 4804 ponitur
954 4749 1052 4803 pro
1103 4733 1235 4798 vita,
1274 4749 1392 4804 quae
1434 4735 1554 4792 cibo
1601 4746 1868 4794 sustenta-

296 4840 410 4894 tur,
448 4839 508 4882 ιιι
537 4829 607 4882 ibi
659 4844 673 4883 :
723 4827 826 4894 Qui
862 4838 1004 4882 amat
1042 4828 1272 4881 animam
1322 4846 1492 4897 suam,
1533 4832 1710 4900 perdet
1752 4850 1866 4887 eam

296 4919 485 4990 (Joan.
521 4917 640 4989 xu).
765 4975 776 4983 ,

369 5009 686 5063 Animatitas
715 5010 836 5064 cibo
875 5009 1074 5064 alitur:
1117 5018 1170 5064 et
1203 5011 1420 5079 ponitur
1469 5011 1557 5066 hic
1586 5027 1686 5082 pro
1717 5013 1820 5069 vita
1853 5033 1866 5069 :

294 5100 430 5153 vivit
460 5115 582 5154 cum
613 5100 912 5168 pecoribus.
943 5099 1113 5166 Quam
1138 5101 1227 5170 qui
1265 5101 1438 5170 perdit
1468 5113 1687 5172 propter
1719 5104 1872 5160 Chri-

256 5217 260 5222 -
295 5201 466 5252 stum,
499 5189 734 5244 inveniet
758 5204 876 5244 eam
909 5191 1242 5258 spiritualem
1271 5193 1323 5246 in
1355 5193 1521 5246 vitam
1549 5202 1824 5251 aeternam.

279 5307 282 5314 -
372 5279 563 5334 Nonne
583 5281 799 5334 animo?
825 5289 930 5335 etc.
959 5281 1076 5335 Non
1097 5282 1206 5336 vita
1254 5291 1477 5352 propter
1519 5299 1720 5350 escam,
1768 5300 1866 5342 nec

253 5402 264 5422 -.
291 5377 496 5440 corpus
519 5381 738 5442 propter
763 5375 1160 5438 vestimentum,
1190 5374 1285 5428 sed
1310 5383 1547 5430 econtra.
1584 5375 1706 5432 Ideo
1754 5394 1863 5434 non

296 5464 370 5517 sit
387 5463 650 5518 sollicitus
694 5465 925 5531 animus,
963 5476 1022 5520 ut
1057 5465 1317 5536 percipiat
1352 5468 1493 5538 quod
1533 5481 1751 5540 propter
1804 5486 1863 5526 se

291 5563 540 5609 creatum
563 5564 662 5610 88L

271 5673 290 5694 ι.
368 5651 534 5716 Quasi
559 5651 730 5706 dicat:
785 5651 885 5719 Qui
925 5652 1074 5708 dedit
1117 5655 1340 5724 majora,
1387 5657 1437 5713 id
1482 5666 1565 5712 est
1604 5657 1768 5712 vitam
1812 5665 1866 5714 et

252 5751 522 5814 "Icorpus,
543 5743 688 5798 dabit
731 5751 788 5797 et
835 5742 1061 5808 minora,
1110 5744 1287 5799 idest
1327 5745 1523 5804 victum
1571 5756 1627 5802 et
1669 5755 1864 5802 vestes.

695 5854 967 5915 Ps'rn'on.
1014 5854 1253 5915 CXIV.‘
1305 5881 1310 5886 δ
1475 5871 1478 5878 ·

1991 1913 2173 1970 curam
2206 1916 2421 1987 regendi
2443 1915 2684 1985 corporis
2709 1914 3012 1984 relinquite,
3049 1914 3138 1982 qui
3182 1912 3309 1968 illud
3334 1913 3400 1967 ad
3427 1913 3562 1968 banc

1990 2022 2299 2062 mensuram
2327 2006 2451 2062 fecit
2478 2007 2780 2076 pervenire.

2055 2092 2428 2151 ‘Vens.‘28.—
2454 2095 2519 2149 Et
2563 2090 2630 2149 de
2670 2095 3004 2149 vestimentis.
3054 2093 3171 2148 Non
3223 2093 3365 2162 quod
3408 2092 3560 2147 labo-

1988 2203 2112 2244 rare
2135 2198 2190 2244 et
2216 2189 2496 2258 providere
2532 2189 2634 2244 hoc
2661 2205 2766 2244 non
2793 2189 3005 2253 deceat,
3029 2188 3122 2242 sed
3160 2186 3335 2240 omnis
3364 2183 3560 2240 sollici—

1987 2281 2116 2336 tudo
2141 2279 2440 2349 abjicienda
2471 2289 2573 2344 est,
2613 2288 2669 2335 et
2706 2292 2827 2350 spes
2885 2279 2937 2333 iu
2993 2278 3102 2332 Deo
3158 2277 3402 2332 habenda
3455 2286 3553 2332 est.

1987 2372 2322 2427 Considerate
2351 2371 2462 2425 lilia
2486 2373 2617 2442 agri.
2654 2371 3092 2425 Exhortationem
3140 2370 3204 2424 de
3248 2369 3559 2424 indumento

1987 2464 2119 2519 satis
2145 2479 2382 2534 congruo
2416 2463 2698 2518 conﬁrmat
2717 2463 2979 2533 exemplo.

2055 2553 2214 2607 Vens.
2254 2553 2340 2606 29.
2388 2583 2458 2592 -
2508 2553 2766 2618 Quoniam
2817 2569 2907 2605 nec
2953 2551 3223 2616 Salomon,
3265 2558 3372 2606 etc.
3428 2549 3557 2618 Quae
3617 2611 3624 2618 ‘

1984 2660 2218 2715 purpura
2243 2660 2450 2716 regum,
2473 2661 2591 2714 quae
2616 2646 2822 2715 pictura
2877 2645 3163 2700 textricum
3204 2652 3378 2715 potest
3413 2645 3558 2698 ﬁori-

1985 2735 2084 2791 bus
2107 2737 2446 2806 comparari?
2477 2737 2590 2806 Ipse
2631 2736 2776 2791 color
2804 2737 3000 2790 dicitur
3031 2737 3420 2818 operimentum
3464 2734 3557 2789 ﬁo-

1984 2842 2124 2893 rum,
2155 2828 2294 2883 sicut
2320 2828 2548 2882 dicimus
2582 2847 2595 2882 :
2629 2829 2840 2898 operuit
2860 2829 3016 2883 istum
3043 2829 3226 2883 rubor.

1981 2945 2008 3004 E;
2053 2939 2216 2994 Vsus.
2259 2926 2346 2994 30.
2371 2971 2441 2980 —
2466 2937 2525 2995 Si
2546 2941 2682 2994 enim
2721 2941 2896 3010 fenum
2941 2941 3073 3012 agri.
3105 2941 3162 2997 Si
3203 2943 3301 2997 ista
3333 2961 3450 3013 qua!
3486 2944 3552 3000 ad

1975 3050 2135 3090 usum
2179 3041 2303 3088 sunt
2351 3033 2607 3103 temporis
2654 3042 2879 3098 tantum,
2927 3042 2982 3087 et
3030 3033 3137 3088 cito
3166 3033 3387 3089 decidua
3434 3035 3554 3102 igne
3611 3081 3613 3085 .

1907 3159 1950 3221 Ο
1981 3123 2385 3189 θιειιιεὺιιιιίυι,
2415 3125 2555 3180 Dens
2585 3134 2693 3179 tam
2725 3133 2946 3180 venuste
2971 3125 3216 3179 adornat.

2054 3217 2300 3285 Cras‘pro
2331 3215 2511 3271 futuro
2539 3217 2759 3286 ponitur
2795 3217 2845 3269 in
2889 3214 3201 3286 Scripturis,
3231 3217 3440 3272 dicente
3465 3215 3555 3270 Ja-

1983 3310 2083 3365 coh
2108 3327 2121 3362 :
2146 3309 2406 3362 Exaudiet
2452 3325 2530 3362 me
2559 3325 2673 3362 cras
2700 3307 2898 3373 iustitia
2923 3324 3035 3361 mea
3065 3306 3215 3378 (Gen.
3246 3312 3395 3380 xxx).

2050 3418 2408 3473 -]n'clibanum
2451 3420 2695 3473 mittitur.
2722 3417 2825 3473 Alii
2861 3418 2982 3473 libri
3011 3418 3204 3473 habent
3233 3436 3244 3472 :
3283 3419 3334 3473 in
3376 3421 3552 3490 ignem

1982 3511 2068 3566 vel
2110 3512 2162 3565 in
2211 3525 2460 3565 acervum
2499 3511 2591 3579 qui
2640 3507 2799 3564 habet
2829 3510 3059 3578 speciem
3094 3509 3307 3564 clibani.
3345 3509 3552 3576 Quanto

1970 3603 2146 3673 magis
2184 3619 2268 3657 vos
2295 3642 2309 3667 ,
2357 3601 2561 3657 scilicet
2608 3602 2831 3667 vestiet;
2866 3611 2918 3656 et
2957 3601 3075 3657 ideo
3125 3604 3300 3658 omuis
3358 3605 3552 3658 fiducia

1980 3695 2033 3748 in
2083 3709 2148 3748 eo
2195 3693 2481 3758 habenda;
2523 3692 2663 3761 quod
2697 3693 2739 3746 si
2796 3709 2896 3748 nec
2939 3693 3003 3747 de
3047 3693 3132 3748 bis
3187 3694 3411 3749 ﬁdentes
3465 3711 3552 3750 su-

1969 3800 2130 3850 emus,
2201 3784 2468 3854 quomodo
2531 3783 2819 3838 invisibilia
2869 3785 3182 3854 speramus?
3237 3784 3548 3841 Permodica

1979 3873 2110 3930 ﬁdes
2145 3886 2261 3940 est,
2302 3891 2420 3944 qua:
2472 3890 2570 3930 nec
2604 3875 2669 3929 de
2714 3875 2948 3930 minimis
2993 3885 3138 3931 certa
3184 3887 3284 3932 est.
3332 3877 3452 3932 Ideo
3495 3887 3552 3932 et

1978 3966 2045 4021 de
2076 3967 2292 4021 aeternis
2326 3967 2519 4037 ingerit
2564 3967 2846 4032 ﬁduciam,
2887 3976 2942 4022 et
2985 3968 3307 4023 condeu‘mut
3356 3971 3547 4026 inlide-

1977 4055 2204 4110 Iitatem.
2236 4054 2458 4109 Modica:
2474 4056 2621 4124 ﬁdei.
2655 4057 2968 4125 Quicunque
3005 4058 3057 4112 in
3101 4058 3278 4128 aliqua
3313 4063 3544 4130 prornis-

1975 4147 2128 4202 sione
2164 4147 2386 4211 dubitat,
2419 4148 2658 4202 modicus
2697 4157 2779 4202 est
2815 4148 2959 4214 ﬁdei,
2987 4159 3040 4204 et
3078 4162 3279 4219 quanto
3305 4153 3422 4222 plus
3451 4155 3547 4207 du-

1975 4239 2129 4304 bitat,
2180 4246 2326 4293 tanto
2368 4239 2546 4292 minus
2591 4238 2793 4293 invenit
2818 4254 2880 4294 ea
2913 4255 3012 4310 pro
3053 4240 3245 4310 quibus
3287 4243 3546 4298 sollicitus

1975 4327 2092 4383 fuit.

2049 4441 2206 4496 Vens.
2246 4440 2334 4495 5|.
2365 4472 2429 4480 —
2463 4439 2638 4496 Nolite
2665 4459 2784 4514 ergo
2816 4445 3044 4509 solliciti,
3075 4453 3177 4500 etc.
3217 4445 3432 4502 Plenius
3461 4449 3543 4502 in-

1967 4531 2152 4586 'culcat
2180 4539 2234 4585 et
2266 4533 2506 4598 revolvit,
2531 4535 2671 4602 quod
2697 4551 2726 4588 a
2756 4536 3024 4607 principio
3047 4541 3310 4594 sermonis
3338 4541 3542 4605 docuit,

1971 4633 2033 4678 ut
2055 4623 2257 4692 absque
2287 4624 2645 4680 sollicitudine
2678 4627 2938 4682 vivamus.
2979 4627 3174 4692 Nolite,
3209 4639 3311 4685 etc.
3343 4631 3441 4686 llic
3463 4635 3542 4687 vi-

1974 4715 2168 4769 dentur
2210 4715 2362 4785 argui
2404 4716 2457 4769 hi
2497 4717 2609 4785 qui.
2643 4727 2821 4786 spreto
2866 4719 3008 4773 victu
3055 4719 3137 4772 vel
3168 4722 3361 4776 vestitu
3398 4739 3545 4778 com-

1973 4805 2140 4869 muni,
2165 4805 2392 4859 lautiora
2428 4806 2528 4860 sibi
2558 4807 2640 4860 vel
2679 4807 2976 4862 austeriora
3025 4823 3133 4878 pra:
3162 4810 3244 4864 bis
3273 4828 3392 4866 cum
3432 4815 3544 4883 qui-

1972 4897 2072 4953 bus
2097 4897 2304 4962 vivunt,
2331 4896 2582 4951 alimenta
2625 4908 2870 4966 quwrunt
2895 4899 2978 4952 vel
3008 4901 3336 4956 indumenta.
3381 4903 3538 4959 Solli-

1973 4987 2064 5040 citi
2101 5003 2229 5041 esse.
2275 4987 2589 5043 Sollicitudo
2646 4987 2874 5043 sull‘ocat
2917 4991 3137 5045 verbum
3180 4992 3291 5056 Dei,
3329 5010 3394 5048 ne
3438 4993 3541 5049 fru-

1974 5088 2118 5133 ctum
2180 5079 2417 5145 referat,
2481 5088 2533 5134 et
2599 5079 2726 5135 facit
2794 5082 3023 5138 similem
3067 5086 3288 5155 gentili,
3349 5087 3400 5142 id
3458 5101 3541 5144 est

1974 5169 2260 5223 inﬁdelem.
2663 5215 2665 5218 ι
3031 5180 3033 5182 ‘

2047 5279 2204 5334 Vens.
2246 5281 2334 5336 32.
2361 5311 2432 5323 —
2451 5281 2580 5336 Iltec
2605 5285 2738 5338 enim
2768 5289 2962 5342 omnia.
2991 5288 3125 5354 Quid
3155 5305 3282 5362 ergo
3310 5293 3536 5362 amplius

1970 5373 2178 5428 habeta
2207 5374 2389 5444 gentili
2423 5372 2614 5442 :cujus
2659 5375 2944 5434 inﬁdelitas
2985 5382 3222 5434 animum
3261 5382 3529 5448 sollicitat,

1967 5473 2022 5520 et
2050 5465 2192 5520 curis
2212 5465 2333 5519 vitae
2362 5467 2518 5536 hujus
2541 5467 2758 5538 fatigat?
2785 5468 2989 5526 Gentes.
3018 5471 3220 5537 Quibus
3248 5475 3312 5546 de
3341 5475 3534 5529 futuris

1968 5572 2096 5628 cura
2123 5572 2229 5611 non
2256 5567 2356 5622 est,
2386 5559 2478 5612 sed
2513 5559 2740 5614 ﬁliorum
2779 5572 2861 5615 est
2881 5577 3121 5631 quaerere
3153 5581 3391 5638 regnum.
3424 5553 3529 5619 Scit

1966 5650 2123 5710 enim.
2149 5648 2370 5728 Provisa
2401 5660 2524 5704 sunt
2554 5651 2665 5712 haec
2693 5669 2720 5704 a
2759 5651 2890 5718 Deo,
2931 5655 3020 5722 qui
3056 5657 3201 5724 novit
3235 5643 3530 5728 nobis’luec

1970 5740 2023 5799 in
2051 5740 2148 5808 via,
2177 5754 2272 5796 sua
2307 5755 2424 5796 esse
2455 5744 2774 5821 necessaria.
2806 5742 2965 5800 Pater
2986 5756 3162 5806 vester.
3182 5744 3440 5820 ,Sicﬁlios
3468 5744 3530 5814 de
