4068 6344
547 361 646 414 107

1043 357 1430 412 WALAFRlDl
1472 356 1716 411 STRABI
1755 355 1955 412 FULD.
2000 352 2161 409 MON.
2201 327 2352 410 ~OPP.
2392 355 2570 409 PARS
2607 355 2648 408 Ι.
2689 386 2752 396 --
2792 352 3244 409 TllEOLOGlCA.

3670 347 3783 401 108

545 475 780 529 bonitate
803 482 855 527 et
884 470 1215 542 providentia
1247 470 1416 538 patris
1444 451 1663 523 securos
1687 468 1880 532 reddit,
1908 467 2108 536 absque
2136 471 2182 528 Α
2279 468 2428 523 Juste
2457 469 2544 538 qui
2581 467 2904 523 :eterualiter
2923 473 3143 537 peccato
3169 463 3368 535 perfrui
3394 461 3598 525 volunt,
3622 469 3780 515 ater-

531 582 605 622 'cu
615 583 670 621 ra
711 564 934 620 scilicet.

612 657 776 713 Vnus.
817 656 904 710 55.
948 684 1014 693 -
1046 653 1276 720 ρυίτγὶιε
1315 669 1455 722 ergo.
1504 651 1602 706 llic
1650 658 1832 721 aperte
1876 649 2108 705 ostendit

533 735 646 808 ista
677 765 783 806 non
809 762 926 803 esse
946 747 1181 816 .peteuda
1220 753 1472 813 tanquam
1494 747 1631 799 bona
1658 751 1863 807 nostra,
1890 742 1991 796 etsi
2015 755 2107 795 ne—

534 824 798 898 'eessaria.
828 837 1071 905 Regnum
1102 843 1281 888 autem
1317 833 1408 888 Dei
1427 831 1712 903 petendum
1743 839 1845 895 est,
1886 839 1940 884 et
1967 830 2018 883 in
2042 843 2107 883 eo

535 934 662 986 tinis
707 936 889 983 noster
916 937 1000 980 est
1037 924 1333 994 ponendus,
1380 929 1599 992 propter
1621 934 1778 990 quem
1819 919 1999 973 omnia
2037 917 2108 972 fa-

539 1024 781 1078 ciamus:
810 1017 957 1074 verbi
1004 1017 1174 1088 gratia
1213 1034 1223 1067 :
1256 1014 1634 1069 Manducemus
1677 1020 1737 1066 ut
1779 1010 2108 1081 evangelize-

540 1127 680 1175 mus,
707 1125 811 1165 non
839 1106 1268 1176 evangelizamus
1295 1114 1353 1159 ut
1381 1105 1788 1159 manducemus.
1815 1101 1948 1156 Cum
1979 1100 2109 1157 dicit

537 1201 1085 1274 primum,'siguilicat
1115 1201 1215 1254 hoc
1243 1198 1536 1268 posterius;
1580 1212 1688 1250 non
1710 1201 1967 1265 tempore,
2011 1192 2106 1248 sed

537 1295 816 1364 dignitate.
865 1290 997 1346 lllud
1029 1290 1170 1344 enim
1198 1287 1488 1358 petendum
1516 1295 1621 1352 est,
1663 1287 1766 1340 hoc
1801 1293 2019 1354 propter
2046 1283 2108 1337 il-

538 1386 626 1438 lud
667 1381 1042 1438 "necessarium
1087 1398 1099 1433 :
1147 1395 1275 1449 ergo
1322 1377 1555 1449 primum
1605 1376 1830 1446 quaerite
1881 1389 2105 1446 regnum

539 1479 657 1544 Dei,
693 1477 741 1531 id
773 1485 876 1540 est,
903 1473 1198 1546 prchouite
1219 1471 1470 1526 omnibus
1495 1468 1657 1525 rebus
1682 1467 1910 1523 czeteris.

607 1569 675 1623 Et
703 1571 812 1622 lucc
837 1567 1034 1620 omnia.
1065 1553 1200 1631 Quia
1229 1563 1408 1618 omnia
1439 1570 1565 1616 sunt
1603 1560 1834 1615 ﬁliorum
1862 1577 1874 1613 :
1900 1567 1954 1613 et
1987 1559 2105 1614 ideo

537 1663 652 1717 haec
703 1658 882 1714 omnia
928 1655 1263 1724 adjiciantur,
1317 1654 1482 1708 etiam
1540 1667 1648 1707 non
1710 1649 2102 1720 quaerentibus,

535 1749 730 1822 Quibus
783 1750 826 1804 si
881 1749 1300 1809 subtrahuntur,
1360 1744 1427 1797 ad
1485 1742 1856 1814 probationem
1909 1739 2103 1806 est;si

2210 576 2332 613 nam
2370 573 2582 630 poenam
2609 567 2662 613 et
2690 559 2967 613 inveniunt
2991 576 3002 611 :
3033 570 3257 626 quorum
3274 554 3519 607 voluntas
3544 567 3649 606 non
3673 552 3776 606 ha-

2208 650 2324 704 buit
2350 649 2508 704 finem
2539 649 2812 718 peccandi,
2838 663 2936 704 nec
2966 646 3182 702 habebit
3209 644 3369 699 ﬁnem
3399 642 3703 712 torquendi.

2281 741 2440 796 Vens.
2478 741 2530 795 ὅ.
2557 770 2626 780 -—
2659 740 2798 806 Quid
2834 748 3008 793 autem
3049 738 3208 792 vides.
3248 737 3388 790 Ecce
3429 737 3778 792 moderamen

2201 829 2419 898 judicii,
2458 840 2512 885 et
2542 838 2845 900 praeventus
2886 830 3204 900 majoribus,
3241 828 3405 882 alium
3441 843 3546 882 non
3570 826 3781 896 judicet

2208 923 2273 975 de
2307 921 2623 975 minoribus.
2679 919 2828 974 Multi
2862 921 3005 974 enim
3051 919 3304 990 praeventi
3339 917 3654 988 majoribus,
3701 917 3783 972 le-

2208 1010 2356 1065 viora
2383 1011 2436 1064 in
2479 1009 2647 1064 fratre
2673 1010 2844 1080 magis
2869 1009 3050 1065 volunt
3092 1009 3396 1079 vituperare
3429 1018 3486 1062 et
3517 1007 3784 1062 damnare

2208 1117 2367 1172 quam
2395 1099 2699 1156 emendare.
2727 1102 2794 1155 lit
2814 1099 2857 1155 si
2880 1100 3022 1171 pleni
3048 1100 3171 1154 odio
3195 1099 3277 1153 vel
3304 1098 3522 1162 invidia,
3547 1097 3633 1153 vel
3663 1113 3784 1152 ma-

2206 1188 2346 1254 litia,
2383 1190 2634 1244 damnent
2659 1189 2712 1242 in
2744 1203 2810 1244 eo
2839 1189 2982 1258 quod
3013 1188 3275 1258 delinquit
3318 1188 3394 1242 ira
3420 1203 3434 1252 ;
3461 1200 3581 1256 qua:
3607 1195 3693 1241 est
3719 1194 3784 1238 ut

2205 1278 2432 1344 festuca,
2463 1279 2667 1343 odium,
2695 1287 2752 1333 ut
2777 1279 2941 1334 trabs.
2963 1279 3134 1333 Iratus
3159 1279 3316 1332 alicui
3343 1277 3457 1332 vult
3485 1277 3783 1346 aliquando

2205 1383 2328 1424 eum
2354 1369 2552 1438 corrigi
2578 1386 2592 1434 ;
2624 1370 2718 1439 qui
2745 1370 2858 1424 odit
2893 1371 2995 1425 hoc
3024 1370 3160 1424 velle
3203 1369 3426 1438 nequit:
3453 1377 3507 1424 et
3531 1369 3651 1423 ideo
3676 1369 3782 1422 im-

2206 1461 2460 1530 possibile
2483 1462 2680 1514 dicitur
2714 1471 2773 1515 ut
2819 1461 3078 1516 festucam
3111 1461 3267 1515 fratri
3294 1463 3494 1526 demat,
3535 1461 3625 1530 qui
3662 1470 3780 1515 tra-

2204 1553 2325 1606 bem
2353 1561 2554 1622 gestat;
2595 1552 2744 1620 prius
2777 1567 2908 1621 ergo
2937 1553 3081 1606 trabs
3124 1553 3254 1618 odii,
3290 1551 3519 1615 invidiae,
3550 1553 3780 1606 simula;

2207 1645 2367 1698 tionis
2393 1652 2446 1699 et
2467 1644 2628 1698 totius
2669 1643 2886 1698 malitiae
2911 1642 3197 1712 rejicieuda
3224 1653 3326 1708 est,
3357 1652 3417 1698 ut
3455 1644 3533 1698 sic
3569 1643 3790 1698 miseri:

2206 1739 2442 1792 corditer
2468 1746 2712 1806 respectu
2743 1737 2860 1802 Dei,
2890 1753 2994 1792 non
3027 1739 3217 1803 uestri,
3258 1737 3479 1792 fratrem
3507 1739 3778 1806 possimus

535 1844 750 1906 dantur,
779 1840 843 1894 ad
878 1839 1172 1911 gratiarum
1207 1838 1473 1892 actionem
1499 1851 1513 1902 ;
1539 1835 1666 1907 quia
1706 1834 1886 1890 omnia
1912 1847 2103 1903 coope-
2129 1837 2177 1898 B
2205 1828 2482 1897 increpare
2513 1846 2526 1880 :
2550 1829 2757 1893 ut,sive
2783 1827 3342 1896 prositillicorreetio,
3370 1828 3483 1882 sive
3517 1844 3644 1891 non,
3673 1842 3778 1882 nos

536 1945 724 1990 rantur
759 1936 812 1990 in
843 1935 1061 1988 bonum.

605 2032 769 2086 Vsus.
802 2009 888 2083 iii.
913 2059 983 2067 —
1011 2025 1256 2083 Solliciti.
1290 2026 1525 2092 Timore,
1553 2039 1802 2088 maerore,
1829 2030 1884 2079 et
1912 2021 2098 2078 anxie-

535 2132 646 2178 tate
672 2135 944 2182 curarum,
973 2133 1091 2188 quae.
1116 2119 1349 2171 mentem
1379 2115 1710 2185 perturbant.

604 2212 672 2266 In
709 2211 1010 2266 crastinum.
1051 2207 1316 2280 (Auc.)iln
1347 2206 1607 2272 futurum,
1651 2206 1717 2260 de
1749 2203 2102 2276 praesentibus

535 2305 780 2361 concedit
818 2323 831 2358 :
858 2303 998 2356 unde
1019 2299 1304 2370 Apostolus
1331 2317 1343 2352 :
1376 2297 1544 2353 Nocte
1565 2315 1628 2352 ac
1652 2297 1736 2351 die
1759 2296 2103 2368 operabamur

535 2413 596 2450 ne
619 2412 766 2467 quem
787 2407 1120 2465 gravaremus
1144 2389 1192 2462 (1
1213 2389 1362 2444 Thes.
1380 2389 1463 2460 ιι).
1481 2389 1557 2444 De
1578 2387 1770 2443 futuris
1791 2402 1908 2456 quae
1923 2386 2101 2441 divina

536 2493 785 2558 procurat
813 2483 1101 2548 ordinatio,
1126 2496 1229 2536 non
1253 2480 1521 2543 convenit,
1548 2488 1677 2544 etc.,
1701 2494 1861 2548 usque
1883 2476 1950 2530 ad
1974 2475 2100 2546 quia

536 2583 624 2638 ille
647 2584 736 2653 qui
763 2584 866 2637 hoc
887 2581 1141 2652 praecepit
1164 2581 1248 2636 cui
1271 2577 1648 2634 ministrabant
1667 2576 1864 2647 angeli,
1884 2581 2102 2644 pmpter

537 2674 637 2727 hoc
666 2670 966 2740 exemplum
997 2671 1228 2726 dandum
1259 2669 1464 2724 loculos
1496 2667 1682 2722 habuit
1707 2685 1720 2720 :
1746 2666 1885 2720 unde
1909 2678 2100 2718 neces-

536 2749 892 2818 saria'usihus
920 2763 1203 2829 praeberet,
1230 2775 1455 2830 quorum
1487 2768 1670 2814 custos
1697 2765 1813 2814 erat
1839 2755 2024 2810 Judas.

607 2841 750 2912 Dies.-
795 2855 907 2912 Non
949 2872 1108 2925 quem
1172 2854 1298 2909 fecit
1338 2853 1616 2918 Dominus,
1659 2851 1754 2906 sed
1792 2848 1879 2905 cui
1936 2847 2100 2902 male-

483 2953 485 2959 ί
535 2951 671 3006 dixit
710 2948 808 3004 Job
845 2958 898 3004 et
927 2947 1208 3011 Jeremias,
1233 2943 1439 3001 scilicet
1471 2957 1630 3014 quem
1677 2938 1922 2997 diabolus
1951 2939 2099 2993 inve-

535 3047 633 3104 nit.
667 3042 888 3119 Suﬁicit.
919 3043 980 3100 Et
1010 3040 1131 3115 quia
1161 3056 1286 3100 cura
1310 3037 1566 3113 prteseuti
1603 3041 1817 3095 mentes
1834 3031 2096 3101 obruitur,

534 3155 641 3196 nou
681 3140 838 3196 debet
867 3134 1154 3206 germinari
1183 3133 1384 3188 malitia
1411 3124 1526 3186 Dei.

1103 3269 1329 3327 CAPUT
1371 3268 1480 3326 Vll.

606 3413 768 3466 Vens.
802 3403 1400 3473 l.——Nolite.judicare.
1423 3401 1501 3455 De
1528 3400 1725 3464 dubiis,
1751 3401 1875 3469 quia
1903 3400 1967 3453 de
1991 3410 2103 3452 ma;

537 3501 749 3557 nifestis
788 3499 1079 3570 judicatur,
1111 3501 1167 3547 et
1203 3507 1310 3546 non
1357 3491 1424 3545 de
1466 3489 1570 3543 illis
1608 3490 1673 3543 de
1703 3489 1897 3558 quibus
1925 3489 2102 3542 incer-

537 3603 647 3646 tum
690 3597 772 3644 est
813 3601 919 3657 quo
951 3585 1130 3639 animo
1162 3581 1295 3635 fiant
1323 3597 1338 3633 :
1367 3581 1432 3636 de
1455 3579 1648 3649 quibus
1672 3592 1830 3633 nemo
1868 3577 1985 3632 sine
2010 3589 2104 3648 pe-‘

537 3680 707 3736 riculo
730 3677 955 3748 judicat.

611 3769 877 3825 Judicium
905 3764 1251 3822 temerarium
1273 3770 1356 3819 est
1383 3761 1614 3832 quando,
1643 3758 1839 3830 quibus
1859 3756 2107 3812 commis-

540 3880 658 3920 sum
700 3878 807 3918 non
835 3869 936 3924 est,
957 3857 1218 3928 judicant,
1265 3856 1379 3911 sive
1417 3854 1488 3908 sit
1521 3851 1586 3907 de
1625 3848 1946 3913 manifestis,
1992 3848 2105 3902 sive

539 3955 606 4009 de
634 3949 883 4008 occultis.
913 3945 1278 4003 Committitur
1307 3951 1486 3996 autem
1519 3938 1782 4008 judicium
1819 3936 1905 3991 vel
1933 3935 2105 4003 magi—

541 4046 670 4101 stris
707 4039 958 4096 Ecclesize
989 4037 1071 4091 vel
1106 4033 1434 4105 principibus
1483 4039 1658 4085 terrae.
1699 4027 1773 4098 lli.
1803 4041 1930 4096 ergo
1959 4026 2003 4079 si
2039 4026 2105 4079 de

543 4134 842 4194 manifestis
871 4131 1130 4203 judicent.
1172 4142 1291 4196 quae
1336 4124 1543 4180 scilicet
1565 4128 1688 4176 sunt
1717 4119 1979 4180 convicta,
2022 4114 2105 4171 vel

539 4229 804 4290 confessa,
836 4238 942 4277 non
965 4229 1163 4276 temere
1188 4218 1451 4288 judicant;
1483 4214 1527 4268 si
1557 4222 1734 4267 autem
1769 4211 1836 4265 de
1863 4207 2104 4272 incertis,

543 4333 742 4378 temere
763 4315 1007 4387 judicant
1030 4330 1041 4341 -
1087 4312 1200 4364 haec
1222 4307 1420 4378 judicia
1452 4305 1718 4376 prohibet.

610 4409 774 4463 Vsus.
812 4405 867 4462 ἒ.
897 4401 1055 4455 -Ιη
1089 4416 1190 4470 quo
1243 4399 1398 4451 enim.
1439 4395 1603 4462 Quasi
1639 4390 1957 4447 diceretzln
2001 4405 2106 4459 qua

538 4503 812 4555 voluntate
855 4490 1206 4553 benefeceris,
1238 4489 1292 4542 in
1329 4502 1393 4541 ea
1441 4483 1792 4547 liberaberis;
1823 4490 1876 4537 et
1917 4482 1968 4535 in
1997 4495 2100 4549 qua

538 4593 698 4657 male,
746 4591 799 4645 in
853 4585 1041 4642 cadent
1085 4578 1344 4652 punieris.
1388 4577 1463 4630 De
1507 4575 1590 4628 his
1646 4573 1788 4627 enim
1835 4573 2011 4642 agitur
2052 4571 2104 4625 in

540 4684 735 4754 quibus
766 4678 849 4734 vel
887 4687 1088 4731 temere
1107 4669 1410 4743 judicantes
1452 4665 1793 4729 offendimus,
1835 4662 1918 4716 vel
1963 4669 2107 4718 recte

541 4781 764 4848 agentes
792 4780 1143 4827 excusamur;
1172 4770 1226 4816 et
1252 4759 1371 4815 ideo
1402 4757 1582 4813 addit:
1615 4755 1680 4809 In
1706 4772 1807 4823 qua
1838 4769 2103 4808 mensura.

539 4845 607 4922 Et
642 4863 787 4932 iuste
836 4872 1062 4928 quorum
1100 4853 1348 4909 voluntas
1391 4863 1499 4906 non
1546 4846 1736 4902 habuit
1784 4845 2105 4912 finemil’cc‘

539 4953 719 5018 candi,
769 4947 1015 5021 quamvis
1043 4936 1167 5001 eum
1212 4943 1318 4998 fine
1345 4939 1711 5012 peccaverint,
1760 4951 1865 4990 non
1907 4935 2108 4990 habent

541 5046 703 5102 ﬁnem
741 5039 993 5103 ultionis;
1019 5045 1073 5094 et
1106 5036 1302 5107 quibus
1323 5031 1586 5103 judicium
1617 5029 1715 5086 fuit
1753 5029 1869 5083 sine
1898 5026 2108 5082 miseri-

537 5137 744 5200 "cordia,
775 5133 892 5189 sine
924 5127 1293 5184 misericordia
1314 5123 1716 5197 judicabuutur.

609 5226 678 5281 In
715 5241 817 5298 qua
858 5217 1124 5276 mensura.
1159 5217 1343 5274 Potest
1373 5219 1426 5272 in
1473 5217 1578 5272 hac
1619 5226 1870 5269 mensura
1920 5212 1973 5266 in
2001 5227 2108 5282 qua

542 5319 686 5375 aliud
712 5324 1079 5374 mensuratum
1106 5321 1208 5378 est,
1239 5317 1298 5366 ut
1324 5311 1558 5366 triticum
1577 5347 1592 5374 ,
1617 5306 1760 5362 aliud
1786 5301 2106 5368 mensurari,

544 5422 602 5467 ut
630 5412 927 5468 hordeum:
957 5417 1012 5464 et
1047 5407 1151 5462 alia
1196 5404 1488 5476 quantitas,
1527 5409 1584 5455 ut
1635 5400 1680 5455 si
1719 5414 1857 5453 unus
1902 5397 2110 5451 modius

543 5503 609 5558 de
636 5518 758 5565 uno,
787 5508 1002 5554 centum
1038 5498 1103 5552 de
1123 5496 1248 5551 alio.
1273 5495 1349 5549 lta
1371 5492 1498 5548 facit
1519 5492 1682 5554 Deus,
1707 5497 1763 5544 et
1798 5503 1904 5542 non
1929 5487 2110 5555 inique

545 5605 602 5648 ut
626 5593 696 5647 illi
727 5593 777 5647 in
800 5600 1082 5645 aeternum.

615 5685 677 5738 Et
705 5684 816 5754 ipsa
847 5680 1085 5743 infamia,
1120 5676 1416 5732 velmalum
1446 5674 1585 5742 quod
1611 5671 1816 5736 tuleris,
1846 5684 2006 5722 causa
2031 5675 2114 5720 est

539 5793 640 5831 cur
669 5788 877 5845 poenam
911 5770 1143 5826 debitam
1171 5769 1439 5823 incurras.

2206 1927 2386 1972 tamen
2418 1918 2483 1972 de
2513 1917 2856 1987 simplicitate
2880 1919 3048 1972 nostri
3077 1919 3216 1972 oculi
3247 1919 3415 1973 simus
3441 1918 3639 1973 securi.

2274 2008 2374 2064 Vix
2415 2009 2688 2064 invenitur
2723 2009 2916 2079 aliquis
2959 2010 3026 2064 ab
3052 2011 3153 2064 hoc
3195 2010 3326 2064 vitio
3364 2010 3594 2074 alienus,
3643 2011 3774 2080 quia

2197 2100 2569 2170 'uttusquisque
2596 2101 2706 2155 suis
2737 2100 2940 2167 favens,
2984 2101 3158 2156 aliena
3195 2099 3352 2156 facile
3380 2103 3727 2172 reprehendit
3756 2121 3772 2156 :

2201 2201 2257 2248 et
2283 2191 2456 2246 aliena
2495 2190 2708 2262 gravius
2740 2191 3014 2246 tolerando
3039 2207 3200 2262 quam
3241 2207 3357 2258 sua,
3393 2193 3556 2246 sumit
3584 2202 3776 2248 aucto-

2200 2285 2415 2340 ritatem
2442 2269 2848 2356 arguendi'sine
2872 2284 3118 2354 exemplo
3147 2274 3256 2339 suae
3283 2285 3696 2339 emendationis.

2273 2374 2510 2430 Salutem
2550 2375 2603 2429 in
2632 2389 2696 2430 eo
2720 2375 2862 2446 quod
2901 2385 3103 2430 temere
3119 2376 3362 2447 judicant
3395 2376 3449 2429 in
3489 2375 3645 2431 oculo
3675 2375 3776 2430 hae

2200 2467 2331 2522 bent
2358 2467 2584 2520 trabem.

2271 2556 2432 2612 Vens.
2466 2557 2520 2611 4.
2542 2587 2613 2597 -
2635 2559 2739 2612 Aut
2767 2558 3026 2629 quomodo
3065 2558 3194 2612 dicis
3236 2558 3392 2627 fratri
3435 2568 3545 2611 tuo.
3577 2557 3634 2612 Id
3663 2550 3771 2622 est,

2202 2665 2306 2705 non
2344 2650 2546 2720 poteris
2572 2651 2750 2704 minus
2777 2652 2856 2720 (ut
2880 2651 3040 2720 iram)
3072 2649 3122 2703 in
3153 2649 3318 2704 fratre
3343 2650 3650 2713 emendare,
3677 2650 3772 2704 do-

2200 2755 2299 2794 nec
2329 2739 2520 2808 majus,
2564 2741 2616 2795 id
2642 2748 2727 2795 est
2749 2740 2952 2806 odium,
2982 2740 3065 2795 vel
3107 2739 3361 2795 invidiam
3405 2740 3673 2810 pepuleris
3704 2741 3774 2794 de

2201 2831 2362 2886 corde
2392 2840 2504 2885 tuo.

2270 2939 2430 2999 Vens.
2464 2943 2516 2998 5.
2551 2975 2619 2984 —
2647 2944 2957 3016 Hypocrita,
2982 2946 3129 3015 ejice.
3174 2945 3238 3000 Hi
3269 2946 3411 3002 enim
3458 2945 3578 3002 odio
3608 2951 3664 3002 ct
3705 2945 3768 3000 li;

2199 3048 2326 3096 vore
2379 3036 2681 3110 suscipiunt
2723 3038 2904 3095 omnia
2944 3053 3220 3106 accusare,
3276 3050 3330 3095 et
3379 3040 3562 3095 volunt
3600 3041 3770 3093 videri

2197 3134 2546 3191 consultores
2598 3134 2714 3190 sine
2753 3133 2999 3204 exemplo
3043 3133 3431 3188 emendationis
3462 3147 3611 3186 suae.
3653 3131 3770 3186 Non

2131 3203 2174 3264 C
2206 3226 2348 3279 enim
2377 3233 2458 3279 est
2484 3225 2705 3280 idoneus
2733 3203 2923 3280 doctor
2952 3223 3040 3278 alii
3064 3222 3287 3290 mederi,
3320 3223 3409 3293 qui
3448 3222 3682 3277 nondum
3715 3237 3774 3278 se

2205 3317 2502 3372 sanaverit.

2274 3421 2438 3483 Vens.
2485 3427 2538 3482 6.
2563 3456 2631 3473 -ε
2667 3427 2843 3482 Nolite
2880 3437 3140 3494 sanctum,
3185 3437 3289 3484 etc.
3339 3427 3570 3499 Purgato
3590 3427 3768 3490 oculo,

2201 3527 2431 3589 possunt
2468 3519 2863 3588 dispensatores
2890 3519 3144 3576 Ecclesiae
3182 3519 3315 3576 alios
3359 3520 3641 3590 castigare,
3676 3519 3772 3573 sed

2206 3625 2312 3665 non
2353 3619 2596 3664 sanctum
2627 3610 2853 3664 canibus
2878 3610 3008 3664 dare
3032 3626 3049 3675 ;
3071 3609 3197 3679 quia
3243 3609 3384 3684 sicut
3404 3607 3768 3678 periculosum

2203 3711 2290 3756 est
2315 3702 2662 3766 abscondere,
2697 3701 2769 3755 ita
2790 3702 3070 3772 prodigum
3097 3709 3180 3755 est
3199 3700 3422 3754 canibus
3448 3699 3596 3754 dare.
3630 3698 3772 3752 Tali-

2205 3795 2307 3849 bus
2345 3794 2571 3865 mystica
2613 3809 2722 3869 non
2764 3803 2890 3848 sunt
2921 3793 3230 3863 aperienda,
3253 3793 3348 3848 sed
3393 3791 3510 3848 velo
3548 3793 3770 3860 tegenda

2207 3896 2393 3942 sancta
2435 3894 2740 3940 sanctorum
2772 3904 2786 3938 :
2824 3886 3086 3956 apertiora
3123 3894 3254 3939 vero
3297 3893 3352 3938 et
3396 3884 3549 3954 quasi
3583 3883 3771 3946 viliora

2208 3981 2315 4035 dici
2373 3987 2621 4049 possunt.
2664 3977 2860 4032 Nolite.
2919 3977 3118 4031 Eadem
3167 3977 3366 4031 dicitur
3415 3985 3659 4031 sanctum
3716 3985 3772 4029 et

2208 4073 2522 4142 margarita,
2555 4071 2607 4124 id
2631 4078 2715 4126 est
2754 4069 3101 4140 Evangelium
3129 4077 3183 4123 et
3229 4077 3564 4123 sacramenta
3601 4066 3774 4122 eccle-

2209 4163 2448 4218 siastica.
2495 4160 2768 4226 Sanctum,
2807 4161 2930 4230 quia
2959 4169 3150 4214 natura
3181 4160 3506 4224 inviolabile,
3553 4173 3651 4213 nec
3681 4160 3775 4214 de-

2208 4256 2298 4310 bet
2326 4254 2393 4307 ab
2417 4253 2596 4323 aliquo
2633 4253 2924 4323 corrumpi.
2959 4252 3272 4321 Margarita,
3311 4266 3432 4321 qua:
3461 4252 3514 4304 in
3547 4251 3775 4304 abscon-

2208 4347 2320 4401 dito
2358 4344 2486 4398 latet
2511 4363 2522 4397 :
2547 4353 2603 4398 et
2627 4345 2693 4398 de
2732 4343 2936 4413 ﬁguris,
2965 4344 3117 4412 quasi
3149 4344 3348 4412 apertis
3385 4341 3603 4396 conchis
3631 4340 3776 4394 erui-

2209 4443 2312 4497 tur,
2339 4449 2547 4505 gemma
2576 4444 2659 4488 est
2693 4434 2926 4502 pretiosa
2957 4449 3076 4504 qua:
3119 4448 3228 4487 non
3270 4440 3446 4503 potest
3478 4430 3772 4500 corrumpi.

2132 4551 2184 4610 Ι)
2210 4527 2386 4582 Canes
2412 4541 2536 4581 vere
2564 4536 2689 4582 sunt
2711 4527 2803 4596 qui
2825 4527 3113 4592 oblatrant,
3141 4536 3195 4581 et
3215 4525 3358 4596 quod
3399 4525 3664 4596 integrum
3691 4533 3775 4577 est

2213 4619 2543 4686 dilacerant;
2573 4620 2722 4690 porci
2763 4619 2853 4688 qui
2881 4619 3213 4687 vilipenduut
3237 4626 3291 4671 et
3315 4615 3664 4672 conculcant:
3689 4613 3774 4670 vel

2214 4727 2380 4768 canes
2401 4714 2469 4768 ad
2501 4713 2759 4768 vomitum
2795 4712 3016 4775 reversi,
3046 4711 3194 4781 porci
3223 4707 3457 4764 nondum
3487 4707 3732 4762 conversi
3757 4728 3772 4770 ;

2211 4805 2307 4860 sed
2330 4806 2382 4858 in
2415 4804 2525 4860 luto
2552 4805 2803 4858 vitiorum
2829 4804 3047 4856 versati.

2285 4921 2353 4974 Et
2391 4921 2638 4976 conversi.
2679 4917 2754 4973 Ne
2793 4915 2932 4973 forte
2979 4917 3154 4972 adhuc
3199 4915 3400 4986 aliquid
3447 4915 3630 4971 audire
3670 4915 3782 4969 dis-‘

2213 5020 2490 5081 rumpant,
2521 5025 2626 5065 non
2663 5007 2984 5078 margaritas
3018 5019 3152 5077 qnas
3189 5007 3530 5068 conculcant,
3562 5003 3656 5059 sed
3684 5018 3780 5058 vos

2212 5103 2594 5173 indignatione.
2630 5100 2744 5154 Non
2789 5100 2932 5155 enim
2973 5099 3127 5154 facile
3155 5105 3332 5168 potest
3373 5096 3603 5152 inveniri
3633 5095 3779 5166 quod

2213 5194 2410 5248 talibus
2438 5203 2645 5263 gratum
2676 5192 2765 5245 sit.

2285 5305 2449 5359 Vens.
2481 5302 2531 5356 7.
2563 5333 2632 5341 —
2663 5299 2848 5356 Petite.
2890 5299 2987 5355 His
3019 5299 3274 5370 gradibus
3313 5297 3424 5363 via,
3462 5296 3684 5359 veritas,
3725 5303 3782 5349 et

2214 5398 2320 5452 vita
2339 5395 2574 5464 legitime
2597 5394 2950 5456 certantibus,
2984 5398 3272 5460 praestatur
3290 5407 3302 5442 :
3319 5387 3568 5442 Christus
3587 5395 3668 5439 est
3696 5383 3783 5436 via

2216 5500 2320 5554 qua
2372 5483 2696 5547 ambulatur,
2751 5481 2950 5535 veritas
2984 5495 3089 5549 qua
3135 5477 3428 5541 invenitur,
3476 5474 3674 5529 ostium
3715 5471 3787 5525 ad

2217 5575 2359 5643 quod
2388 5573 2646 5643 pulsatur,
2674 5578 2736 5624 ut
2763 5571 2830 5625 ad
2861 5570 3033 5638 ipsum
3067 5583 3163 5638 per
3188 5567 3361 5635 ipsum
3397 5563 3783 5634 ingrediamur.

2291 5664 2469 5734 (Αυα.)
2494 5662 2729 5732 Operose
2757 5661 2972 5729 quidem
3003 5659 3143 5726 quod
3175 5657 3277 5712 ista
3308 5657 3409 5710 tria
3437 5656 3578 5709 inter
3605 5667 3664 5707 se
3685 5648 3790 5705 dif.

2222 5758 2396 5812 ferant
2435 5751 2807 5824 exponendum
2839 5759 3040 5821 putavi,
3086 5747 3179 5801 sed
3218 5747 3373 5815 longe
3402 5745 3614 5808 melius,
3651 5750 3788 5803 etc.,
