4068 6344
285 378 388 436 109

1216 373 1479 432 GLOSSA
1517 370 1912 431 ORDINARIA.
1949 400 2019 411 --
2055 370 2315 439 EVANG.
2346 370 2605 437 MATTH.
2654 434 2659 439 δ

3426 372 3527 454 ne

283 513 444 571 usque
481 496 551 552 ad
581 510 686 552 non
702 494 846 551 enim
868 493 1004 551 dixit
1020 496 1344 566 petentibus,
1380 502 1433 550 et
1466 492 1850 565 quaenntibus,
1882 491 1929 552 A
1957 490 2058 547 bus
2104 500 2214 548 tota
2253 490 2359 557 lex,
2404 500 2623 563 propter
2673 491 2900 547 salutem
2944 491 3221 547 hominum
3269 492 3529 563 scriptum

276 602 338 648 et
358 590 717 662 pulsantibus.

329 679 521 736 .Vsns.
542 678 597 739 8.
621 709 689 720 —
715 678 899 734 Omnis
920 679 1076 742 enim,
1102 687 1210 735 etc.
1236 678 1309 734 Ut
1333 678 1571 750 praebeat
1608 685 1860 734 constan-

279 772 416 827 tiam
456 770 858 842 perseverandi,
890 770 1219 840 diligentiam
1267 768 1559 839 quaerendi,
1607 769 1858 825 ﬁduciam

282 859 628 933 impetrandi,
655 859 825 915 addit.
856 858 1061 925 Omnis,
1076 868 1181 915 etc.
1213 858 1385 930 Supra
1415 860 1598 915 docuit
1615 859 1744 929 quid
1772 873 1862 929 pe

284 959 482 1017 tamus,
521 965 747 1021 regnum
782 948 1015 1005 scilicet.
1046 949 1145 1005 llic
1180 950 1586 1016 conﬁdentiam,
1620 957 1680 1003 ut
1723 948 1860 1004 nihil

272 1042 597 1100 haesitantes
656 1048 924 1111 petamus.
986 1039 1102 1096 Nan
1165 1040 1396 1112 denegat
1448 1056 1509 1096 se
1553 1040 1861 1111 petentibus

265 1136 376 1207 ‘qui
410 1142 601 1206 sponte
635 1132 830 1188 obtulit
858 1148 1039 1189 senon
1082 1133 1389 1204 petentibus
1416 1151 1429 1186 :
1460 1141 1516 1187 et
1554 1140 1860 1203 quaerentes

278 1222 564 1280 invenient
583 1237 708 1277 eum
735 1222 827 1291 qui
857 1237 964 1277 non
990 1222 1356 1293 quaerentibus
1381 1222 1531 1278 dedit
1561 1231 1621 1277 ut
1654 1222 1862 1278 inveni-

276 1327 430 1381 rent,
476 1324 531 1369 et
575 1314 916 1386 pulsantibus
945 1313 1169 1385 aperiet,
1202 1314 1295 1385 qui
1327 1302 1563 1370 clamat':
1591 1312 1728 1368 Ecce
1764 1329 1859 1384 ego

266 1419 363 1463 sto
383 1408 453 1462 ad
480 1408 668 1462 ostium
693 1414 741 1460 et
768 1404 920 1477 pulso
942 1403 1123 1477 (Apoc.
1153 1405 1258 1477 ut).
1293 1446 1300 1455 .

351 1498 519 1554 Vens.
545 1498 600 1553 9.
634 1527 706 1537 -—
723 1498 827 1551 Aut
850 1497 985 1569 quis.
1009 1496 1275 1566 Explanat
1295 1495 1424 1566 quid
1448 1494 1733 1565 petendum
1762 1494 1855 1562 sit,

277 1601 340 1647 et
373 1605 441 1646 es
476 1590 713 1644 humana
755 1589 902 1646 circa
943 1589 1082 1645 ﬁlios
1123 1588 1497 1645 benevoientia
1526 1589 1858 1660 diligentiam

276 1680 461 1736 Patris
503 1680 645 1735 circa
676 1695 775 1736 nos
810 1680 1170 1736 commendat.
1219 1680 1535 1736 Petentibus
1559 1679 1856 1747 Christum,

276 1783 431 1830 recta
474 1773 582 1829 ﬁde
627 1787 734 1830 non
775 1772 937 1828 datur
973 1772 1110 1844 lapis
1156 1770 1467 1829 oﬂ'ensionis
1513 1785 1614 1828 nec
1661 1772 1859 1828 duritia

1957 589 2042 637 est
2070 582 2122 636 in
2159 582 2436 653 prophetis
2472 589 2527 637 et
2550 580 2685 654 lege.

2030 675 2194 733 Vsus.
2222 674 2311 731 15.
2338 705 2409 715 --
2457 672 2680 730 Intrate.
2722 674 2836 732 Etsi
2863 673 3075 731 diﬁicile
3109 675 3180 731 sit
3219 684 3278 731 ut
3307 676 3429 747 aliis
3454 677 3532 731 fa-

1959 767 2072 823 cias
2089 768 2233 837 quod
2257 765 2353 823 tibi
2396 767 2479 824 vis
2521 767 2658 837 ﬁeri,
2696 776 2875 825 tamen
2907 768 2987 824 sic
3032 769 3335 827 faciendum
3364 779 3533 827 estut

1959 857 2243 915 intremus.
2278 854 2386 912 Per
2414 868 2712 929 angustant.
2750 858 2986 930 Angusta
3016 861 3295 930 quaeritur,
3336 878 3434 917 nec
3465 863 3533 915 ah

1961 950 2212 1006 omnibus
2261 952 2556 1007 invenitur.
2602 951 2713 1008 Nec
2759 968 2949 1009 omnes
2986 955 3077 1024 qui
3130 955 3411 1011 inveniunt
3440 972 3535 1027 per

1959 1055 2081 1096 eam
2121 1042 2514 1113 ingrediuntur,
2559 1044 2685 1114 quia
2727 1045 2869 1116 capti
2902 1045 3098 1102 saeculo
3130 1054 3423 1104 retroeunt.
3466 1047 3537 1102 Et

1958 1134 2211 1204 spatiosa.
2242 1130 2396 1211 Hanc
2419 1135 2523 1191 etsi
2550 1151 2656 1193 non
2675 1144 2941 1206 quaerant,
2971 1151 3161 1192 omnes
3186 1147 3364 1194 tamen
3390 1139 3537 1198 inve~

1960 1227 2134 1291 niunt,
2165 1227 2293 1297 quia
2318 1226 2371 1282 in
2408 1242 2472 1282 ea
2502 1227 2634 1282 nati.
2661 1226 2938 1297 Voluptas,
2965 1235 3026 1282 ut
3042 1228 3298 1290 meretrix
3330 1228 3536 1299 impor-

1961 1325 2108 1382 tuna,
2140 1317 2252 1373 suis
2277 1316 2686 1375 oblectamentis
2711 1332 2900 1374 omnes
2920 1317 3108 1374 invitat
3137 1327 3228 1373 :ct
3251 1318 3371 1375 ideo
3386 1319 3538 1375 multi

1960 1406 2163 1464 intrant
2189 1424 2290 1479 per
2306 1423 2449 1465 eam.
3114 1470 3123 1476 ,
3193 1472 3199 1477 θ

1995 1497 2307 1569 ,γεω-μη.
2340 1528 2411 1540 -—
2437 1499 2609 1566 Quam
2651 1509 2894 1572 angusta.
2942 1498 3089 1556 Satis
3132 1507 3418 1571 angustum
3457 1512 3541 1555 est

1959 1589 2140 1645 omnia
2190 1591 2626 1662 pratermittere,
2666 1608 2831 1647 unum
2871 1591 3045 1648 solum
3081 1589 3322 1663 diligere.
3369 1607 3537 1647 unum

1960 1697 2225 1752 quaerere,
2265 1683 2333 1738 ad
2377 1699 2540 1739 unum
2571 1684 2815 1754 quotidie
2858 1683 3093 1755 pulsare,
3136 1698 3393 1756 prospera
3432 1699 3539 1753 non

1962 1774 2191 1839 ambire,
2221 1774 2449 1831 adversa
2478 1786 2583 1830 non
2617 1775 2827 1831 timere.
2861 1773 2929 1831 Et
2960 1773 3134 1845 pauci.
3167 1774 3225 1829 Si
3262 1775 3420 1846 pauci
3454 1776 3535 1830 in-

276 1864 484 1921 eordis.
524 1862 603 1919 ita
643 1864 689 1919 si
723 1863 988 1934 petieritis
1009 1871 1220 1932 patrem
1245 1871 1485 1918 vestrum
1515 1862 1858 1927 charitatern,
1889 1868 1936 1927 Β
1961 1866 2184 1920 veniunt
2209 1902 2224 1930 ,
2282 1866 2569 1935 pauciores
2614 1881 2712 1938 per
2761 1881 2881 1922 eam
2934 1865 3135 1922 intrare
3186 1866 3540 1923 contendunt.

277 1955 405 2012 sine
449 1969 551 2024 qua
592 1954 835 2010 nil-sunt
881 1962 1097 2020 caetera,
1145 1962 1205 2008 ut
1249 1955 1368 2009 sine
1402 1969 1541 2024 pane
1588 1953 1744 2023 inops
1777 1961 1863 2010 est

277 2058 474 2100 mensa
498 2044 585 2099 cui
616 2045 892 2100 contraria
918 2052 1002 2100 est
1027 2044 1210 2100 cordis
1234 2044 1451 2099 duritia.
1597 2096 1603 2103 .

354 2134 1862 2207 Ἶιιιιίθι-ιείρὴιιιῆτμὴω-,Βωφιωω

277 2227 503 2285 ﬂuentis
532 2227 768 2298 Spiritus
803 2228 977 2284 sancti
1006 2228 1266 2283 nutritur.
1772 2266 1775 2271 η

355 2321 568 2377 Piscem
623 2319 758 2376 dicit
812 2318 1163 2375 invisibiiium
1216 2318 1376 2377 ﬁdem
1430 2330 1449 2374 i:
1501 2318 1585 2375 vel
1643 2328 1861 2391 propter

280 2426 485 2484 aquam
511 2410 785 2481 baptismi,
830 2410 915 2466 vel
942 2410 1068 2480 quia
1109 2410 1177 2465 de
1207 2409 1570 2466 invisibilibus
1604 2409 1737 2466 locis
1766 2426 1861 2466 ea-

272 2503 455 2575 pitur,
489 2501 572 2557 vel
594 2501 719 2571 quia
748 2499 1000 2555 ﬂuetibus
1025 2497 1183 2568 hujus
1219 2500 1406 2554 mundi
1440 2515 1548 2557 non
1575 2499 1873 2573 frangitur.

276 2595 349 2652 in
370 2593 662 2666 Evangelio
685 2593 847 2648 Lucae
886 2593 1131 2662 sequitur
1160 2592 1494 2661 comparatio
1520 2592 1607 2648 ovi
1633 2602 1685 2648 et
1714 2608 1864 2649 scor-

274 2688 483 2760 .pionis.
511 2688 777 2759 lnovoet
812 2701 937 2758 spes
960 2687 1244 2757 accipitur,
1273 2687 1399 2757 quia
1424 2688 1478 2742 in
1523 2701 1590 2743 eo
1626 2688 1859 2742 nondum

272 2788 376 2836 est
397 2778 562 2843 ﬂetus
589 2787 931 2849 persecutus;
965 2780 1058 2834 sed
1083 2777 1312 2834 fovendo
1337 2787 1607 2849 speratur.
1632 2777 1691 2833 ln
1716 2792 1864 2834 scor-

279 2870 471 2941 pione,
512 2869 666 2941 cujus
708 2867 929 2924 aculeus
962 2876 1110 2923 retro
1153 2868 1424 2922 timendus
1464 2874 1571 2933 est,
1598 2867 1865 2937 accipitur

282 2960 625 3017 contrarium
651 2960 786 3030 spei,
811 2958 1016 3015 scilicet
1045 2967 1190 3014 retro
1214 2958 1477 3030 aspicere,
1505 2974 1628 3014 cum
1650 2958 1773 3030 spes
1804 2972 1863 3014 se

184 3126 189 3131 ε
278 3051 482 3108 debeat
504 3052 557 3107 in
584 3051 858 3106 anteriora
890 3050 1198 3106 extendere.

357 3141 525 3198 Vsus.
559 3141 647 3195 11.
676 3169 747 3179 —
774 3140 837 3195 Si
881 3156 1002 3209 ergo
1043 3156 1150 3194 eos.
1199 3138 1645 3208 Quandoquidem
1680 3148 1864 3209 patres

1963 1953 2132 2010 Nemo
2157 1955 2324 2011 intrat
2348 1956 2466 2013 sine
2488 1952 2690 2023 labore,
2727 1966 2781 2014 et
2804 1958 2923 2015 sine
2950 1958 3114 2013 animi
3142 1958 3397 2028 puritate.

2032 2046 2199 2104 Vsus.
2230 2048 2316 2104 15.
2343 2079 2414 2091 -ο
2446 2050 2720 2107 Attendite.
2751 2049 2886 2107 Cum
2913 2050 3140 2108 dixisset
3162 2059 3367 2107 arctam
3396 2051 3540 2111 viam

1962 2152 1994 2191 a
2024 2138 2212 2208 paucis
2244 2138 2501 2205 inveniri,
2522 2154 2591 2195 ne
2628 2137 2771 2196 forte
2798 2140 2881 2195 sui
2909 2139 3316 2210 implicarentur
3340 2140 3543 2211 errori:

1961 2228 2064 2284 bus
2088 2228 2731 2300 pseudo-prophetarum,
2750 2229 2948 2300 adjecit
2974 2249 2989 2285 :
3012 2230 3291 2287 Attendite
3317 2248 3331 2286 ε
3363 2232 3544 2286 Atten-

1961 2320 2084 2379 dite.
2118 2323 2273 2391 Quod
2302 2339 2467 2396 supra
2488 2324 2653 2382 latam
2681 2334 2894 2395 portam
2924 2324 3081 2390 dixit,
3110 2324 3278 2380 falsos
3305 2324 3543 2395 prophe-

1962 2424 2047 2472 tas
2081 2416 2321 2486 apertius
2349 2417 2502 2473 dicit.
2548 2416 2830 2471 Attendite.
2873 2415 3024 2473 Licet
3059 2415 3164 2473 hoc
3192 2406 3259 2471 de
3293 2406 3544 2472 omnibus

1962 2507 2055 2577 qui
2085 2507 2231 2563 aliud
2256 2506 2440 2563 habitu
2467 2517 2523 2562 et
2565 2523 2835 2574 sermone,
2863 2508 3011 2563 aliud
3038 2522 3202 2579 opere
3226 2508 3540 2571 ostendunt.

1960 2598 2134 2669 possit
2178 2598 2378 2667 accipi;
2434 2606 2615 2654 tamen
2671 2598 2978 2669 specialiter
3028 2598 3095 2654 de
3138 2598 3404 2654 bzereticis
3450 2598 3546 2670 qui

1962 2688 2194 2757 quadam
2233 2687 2452 2758 pietatis
2473 2696 2623 2744 veste
2651 2689 2796 2755 tecti,
2839 2698 3109 2749 venenato
3152 2690 3333 2745 animo
3363 2697 3418 2746 et
3462 2690 3546 2745 in-

1961 2780 2203 2836 tentione
2246 2780 2475 2836 nocendi
2517 2780 2628 2851 lupi
2657 2789 2784 2836 sunt
2827 2794 3073 2851 rapaces,
3100 2780 3186 2835 vel
3215 2774 3456 2839 exten'us
3496 2780 3545 2853 si

1963 2869 2119 2940 copia
2151 2869 2310 2925 datur
2331 2871 2726 2941 persequendo,
2751 2870 2836 2925 vel
2876 2870 3104 2927 interius
3127 2870 3543 2943 corrumpendo.

2034 2960 2116 3015 Ad
2152 2978 2237 3017 vos
2266 2962 2322 3015 in
2364 2962 2672 3018 uestimentis
2702 2963 2896 3017 ovium.
2942 2962 2999 3018 in
3041 2972 3332 3034 conspectu
3373 2963 3549 3041 hami;-

1964 3069 2093 3109 num
2129 3054 2333 3111 similes
2368 3055 2634 3111 ministris
2653 3053 2880 3125 justitite
2905 3055 3031 3111 dum
3060 3046 3328 3126 jejunant,
3362 3063 3546 3117 orant.

1966 3143 2333 3215 eleemosynas
2360 3144 2491 3199 dant
2515 3163 2529 3199 :
2552 3144 2647 3200 sed
2671 3160 2778 3200 non
2796 3152 2920 3200 sunt
2943 3159 3131 3201 eorum
3164 3144 3390 3211 fructus,
3421 3143 3548 3214 quia

281 3238 434 3293 bona
465 3234 713 3289 tribuunt
733 3232 877 3296 ﬁliis,
907 3245 1036 3302 ergo
1067 3231 1235 3285 multo
1272 3231 1444 3301 magis
1468 3230 1630 3285 Pater
1650 3241 1861 3297 noster,
1892 3225 1938 3288 C
1966 3248 2069 3304 pro
2097 3235 2227 3289 vitio
2256 3234 2337 3289 eis
2360 3242 2663 3304 reputatur.

281 3325 381 3398 qui
415 3324 593 3380 bonus
629 3331 713 3377 est
751 3321 1268 3391 incomparabiliter,
1292 3321 1431 3376 bona
1458 3320 1608 3376 dabit
1632 3321 1870 3391 petenti-

283 3418 392 3475 bus
416 3431 478 3473 se
505 3414 649 3471 ﬁliis.
680 3414 864 3471 Nostis
888 3416 1044 3469 bona.
1095 3411 1402 3468 Secundum
1432 3427 1652 3467 sensum
1679 3427 1869 3469 eorum

285 3510 432 3568 bona
452 3508 545 3579 qui
586 3522 649 3563 ea
674 3522 771 3578 pro
801 3506 956 3563 bonis
995 3505 1216 3571 habent,
1249 3519 1556 3575 quanquam
1594 3512 1649 3560 et
1693 3504 1750 3559 in
1785 3518 1869 3560 re-

288 3618 416 3660 rum
447 3609 639 3657 natura
665 3603 805 3658 bona
834 3609 980 3667 sunt,
1009 3608 1066 3666 et
1088 3600 1146 3655 in
1185 3599 1352 3655 vitam
1402 3599 1558 3655 istam
1588 3599 1871 3670 pertinen-

292 3696 392 3762 tia,
443 3710 564 3764 quae
605 3692 779 3749 malus
817 3709 923 3748 non
954 3693 1020 3747 de
1054 3707 1153 3747 suo
1198 3692 1309 3747 dat.
1357 3691 1572 3746 Domini
1604 3691 1743 3746 enim
1792 3700 1868 3745 est

293 3798 438 3845 terra
479 3785 656 3859 (Psat.
698 3783 858 3858 χχιιι)
879 3824 894 3848 ,
917 3792 1024 3839 etc.
1052 3782 1145 3839 Vel
1178 3782 1409 3853 apostoli
1440 3782 1566 3837 mali
1593 3782 1868 3849 dicuntur,

289 3888 557 3953 quantum
598 3877 674 3933 ad
708 3892 770 3933 se
815 3884 1063 3947 respectu
1109 3875 1202 3930 Dei
1230 3875 1324 3946 qui
1367 3874 1511 3931 solus
1558 3874 1754 3940 bonus,
1798 3889 1869 3928 ex

288 3986 406 4043 quo
435 3984 624 4027 omnes
650 3969 799 4024 boni.
851 3969 1010 4022 Dabit
1035 3968 1190 4022 bona.
1232 3966 1292 4022 id
1327 3974 1413 4022 est
1444 3964 1706 4037 Spiritum
1749 3981 1873 4020 san~

293 4072 465 4120 ctum.
518 4061 615 4117 Vel
654 4062 794 4116 bona
840 4060 1049 4117 scilicet
1088 4068 1313 4125 aeterna,
1359 4072 1480 4129 quae
1523 4073 1630 4114 non
1675 4058 1873 4113 dantur

295 4155 404 4209 nisi
431 4152 575 4209 ﬁliis.
608 4151 909 4207 Petentibus
942 4168 1015 4206 se.
1043 4150 1294 4206 Omnium
1323 4149 1583 4204 bonorum
1621 4149 1873 4218 spirituae

290 4246 429 4302 lium
471 4245 875 4301 distributorem
915 4252 976 4299 ut
1013 4258 1175 4315 opera
1204 4242 1491 4298 charitatis
1528 4241 1870 4313 impleantur.

370 4339 532 4394 Vsus.
559 4338 647 4393 l2.
668 4367 740 4379 -ο
765 4336 956 4393 Omnia
990 4353 1132 4408 ergo,
1159 4344 1264 4391 etc.
1295 4335 1431 4403 Quia
1469 4348 1654 4391 amare
1693 4351 1876 4395 aman-

299 4442 410 4488 tem
439 4439 646 4487 naturze
679 4438 794 4496 est;
835 4442 942 4486 non
974 4437 1245 4485 amantem
1267 4445 1397 4486 vero
1427 4430 1547 4502 cogi
1595 4429 1875 4486 beneﬁciis

2038 3324 2084 3381 Α
2116 3325 2375 3395 fructibus
2412 3340 2616 3381 eorum.
2656 3324 2863 3396 (lima)
2895 3324 3011 3379 Non
3059 3339 3091 3379 a
3134 3334 3302 3391 veste,
3352 3326 3448 3382 sed
3481 3327 3549 3382 ab

1965 3418 2224 3488 operibus
2258 3417 2401 3489 quod
2423 3419 2489 3473 de
2518 3416 2842 3483 manifestis,
2870 3426 3000 3483 etc.,
3030 3434 3190 3490 usque
3219 3418 3294 3491 ad,
3319 3417 3414 3475 sed
3442 3434 3551 3479 nou

1969 3510 2168 3565 debent
2187 3524 2315 3565 oves
2327 3509 2499 3579 pelles
2523 3525 2650 3567 suas
2671 3508 2958 3581 deponere,
3009 3510 3111 3566 etsi
3149 3509 3442 3583 aliquando
3470 3511 3555 3567 eis

1969 3601 2078 3673 lupi
2106 3617 2166 3658 se
2190 3610 2495 3674 contegaut.
3230 3666 3233 3671 _
3422 3670 3426 3678 ι

2042 3693 2207 3750 Vsus.
2240 3694 2325 3748 16.
2352 3692 2722 3766 “Nunquid.
2769 3693 3089 3765 Allegorice.
3141 3694 3323 3766 Spinte
3362 3704 3416 3752 et
3458 3696 3554 3752 tri-

1969 3782 2081 3840 buli
2109 3783 2492 3840 sunthaeretici
2521 3799 2553 3841 a
2582 3783 2780 3855 quibus
2808 3785 2990 3841 nullus
3020 3785 3325 3856 sapientum
3353 3788 3555 3844 sancti-

1973 3884 2139 3931 tatem
2170 3874 2256 3931 vel
2304 3876 2591 3932 veritatem
2628 3877 2829 3946 poterit
2868 3878 3113 3933 invenire
3136 3895 3150 3932 :
3173 3879 3266 3933 sed
3306 3860 3554 3936 conscin-

1974 3968 2109 4024 dunt
2131 3976 2184 4023 et
2210 3975 2499 4023 cruentam
2522 3967 2985 4038 approximantes.
3021 3950 3114 4023 Vel
3157 3969 3326 4041 spina:
3368 3977 3424 4026 et
3452 3970 3553 4025 tri-

1972 4056 2119 4123 buli,
2162 4073 2309 4115 cura:
2354 4065 2482 4113 sunt
2527 4057 2746 4125 surculi,
2795 4059 3229 4131 punctionesque
3270 4060 3549 4121 vitiorum.

1976 4150 2090 4205 Uva
2134 4157 2191 4206 et
2239 4149 2394 4215 ﬁcus,
2443 4149 2669 4205 dulcedo
2719 4166 2874 4206 nova:
2920 4151 3347 4208 conversationis
3394 4168 3554 4223 quam

1976 4240 2227 4297 Christus
2259 4240 2315 4295 in
2360 4239 2516 4295 nobis
2550 4240 2762 4309 esuriit,
2801 4249 2859 4297 et
2900 4239 3083 4297 fervor
3111 4241 3555 4322 dilectionis,gqui

1977 4333 2211 4390 laetiﬁcat
2234 4349 2330 4389 cor
2363 4333 2617 4389 hominis.
2642 4332 2759 4390 Non
2785 4349 2916 4406 ergo
2962 4335 3027 4391 de
3051 4334 3219 4406 spinis
3246 4345 3301 4393 et
3342 4337 3556 4395 tribulis

1979 4440 2089 4481 uva
2111 4433 2167 4481 et
2197 4424 2331 4481 ﬁcus
2357 4444 2369 4479 :
2394 4425 2520 4495 quia
2544 4441 2696 4482 mens
2717 4427 2895 4483 adhuc
2927 4429 3127 4485 veteris
3158 4428 3393 4487 hominis
3422 4446 3554 4488 con-

295 4524 370 4579 ad
401 4537 662 4588 amorem,
699 4520 1045 4592 perfectionis
1069 4519 1269 4576 Christi
1298 4528 1401 4575 est.
1430 4520 1567 4576 Cum
1609 4536 1708 4577 nos
1731 4520 1876 4591 prio-
1904 4583 1945 4592 _
1982 4515 2271 4571 suetudine
2290 4530 2498 4585 pressa,
2529 4526 2709 4586 potest
2752 4517 3007 4573 simulare
3035 4533 3140 4573 non
3178 4518 3320 4575 ferre
3349 4521 3557 4577 fructus

296 4631 409 4678 res,
438 4624 500 4669 ut
523 4583 679 4669 nobis
701 4583 819 4668 ﬁeri
849 4612 1076 4670 velimus
1116 4611 1238 4666 aliis
1285 4610 1464 4667 facere
1481 4583 1875 4680 juberetimox
1904 4583 1955 4643 D
1978 4605 2103 4663 novi
2134 4583 2388 4662 hominis.
2417 4583 2568 4673 Quod
2597 4607 2642 4663 si
2671 4606 2957 4677 aliquando
2996 4609 3139 4663 dicta
3164 4609 3250 4664 vel
3279 4609 3417 4666 facta
3446 4626 3559 4665 ma-

298 4707 549 4763 eumdem
591 4720 809 4762 sensum
852 4704 1049 4759 astruit
1091 4704 1310 4758 dicens:
1338 4700 1530 4756 Omnia
1578 4719 1698 4772 ergo
1740 4718 1880 4772 qua:-

297 4813 526 4869 cunque,
559 4805 688 4862 etc.,
736 4795 788 4850 id
829 4803 933 4861 est,
972 4794 1111 4850 bona
1149 4806 1270 4864 quae
1314 4791 1475 4848 vultis
1520 4793 1767 4862 accipere
1808 4793 1876 4849 ab

299 4889 444 4958 aliis,
483 4890 671 4946 eadem
701 4887 862 4944 facite
895 4887 1001 4944 illis
1035 4896 1097 4943 ut
1124 4886 1362 4942 Charitas
1389 4885 1620 4956 proximi
1650 4885 1876 4956 implea-

301 4993 410 5047 tur,
445 4968 567 5053 qiue
586 4982 702 5038 sine
732 4982 1019 5038 dilectione
1040 4989 1187 5037 recte
1232 4995 1335 5036 non
1365 4987 1542 5050 potest
1575 4979 1781 5050 perﬁci.
1809 4979 1880 5035 Et

298 5075 424 5132 ideo
450 5074 639 5130 addit:
672 5073 802 5129 Hcce
838 5082 913 5129 est
936 5072 1022 5128 tea:
1052 5083 1099 5128 et
1124 5072 1406 5144 propinate,
1442 5080 1585 5137 etc.;
1627 5070 1753 5140 quia
1780 5084 1881 5125 nec

301 5165 448 5221 Deus
475 5165 591 5221 sine
612 5164 877 5236 proximo,
910 5178 1009 5219 nec
1030 5164 1308 5235 proximus
1339 5161 1582 5233 diligitur
1603 5160 1722 5217 sine
1745 5161 1875 5228 Deo,

301 5259 432 5329 quia
488 5272 593 5313 non
640 5271 708 5313 ex
747 5256 872 5313 odio
922 5255 1005 5311 vel
1048 5270 1117 5312 ex
1167 5254 1370 5310 invidia
1420 5252 1744 5323 iudicandus
1796 5261 1881 5309 est

300 5350 589 5422 proximus
616 5366 631 5403 :
663 5363 793 5420 ergo
822 5363 928 5419 qua
968 5346 1236 5403 charitate
1272 5344 1482 5401 velletis
1528 5345 1757 5412 moneri,
1799 5341 1881 5401 fa-

304 5442 414 5498 cite
438 5441 579 5496 aliis.
607 5437 676 5495 Ut
714 5440 912 5511 faciant
946 5436 1086 5493 vobis
1128 5437 1383 5492 homines.
1415 5435 1555 5504 Quia
1582 5435 1753 5502 addit,
1784 5436 1883 5507 ho-

300 5531 501 5595 mines,
557 5529 690 5586 dicit
724 5537 931 5584 tantum
978 5528 1047 5587 de
1092 5526 1379 5583 dilectione
1421 5526 1678 5598 proximi.
1728 5525 1882 5583 Unde

304 5638 408 5680 nec
433 5622 637 5688 subdit,
663 5630 775 5678 tota
800 5623 908 5687 lex,
938 5621 1192 5692 relinquit
1216 5636 1346 5677 vero
1371 5621 1441 5678 de
1458 5620 1745 5677 dilectione
1764 5620 1882 5677 Dei.

1982 4697 2155 4753 lorum
2183 4705 2411 4768 prosunt
2440 4698 2621 4765 bouis,
2664 4714 2769 4753 non
2812 4699 2915 4754 hoc
2956 4699 3163 4756 faciunt
3186 4701 3337 4768 mali,
3373 4702 3465 4757 sed
3498 4703 3559 4757 ﬁt

1982 4790 2049 4847 de
2094 4790 2200 4847 illis
2244 4790 2472 4847 consilio
2498 4791 2633 4847 Dei:
2665 4792 2795 4863 quia
2839 4808 2946 4848 non
2986 4808 3172 4849 eorum
3202 4793 3408 4850 fructus
3450 4805 3555 4861 est,

1983 4881 2079 4941 sed
2103 4883 2378 4953 vitisque
2411 4898 2574 4954 super
2609 4885 2793 4953 Spinas
2821 4883 3112 4955 aliquando
3134 4885 3417 4941 exuberat.
3449 4885 3557 4942 Sed

1980 4976 2284 5047 carpendus
2301 4984 2383 5031 est
2408 4976 2620 5042 botrus,
2641 4977 2793 5047 spina
2823 4977 3080 5045 cavenda.
3123 4978 3261 5036 Vitis
3286 4977 3551 5036 Christus.

1981 5070 2100 5136 Sui,
2129 5068 2378 5140 palmites
2400 5070 2493 5139 qui
2524 5068 2705 5147 ferunt
2735 5085 2887 5138 uvas,
2930 5070 2984 5126 id
3027 5081 3110 5131 est
3145 5086 3307 5143 opera
3339 5063 3558 5144 spiritus

1979 5176 2102 5234 qua:
2129 5160 2397 5217 inebriant
2432 5170 2689 5217 mentem.

2056 5253 2222 5311 Vnus.
2268 5252 2559 5311 l7.-—-Sic
2598 5253 2766 5309 omnis
2817 5255 2993 5310 arbor.
3036 5254 3093 5310 ια
3133 5262 3218 5313 est
3263 5253 3556 5311 secundum

1986 5346 2301 5420 praedictam
2348 5346 3026 5418 impossibilitatemzquia
3077 5346 3144 5402 de
3190 5346 3329 5401 mala
3379 5345 3560 5402 radice

1988 5454 2096 5495 non
2125 5445 2307 5509 potest
2326 5436 2533 5494 fructus
2561 5438 2846 5495 suavitatis
2870 5453 3174 5510 erumpere.
3200 5433 3557 5508 Exspectandi

1976 5538 2117 5587 sunt
2137 5528 2268 5585 boni
2309 5528 2519 5585 fructus
2546 5528 2615 5586 de
2641 5530 2783 5587 bona
2834 5529 3043 5586 arbore.
3092 5528 3269 5585 Arbor
3302 5527 3446 5584 bona
3474 5526 3560 5582 vel

1983 5620 2125 5681 mala
2166 5635 2275 5679 non
2300 5627 2499 5677 natura
2541 5636 2661 5692 quae
2703 5622 2760 5680 in
2800 5622 3051 5679 omnibus
3088 5620 3232 5677 bona
3262 5636 3295 5676 a
3324 5619 3437 5676 Deo
3475 5629 3562 5674 est

294 5712 464 5782 Quod
494 5714 540 5770 si
566 5713 795 5770 dixisset
821 5732 835 5768 :
858 5712 1048 5769 Omnia
1087 5725 1421 5783 quaecunque
1459 5710 1622 5768 vultis
1650 5709 1765 5767 ﬁeri
1792 5725 1886 5766 vo—
1974 5722 2188 5779 creata,
2229 5712 2326 5770 sed
2349 5712 2596 5771 voluntas
2620 5715 2764 5773 bona
2792 5715 2874 5771 vel
2916 5714 3076 5770 mala.
3110 5713 3359 5779 Fructus,
3396 5726 3559 5782 opera

308 5805 413 5877 bis,
438 5805 602 5862 facite
629 5805 749 5865 aliis
778 5823 792 5860 :
822 5814 1112 5875 utrumque
1147 5804 1458 5875 complexus
1486 5811 1651 5872 esset,
1676 5804 1729 5860 in
1763 5802 1878 5873 qui-

1986 5820 2106 5875 quae
2149 5819 2249 5862 nec
2284 5805 2427 5863 bona
2460 5806 2617 5883 malae
2651 5807 2941 5866 voluntatis
2992 5814 3218 5879 possunt
3267 5820 3405 5867 esse,
3462 5818 3565 5883 nec
