4068 6344
528 312 626 369 ill

1031 305 1417 362 WALAFRIDI
1451 272 1698 363 STRABl
1743 309 1944 366 FULD.
1983 308 2067 367 nc

2193 310 2341 369 OPP.
2387 312 2562 369 PARS
2596 313 2632 369 Ι.
2674 344 2742 354 --
2783 313 3232 372 THEOLOGICA.

3675 320 3782 375 ΗΞ

527 428 670 485 mala
711 429 866 485 bona:
910 423 1222 481 voluntatis.
1256 422 1509 507 Fructus
1535 426 1690 481 home
1733 422 1943 482 arboris
1970 441 2102 496 gau—
2130 430 2179 490 Α
2207 427 2311 494 Qui
2338 430 2632 499 redi/ienuit.
2664 432 2757 486 Ille
2774 432 3002 487 aediﬁcat
3034 434 3089 487 in
3115 433 3355 512 Christo,
3384 431 3644 502 quiquod
3679 448 3784 488 au-

526 523 693 585 diunt,
736 536 863 592 pax,
890 519 1169 590 patientia,
1215 517 1617 586 longanimitas,
1660 528 1763 573 etc.
1786 534 1801 584 ;
1824 533 1960 588 quos
1996 519 2106 573 fru-
2205 518 2283 573 dit
2327 521 2394 574 ab
2419 521 2510 575 illo
2529 522 2675 577 facit.
2703 521 2878 592 Supra
2913 530 3130 593 petram.
3159 523 3205 577 A
3235 540 3339 594 qua
3369 522 3785 580 Petrus'nbmen

526 622 644 668 ctus
672 627 776 667 non
807 611 907 666 nisi
932 612 1072 666 bona
1102 608 1354 663 voluntas
1377 610 1627 680 parturit.
1666 607 1759 665 Sic
1796 611 2103 666 econtrario

525 703 695 759 malos
717 702 856 758 mala
894 700 1122 755 intentio
1146 700 1339 754 nutrit.

593 791 753 848 Vens.
787 793 868 849 l8.
890 821 960 832 -—
986 791 1108 845 Non
1128 800 1313 860 potest.
1339 791 1453 847 Non
1482 792 1557 846 ait
1580 810 1593 844 :
1620 790 1734 845 Non
1761 800 1938 861 potest
1958 792 2099 847 mala

520 882 683 940 arbor
710 885 850 939 bona
891 882 1028 949 ﬁeri,
1066 882 1155 937 vel
1206 884 1345 937 bona
1388 883 1570 949 mala;
1614 884 1739 953 quia
1788 883 1989 940 Paulus
2031 885 2099 940 de

520 976 867 1046 persecutore
896 974 1071 1030 factus
1111 974 1406 1045 apostolus,
1437 982 1493 1032 et
1521 975 1698 1029 anima
1736 984 1990 1031 manente
2015 976 2097 1030 in-

516 1068 668 1139 tegra
711 1070 928 1131 natdra;
958 1064 1155 1121 affectu
1182 1065 1478 1121 voluntatis
1504 1064 1893 1135 corrumpitur,
1923 1066 2005 1122 vel
2038 1068 2093 1120 in

517 1156 712 1211 melius
736 1164 994 1210 mutator.

590 1246 853 1304 Voluntas
890 1248 1315 1319 uniuscujusque
1357 1242 1523 1303 arbor
1538 1248 1690 1303 bona
1723 1247 1809 1302 vel
1834 1246 1996 1302 mala.
2024 1248 2093 1303 Et

476 1338 658 1393 ‘sicut
713 1341 877 1396 arbor
927 1340 1201 1395 radicatur
1255 1338 1311 1393 in
1364 1346 1539 1404 terra,
1591 1338 1672 1394 sic
1723 1337 1972 1394 voluntas
2028 1337 2091 1390 in

514 1434 714 1489 anima.

586 1524 817 1578 Fructus
861 1520 1017 1576 malae
1042 1519 1252 1574 arboris
1290 1527 1415 1574 sunt
1443 1533 1608 1590 opera
1639 1518 1841 1581 carnis,
1883 1516 2090 1573 scilicet

513 1614 797 1672 foruicatio
824 1613 1120 1677 immunda,
1154 1611 1385 1666 luxuria.

580 1706 742 1763 Vsus.
782 1706 869 1762 l9.
896 1735 967 1746 -—-
995 1703 1180 1759 Omnis
1217 1703 1394 1758 arbor.
1444 1700 1557 1758 Hac
1597 1699 1866 1758 sententia
1913 1701 2087 1772 hypo-

2204 611 2411 680 accepit
2440 626 2537 680 pro
2564 612 2819 668 ﬁrmitate
2838 613 2986 679 ﬁdei,
3010 615 3062 669 id
3084 623 3187 680 est,-
3210 622 3371 685 super
3390 615 3624 684 seipsutn
3648 618 3784 674 tedi-

2201 702 2383 757 licavit
2405 703 2732 761 Ecclesiam.
3346 750 3349 753 ›
3564 772 3569 775 ι

2271 791 2434 845 Vens.
2467 792 2556 847 25.
2578 823 2649 833 --
2678 794 2744 848 Et
2771 795 3052 850 descendit.
3081 795 3278 852 Tribus
3328 794 3501 853 modis
3529 797 3784 857 diabolus

2200 880 2510 951 impugnat:
2538 885 2719 940 carnis
2735 886 3560 956 concupiscentia,exterioribus
3583 891 3777 947 mundi

2196 973 2623 1040 oblectamentis,
2661 978 2745 1033 vel
2770 994 2868 1048 per
2895 994 2976 1045 se,
3007 995 3131 1034 cum
3154 979 3432 1035 universos
3456 991 3650 1037 ventus
3679 981 3783 1038 im-

2196 1063 2497 1134 pulsionum
2525 1064 2691 1120 laxat.
2716 1064 2926 1123 Pluvia.
2956 1068 3425 1139 Concupisccntia,
3451 1085 3483 1125 a
3508 1085 3613 1140 qua
3638 1073 3785 1142 quis»

2192 1170 2299 1225 que
2323 1162 2584 1222 tentatur,
2605 1174 2727 1227 qua:
2753 1174 2968 1215 sensum
2992 1162 3223 1233 rigorem
3250 1162 3375 1218 ﬁdei
3408 1165 3632 1232 emollit,
3659 1182 3782 1236 qua:

2192 1246 2367 1309 sinon
2392 1247 2624 1317 proﬁcit,
2656 1249 2860 1319 majora
2889 1249 3110 1307 ﬂumina
3138 1253 3414 1309 eveniunt.

2262 1335 2425 1391 Vens.
2452 1336 2542 1390 26.
2571 1367 2641 1376 —
2667 1337 2771 1404 Qui
2805 1340 2952 1394 audit
2982 1342 3133 1396 verba
3162 1359 3301 1409 mea,
3322 1352 3463 1410 'etc.,
3508 1348 3775 1403 exterius.

2189 1423 2257 1479 Et
2283 1426 2535 1481 ideonon
2564 1427 2724 1483 habet
2749 1432 3178 1499 excusationem,
3210 1434 3303 1488 sed
3327 1442 3412 1489 est
3456 1437 3613 1492 ruina
3657 1438 3779 1508 ejus

2187 1523 2382 1587 magna
2410 1518 2577 1587 :quia
2596 1521 2809 1574 "monita
2832 1521 3025 1578 salutis
3052 1526 3393 1596 contempsit.
3432 1525 3558 1582 Viro
3588 1530 3775 1585 stulto.

2186 1607 2264 1663 De
2287 1623 2395 1678 quo
2421 1609 2619 1664 dicitur
2646 1626 2661 1665 :
2687 1609 2947 1667 Inimicus
2971 1614 3129 1668 homo
3150 1614 3247 1668 hoc
3270 1615 3586 1687 fecit,‘eujtts
3606 1633 3776 1689 opera

2184 1702 2366 1757 omnia
2387 1702 2657 1758 instabilia
2679 1710 2822 1772 sunt,
2848 1716 2904 1761 et
2927 1705 3095 1761 ruinae
3114 1715 3322 1777 patent.
3342 1707 3512 1780 Super
3533 1728 3775 1768 arenam.

510 1798 676 1855 critas
717 1805 774 1853 et
817 1794 1316 1867 pseudoprophetas
1356 1793 1595 1856 damnat,
1644 1799 1701 1846 et
1737 1789 1881 1860 quod
1912 1804 2076 1859 supra
2110 1786 2155 1846 Β
2182 1792 2589 1865 Qualiacnnque
2609 1795 2719 1851 sint
2746 1811 2867 1866 qua:
2904 1812 3071 1868 super
3095 1798 3776 1871 concupiscentiamvitio-

510 1889 694 1947 docuit
731 1890 798 1945 de
833 1887 1012 1943 cordis
1050 1885 1329 1948 munditia,
1365 1885 1469 1940 hoc
1501 1881 2083 1954 exemplo‘eonﬁrmat,

508 1986 652 2054 quod
679 1998 841 2040 nemo
868 1981 934 2037 de
961 1980 1101 2036 mala
1128 1980 1424 2035 intentione
1462 1977 1699 2034 fructum
1727 1977 1929 2032 bonum
1954 1991 2082 2047 per-

508 2075 659 2145 cipit,
688 2088 789 2130 nec
811 2072 879 2127 de
898 2071 1038 2127 bona
1069 2069 1173 2126 nisi
1194 2071 1395 2125 bonum
1425 2067 1598 2123 metit.

574 2166 743 2222 Vsus.
778 2162 867 2218 20.
893 2190 966 2202 --
988 2160 1164 2232 Igitur
1204 2176 1270 2215 ea:
1311 2158 1585 2229 fructibus.
1633 2154 1798 2223 Quasi
1826 2156 2005 2212 dicat:
2035 2155 2083 2212 Α

505 2258 657 2313 falsis
680 2256 960 2329 prophetis
982 2253 1264 2319 attendite,
1295 2262 1351 2308 et
1377 2266 1446 2306 ex
1473 2249 1740 2306 fructibus
1765 2263 1860 2305 eos
1883 2263 2083 2320 cogno-

500 2354 738 2495 ἐρἜιιεδ.
773 2439 860 2494 2|.
895 2444 969 2479 -‘-'
995 2435 1122 2492 Non
1139 2434 1309 2490 annuis
1335 2432 1427 2505 qui
1472 2432 1619 2486 ditit;
1650 2428 1816 2487 ‘Sicut
1853 2430 2079 2487 cavendi

498 2536 627 2588 Sunt
651 2531 745 2602 qui
786 2529 988 2585 habent
1013 2527 1248 2599 speciem
1277 2526 1432 2581 bonae
1469 2523 1596 2579 vita:
1626 2526 1850 2595 prepter
1884 2522 2080 2591 dogma

498 2624 775 2694 nequitiae,
824 2623 902 2679 sic
951 2629 1006 2676 et
1049 2620 1139 2675 hic
1184 2617 1496 2675 econtrario
1530 2616 1645 2687 qui,
1693 2630 1817 2670 cum
1855 2615 2080 2685 integrat

499 2714 624 2771 ﬁdei
666 2725 725 2771 et
760 2713 1019 2769 doctrina:
1067 2711 1198 2776 sint,
1249 2709 1481 2780 turpiter
1532 2708 1740 2763 vivunt.
1780 2705 2079 2776 Utrumque

497 2807 644 2863 enim
677 2818 900 2860 necesse
921 2811 1022 2870 est,
1055 2809 1113 2856 ut
1132 2809 1188 2857 et
1211 2815 1348 2871 opus
1376 2812 1627 2855 sermone
1652 2805 1707 2852 et
1731 2810 1912 2851 sermo
1940 2811 2075 2867 ope.

499 2901 652 2955 ribus
691 2897 1093 2967 comprobetur.

568 2989 673 3056 Qui
714 2990 886 3042 dicit:
916 2986 1170 3052 Domine,
1211 2984 1453 3039 Domine.
1490 2982 1609 3038 ‘lter
1648 2983 1802 3053 regni
1845 2981 1941 3039 Dei
1996 2990 2079 3039 est

494 3082 824 3146 bbedientia,
843 3095 958 3134 non
987 3078 1221 3134 nominis
1245 3077 1592 3148 nuncupatio.
1625 3075 1741 3131 Non
1778 3085 1861 3131 est
1885 3075 2071 3131 hocil-

493 3174 587 3230 lud
618 3187 747 3228 vere
784 3180 839 3227 et
883 3170 1100 3241 proprie
1140 3170 1320 3225 dicere
1351 3169 1442 3225 ubi
1473 3168 1704 3238 prolatio
1730 3167 2002 3222 discordat
2037 3183 2068 3223 a

490 3262 786 3323 voluntate.
826 3263 912 3318 ﬂe
951 3279 1057 3333 quo
1103 3261 1392 3333 Apostolus
1439 3266 1551 3314 alt:
1578 3259 1749 3313 Nemo
1783 3269 1948 3330 potest
1974 3259 2066 3313 'di-

488 3374 604 3414 rere
620 3373 635 3411 :
652 3357 906 3412 Dominus
928 3354 1109 3419 Jesus,
1125 3354 1225 3407 nisi
1246 3353 1301 3405 in
1315 3350 1516 3422 Spiritu
1538 3360 1719 3405 sancto
1730 3350 1786 3421 (I
1803 3349 1925 3404 Cor.
1940 3350 2063 3421 ιιι).

563 3448 723 3503 Vnus.
753 3446 844 3502 22.
870 3474 945 3486 ο·-
972 3443 1130 3498 Multi
1166 3444 1360 3496 dicent.
1393 3441 1625 3496 Maxime
1651 3451 1831 3496 autem
1864 3457 2064 3497 caven-

488 3541 617 3597 dum
663 3547 748 3594 est
792 3538 859 3592 ab
900 3536 987 3592 his
1035 3534 1128 3605 qui
1158 3542 1380 3603 propter
1408 3545 1604 3586 nomen
1646 3531 1848 3587 Christi
1897 3533 2063 3588 etiam

485 3631 748 3690 miracula
788 3630 1005 3692 habent,
1031 3642 1149 3697 qua:
1173 3640 1296 3682 eum
1326 3620 1545 3696 propter
1587 3624 1833 3680 inﬁdeles
1877 3626 2060 3679 Domi-

484 3741 590 3782 nus
615 3723 824 3789 l’ecerit,
853 3720 1064 3776 monuit
1100 3726 1281 3773 tamen
1316 3732 1385 3772 ne
1415 3732 1447 3771 a
1475 3715 1670 3771 talibus
1689 3718 2057 3787 decipiamur:
2095 3726 2098 3729 ‘

482 3824 737 3892 putantes
765 3814 838 3870 ibi
873 3826 996 3868 esse
1024 3808 1342 3866 invisibilem
1372 3808 1711 3878 sapientiam,
1755 3808 1845 3862 ubi
1871 3817 1954 3862 est
1980 3807 2060 3862 vi:

482 3909 642 3965 'sibile
701 3903 1060 3970 miraculum;
1116 3901 1260 3956 unde
1304 3899 1547 3970 adjungit
1595 3918 1609 3953 :
1647 3897 1805 3953 Multi
1863 3899 2056 3953 dicent.

481 4002 655 4072 Quam
694 4001 893 4061 mundo
936 4012 1067 4069 ergo
1104 4004 1161 4051 et
1200 3994 1430 4066 simplici
1464 3993 1623 4049 oculo
1667 4004 1805 4062 opus
1843 3999 1962 4057 est,
1999 4000 2062 4047 ut

479 4097 788 4156 inveniatur
811 4095 898 4149 via
939 4091 1216 4163 sapientia:
1242 4089 1387 4144 inter
1415 4096 1494 4143 tot
1523 4086 1885 4157 deceptiones.

549 4189 713 4244 Vsus.
742 4186 833 4240 2'5.
854 4213 923 4224 ——
944 4181 1234 4251 Nunquam
1256 4178 1372 4233 novi
1398 4195 1506 4232 vos.
1534 4177 1649 4233 Non
1688 4177 1837 4232 novit
1868 4176 1958 4230 lux
1982 4176 2061 4232 te-

480 4278 698 4341 nebras,
736 4275 790 4330 id
814 4281 929 4338 est,
959 4286 1068 4327 non
1110 4269 1326 4338 aspicit,
1359 4268 1485 4337 quia
1506 4267 1552 4321 si
1587 4268 1878 4337 aSpiceret,
1911 4271 2062 4323 tene;-

472 4371 590 4426 brte
613 4383 722 4424 non
746 4372 945 4422 essent.
981 4362 1085 4429 Qui
1118 4359 1405 4431 aperantini
1443 4358 1789 4428 iniquitatem.
1817 4357 1941 4414 Non
1966 4359 2059 4429 qui

2185 1901 2304 1941 rum
2327 1885 2641 1954 fundantur,
2659 1904 2765 1944 non
2787 1890 3030 1946 stabunt.

2254 1976 2417 2033 Vens.
2437 1977 2526 2033 27.
2549 2007 2617 2020 νο-
2638 1977 2709 2033 Et
2748 1980 2933 2035 cecidit
2968 1981 3171 2054 fuitque
3197 1982 3355 2039 ruina
3403 1984 3520 2054 ejus
3550 2000 3768 2058 magna.

2184 2065 2375 2124 Omnis
2404 2069 2736 2125 conscientia
2779 2087 2899 2143 qua:
2936 2071 3042 2128 ﬁxa
3080 2073 3135 2128 in
3174 2074 3344 2130 Deum
3379 2091 3474 2146 spe
3510 2092 3616 2133 non
3646 2094 3777 2149 per-

2183 2168 2384 2226 manet,
2413 2160 2467 2216 in
2483 2161 2867 2219 tentatiouibus
2889 2178 2994 2220 non
3020 2164 3164 2220 valet
3191 2166 3521 2235 subsistere;
3544 2179 3599 2224 et
3619 2178 3773 2227 tanto

2181 2248 2412 2319 amplius
2440 2250 2639 2321 agitur,
2677 2260 2881 2322 quanto
2908 2253 3028 2324 plus
3060 2254 3116 2311 in
3139 2255 3230 2311 his
3265 2272 3387 2327 qum
3419 2258 3607 2314 mundi
3634 2272 3772 2316 sunt

2180 2353 2212 2393 a
2256 2339 2626 2408 superioribus
2669 2340 2996 2413 disjungitur
3047 2362 3060 2398 :
3115 2353 3171 2400 et
3218 2360 3347 2401 vere
3393 2363 3587 2405 omnes
3635 2350 3770 2407 mali

2179 2432 2264 2489 vel
2298 2432 2422 2490 ﬁcte
2456 2434 2604 2504 boni,
2630 2435 2912 2508 ingruente
2945 2436 3185 2507 qualibet
3228 2439 3525 2496 tentatione
3550 2440 3773 2512 pejores

2179 2525 2332 2582 ﬁunt.
3752 2584 3755 2585 ν

2250 2618 2414 2675 Vsus.
2465 2619 2554 2676 28.
2603 2651 2674 2661 —-
2722 2621 2929 2678 Turbw.
2971 2622 3068 2680 Vel
3101 2623 3269 2694 aliqui
3306 2623 3362 2678 in
3406 2624 3588 2691 turba,
3632 2626 3767 2696 quia

2178 2711 2424 2771 inﬁdeles
2450 2753 2466 2781 ,
2501 2714 2586 2770 vel
2632 2715 2813 2786 potius
2849 2731 3041 2771 omnes
3078 2717 3144 2773 de
3188 2716 3508 2773 excellentia
3548 2719 3772 2790 sapien-

2177 2802 2289 2858 tiae.

2774 2876 3002 2935 CAPUT
3034 2877 3165 2933 Vill.

2246 2986 2412 3042 Vsus.
2448 2988 2496 3042 l.
2519 3018 2588 3028 —
2610 2986 2738 3043 Cum
2761 3001 2936 3044 autem
2956 2990 3325 3046 descendisset.
3361 2991 3490 3047 Post
3532 2992 3767 3049 descen-

2176 3078 2381 3134 sionem
2420 3078 2633 3133 Domini
2676 3080 2744 3135 de
2792 3089 2994 3146 monte,
3034 3089 3165 3146 etc.,
3197 3098 3359 3153 usque
3416 3083 3483 3136 ad
3522 3083 3768 3139 ostendit

2174 3179 2296 3240 post
2324 3179 2585 3240 quantum
2626 3171 2890 3241 temporis
2923 3172 3287 3228 intervallum.
3315 3171 3443 3228 Cum
3470 3185 3645 3229 autem
3667 3175 3763 3230 de-

2169 3259 2470 3314 scendisset.
2514 3260 2820 3316 Secundum
2862 3261 3086 3329 Lucam,
3126 3265 3262 3318 etin
3295 3265 3584 3334 campestri
3638 3253 3762 3322 loco

2167 3367 2472 3410 sermonem
2523 3370 2683 3424 quem
2706 3354 2817 3423 jam
2844 3356 3072 3413 forsitan
3110 3372 3273 3428 supra
3306 3358 3574 3413 habuerat
3600 3359 3651 3414 ei
3679 3360 3763 3416 l'e-

2165 3445 2348 3503 cisset.
2404 3447 2610 3501 Secuta:
2658 3455 2797 3499 sunt.
2835 3445 2940 3501 Alit
2995 3457 3217 3519 propter
3267 3447 3610 3515 charitatem,
3660 3451 3759 3518 alii

2164 3548 2382 3608 propter
2418 3536 2741 3603 doctrinam,
2772 3538 2863 3593 alii
2893 3548 3116 3610 propter
3136 3539 3552 3597 admirationem
3590 3551 3761 3600 etcu-

2166 3631 2450 3685 rationem.

2238 3720 2401 3776 Vens.
2429 3722 2484 3776 2.
2523 3750 2596 3763 -—
2635 3721 2903 3776 Adorabat
2922 3738 3040 3776 eum
3060 3722 3237 3778 dicens
3261 3737 3280 3776 :
3302 3722 3545 3779 Domine.
3570 3725 3779 3784 Prius-‘

2165 3831 2323 3887 quam
2343 3824 2575 3884 peteret,
2601 3814 2807 3869 cultum
2829 3814 3127 3870 divinitatis
3154 3817 3409 3871 ostendit.
3441 3817 3502 3872 Si
3534 3818 3626 3881 vis,
3657 3836 3753 3888 po-

2163 3918 2238 3962 tes
2291 3923 2372 3961 me
2407 3907 2681 3963 mundare.
2724 3907 2798 3962 De
2848 3907 3124 3963 voluntate
3161 3924 3269 3963 non
3321 3909 3476 3980 quasi
3527 3910 3751 3980 pietatis

2162 4002 2504 4069 incredulus,
2543 4002 2765 4067 dubito;
2796 4003 2891 4058 sed
2918 4004 3073 4073 quasi
3103 4019 3237 4059 mea:
3263 4004 3580 4061 colluvionis
3618 4021 3751 4061 con-

2158 4091 2309 4146 scius
2343 4107 2449 4146 non
2497 4106 2789 4162 praesumo;

2232 4179 2396 4237 Vsus.
2422 4183 2457 4236 5
2477 4211 2547 4221 -
2572 4180 2894 4237 Extendens.
2921 4182 3053 4238 Post
3079 4198 3383 4239 sermonem
3402 4192 3456 4238 et
3481 4183 3745 4240 miracula

2156 4271 2313 4338 facit,
2341 4272 2538 4341 quibus
2561 4287 2741 4328 sermo
2766 4274 2909 4343 apud
2939 4275 3215 4329 auditores
3243 4275 3615 4330 conﬁrmatur.
3642 4273 3745 4329 Te-

2160 4365 2293 4435 tigit.
2326 4363 2443 4418 Non
2470 4363 2597 4433 quia
2625 4363 2744 4419 sine
2771 4372 2915 4420 tactu
2960 4380 3155 4421 sanare
3184 4373 3386 4435 posset,
3417 4366 3512 4421 sed
3551 4375 3611 4420 ut
3652 4367 3740 4421 in-

472 4460 683 4533 ‘bpemti
714 4457 873 4520 estis,
905 4468 974 4510 ne
1014 4452 1167 4509 tollat
1211 4450 1606 4521 pcenitentiam,
1644 4449 1737 4504 sed
1770 4450 1864 4520 qui
1894 4451 1947 4505 in
1969 4449 2055 4519 ju—
2084 4486 2132 4546 D
2162 4457 2303 4511 (licet
2329 4470 2388 4510 se
2411 4470 2517 4509 non
2539 4455 2840 4526 subjectum
2866 4470 2984 4512 esse
3005 4457 3125 4527 legi,
3151 4457 3245 4513 sed
3275 4457 3552 4511 Dominum
3577 4457 3739 4528 legis,

472 4555 647 4619 dicio;
670 4551 797 4607 licet
821 4563 927 4604 non
958 4544 1203 4602 habeatis
1224 4541 1531 4598 facultatem
1561 4541 1838 4611 peccandi,
1871 4550 2052 4597 tamen

468 4645 687 4702 habetis
719 4641 990 4697 allectum.

546 4735 714 4790 Vsus.
741 4732 832 4787 26.
856 4761 924 4771 —
940 4728 1120 4784 Omnis
1140 4742 1282 4797 ergo.
1306 4725 1469 4793 Quasi
1491 4725 1634 4781 dicat
1660 4743 1672 4780 :
1701 4724 1891 4781 Omnia
1913 4741 2051 4795 prae-

466 4828 616 4884 ‘tlicta
641 4828 778 4883 bene
801 4822 1029 4881 tenenda
1056 4831 1205 4887 sunt,
1242 4822 1369 4891 quia
1398 4821 1490 4889 qui
1541 4830 1686 4875 tenet
1728 4819 2077 4875 assimilahk

470 4930 564 4993 tur
582 4922 800 4977 Christo
824 4935 838 4985 ;
870 4917 963 4989 qui
985 4931 1090 4971 non
1124 4923 1289 4980 tenet,
1318 4914 1552 4970 diabolo.
1588 4912 1691 4979 Qui
1711 4918 1904 4977 autem,
1927 4926 2048 4981 qua:

472 5017 529 5074 in
554 5018 736 5071 mente
755 5011 946 5067 habita
994 5018 1163 5066 sunt:
1202 5007 1345 5079 quod
1382 5006 1514 5062 dicit
1542 5014 1602 5062 ut
1645 5006 1894 5062 ostendat
1937 5021 2052 5060 ser-

473 5121 688 5163 monem
724 5106 776 5160 in
807 5109 987 5159 monte
1007 5101 1271 5166 habitum,
1303 5099 1557 5156 omnibus
1598 5098 1879 5170 praeceptis
1930 5096 2051 5168 qui-

470 5201 574 5255 bus
601 5197 905 5254 Christiana
933 5195 1043 5249 vita
1070 5192 1414 5258 informatur,
1438 5205 1559 5246 esse
1598 5189 1919 5261 perfectum.
1946 5189 2048 5244 As-

470 5290 806 5346 similabitur.
841 5286 977 5356 Quia
1027 5286 1167 5342 sicut
1202 5283 1452 5339 Christus
1492 5282 1560 5336 de
1588 5279 1832 5350 personis
1881 5280 2049 5335 variis

471 5394 632 5436 unam
656 5379 949 5439 Ecclesium
972 5377 1257 5442 construit,
1289 5374 1485 5440 erudit,
1516 5373 1654 5443 regit
1684 5372 1737 5426 in
1764 5371 1929 5426 vitam
1959 5371 2053 5427 de-

469 5474 746 5529 dicaturus
773 5480 1053 5536 teternam,
1085 5470 1164 5525 sic
1192 5469 1298 5524 iste
1336 5466 1500 5522 variis
1526 5465 1819 5520 virtutibus
1845 5479 2043 5535 perpe-

469 5558 616 5621 tuam
644 5566 978 5622 mansionem
1006 5560 1107 5617 sibi
1127 5561 1379 5625 aediﬁcat,
1405 5566 1461 5614 et
1506 5559 1559 5613 in
1604 5556 1784 5611 futura
1828 5557 2045 5613 dedica-

466 5658 613 5714 tione
634 5672 757 5713 cum
788 5655 1005 5712 Christo
1033 5652 1320 5707 laetabitur.
1357 5647 1500 5703 Viro.
1532 5648 1611 5703 llli
1649 5647 1742 5718 qui
1766 5646 1938 5702 dicit:
1972 5648 2044 5704 Ut

461 5748 679 5818 sapiens
710 5746 1056 5808 architectus,
1081 5741 1485 5797 fundamentum
1516 5737 1668 5809 posui
1714 5738 1769 5794 in
1799 5736 2036 5796 Christo.

2158 4546 2249 4617 qui
2275 4561 2381 4601 non
2403 4546 2555 4600 timet
2590 4546 2922 4616 contagium.
2957 4546 3164 4617 Tetigit.
3219 4545 3446 4616 Propter
3482 4547 3737 4601 humani—

2157 4650 2529 4708 tatem-,ntnos
2554 4642 2770 4697 doceret
2790 4641 2990 4695 nullum
3016 4655 3270 4711 spernere
3293 4657 3390 4711 pro
3410 4641 3591 4709 aliqua
3611 4657 3737 4696 eor-

2152 4736 2301 4807 poris
2336 4733 2715 4789 maculatione.
2744 4735 2979 4802 Apparet
3006 4746 3167 4802 supra
3190 4731 3361 4802 legem
3387 4731 3529 4803 (qua:
3556 4733 3734 4803 lepro-

2154 4842 2272 4881 sum
2302 4826 2560 4896 excludit)
2580 4840 2701 4879 esse
2738 4823 2989 4894 gratiam,
3019 4838 3138 4893 quae
3165 4832 3324 4879 sanat
3351 4839 3473 4879 eum
3493 4840 3510 4888 ;
3531 4833 3585 4879 ut
3614 4827 3691 4879 ait
3717 4839 3731 4878 :

2147 4917 2280 4973 .Non
2308 4918 2419 4973 ueni
2438 4916 2634 4972 soluere
2664 4915 2851 4987 legem,
2871 4916 2961 4970 sed
2984 4916 3287 4987 adimplere,
3316 4924 3420 4972 etc.
3471 4915 3622 4971 Volo.
3654 4916 3732 4972 Eo

2152 5010 2368 5065 sanavit
2391 5022 2586 5079 genere
2607 5022 2715 5076 quo
2740 5006 2918 5063 fuerat
2941 5006 3276 5074 obsecratus,
3307 5006 3502 5064 deinde
3551 5007 3730 5079 impc-

2148 5109 2237 5154 rat
2278 5118 2292 5154 :
2327 5097 2607 5152 Mundare.
2638 5097 2779 5153 Ecce
2818 5106 3078 5168 potestas.

2221 5191 2384 5246 Vsus.
2415 5189 2471 5243 4.
2498 5218 2567 5228 -
2616 5188 2763 5255 Vide,
2792 5190 3006 5255 nemini,
3033 5198 3139 5245 etc.
3183 5189 3384 5245 Tacere
3407 5187 3591 5259 jussit,
3627 5206 3728 5247 nec

2151 5289 2332 5336 tamen
2363 5288 2542 5335 tacere
2573 5279 2763 5350 potuit.
2797 5278 2914 5335 Non
2943 5280 3085 5350 quod
3114 5278 3317 5350 aliquid
3339 5280 3504 5335 voluit
3530 5290 3587 5335 et
3616 5297 3724 5336 non

2150 5371 2340 5443 potuit,
2368 5372 2463 5427 sed
2481 5370 2576 5425 dat
2627 5369 2952 5441 exemplum,
2986 5378 3047 5425 ut
3062 5372 3144 5426 sui
3188 5371 3242 5426 in
3273 5370 3484 5441 magnis
3507 5386 3628 5439 quae
3646 5368 3727 5425 fa-

2147 5463 2298 5521 ciunt
2331 5464 2501 5519 latere
2528 5460 2735 5518 velint:
2782 5463 2879 5519 sed
2910 5471 2972 5518 ut
3014 5465 3223 5534 prosint
3264 5464 3406 5531 aliis,-
3429 5464 3719 5534 prodantur

2146 5555 2321 5611 inviti.
2357 5554 2573 5609 Nemini
2593 5553 2789 5609 dixeris
2816 5553 3011 5624 (Marc.
3036 5556 3096 5626 ι).
3129 5554 3283 5612 Hunc
3304 5564 3481 5612 tamen
3508 5554 3725 5611 Marcus

2145 5647 2237 5703 ubi
2261 5646 2406 5718 quod
2438 5646 2541 5701 hoc
2572 5646 2896 5715 praedicasse
2923 5646 3051 5703 dicit
3071 5648 3227 5717 quasi
3257 5646 3600 5718 Evangelista
3645 5645 3721 5701 fa-

2142 5748 2263 5796 ctus
2287 5739 2376 5795 sit.
2416 5735 2577 5792 Vade.
2620 5736 2779 5793 Mittit
2799 5739 2865 5793 ad
2905 5741 3211 5796 sacerdotes
3258 5752 3477 5811 pmpter
3501 5739 3733 5796 humilii
