4068 6344
301 423 328 476 1.
339 421 404 480 15

1269 419 1534 478 CLOSSA
1575 413 1965 476 OllDlNARlA.
2003 446 2071 456 —
2105 415 2354 472 EVANG.
2397 417 2651 474 MATTil.

3433 421 3538 476 1η

302 542 488 596 tatem,
515 541 576 587 ut
602 533 968 590 sacerdotibus
991 533 1198 590 deferat
1240 536 1497 591 honorem
1538 535 1732 604 quibus
1780 533 1863 585 lex
1893 530 1942 589 A
1969 530 2212 595 Domine,
2239 533 2331 586 sed
2359 535 2615 604 magister
2647 548 2662 584 :
2694 548 2855 587 unum
2885 534 2950 589 de
2985 534 3225 604 pluribus
3263 535 3536 604 magistris

298 625 447 694 jubet
477 624 760 680 mundatus
795 642 1016 681 munera
1049 626 1262 687 olIerre,
1302 636 1436 684 etut
1466 628 1706 682 videntes
1743 641 1866 682 cre—

299 714 431 768 dant
455 713 504 770 ei
536 729 551 767 :
584 715 666 770 vel
691 716 737 770 si
781 732 886 772 non
916 719 1164 783 credunt,
1206 718 1598 774 inexcusabiles
1632 720 1760 783 sint,
1813 727 1868 771 et

300 820 367 869 ne
395 805 564 871 legem
593 805 840 877 frangere
864 808 1153 864 videretur.
1181 808 1404 864 Ostende
1430 819 1477 864 te
1499 810 1773 863 sacerdoti.
1798 809 1868 864 Ut

295 897 551 954 sacerdos
582 913 686 952 non
713 898 849 969 legis
887 900 1092 963 ordine,
1135 901 1226 955 sed
1269 901 1441 970 gratia
1471 901 1564 954 Dei
1611 916 1768 969 supra
1797 901 1869 954 lc-

297 1002 418 1058 gem
450 997 693 1043 curatum
721 1004 841 1045 esse
868 990 1150 1061 intelligat.
1198 991 1367 1062 0/]‘er,
1391 1000 1494 1047 etc.
1529 991 1665 1059 Quia
1696 992 1866 1062 legem

298 1095 404 1133 non
435 1079 606 1142 solvo,
635 1082 759 1150 quia
806 1083 1042 1136 nondum
1067 1083 1232 1152 erepit
1281 1098 1468 1138 verum
1518 1083 1859 1139 sacrificium.

297 1169 364 1223 In
395 1171 762 1224 testimonium.
787 1171 844 1225 id
871 1181 973 1236 est,
993 1172 1218 1227 Domino
1243 1173 1549 1239 credant,si
1576 1174 1869 1243 impietatis

289 1263 444 1331 lepra
471 1261 769 1318 discendat.
795 1261 860 1317 In
885 1265 1256 1327 testimonium.
1287 1263 1594 1335 Spiritttalis
1625 1265 1870 1326 curatio-

292 1354 399 1417 nis,
429 1352 756 1409 oﬂerendum
784 1362 868 1409 est
896 1371 1090 1416 munus
1119 1355 1395 1426 spirituale
1440 1357 1599 1411 homo
1624 1357 1758 1426 ipse.

368 1447 530 1500 Vens.
561 1446 612 1500 7.
641 1476 709 1486 -—-
740 1445 851 1516 Ego
875 1448 1073 1502 veniam
1101 1457 1149 1502 ct
1171 1448 1364 1502 curabo
1391 1463 1526 1501 eum.
1559 1446 1626 1506 Et
1658 1463 1869 1516 respon-

287 1537 422 1589 dens
449 1535 680 1590 centurio
702 1536 797 1600 ait,
835 1545 938 1590 etc.
988 1536 1175 1607 Magna
1205 1537 1498 1601 humilitas,
1545 1545 1676 1602 etc.,
1707 1553 1866 1607 usque

287 1627 364 1680 ad
407 1626 478 1686 ob
531 1627 900 1697 impotentiam
947 1629 1143 1684 virium
1187 1630 1538 1701 corporaliter
1579 1629 1659 1687 ire
1704 1637 1865 1701 puta-

301 1729 474 1778 retur.
1233 1773 1240 1783 _

371 1808 527 1864 Vens.
554 1809 607 1866 8.
645 1841 714 1850 —
745 1811 866 1866 Non
894 1828 1010 1866 sum
1051 1813 1260 1884 dignus.
1318 1812 1543 1884 PrOptet‘
1581 1812 1862 1869 conscien-

1969 625 2262 680 aestimans.

2040 715 2198 770 Vsus.
2239 715 2328 769 20.
2355 747 2422 757 —
2471 714 2660 785 Vulpes
2709 718 2882 785 foveas
2923 719 3128 772 habent.
3170 718 3331 786 Quasi
3356 721 3532 774 dicat:

1969 805 2104 872 Quid
2138 820 2221 859 me
2256 816 2475 876 propter
2502 808 2650 862 lucra
2703 809 2902 870 smculi,
2936 820 3064 874 etc.,
3093 827 3253 881 usque
3292 811 3360 865 ad
3407 813 3540 866 divi-

1969 899 2122 952 nitati
2167 898 2366 953 Christi
2405 915 2508 952 non
2545 907 2628 952 est
2673 898 2840 952 locus.
2890 898 3064 953 Filius
3105 910 3278 955 autem
3310 903 3534 966 hominis

1969 1005 2072 1040 non
2115 989 2283 1051 habet,
2329 998 2434 1044 etc.
2482 988 2615 1043 Cum
2662 989 2906 1048 homines
2950 999 3298 1053 vocanteum
3340 992 3539 1058 Filium,

1967 1078 2084 1143 Dei,
2115 1078 2230 1148 ipse
2248 1080 2480 1150 seipsum
2526 1088 2680 1148 vocat
2703 1079 2897 1148 Filium
2922 1081 3171 1149 hominis,
3219 1083 3536 1142 humilitatis

1967 1184 2152 1225 causa.

2038 1259 2202 1315 Vens.
2231 1260 2398 1316 2l.—-
2417 1261 2566 1316 Alius
2591 1272 2784 1316 autem.
2819 1261 2955 1316 Nota
2983 1263 3126 1319 hunc
3149 1273 3393 1320 vocatum
3419 1281 3536 1322 esse

1967 1366 1996 1405 a
2023 1349 2171 1405 Jesu.
2203 1350 2440 1406 Domine.
2475 1351 2568 1406 Ille
2589 1352 2681 1421 qui
2721 1351 2950 1422 ingessit
3001 1367 3059 1409 se
3095 1363 3252 1409 vocat
3279 1371 3400 1410 eum
3431 1371 3540 1410 ma-

1968 1443 2156 1513 gister.
2200 1451 2260 1497 ut
2295 1442 2469 1498 elatus
2503 1442 2826 1506 Pharisazus,
2863 1444 3004 1499 alter
3036 1446 3127 1514 qui
3166 1455 3411 1515 receptus
3431 1457 3532 1509 est,

1967 1532 2251 1586 Dominum
2280 1540 2434 1587 vocat
2461 1533 2732 1587 humiliter
2752 1575 2768 1598 ,
2797 1534 2936 1588 sicut
2958 1536 3291 1604 publicanus.

2036 1621 2200 1675 Vens.
2240 1620 2328 1674 22.
2371 1651 2442 1661 —-
2485 1621 2722 1676 Mortuo:
2753 1640 2898 1676 suos.
2929 1623 3028 1691 Qui
3057 1625 3213 1694 culpa
3266 1625 3536 1690 exierunt,

1965 1721 2023 1766 ut
2051 1712 2150 1782 ipsi
2182 1727 2305 1766 cum
2330 1712 2486 1782 culpa
2515 1714 2720 1768 vivunt.
2757 1713 2996 1771 Mortuus
3025 1717 3275 1786 sepelire,
3297 1727 3380 1772 est
3418 1732 3540 1788 pec-

1965 1811 2177 1858 catores
2199 1803 2252 1857 in
2280 1815 2501 1872 peccato
2521 1802 2726 1860 fovere.

289 1901 426 1953 tiam
453 1901 577 1955 vine
603 1902 834 1973 gentilis,
885 1903 1055 1974 magis
1104 1905 1257 1959 timet
1299 1905 1512 1976 gravari
1569 1905 1856 1974 praisentia

2029 1894 2192 1948 Vens.
2230 1893 2320 1946 25.
2362 1923 2432 1934 —-
2475 1893 2544 1947 Et
2603 1895 2930 1950 ascendente.
2991 1895 3093 1963 Qui
3150 1912 3344 1969 magna
3411 1897 3539 1952 fecit

285 2005 457 2057 quam
485 1987 682 2057 juvari,
715 1991 839 2060 quia
884 1993 1008 2046 etsi
1047 2002 1165 2047 erat
1197 1993 1299 2048 fide
1328 1994 1603 2062 praeditus,
1633 1994 1870 2049 nondum

288 2092 476 2137 tamen
506 2092 622 2138 erat
652 2084 1006 2140 sacramentis
1031 2085 1286 2150 imbutus.
1322 2084 1427 2140 Sed
1455 2087 1598 2156 quod
1635 2101 1736 2142 nec
1783 2087 1866 2141 in-

286 2173 521 2228 ﬁrmitas
567 2183 748 2229 nostra
808 2175 1081 2243 praesumit
1117 2175 1289 2246 gratia
1343 2177 1469 2232 dare
1498 2176 1662 2230 novit.

368 2263 528 2320 Vens.
561 2263 619 2320 9.
650 2297 715 2304 —
751 2265 892 2331 Nam
913 2272 960 2319 et
981 2282 1092 2336 ego,
1139 2274 1242 2322 etc.
1279 2265 1337 2320 Si
1379 2281 1478 2337 ego
1506 2267 1689 2332 homo,
1736 2274 1867 2335 etc.,

287 2373 454 2425 usque
505 2356 574 2410 ad
598 2366 653 2411 ut
687 2355 969 2414 Cornelius
1013 2357 1210 2413 dicitur
1251 2359 1328 2412 vir
1361 2358 1544 2428 justus
1592 2368 1640 2413 et
1685 2358 1868 2414 timens

289 2445 466 2510 Deum.
499 2446 641 2516 (Act.
675 2445 748 2518 κ).

369 2536 526 2605 Vens.
562 2537 646 2592 11.
674 2567 745 2578 -
786 2537 861 2591 Ab
891 2539 1086 2592 oriente
1108 2548 1155 2593 et
1181 2539 1444 2593 occidente
1475 2540 1671 2593 venient
1714 2548 1761 2594 et
1790 2556 1869 2594 re-

285 2628 550 2682 cumbent.
587 2627 675 2683 Vel
700 2629 900 2694 oriens,
927 2630 1018 2698 qui
1044 2628 1327 2685 illuminati
1348 2630 1531 2686 statim
1556 2638 1862 2696 transeunt;

284 2719 565 2784 occidens,
600 2720 689 2789 qui
725 2722 1002 2791 passiones
1037 2738 1208 2792 usque
1254 2723 1321 2777 ad
1360 2733 1588 2777 mortem
1613 2723 1863 2778 tolerant.

287 2805 400 2878 Per
434 2809 566 2865 istas
593 2811 724 2866 duas
753 2821 935 2882 partes
972 2813 1155 2869 mundi
1195 2827 1261 2869 ex
1313 2813 1506 2884 quibus
1543 2822 1729 2884 gentes
1768 2829 1862 2870 vo-

286 2900 482 2966 canda:
508 2912 661 2957 erant
687 2904 1053 2975 designantur.

369 2993 527 3048 Vens.
553 2997 638 3049 12.
664 3027 733 3038 —-
762 2995 892 3050 Filii
914 3007 1087 3052 autem
1111 2999 1256 3068 regni
1285 2998 1576 3069 ejicientttr.
1623 2996 1759 3065 Quia
1808 2998 1864 3053 in

283 3087 395 3163 hoc
426 3090 624 3143 mundo
665 3088 913 3143 fruuntur
957 3089 1234 3145 beneficiis
1271 3091 1404 3158 Dei;
1465 3091 1759 3148 secundum
1801 3090 1866 3145 il-

284 3175 381 3228 .ud
410 3194 422 3229 :
457 3175 600 3229 Pluit
629 3194 784 3246 super
795 3178 968 3246 justas
999 3187 1046 3232 et
1075 3180 1318 3248 injustas.
1347 3180 1499 3235 Nunc
1527 3181 1778 3236 videntur
1806 3181 1860 3235 in

1971 1983 2024 2038 in
2053 1992 2213 2051 terra,
2238 1984 2432 2040 transit
2455 1985 2522 2039 ad
2575 2001 2744 2050 mare,
2783 1995 2842 2041 ut
2869 1995 2925 2042 et
2951 1989 3025 2042 ibi
3054 1987 3237 2054 faciat,
3275 1999 3331 2046 et
3357 1989 3537 2047 Domi-

1968 2091 2070 2130 nus
2104 2085 2262 2132 terra:
2285 2084 2340 2131 et
2363 2078 2530 2132 maris
2559 2087 2834 2148 appareat.

2038 2169 2201 2225 Vens.
2229 2169 2318 2222 24.
2346 2199 2418 2210 -
2444 2169 2578 2224 Ecce
2609 2181 2795 2244 motus.
2829 2170 2944 2243 Non
2974 2189 3042 2228 ex
3066 2188 3124 2228 se
3149 2183 3266 2229 orta
3295 2183 3376 2228 est
3410 2185 3538 2229 tem-

1967 2268 2170 2333 pestas,
2199 2261 2291 2316 sed
2316 2261 2431 2332 ejus
2453 2261 2679 2331 imperio
2715 2280 2728 2316 :
2753 2270 2810 2316 ut
2829 2263 3073 2333 discipuli
3110 2265 3284 2335 magis
3315 2267 3538 2320 timeant

1968 2360 2022 2407 et
2048 2359 2240 2423 rogent
2273 2370 2284 2405 :
2314 2358 2366 2405 et
2388 2351 2698 2421 rogantibus
2726 2353 2977 2408 ostendat
3029 2356 3343 2425 potentiam.
3397 2357 3536 2410 Dor-

1967 2443 2176 2497 miebat.
2203 2443 2416 2499 Dormit
2461 2443 2514 2497 in
2554 2444 2710 2499 nobis
2745 2443 3024 2510 Dominus,
3058 2447 3108 2500 id
3130 2455 3212 2502 est
3254 2447 3386 2503 ﬁdes
3436 2450 3538 2503 Do-

1967 2536 2139 2601 mini,
2181 2552 2304 2591 cum
2348 2536 2704 2608 negligentius
2767 2538 3014 2607 agimus,
3058 2547 3112 2592 et
3160 2538 3278 2593 ideo
3335 2550 3538 2610 tempe-

1969 2637 2100 2682 stas.
2133 2624 2192 2681 Si
2221 2641 2350 2682 vero
2379 2625 2511 2682 fides
2537 2627 2802 2698 resurgit,
2829 2627 3056 2698 imperat
3085 2630 3262 2684 ventis
3289 2639 3344 2686 et
3367 2631 3538 2685 ﬂueti-

1967 2717 2088 2773 bus.

2040 2809 2202 2864 Vens.
2245 2810 2332 2865 25.
2389 2808 2799 2866 Suscitaverunt.
2841 2810 3078 2866 Primum
3139 2819 3222 2867 est
3269 2811 3534 2871 Jesusin

1969 2898 2408 2956 tribulationibus
2452 2901 2786 2956 orationibus
2811 2903 3145 2967 excitandus,
3173 2912 3233 2956 ut
3277 2913 3398 2972 post
3445 2905 3522 2958 in-

1967 2992 2332 3060 crepationem
2360 3009 2586 3066 surgens
2617 2996 2844 3066 imperet
2884 2994 3056 3055 ventis
3091 3002 3144 3056 et
3181 2993 3339 3060 mari,
3367 3003 3422 3070 et
3471 2996 3540 3054 sit

1969 3084 2328 3153 tranquillitas
2359 3102 2571 3155 magna.
3445 3130 3449 3134 .

2036 3172 2200 3230 Vens.
2230 3175 2319 3230 26.
2352 3208 2420 3218 —
2443 3177 2686 3244 Modiam,
2734 3187 2840 3236 etc.
2867 3177 2924 3233 Si
2975 3177 3200 3233 novistis
3259 3185 3534 3246 potentem

283 3264 430 3318 facie
461 3262 693 3329 Domini,
719 3265 812 3318 sed
842 3274 967 3320 tune
1015 3264 1254 3324 minime.
1287 3267 1354 3321 In
1384 3270 1616 3322 tenebras
1642 3269 1864 3324 exterio-
1892 3239 1937 3301 δ
1971 3268 2026 3323 in
2062 3277 2206 3324 terra
2235 3311 2250 3334 ,
2286 3286 2383 3325 cur
2409 3287 2514 3334 non
2538 3271 2758 3328 creditis
2786 3273 2948 3325 etiam
2978 3273 3031 3325 in
3059 3271 3193 3325 mari
3223 3272 3245 3326 Ἰ
3282 3272 3382 3339 Qui
3449 3286 3539 3340 pa.

282 3369 392 3405 res.
433 3350 568 3418 Quia
600 3369 628 3406 a
672 3353 900 3408 Domino
931 3355 1076 3410 foras
1109 3356 1458 3426 expellentur,
1507 3367 1646 3424 etc.,
1701 3375 1866 3430 usque

281 3443 360 3496 ad
400 3443 624 3512 paenitet
647 3445 788 3514 quod
817 3445 1042 3516 deliquit
1081 3446 1443 3516 pertinaciter.
1496 3447 1699 3504 Fletus.
1756 3448 1868 3506 Per

288 3535 401 3598 hoc
421 3535 723 3592 ostenditur
749 3535 1057 3606 magnitudo
1086 3543 1492 3594 tormentorum.
1525 3538 1630 3594 Per
1655 3539 1862 3612 ﬂetum,

283 3635 620 3698 tormentum
643 3629 865 3698 animm;
915 3647 1012 3701 per
1053 3630 1340 3687 stridorem
1386 3631 1646 3701 dentium,
1675 3649 1867 3706 corpo-

286 3732 390 3780 I‘IS.

367 3827 530 3886 Vens.
555 3831 643 3886 14.
665 3863 735 3872 -
759 3829 825 3886 Et
851 3849 969 3888 cum
991 3835 1223 3902 venisset,
1254 3845 1359 3893 etc.
1390 3837 1615 3907 Quando
1663 3840 1767 3896 hoc
1794 3841 1866 3898 sit

282 3919 500 3973 factum
539 3935 643 3975 non
672 3925 934 3991 expressit
963 3923 1262 3991 Matthaeus,
1293 3936 1428 3995 etc.,
1459 3946 1619 4001 usque
1650 3931 1720 3985 ad
1740 3945 1868 3986 nar-

289 4008 468 4063 randa
510 4011 864 4068 recordationi
893 4014 1010 4085 ejus
1037 4031 1340 4088 suggerere.
1370 4017 1438 4072 Et
1461 4018 1857 4089 febricitantem.

289 4098 485 4154 Febris
507 4099 712 4167 Graece,
743 4102 922 4159 fervor
947 4105 1135 4161 Latine
1182 4108 1424 4163 dicitur:
1468 4118 1525 4166 et
1571 4111 1623 4166 si
1647 4112 1864 4181 quando

287 4192 405 4246 haec
433 4194 610 4262 passio
639 4193 801 4250 faciat
829 4205 1078 4265 tremere,
1103 4208 1307 4256 natura:
1335 4212 1420 4262 est
1450 4203 1716 4262 humanae.

364 4303 524 4360 Vens.
551 4306 636 4361 15.
661 4336 727 4346 -—
753 4308 819 4362 Et
849 4311 1030 4380 tetigit,
1063 4319 1168 4366 etc.
1201 4312 1374 4369 Lucas
1399 4314 1550 4379 dicit,
1595 4318 1736 4385 quod
1772 4332 1862 4383 ro-

286 4405 570 4466 gaverunt,
598 4407 726 4463 etc.,
752 4416 911 4470 usque
943 4403 1011 4454 ad
1037 4411 1096 4456 ut
1122 4403 1321 4479 Delicta
1349 4408 1462 4477 quis
1491 4405 1730 4478 intelligit
1757 4422 1776 4460 .'
1797 4411 1860 4464 ab

286 4489 508 4542 occultis
539 4491 664 4543 meis
687 4492 880 4544 munda
909 4507 989 4545 me
1009 4489 1181 4566 (Psal.
1205 4496 1342 4565 vttt).
1380 4495 1450 4549 Et
1478 4499 1723 4564 surrexit,
1749 4509 1854 4555 etc.

289 4575 550 4632 Naturale
573 4588 654 4634 est
692 4579 1120 4638 febricitantibus
1157 4584 1446 4654 incipiente
1473 4590 1702 4645 sanitate
1747 4591 1852 4647 las-
1881 4592 1932 4652 D

289 4683 528 4734 sescere,
565 4679 694 4737 etc.,
727 4689 886 4743 usque
908 4673 975 4725 ad
1007 4673 1275 4744 ministrat
1305 4677 1357 4730 in
1385 4679 1596 4748 spiritu.

365 4782 528 4838 Vens.
561 4784 642 4838 16.
680 4816 751 4825 -
787 4785 1002 4858 Vespere
1043 4798 1216 4864 autem
1262 4790 1422 4859 facto,
1469 4798 1573 4847 etc.
1625 4793 1860 4867 Occasus

292 4871 448 4935 solis,
481 4889 626 4930 mors
657 4884 740 4930 est
771 4875 993 4945 Christi,
1018 4894 1113 4947 per
1136 4894 1293 4948 quam
1314 4880 1494 4949 plures
1519 4884 1731 4938 sanavit
1754 4885 1859 4939 da:-

291 4969 586 5033 moniaeos,
615 4986 772 5039 quam
806 4979 930 5026 ante
953 4973 1137 5026 vivens
1165 4973 1216 5026 in
1245 4990 1409 5028 carne
1430 4985 1680 5046 aegrotos.

366 5059 530 5114 Vens.
578 5061 659 5128 18..
684 5091 750 5099 —
787 5059 977 5132 Videas
1004 5077 1178 5116 autem
1207 5062 1380 5118 Iesus.
1424 5065 1760 5126 Manifestum
1779 5081 1864 5126 est

291 5152 456 5206 alium
483 5167 604 5208 esse
639 5153 802 5220 diem,
842 5163 969 5222 etc.,
999 5172 1159 5226 usque
1184 5157 1252 5209 ad
1291 5173 1505 5214 amaros
1529 5161 1710 5217 seculi
1759 5144 1860 5219 ﬂu-

291 5252 413 5299 ctus
444 5253 802 5300 transeamus.
1545 5251 1550 5255 “

362 5353 529 5408 Vens.
578 5354 848 5417 ωλι-ιη
891 5356 1158 5410 accedens.
1203 5356 1355 5423 Quod
1406 5357 1685 5423 Matthmus
1732 5362 1861 5418 dicit

290 5449 394 5503 hoc
425 5447 627 5523 factum
657 5448 869 5516 quando
903 5447 1068 5517 jussit
1096 5449 1174 5502 ire
1225 5457 1374 5503 trans
1406 5449 1600 5508 fretum
1634 5472 1646 5507 :
1687 5452 1858 5510 Lucas

290 5553 420 5592 vero
449 5539 833 5592 ambulantibus
869 5538 972 5592 illis
1000 5538 1052 5592 in
1084 5540 1164 5592 via
1193 5553 1212 5590 :
1238 5556 1342 5595 non
1367 5551 1449 5602 est
1486 5545 1813 5600 contrarium
1841 5563 1853 5599 :

290 5629 414 5698 quia
458 5629 541 5682 via
583 5629 929 5683 ambulabant
964 5637 1020 5684 ut
1048 5630 1291 5691 venirent
1333 5631 1397 5688 ad
1431 5631 1647 5688 fretum.
1683 5634 1858 5704 Magi-

289 5731 414 5772 ster.
445 5719 609 5785 Quasi
639 5734 775 5774 unus
801 5720 869 5774 sit
909 5721 974 5774 de
1010 5720 1272 5790 pluribus.
1321 5722 1388 5776 Et
1435 5723 1548 5794 ipse
1594 5723 1861 5799 litterator

290 5817 430 5878 erat,
462 5823 568 5862 non
614 5808 906 5878 spiritualis
950 5810 1177 5882 auditor.
1224 5809 1488 5885 Magister.
1540 5813 1654 5870 Non
1681 5815 1814 5883 dixit
1841 5857 1857 5884 ,

1969 3374 2089 3415 rum
2116 3361 2317 3425 credit,
2354 3363 2599 3432 arguitur
2626 3379 2638 3416 ;
2668 3363 2759 3432 qui
2806 3362 2970 3426 nihil,
3015 3363 3396 3417 contemnitur.
3431 3361 3540 3414 Im-

1965 3451 2186 3520 peravit,
2239 3459 2346 3508 etc.
2411 3452 2506 3507 Cui
2565 3451 2884 3522 imperatur,
2934 3452 3289 3522 imperantem
3351 3451 3531 3506 sentit.

1964 3541 2101 3598 Nota
2121 3545 2263 3614 quod
2293 3545 2470 3600 omnis
2517 3552 2767 3599 creatura
2819 3553 3117 3600 creatorem
3173 3545 3358 3600 sentit.
3408 3543 3538 3612 Quae

1967 3637 2106 3706 apud
2129 3653 2232 3693 nos
2258 3637 2612 3704 insensibilia,
2645 3638 2734 3692 isti
2761 3645 2887 3692 sunt
2914 3637 3210 3693 sensibilia.

2037 3728 2196 3784 Vsus.
2226 3730 2315 3784 27.
2348 3760 2417 3772 —
2441 3729 2626 3795 Qualis
2661 3738 2735 3799 est
2776 3730 2878 3795 hic,
2933 3738 3036 3786 etc.
3093 3729 3298 3803 (Οιιια.)
3347 3730 3538 3797 Qualis

1966 3827 2050 3876 est
2077 3820 2196 3888 iste,
2221 3819 2396 3890 major
2432 3820 2634 3892 Moyse,
2675 3829 2808 3896 etc.,
2857 3838 3015 3894 usque
3064 3824 3133 3876 ad
3183 3838 3290 3878 non
3337 3823 3540 3879 habent

1967 3911 2210 3967 auditum
2239 3912 2628 3984 obtemperant.

2035 4003 2201 4059 Vens.
2231 4004 2320 4060 28.
2353 4003 2422 4058 In
2451 4005 2708 4074 regionem
2750 4000 3154 4060 Gerazenorum.
3181 4005 3384 4062 Geraza
3409 4007 3539 4062 urbs

1963 4103 2046 4152 est
2065 4095 2294 4159 Arabiae,
2317 4102 2448 4160 etc.,
2471 4111 2632 4166 usque
2659 4096 2728 4149 ad
2751 4111 2780 4149 a
2804 4096 3020 4152 Christo
3037 4098 3252 4153 visitata
3269 4112 3368 4168 per
3388 4113 3532 4166 prae-

1965 4185 2249 4241 dicatores.
2276 4184 2392 4238 Duo
2432 4184 2698 4240 habentes.
2760 4185 2974 4241 Marcus
3025 4195 3081 4241 et
3125 4187 3298 4242 Lucas
3351 4188 3536 4242 dicunt

1963 4289 2160 4338 unum,
2190 4281 2320 4339 etc.,
2343 4289 2505 4342 usque
2529 4274 2598 4327 ad
2635 4273 2932 4330 foeditatem
2973 4291 3257 4346 corporum
3287 4275 3538 4332 ostende—

1964 4363 2112 4418 bant.
2147 4361 2302 4418 Stevi.
2337 4361 2548 4418 Marcus
2575 4363 2703 4418 dicit
2732 4365 2874 4432 quod
2905 4363 3209 4434 nullus‘jam
3243 4366 3533 4421 daemonia—

1961 4469 2104 4520 cum,
2131 4462 2263 4518 etc.,
2293 4470 2453 4524 usque
2482 4453 2551 4507 ad
2603 4455 2918 4526 impugnant
2945 4457 3176 4525 aliquem
3217 4458 3464 4512 transite.

2033 4545 2196 4601 Vens.
2223 4546 2312 4601 29.
2342 4577 2412 4587 —
2435 4546 2562 4602 Jesu
2589 4548 2669 4617 ﬁli
2685 4548 2792 4603 Dei
2811 4588 2826 4603 .
2861 4549 3102 4621 (“ILAR.)
3149 4549 3315 4622 Magis
3362 4552 3536 4621 suspi-

1964 4637 2070 4692 cati
2111 4653 2270 4707 quam
2316 4653 2475 4693 nosse
2521 4638 2773 4693 credendi
2821 4649 2964 4694 sunt.
3018 4640 3235 4712 (Auum)
3286 4640 3415 4694 Jesu
3457 4641 3535 4708 ﬁli

1964 4728 2078 4783 Dei.
2113 4727 2341 4787 Tantum
2368 4729 2448 4782 eis
2475 4729 2706 4783 innotuit
2731 4739 2990 4798 quantum
3013 4731 3198 4796 voluit,
3248 4740 3378 4796 etc.,
3434 4748 3526 4784 us-

1963 4836 2061 4891 que
2084 4820 2436 4874 advidebant
2464 4819 2518 4872 in
2548 4834 2633 4883 eo,
2664 4835 2772 4874 non
2803 4819 3112 4874 credebant.
3148 4821 3280 4876 Ante
3309 4830 3528 4890 tempus.
3625 4808 3627 4816 I

1965 4906 2222 4962 Sciebant
2240 4907 2382 4962 enim
2398 4908 2497 4961 sibi
2513 4908 2746 4961 futuram
2771 4907 2824 4961 in
2849 4908 2942 4962 Dei
2969 4907 3191 4976 judicio,
3207 4918 3340 4972 etc.,
3365 4926 3526 4980 usque

1941 4998 2272 5054 ‘adfuerunt
2296 4999 2440 5054 enim
2473 4999 2577 5054 duo
2605 4999 2795 5064 millia,
2826 5011 2884 5053 ut
2913 4999 3125 5054 Marcus
3143 5001 3236 5054 ait.
3273 5000 3531 5072 Torqucrc

1965 5108 2078 5146 nos.
2110 5091 2400 5146 Praesentia
2414 5091 2617 5147 Christi
2641 5099 2846 5146 tortura
2875 5099 2960 5147 est
2984 5091 3104 5159 eis;
3137 5093 3246 5160 vel,
3276 5101 3531 5163 torquen-

1963 5189 2054 5238 tur
2075 5182 2200 5236 dum
2229 5169 2295 5236 de
2315 5181 2632 5250 corporibus
2657 5179 2964 5249 ejiciuntur,
2991 5183 3044 5236 in
3067 5197 3292 5251 quorum
3323 5192 3529 5239 tortura

1961 5270 2365 5326 delectabantur
2390 5311 2404 5335 ,
2434 5270 2574 5325 sicut
2621 5271 2908 5340 praesentia
2955 5271 3050 5327 Dei
3093 5271 3314 5329 refectio
3361 5289 3528 5344 ange-

1963 5359 2161 5414 lorum.

2037 5449 2197 5504 Vens.
2239 5451 2327 5505 51.
2361 5481 2429 5490 —
2459 5448 2608 5504 Mitte
2630 5465 2742 5520 nos.
2776 5450 2910 5507 Nota
2931 5452 3098 5508 multo
3121 5453 3299 5509 minus
3319 5469 3412 5510 eos
3433 5471 3528 5522 sua

1963 5549 2223 5610 potestate
2250 5555 2444 5596 nocere
2475 5540 2798 5607 hominibus,
2837 5543 2930 5612 qui
2953 5559 3051 5599 nec
3094 5545 3376 5615 pecoribus
3402 5561 3528 5615 posi-

1955 5642 2107 5689 sunt.
2154 5633 2266 5689 Nisi
2294 5634 2415 5703 quis
2446 5649 2593 5688 more
2619 5635 2770 5702 porci
2811 5636 3028 5701 vixerit,
3057 5638 3302 5696 diabolus
3326 5637 3380 5692 in
3407 5653 3529 5718 eum

1959 5735 2280 5795 potestatem
2312 5741 2416 5780 non
2441 5725 2656 5795 accipit,
2683 5726 2784 5781 nisi
2809 5725 2947 5783 forte
2967 5729 3033 5782 ad
3060 5729 3416 5798 probandum.

2035 5819 2194 5873 Vens.
2225 5817 2312 5871 52.
2344 5847 2414 5862 ——
2438 5818 2502 5872 Et
2527 5835 2638 5874 ecce
2668 5835 2874 5893 magno.
2909 5820 3303 5898 Digninrhotno
3317 5823 3526 5901 bestiis,
