4068 6344
519 380 619 436 1'15

1010 375 1401 433 WALAFRIDI
1437 375 1681 433 STRABI
1719 379 1921 438 FULD.
1966 382 2129 439 MON.
2171 380 2321 439 OPP.
2362 377 2541 435 PARS
2577 378 2619 441 Ι.
2656 408 2728 433 -..
2763 374 3215 441 THEOLOG‘IC'A.

3650 371 3759 430 116

514 512 637 553 cum
684 504 907 568 propter
936 482 1166 550 Salutem
1194 492 1421 549 duorum
1469 493 1745 550 hominum
1775 494 1881 550 duo
1912 495 2078 553 millia
2107 500 2157 560 Α
2182 495 2256 551 cit
2288 513 2300 550 :
2326 491 2529 550 relictis
2571 489 2841 558 omnibus,
2883 497 3101 546 secutus
3126 482 3210 545 est
3226 479 3357 543 eum
3380 493 3492 542 tam
3523 500 3759 558 corpore
3792 523 3808 568 ε

514 602 803 659 porcorum
828 586 1124 657 perierunt.
1148 582 1402 641 Liberata
1418 583 1613 652 populo
1634 583 1896 654 gentium,
1912 585 2092 645 increc

518 676 629 734 duli
659 666 824 750 agunt
848 676 1019 733 malos
1046 674 1185 730 ritus
1204 673 1259 729 in
1284 674 1480 730 abditis
1508 690 1523 727 ε
1560 687 1703 731 cmca
1743 682 1800 735 et
1821 674 2089 747 profunda

518 768 834 826 curiositate
858 764 1145 823 submersi.

591 858 755 915 Vnns.
783 859 871 914 35.
902 886 976 898 —
1006 854 1257 910 Pastores
1276 863 1449 909 autem
1477 854 1738 926 fugerunt.
1766 854 1901 922 Quia
1922 853 2090 909 etiam

521 948 737 1018 quidam
784 947 1059 1018 principes
1093 944 1417 1015 impiorum,
1463 951 1536 1008 et,
1585 944 1630 999 si
1675 944 1890 1016 fugiunt
1930 943 2090 999 (idem

457 1084 461 1090 .
519 1043 740 1108 Christi,
771 1051 948 1098 tamen
971 1039 1265 1111 potentiam
1289 1038 1405 1109 ejus
1435 1040 1682 1096 mirando
1708 1041 1958 1098 nuntiare
1983 1055 2092 1096 non

518 1141 756 1190 0885301».

530 1230 535 1239 '
592 1225 756 1282 Vnus.
792 1224 881 1279 5-1.
919 1253 990 1264 --
1020 1222 1166 1279 Exiit
1207 1210 1430 1278 obviam.
1479 1222 1680 1301 (81am)
1729 1220 2089 1287 Prodeuntes,

521 1317 738 1388 signant
761 1316 1022 1388 quosdam
1062 1315 1452 1375 consuetudine
1494 1313 1708 1385 ligatos.
1744 1313 1929 1368 mirari
1966 1313 2091 1383 qui;

521 1408 643 1463 dem
673 1416 728 1462 et
754 1407 1002 1463 venerari
1032 1406 1203 1478 legem
1231 1404 1454 1470 Christi,
1479 1406 1573 1461 sed
1594 1405 1737 1461 nolle
1763 1406 1873 1475 pati
1905 1422 1918 1457 :
1950 1405 2093 1460 unde

526 1499 761 1554 transire
807 1507 1016 1569 rogant.
1056 1497 1123 1551 Et
1167 1498 1471 1551 invenerunt
1497 1496 1757 1549 hominem
1802 1495 1881 1566 (ut
1919 1494 2094 1550 Lucas

523 1586 620 1657 ait)
658 1586 899 1641 vestitum
947 1595 995 1641 et
1033 1601 1166 1641 sana
1205 1593 1376 1641 mente
1423 1582 1601 1645 sedere
1648 1582 1717 1637 ad
1764 1583 1918 1653 pedes
1964 1582 2095 1637 Iesu

525 1675 681 1748 (Luc.
712 1674 857 1743 Vill).
888 1673 1160 1746 Rogabant
1183 1690 1322 1728 eum.
1353 1672 1568 1743 Rogant
1611 1687 1718 1728 non
1744 1673 1811 1727 de
1841 1670 2094 1743 superbia

524 1765 591 1820 de
611 1764 916 1820 humilitate
935 1763 1244 1832 iudicantes
1260 1776 1317 1818 se
1337 1762 1609 1834 indignos,
1637 1769 1698 1817 ut
1723 1762 1920 1818 Petrus
1940 1760 2090 1829 fecit,

2192 599 2353 656 quam
2388 591 2587 638 mente.
2616 580 2731 637 Non
2767 554 2985 636 levitate
3021 581 3234 644 ductus,
3256 576 3351 634 sed
3373 576 3604 633 veritate
3624 554 3762 647 opes
3792 554 3809 601 ’⁴

2192 691 2332 742 rum,
2356 682 2412 731 et
2446 673 2627 729 divina
2647 672 2884 743 potentia
2912 671 3058 726 intus
3091 677 3349 742 operante
3375 674 3604 734 tractus,
3629 676 3760 737 per-

2190 766 2333 822 tecta
2365 765 2687 830 obedientia,
2726 771 2781 820 et
2816 762 3055 833 perlecta
3086 759 3504 828 abrenuntiatio,
3532 768 3590 816 et
3608 758 3762 816 lucra

2192 856 2431 927 reliquit,
2452 854 2677 926 cupidus
2702 853 2960 924 sequendi
2989 852 3280 908 Christum.

2261 945 2428 1004 Vens.
2457 943 2544 1002 10.
2568 975 2636 987 --
2657 945 2723 999 In
2752 944 2925 998 domo.
2949 941 3068 999 Non
3099 941 3230 998 dicit
3263 941 3437 1011 cujus,
3469 939 3564 996 sed
3585 938 3766 996 Lucas

2191 1039 2463 1110 exprimit,
2496 1048 2630 1105 etc.,
2671 1052 2833 1108 usque
2874 1035 2945 1090 ad
2990 1034 3340 1090 conversione
3377 1032 3764 1104 pmnitentium

2191 1132 2513 1192 ostenditur.
2538 1128 2676 1185 Ecce
2695 1128 2847 1184 multi
2863 1127 3147 1199 publicani.
3164 1126 3371 1182 Bonum
3396 1120 3721 1197 praesagium
3746 1142 3762 1179 :

2186 1222 2300 1293 jam
2333 1221 2452 1291 ejus
2476 1220 2720 1292 exemplo
2756 1219 2910 1275 multi
2954 1225 3358 1275 convertuntur.
3389 1216 3506 1271 iam
3540 1226 3666 1288 post
3705 1231 3767 1273 se

2194 1311 2387 1368 multos
2416 1311 2602 1376 trahit,
2625 1309 2999 1380 Apostoluset
3035 1306 3225 1365 doctor
3259 1309 3500 1380 gentium
3528 1308 3765 1364 futurus.

2193 1401 2399 1474 (Ηιιειι.)
2419 1399 2737 1455 Ραὸιίοαηὶε
2767 1408 2816 1455 et
2839 1400 3211 1471 peccatoribus.
3237 1398 3603 1455 Tertullianus
3631 1399 3772 1455 dicit

2192 1491 2292 1547 hos
2322 1490 2484 1548 fuisse
2496 1491 2760 1557 ethnicos,
2782 1498 2913 1556 etc.,
2935 1506 3097 1562 usque
3124 1490 3193 1544 ad
3218 1490 3505 1561 praecepit:
3532 1490 3598 1544 In
3625 1491 3767 1544 viam

2191 1584 2422 1655 gentium
2470 1599 2534 1638 ne
2566 1581 2823 1637 abieritis.
2853 1579 3159 1639 Peccatores
3192 1583 3446 1637 uenientes
3477 1583 3772 1639 discumbe-

2194 1676 2336 1731 bant.
2360 1675 2712 1742 Pmnilentes,
2743 1676 2990 1746 exemplo
3015 1674 3267 1741 Mattliaai,
3296 1675 3506 1730 veniam
3536 1689 3770 1745 speran-

2195 1776 2277 1824 tes
2309 1759 2325 1822 ':
2365 1767 2507 1823 unde
2538 1767 2752 1822 Marcus
2778 1766 2906 1823 dicit
2935 1763 3061 1822 hic:
3089 1767 3213 1837 quia
3244 1764 3395 1820 multi
3421 1760 3771 1836 sequebantur

523 1865 582 1911 et
605 1856 766 1911 vidua
801 1855 870 1911 de
896 1846 1033 1914 Elia.
1067 1855 1356 1910 Timebant
1391 1868 1462 1919 ne
1486 1853 1789 1908 destrueret
1828 1868 1923 1909 eos
1950 1868 2092 1924 prte-
2126 1844 2170 1904 B
2195 1876 2311 1915 eum
2347 1858 2539 1931 (Μανε,
2566 1859 2646 1930 ιι),
3147 1858 3156 1874 ⁸

524 1946 697 2001 sentis
740 1945 1042 2007 sanctitatis
1078 1945 1195 2018 ejus
1232 1950 1452 2017 propter
1484 1949 1706 2015 peccata
1752 1958 1850 2000 sua
1882 1984 1897 2011 ,
1953 1944 2094 2001 sicut

524 2042 863 2100 destruxerat
889 2055 1104 2113 porcos.

1126 2176 1351 2235 CAPUT
1388 2176 1479 2235 ιχ.

598 2311 761 2368 Vens.
792 2313 844 2371 1.
875 2342 942 2355 ——-
968 2312 1038 2367 In
1062 2310 1338 2367 civitatem.
1371 2310 1450 2367 Ne
1477 2318 1633 2383 putes
1654 2312 1792 2367 hanc
1819 2325 1937 2367 esse
1990 2309 2096 2366 Na-

526 2404 714 2458 zareth
739 2442 756 2469 ,
803 2413 938 2470 etc.,
980 2418 1143 2476 usque
1180 2401 1250 2457 ad
1288 2401 1666 2474 Capharnaum
1707 2401 1862 2472 quasi
1898 2410 2098 2458 metro-

525 2493 687 2562 polis.

597 2582 762 2639 Vens.
792 2584 923 2639 2.-
939 2582 1258 2654 Oﬂ’erebant.
1274 2583 1534 2639 Doctores
1549 2591 1691 2648 sunt,
1710 2583 1801 2654 qui
1816 2581 2099 2639 sublevant

525 2683 582 2730 et
605 2673 838 2735 oll‘erunt
855 2675 1067 2735 Christo
1089 2675 1355 2732 monendo
1378 2683 1436 2729 et
1456 2674 1857 2733 intercedendo.
1890 2672 2093 2730 Fidem.

527 2764 800 2833 Quantum
818 2766 961 2822 valet
984 2766 1127 2837 apud
1159 2760 1328 2821 Deum
1355 2764 1488 2823 ﬁdes
1508 2765 1743 2836 propria,
1766 2764 1907 2836 apud
1935 2778 2097 2835 quem

529 2856 610 2912 sic
637 2857 807 2913 valuit
834 2857 1028 2925 aliena,
1049 2865 1112 2913 ut
1131 2857 1275 2913 intus
1301 2865 1357 2913 et
1379 2866 1534 2913 extra
1557 2864 1778 2912 sanaret
1801 2856 2094 2911 hominem.

526 2946 768 3018 Con/ide,
789 2948 889 3021 ﬁli,
906 2950 1239 3004 remittuntur
1257 2950 1368 3007 tibi.
1383 2949 1560 3005 Lucas
1579 2948 1708 3003 dicit
1726 2966 1739 3002 :
1761 2947 1952 3014 Homo,
1967 2956 2107 3013 etc.,

526 3058 691 3111 usque
724 3041 796 3095 ad
834 3040 1026 3097 tollens
1054 3054 1273 3117 causam
1310 3039 1505 3105 morbi,
1547 3047 1669 3109 post
1695 3047 1850 3094 curat
1879 3052 2094 3108 corpus.

600 3120 766 3189 Vnus.
797 3132 853 3189 5.
879 3163 951 3175 —-
975 3132 1116 3198 Quid
1141 3141 1235 3186 est.
1264 3131 1400 3191 Nota
1426 3130 1772 3190 inﬁrmitates
1811 3131 2097 3201 aliquando

2261 1949 2425 2011 Vens.
2452 1952 2537 2007 11.
2568 1980 2638 1993 -
2667 1949 2853 2016 Quare.
2885 1966 3013 2004 cum.
3042 1949 3355 2021 publicanis.
3397 1948 3585 2005 Omnis
3622 1963 3770 2018 qum-

2192 2042 2319 2106 stio,
2346 2048 2474 2109 etc.,
2506 2056 2668 2112 usque
2690 2040 2760 2096 ad
2794 2048 2848 2098 et
2890 2040 3069 2097 omnia
3098 2054 3217 2112 qua:
3241 2040 3428 2112 gessit,
3462 2038 3622 2097 saluti
3654 2052 3779 2096 εει-ο.

2193 2131 2367 2187 viant.

2267 2220 2428 2277 Vens.
2458 2221 2544 2276 12.
2574 2253 2644 2263 —
2665 2222 2731 2276 At
2780 2219 2939 2276 Iesus
2981 2220 3223 2287 audiens,
3263 2221 3358 2275 ait.
3385 2221 3452 2277 Et
3487 2229 3772 2292 susceptos

2194 2313 2523 2383 pmnitentes
2545 2313 2777 2384 amplius
2809 2313 2863 2367 in
2891 2313 2992 2369 (ide
3013 2311 3302 2379 confortat,
3332 2322 3388 2369 et
3409 2313 3670 2384 superbos
3698 2313 3774 2367 ad

2196 2407 2519 2464 humilitatis
2565 2418 2620 2464 et
2667 2408 2885 2478 pietatis
2925 2407 3156 2478 gratiam
3203 2414 3481 2477 provocat.
3524 2404 3647 2460 Non
3691 2414 3772 2467 est

2197 2517 2325 2571 opus
2364 2500 2648 2556 valentibus
2692 2501 2919 2555 medicus
2944 2540 2959 2566 ,
2995 2501 3086 2555 sed
3118 2499 3254 2555 male
3294 2500 3623 2565 habentibus.
3658 2499 3774 2555 Me—

2198 2592 2354 2647 dicus
2379 2600 2465 2647 est
2491 2590 2759 2657 Christus,
2792 2601 2921 2657 etc.,
2945 2608 3107 2662 usque
3145 2592 3213 2647 ad
3243 2592 3338 2647 Dei
3370 2592 3595 2649 verbum
3627 2592 3771 2656 reci-

2198 2680 2375 2757 piunt,
2407 2683 2619 2741 esurire
2651 2698 2756 2737 non
2784 2689 3031 2755 possunt.

2269 2770 2430 2826 Vens.
2463 2772 2549 2826 13.
2571 2801 2644 2813 —
2664 2771 2863 2827 Euntes
2898 2760 3072 2827 autem
3103 2772 3273 2830 dicite.
3311 2772 3663 2829 Tumentibus
3701 2773 3774 2829 de

2199 2861 2337 2917 falsa
2363 2862 2572 2932 justitia
2599 2862 2880 2918 consilium
2916 2864 3269 2919 correctionis
3297 2864 3418 2931 dat,
3440 2873 3569 2929 etc.,
3603 2879 3773 2935 usque

2199 2955 2269 3012 ad
2285 2969 2403 3020 ove,
2427 2963 2484 3010 et
2502 2955 2853 3022 drachma,et
2866 2955 3074 3019 duobus
3089 2956 3229 3012 liliis.
3252 2956 3375 3012 Non
3386 2956 3523 3011 enim
3540 2956 3653 3010 veni
3680 2972 3775 3010 vo-

2200 3064 2320 3103 care
2333 3048 2526 3119 justas.
2545 3046 2732 3103 Nonne
2750 3046 3065 3113 Nathanael,
3081 3058 3135 3104 et
3147 3048 3390 3115 Petrum,
3406 3057 3460 3105 et
3474 3049 3778 3124 Andream,

2200 3149 2334 3205 etc.,
2363 3155 2527 3212 usque
2558 3141 2627 3196 ad
2651 3140 2764 3211 jam
2793 3155 2897 3196 non
2919 3141 3050 3212 justi
3074 3141 3174 3197 sibi
3199 3142 3462 3197 videntur.

528 3223 848 3294 contingere
874 3196 1096 3298 propter
1137 3230 1355 3296 peccata
1380 3262 1396 3289 ,
1429 3230 1559 3288 etc.,
1590 3238 1751 3293 usque
1794 3223 1863 3277 ad
1897 3196 2049 3279 unde
2081 3242 2094 3279 :
2125 3196 2169 3260 Ο
2276 3196 2453 3286 νέης..
2485 3229 2571 3285 ll.
2608 3196 2679 3270 -—'
2720 3196 2977 3296 Discipuli
3017 3196 3193 3289 autem
3237 3231 3316 3284 lui
3357 3247 3458 3285 non
3490 3229 3769 3300 jejunum;

531 3313 741 3383 Duplici
768 3314 1076 3369 contritione
1101 3322 1325 3367 conteret
1343 3329 1430 3367 eos
1460 3311 1735 3368 Dominus.
1761 3311 1940 3384 (Βειι.)
1960 3313 2099 3379 Quid

531 3413 607 3460 est
631 3404 863 3475 facilius,
893 3404 987 3462 sed
1008 3406 1265 3476 quoniam
1286 3406 1389 3460 hoc
1409 3404 1688 3476 spirituale
1714 3420 1822 3460 non
1855 3407 2099 3470 creditis,

530 3494 790 3564 probetur
822 3494 977 3563 signo
1023 3493 1220 3550 visibili
1268 3494 1413 3564 quod
1461 3508 1568 3551 non
1616 3494 1842 3550 minoris
1888 3498 2101 3550 constat

531 3597 652 3640 esse
673 3584 943 3655 potentiae,
958 3591 1018 3639 ut
1046 3584 1099 3638 in
1120 3582 1257 3638 Filio
1285 3582 1518 3638 hominis
1543 3583 1800 3638 latentem
1813 3598 2103 3657 cognosca-

532 3673 608 3728 tis
635 3672 930 3743 patentiam
968 3671 1285 3741 maiestatis,
1316 3685 1439 3745 qua:
1473 3679 1654 3744 potest
1680 3672 1953 3728 dimittere
1979 3687 2102 3744 pec-

534 3772 656 3831 cata
685 3771 745 3819 ut
772 3763 932 3819 Deus.

608 3855 772 3911 Vens.
810 3855 864 3910 6.
895 3887 965 3897 —
991 3854 1138 3911 Tunc
1164 3858 1237 3911 ait
1266 3856 1578 3928 paralytica.
1618 3857 1756 3914 Ecce
1787 3874 1884 3929 per
1910 3860 2102 3916 remis-

532 3946 744 4002 sionem
786 3952 981 4018 pdanae,
1009 3948 1375 4004 dimissionem
1409 3947 1579 4021 culpa:
1614 3949 1869 4021 intellige.
1914 3948 2100 4022 Surge.

535 4036 791 4109 Surgere,
818 4047 903 4094 est
927 4038 1163 4094 animam
1190 4053 1222 4094 a
1248 4038 1556 4096 carnalibus
1570 4039 1855 4096 desideriis
1894 4040 2103 4096 abstraa

534 4126 688 4182 here.
705 4125 929 4182 Lectum
946 4126 1156 4194 tollere,
1171 4137 1484 4184 estcarnem
1508 4143 1539 4182 a
1565 4128 1795 4185 terrenis
1820 4129 2105 4189 desideriis

530 4218 605 4274 ad
634 4218 963 4276 voluntatem
990 4220 1210 4291 spiritus
1234 4219 1498 4276 attollere.
1523 4219 1753 4277 Domum
1790 4221 1889 4288 ire,
1917 4231 2001 4279 est
2037 4221 2104 4278 ad

536 4308 849 4379 paradisum
892 4308 1070 4364 redire
1093 4349 1108 4373 ,
1139 4308 1224 4363 vel
1258 4308 1326 4363 ad
1356 4308 1627 4365 internam
1654 4309 1739 4365 sui
1782 4310 2102 4377 custodiam,

538 4412 608 4454 ne
638 4399 835 4454 iterum
856 4407 1062 4471 peccet.
1111 4396 1256 4453 Tolle
1294 4396 1484 4453 lectum
1515 4405 1662 4453 tuum
1686 4408 1735 4454 et
1768 4400 1897 4455 vade
1935 4400 1990 4454 in
2013 4401 2109 4457 do-

537 4503 679 4543 mum
713 4496 878 4542 tuam.
912 4486 982 4542 Ut
1003 4486 1144 4557 quod
1185 4487 1287 4543 fuit
1333 4486 1705 4544 testimonium
1754 4488 2103 4558 inﬁrmitatis,

537 4578 611 4633 sit
634 4577 884 4648 probatio
911 4578 1179 4635 sanitatis.

609 4670 770 4726 Vens.
810 4670 862 4723 7.
894 4699 964 4710 ——
996 4669 1062 4724 Et
1107 4670 1353 4726 surrexit.
1406 4668 1595 4741 Magna
1637 4670 1829 4738 virtus,
1859 4671 1949 4728 ubi
1987 4671 2106 4729 sine

538 4776 691 4815 mora
719 4760 1003 4830 imperium
1044 4759 1190 4816 salus
1228 4760 1535 4817 comitatur.
1584 4759 1737 4819 Unde
1763 4763 2102 4841 meritohqui

539 4853 763 4906 aderant
805 4851 1007 4908 relictis
1057 4852 1408 4924 blasphemiis
1444 4862 1739 4925 stupentes,
1775 4855 1843 4909 ad
1888 4855 2102 4912 laudem

538 4951 925 5001 convertuntur
954 4952 1116 5000 tantae
1145 4942 1463 5014 maiestatis.
2090 4944 2124 4977 '

612 5030 773 5087 Vens.
797 5032 850 5088 9.
880 5063 950 5074 -
979 5033 1119 5089 Vidit
1148 5034 1432 5091 hominem.
1470 5036 1569 5093 Hic
1603 5037 1931 5124 probabilius
1956 5038 2105 5094 vide-

540 5132 649 5188 tur,
672 5124 814 5192 quod
842 5123 1204 5194 praetermissa
1231 5134 1511 5191 memoret,
1545 5141 1670 5182 cum
1691 5123 1975 5182 duodecim
1998 5126 2107 5183 ele-

539 5212 617 5278 git
648 5219 775 5267 ante
807 5224 1130 5271 sermonem.
1170 5212 1237 5268 In
1270 5214 1480 5283 telonip.
1523 5217 1669 5279 Τέλος
1693 5215 1899 5283 Graece,
1917 5216 2108 5275 Latine

538 5304 785 5376 vectigal.
836 5304 1117 5363 Mattlueus
1136 5305 1434 5374 Hebraice,
1476 5306 1667 5363 Latine
1705 5308 1953 5377 donatus,
2014 5310 2107 5380 qui

538 5405 750 5453 tantum
779 5411 976 5455 munus
997 5399 1185 5470 gratia:
1208 5400 1453 5474 accepit:
1483 5398 1634 5465 Levi,
1672 5398 1888 5456 additus
1916 5400 1999 5457 vel
2020 5416 2107 5458 as-

538 5497 806 5561 sumptus,
826 5490 954 5560 quia
979 5490 1160 5546 divina
1201 5488 1396 5546 electio
1418 5504 1540 5546 eum
1582 5493 1897 5562 assumpsit,
1918 5501 1975 5549 et
2013 5510 2112 5550 uu-

538 5598 690 5641 mcro
718 5586 1084 5656 apostolorum
1112 5584 1338 5640 addidit.
1372 5584 1701 5643 Mattha'um.
1730 5585 1920 5643 Caeteri
1942 5589 2112 5646 Evan-

539 5676 742 5747 gelistae
785 5685 1005 5748 propter
1045 5678 1440 5736 verecundiam.
1471 5686 1600 5744 etc.,
1634 5695 1796 5751 usque
1825 5682 1895 5734 ad
1932 5696 2109 5739 sermo

541 5766 887 5837 supradictus
928 5767 1046 5824 fuit.
1090 5767 1339 5839 Surgens.
1373 5766 1552 5841 (Βευ.)
1582 5767 1753 5831 Lucas
1781 5767 1989 5840 plenius
2023 5771 2106 5828 di-

2136 4543 2185 4603 D

2197 3318 2453 3386 lozinnes,
2492 3319 2704 3376 Marcus
2748 3328 2804 3375 et
2848 3319 3041 3386 Lucas,
3073 3328 3201 3387 etc.,
3232 3336 3393 3392 usque
3432 3321 3503 3374 ad
3539 3321 3775 3392 gratiam

2201 3418 2256 3465 et
2288 3418 2608 3480 potestatem
2639 3409 2920 3482 intelligas.

2270 3500 2439 3557 Vens.
2469 3501 2554 3558 15.
2598 3531 2667 3544 —
2705 3501 2963 3573 Nunquid
2987 3513 3220 3573 possunt.
3248 3500 3418 3570 Quasi
3443 3501 3585 3558 dicat
3616 3520 3629 3557 :
3661 3499 3773 3557 F34

2200 3593 2341 3648 cturi
2357 3593 2508 3659 estis,
2533 3602 2591 3648 ut
2611 3592 2876 3664 lugentes.
2900 3600 3029 3657 etc.,
3053 3584 3213 3663 usque
3233 3592 3301 3646 ad
3321 3593 3412 3647 sed
3436 3593 3503 3648 ab
3523 3592 3779 3648 omnibus

2204 3683 2453 3743 terrenis.
2487 3682 2686 3756 Lugere
2706 3683 2939 3767 quandiu
2976 3700 3095 3738 cum
3134 3682 3239 3737 illis
3272 3692 3347 3737 est
3388 3699 3627 3754 sponsus.
3660 3682 3777 3737 Hoc

2202 3772 2369 3829 verbo
2388 3772 2646 3844 exprimit
2674 3772 2802 3828 illud
2833 3769 3121 3842 jejunium,
3146 3779 3459 3843 etc.,ttsque
3486 3772 3554 3827 ad
3583 3776 3775 3842 postea

2198 3863 2538 3936 jejunabunt,
2559 3878 2665 3923 non
2696 3863 2970 3938 lugebant.
2990 3864 3056 3919 Et
3080 3873 3203 3918 tunc
3215 3864 3551 3935 ieiunabant.
3573 3864 3779 3919 Luctus

2203 3956 2271 4015 de
2304 3955 2547 4012 absentia
2585 3956 2803 4026 sponsi,
2834 3971 2935 4012 nec
2973 3963 3100 4012 ante
3141 3954 3563 4015 incarnationem
3604 3954 3779 4010 deluit

2204 4046 2259 4102 in
2302 4047 2566 4119 patribus,
2608 4062 2709 4104 nec
2746 4057 2866 4119 post
2905 4047 3233 4119 passionem,
3277 4048 3382 4103 nisi
3427 4048 3669 4118 quandiu
3716 4048 3775 4103 in

2206 4155 2368 4197 carne
2413 4155 2536 4197 cum
2584 4139 2859 4211 discipulis
2898 4148 3252 4197 conversatus
3291 4148 3392 4195 est.
3422 4139 3777 4212 Jejuuabunt.

2205 4233 2251 4288 Α
2284 4234 2466 4290 mundi
2495 4248 2700 4300 amore,
2732 4248 2841 4288 non
2868 4232 3041 4289 solum
3067 4248 3099 4287 a
3125 4233 3278 4289 cibis.
3313 4231 3601 4303 Spiritualc
3628 4232 3779 4287 enim

2200 4320 2462 4395 jejunium
2490 4338 2614 4379 cum
2646 4322 2718 4378 sit
2752 4337 2879 4392 pars
2905 4322 3029 4378 vita:
3066 4337 3238 4388 novae,
3265 4323 3500 4377 nondum
3528 4322 3609 4377 eis
3646 4336 3781 4377 cons

2209 4412 2376 4477 venit,
2400 4412 2494 4485 qui
2517 4426 2615 4483 per
2638 4411 2742 4467 alia
2769 4412 2936 4468 dediti
2961 4422 3087 4468 sunt
3112 4413 3278 4467 veteri
3307 4412 3449 4468 vitae.

2283 4499 2447 4557 Vens.
2477 4500 2565 4556 16.
2594 4531 2666 4542 —
2685 4500 2853 4559 Nemo
2888 4511 3081 4557 autem.
3109 4501 3274 4570 Quasi
3311 4500 3490 4557 dicat:
3517 4500 3779 4557 Carnalcs

2210 4591 2449 4647 nondum
2478 4591 2579 4646 lidc
2606 4591 2871 4662 passionis
2886 4601 2940 4648 et
2961 4591 3372 4649 resurrectionis
3391 4592 3625 4664 solidati,
3642 4600 3773 4655 etc.,

2209 4700 2369 4756 usque
2391 4683 2461 4738 ad
2485 4683 2584 4755 ipsi
2618 4685 2872 4742 vetustati
2907 4701 3013 4741 non
3047 4684 3316 4741 convenit.
3348 4685 3502 4741 Tollit
3535 4687 3693 4741 enim.
3720 4686 3777 4741 lJ

2208 4782 2294 4830 ‘est
2339 4773 2599 4847 perfectio
2641 4791 2794 4832 novae
2834 4775 2957 4831 vita:
2993 4793 3112 4848 qua:
3145 4791 3250 4831 una
3290 4784 3374 4831 est
3407 4774 3683 4842 dividitur,
3722 4787 3781 4832 et

2207 4865 2376 4921 veteri
2401 4864 2533 4922 fides
2562 4860 2722 4937 quam
2749 4866 2912 4922 habet
2941 4864 3201 4930 aufertur,
3228 4865 3313 4921 cui
3337 4864 3598 4937 perfectio
3625 4881 3779 4922 nova:

2208 4954 2521 5011 debebatur.

2279 5045 2443 5104 Vens.
2483 5045 2568 5103 17.
2604 5079 2673 5089 -
2705 5049 2885 5121 Neque
2924 5050 3153 5104 mittunt.
3209 5050 3441 5107 Eosdem
3487 5051 3780 5123 discipulos

2210 5136 2480 5191 veteribus
2513 5135 2723 5193 utribus
2762 5145 3060 5207 comparat,
3090 5146 3220 5205 etc.,
3246 5155 3408 5211 usque
3442 5138 3510 5193 ad
3544 5140 3600 5195 in
3625 5139 3782 5195 novi-

2212 5233 2321 5281 tate
2349 5240 2541 5281 sensus
2567 5225 2712 5281 intus
2735 5226 3112 5284 reformamur.

2283 5310 2445 5373 Vens.
2473 5310 2560 5372 18.
2587 5347 2655 5357 —
2678 5316 2811 5372 Ecce
2847 5318 3081 5389 princeps
3124 5334 3260 5372 unus
3299 5320 3531 5374 accessit.
3564 5317 3783 5377 Marcus

2212 5414 2268 5462 et
2287 5405 2462 5462 Lucas
2491 5406 2676 5466 dicunt
2702 5407 3205 5479 archisynagogum,
3233 5413 3366 5475 etc.,
3392 5425 3555 5480 usque
3578 5410 3650 5463 ad
3675 5425 3784 5466 εω-

2210 5496 2292 5569 pit
2313 5496 2609 5553 remedium
2637 5511 2856 5569 sperare
2876 5505 2932 5552 et
2953 5510 3214 5567 quaerere.

2278 5591 2442 5645 ‘Vsns.
2467 5589 2555 5644 20.
2581 5619 2647 5630 -
2688 5588 2881 5645 Mulier
2921 5605 3056 5659 ante.
3098 5587 3336 5647 Salutem
3386 5587 3584 5646 Iudaeis
3623 5604 3782 5661 para-

2209 5689 2468 5752 tam,-spe
2492 5689 2639 5736 certa
2664 5681 2940 5751 praeripuit
2968 5681 3265 5752 gentilitas.
3296 5681 3580 5739 Duodecim
3603 5685 3781 5739 annis.

2208 5773 2499 5837 Duodecim
2546 5774 2702 5829 annis
2748 5772 2920 5841 ﬂuxit,
2961 5775 3100 5830 sicut
3143 5783 3197 5830 et
3247 5774 3487 5836 illa-tilia
3531 5785 3781 5838 creverat
