4068 6344
579 259 606 279 δ

335 357 438 414 117

1267 350 1530 412 CLOSSA
1570 350 1963 409 ORDINARIA.
2002 380 2072 390 —
2110 350 2365 408 EVANG.
2407 348 2665 409 MATTII.

3457 343 3556 399 118

334 471 640 529 duodenis:
668 470 791 543 quia
822 484 889 526 ex
919 483 1025 541 quo
1049 466 1331 540 Synagoga
1352 467 1516 538 coapit
1542 466 1651 521 Deo
1675 464 1897 519 l‘amula-
1924 482 1974 542 Α
2073 461 2235 517 Vsus.
2282 463 2332 517 7.
2356 493 2425 502 ——
2446 460 2886 532 Appropinquabit
2912 473 3121 529 regnum
3162 455 3422 512 caelorum.
3458 453 3563 510 Per

335 563 406 628 ri,
434 565 598 633 coepit
638 561 903 634 gentilitas
942 558 1241 616 idololatria
1266 565 1320 614 et
1346 565 1565 628 peccato
1593 555 1774 627 pollui.
1802 555 1899 608 Ac;

329 654 510 709 cessit.
535 651 793 717 Credidit,
817 651 972 717 dixit,
1003 650 1129 721 quia
1154 649 1243 706 his
1282 649 1452 705 tribus
1498 646 1603 703 nde
1642 656 1698 702 et
1737 659 1901 716 opere

329 746 514 803 omnis
548 744 694 801 salus
721 744 1034 814 acquiritur.

409 837 575 892 Vsus.
609 834 699 890 2|.
725 865 793 876 -—
816 834 877 891 Si
916 822 1146 906 tetigero.
1180 830 1504 895 Fimbriam,
1536 843 1643 884 non
1672 835 1895 883 vestem.

329 928 473 997 Quia
505 943 610 983 non
639 928 772 982 vidit
807 926 864 982 in
899 942 1061 982 carne
1092 925 1393 987 Dominum,
1426 920 1520 979 sed
1544 921 1783 991 suscepit
1803 930 1901 989 per

328 1019 608 1090 apostolos
635 1018 1020 1073 incarnationis
1042 1018 1283 1073 verbum.
1313 1015 1510 1071 Beatus
1551 1012 1643 1084 qui
1681 1011 1765 1067 vel
1808 1026 1903 1066 ex-

333 1122 569 1168 tremam
598 1121 806 1180 partem
831 1108 979 1166 verbi
1016 1109 1117 1164 nde
1148 1108 1338 1180 tangit.

410 1205 571 1260 Vens.
590 1202 680 1258 22.
696 1200 1015 1269 —Conﬁde,
1038 1199 1172 1271 ﬁlia.
1196 1196 1437 1257 Credidit
1464 1198 1648 1270 utique
1667 1212 1787 1268 quae
1811 1210 1903 1269 pe-

337 1294 443 1364 tiit,
466 1292 562 1348 sed
590 1291 822 1347 inculcat
852 1291 1017 1345 robur
1048 1296 1104 1344 et
1123 1290 1578 1359 perseverantiam
1608 1287 1661 1343 in
1692 1284 1813 1342 ﬁde.

400 1383 570 1445 iens.
594 1380 777 1436 23.——
812 1378 1050 1435 Vidieeet.
1089 1379 1362 1435 Tibicines
1399 1386 1525 1434 sunt
1568 1391 1785 1432 carmen
1824 1372 1906 1430 lu-

331 1473 506 1544 gubre
529 1479 804 1528 canentes.
833 1470 898 1525 Hi
926 1477 1051 1525 sunt
1092 1468 1336 1542 magistri
1377 1482 1613 1524 maerore
1641 1481 1739 1523 suo
1780 1466 1906 1521 sub-

337 1566 480 1623 ditos
515 1561 909 1627 demulcentes,
952 1568 1008 1616 et
1047 1559 1260 1614 turbam
1297 1558 1605 1615 Iudaeorum
1649 1557 1906 1612 adversus

333 1650 642 1716 doctrinam
686 1648 889 1717 Christi
930 1649 1351 1706 calcitrantium.
1383 1646 1455 1703 Et
1501 1647 1728 1703 turbam.
1768 1646 1906 1715 Quia

324 1742 623 1816 Synagoga
670 1741 911 1797 laetitiam
956 1740 1249 1798 Dominica:
1294 1739 1726 1807 inhabitationis,
1772 1747 1902 1805 etc.,

338 1832 601 1906 usque.ad
625 1833 804 1903 paruit
833 1833 887 1887 in
924 1832 1283 1903 susceptione.

409 1926 576 1983 Vsus.
598 1923 690 1980 24.
710 1954 782 1965 —-
808 1921 930 1978 Non
966 1932 1062 1979 est.
1093 1921 1257 1980 Vobis
1292 1932 1502 1978 mortua
1535 1930 1637 1979 est.
1669 1919 1905 2005 Deo‘au-

341 2027 454 2074 tem
503 2015 593 2087 qui
629 2016 903 2075 suscitare
954 2022 1151 2087 potest,
1187 2014 1421 2081 dormit,
1472 2019 1581 2069 tam
1626 2013 1678 2069 in
1727 2012 1906 2069 anima

342 2128 504 2185 quam
536 2128 779 2185 corpore.

352 2194 365 2200 ’
405 2204 579 2261 Vens.
606 2204 697 2260 25.
720 2235 789 2281 -τ
808 2201 878 2259 Et
915 2219 1032 2260 cum
1064 2204 1228 2276 ejecta
1252 2210 1401 2258 esset.
1431 2200 1488 2257 Id
1513 2207 1618 2268 est,
1662 2213 1786 2256 cum
1820 2210 1910 2253 re-

341 2296 556 2368 probati
576 2306 759 2352 essent
775 2296 1044 2362 irrisores,
1070 2292 1353 2350 intravitin
1371 2292 1662 2350 electorum
1679 2298 1906 2345 mentes.

346 2387 416 2443 Et
445 2388 607 2442 tenuit
633 2403 869 2441 niueum.
896 2384 1009 2442 Nisi
1032 2387 1183 2457 prius
1210 2400 1402 2441 manus
1428 2383 1758 2447 Iudaeorum,
1779 2389 1909 2446 etc.,

344 2495 509 2551 usque
535 2479 605 2532 ad
632 2487 840 2534 secreta
868 2484 1047 2549 potest
1068 2476 1233 2533 deleri
1257 2475 1594 2548 poenitentia.

418 2569 587 2626 Vens.
615 2569 706 2625 27.
722 2600 793 2610 —
809 2568 1151 2623 Transeunle.
1177 2566 1235 2622 Id
1259 2576 1361 2632 est,
1385 2566 1457 2620 de
1475 2565 1634 2620 domo
1655 2564 1916 2635 principis

334 2663 404 2731 ain
436 2670 582 2716 tuam
600 2660 818 2716 domum
833 2700 846 2714 .
872 2659 1073 2715 Domus
1094 2657 1353 2730 principis
1381 2654 1667 2730 Synagoga
1690 2661 1796 2720 est.
1819 2668 1914 2710 sua

354 2755 550 2810 domus
606 2752 844 2810 caelestis
904 2749 1220 2807 Jerusalem.
1276 2748 1395 2804 Duo
1449 2748 1595 2810 caeci,
1647 2754 1756 2802 etc.
1802 2744 1918 2801 Duo

349 2848 503 2913 caeci,
531 2846 638 2903 duo
670 2845 852 2919 populi
885 2845 1065 2913 inscii,
1091 2853 1223 2911 etc.,
1246 2859 1411 2915 usque
1428 2836 1509 2897 ad
1523 2841 1664 2897 idem
1688 2839 1912 2904 factum,

351 2940 448 2998 sed
473 2939 618 2995 aliud
640 2939 835 2996 simile.

422 3029 586 3085 Vens.
613 3029 703 3085 52.
727 3058 797 3070 -
826 3026 1124 3083 Hominem.
1152 3024 1434 3097 Signiﬁcat
1470 3023 1721 3096 gentilem
1749 3034 1919 3094 popu-

2005 549 2162 606 iitlem
2194 564 2358 621 prope
2405 559 2489 605 est
2544 563 2785 620 regnum.
2828 546 2980 603 Sicut
3027 548 3169 602 enim
3210 546 3282 602 sit
3335 562 3564 617 peccans

2000 650 2167 707 terra,
2240 642 2313 697 ita
2376 640 2554 711 justus
2614 640 2687 695 sit
2739 639 2955 704 coelum,
2997 638 3051 693 in
3095 652 3200 708 quo
3228 638 3370 694 Deus
3422 652 3560 709 pra:-

2000 735 2170 805 sidet;
2207 734 2349 790 unde
2409 735 2606 790 dicitur
2651 748 2666 787 :
2718 732 2952 803 Regnum
3008 732 3103 787 Dei
3146 732 3285 787 intra
3345 749 3432 787 vos
3486 735 3566 788 est

2003 828 2155 900 (Luc.
2192 826 2347 895 xvu),
2380 836 2484 892 etc.
2519 827 2658 882 Ecce
2683 825 2810 896 quid
2836 825 3067 880 debeant
3090 824 3388 895 praedicare
3416 842 3429 879 :
3464 824 3566 895 Ap-

2002 919 2382 991 propinquahit
2411 933 2628 988 regnum
2650 916 2929 973 caelorum.
3522 905 3533 910 ’

2076 1009 2240 1065 Vens.
2290 1010 2343 1065 8.
2389 1040 2459 1051 -—
2499 1008 2743 1083 Inﬁrmoa
2791 1017 2988 1062 curate.
3031 1006 3279 1075 Ecclesia.
3324 1008 3566 1065 inﬁrmos

2004 1109 2148 1158 statu
2177 1101 2304 1157 boni
2347 1101 2528 1171 operis
2574 1098 2865 1165 confertat,
2912 1107 3155 1156 mortuos
3204 1100 3257 1154 in
3305 1100 3562 1171 peccatis,

2004 1192 2091 1247 vel
2125 1192 2240 1247 sine
2288 1191 2412 1258 llde,
2438 1190 2699 1256 suscitat;
2731 1190 2971 1260 leprosos
3000 1190 3276 1253 erroribus
3321 1205 3571 1260 aspersos

2005 1282 2248 1347 mundat,
2283 1281 2550 1336 daemones
2574 1295 2673 1350 per
2699 1279 3031 1343 exorcismos
3054 1277 3219 1352 fugat.
3262 1276 3438 1333 Gratis
3484 1296 3575 1334 ac-

2007 1372 2231 1444 cepistis.
2259 1370 2336 1427 Ne
2358 1369 2543 1437 Judas,
2574 1371 2667 1440 qui
2698 1369 2898 1433 loculos
2920 1371 3185 1435 habebat,
3215 1369 3282 1425 de
3312 1369 3569 1441 praedicta

2006 1473 2271 1538 potestate
2327 1464 2607 1537 pecuniam
2662 1478 2990 1534 congregare
3043 1461 3224 1528 vellet,
3272 1463 3568 1531 nequitiam

2007 1556 2122 1627 ejus
2135 1554 2419 1626 supprimit
2433 1553 2711 1618 Dominus,
2733 1552 2951 1609 dicens:
2974 1549 3151 1608 Gratis
3166 1552 3434 1622 accepistis
3445 1560 3567 1613 .etc.

2008 1645 2239 1700 Damnat
2278 1644 2440 1700 etiam
2472 1644 2561 1699 hic
2602 1642 2885 1713 perﬁdiam
2917 1641 3237 1699 Simoniacae
3279 1644 3568 1700 hatreseos.

2010 1735 2159 1791 Dona
2188 1734 2483 1807 spiritualia
2510 1735 2684 1805 pretio
2720 1735 3000 1791 vilescunt.

1934 1830 1983 1890 B
2080 1825 2244 1883 Vsus.
2280 1826 2334 1884 9.
2357 1858 2429 1869 ~—
2455 1825 2657 1882 Aurum
2688 1843 2848 1899 neque
2890 1834 3183 1898 argentum.
3212 1825 3313 1894 Qui
3339 1826 3453 1882 haec
3478 1825 3573 1882 ha-

2005 1920 2216 1986 berent,
2242 1919 2555 1976 viderentur
2584 1935 2688 1976 non
2711 1934 2875 1976 causa
2913 1919 3104 1975 salutis
3129 1921 3443 1991 praedicare,
3476 1922 3570 1976 sed

2008 2009 2165 2066 lucri.
2199 2009 2381 2083 Neque
2409 2011 2683 2081 pecuniam
2703 2011 2758 2066 in
2775 2011 2920 2066 zonis
2948 2012 3149 2066 vestris.
3182 2010 3300 2066 Duo
3330 2021 3457 2067 sunt
3476 2026 3571 2081 ge—

2008 2116 2138 2158 nera
2187 2102 2614 2178 necessariorum
2655 2119 2669 2157 ε
2704 2117 2867 2157 unum
2893 2118 3001 2173 quo
3043 2112 3297 2159 emuntur
3329 2116 3578 2158 necessa-

2009 2195 2116 2262 ria,
2159 2194 2305 2252 aliud
2334 2194 2449 2266 ipsa
2480 2193 2805 2250 necessaria.
2847 2192 2952 2249 Per
2991 2193 3274 2265 pecuniam
3313 2193 3366 2248 in
3401 2195 3576 2258 zonis,

2010 2285 2139 2343 illud
2166 2284 2309 2340 unde
2342 2293 2631 2340 emuntur:
2664 2299 2761 2355 per
2797 2298 2982 2355 peram
3012 2283 3152 2353 quod
3183 2284 3400 2351 emitur,
3434 2286 3578 2355 qqu

2011 2379 2086 2435 ibi
2112 2378 2407 2449 reponitur.
2435 2376 2512 2433 De
2557 2376 2662 2432 hoc
2690 2376 2743 2431 in
2769 2377 3016 2448 passione
3042 2395 3056 2431 :
3092 2375 3315 2453 Quando
3345 2379 3464 2447 misi
3490 2395 3579 2451 uo:

2011 2469 2124 2525 sine
2143 2467 2352 2523 sacculo
2377 2476 2424 2523 et
2436 2483 2585 2539 pera,
2607 2466 2841 2538 nunquid
2869 2466 3035 2539 defuit
3069 2468 3209 2525 vobis
3238 2469 3439 2541 aliquid
3464 2470 3488 2523 γ
3511 2469 3578 2524 At

2013 2560 2093 2615 illi
2115 2560 2358 2614 dixerunt
2386 2572 2404 2611 :
2434 2558 2577 2614 Non.

2089 2650 2249 2707 Vens.
2293 2650 2380 2705 10.
2410 2681 2479 2693 -—
2508 2650 2689 2721 Neque
2722 2651 3092 2710 calceamenla.
3140 2655 3208 2710 Et
3249 2655 3400 2712 Plato
3450 2658 3581 2713 dicit

2016 2740 2151 2799 duas
2186 2756 2471 2812 corporum
2501 2743 2838 2799 summitates
2882 2759 2989 2800 non
3022 2759 3142 2801 esse
3174 2745 3445 2810 velandae,
3480 2761 3581 2803 nec

2017 2844 2288 2890 assuetam
2330 2833 2447 2890 fieri
2482 2834 2677 2891 debere
2706 2833 2981 2891 mollitiem
3013 2837 3207 2906 capitis
3245 2844 3300 2893 et
3335 2838 3527 2909 pedum
3563 2857 3577 2892 :

2016 2923 2151 2981 Cum
2180 2932 2361 2980 autem
2394 2924 2510 2980 haec
2539 2925 2823 2981 habuerint
2868 2925 3196 2990 ﬁrmitatem,
3249 2936 3442 2984 caetera
3492 2944 3582 2984 ro-

2018 3016 2256 3072 bustiora
2283 3023 2425 3071 sunt.
2460 3015 2641 3086 Neque
2663 3015 2880 3088 virgam.
2911 3016 3194 3082 Matthtrus
3211 3026 3274 3087 et
3296 3017 3475 3089 Lucas
3500 3020 3583 3074 di-

346 3121 463 3175 lum
489 3140 502 3174 :
529 3119 616 3175 vel
642 3133 803 3173 omne
826 3133 995 3189 genus
1021 3117 1322 3184 hominum,
1355 3130 1463 3186 quo
1484 3116 1644 3171 ducto
1663 3127 1762 3184 per
1784 3124 1919 3182 prte-
1954 3180 1988 3189 __
2020 3113 2151 3162 cunt
2180 3121 2346 3176 neque
2394 3105 2628 3179 uirgam;
2677 3104 2888 3177 Marcus
2925 3123 3032 3180 non
3078 3108 3179 3179 nisi
3210 3109 3405 3180 virgam
3429 3126 3447 3163 :
3476 3125 3582 3180 quo

346 3212 682 3268 dicationem
720 3211 787 3265 ad
823 3180 1119 3275 Christum,
1141 3217 1196 3264 et
1234 3180 1409 3265 ablata
1430 3180 1752 3273 idololatria,
1786 3180 1919 3261 con-
1945 3180 1991 3242 Ο
2022 3197 2258 3273 nomine,
2298 3206 2429 3263 8th
2466 3212 2629 3268 usque
2677 3198 2747 3252 ad
2786 3197 2889 3253 iter
2926 3194 3324 3271 praedicationis
3360 3215 3583 3271 pergere

347 3302 530 3360 fessus
569 3308 654 3356 est
684 3299 982 3356 Christum.
1014 3300 1180 3374 Konch
1202 3298 1389 3355 Graece
1412 3297 1685 3361 usitatius,
1713 3295 1807 3351 sed
1836 3303 1919 3350 ta-

348 3407 480 3465 guen
511 3389 901 3458 indiﬂ'erenter,
936 3400 993 3446 et
1020 3398 1201 3446 mutus
1232 3398 1288 3444 et
1319 3388 1515 3444 surdus
1537 3387 1763 3442 dicunt.-

2020 3288 2232 3355 debeat,
2263 3289 2592 3344 ostendatur.
2632 3291 2831 3361 Dignus
2854 3300 2949 3346 est.
2983 3291 3132 3347 Unde
3147 3306 3284 3363 ergo
3304 3306 3307 3311 ·
3329 3307 3581 3349 necessa-

2020 3380 2137 3447 ria?
2164 3380 2394 3435 Tantum
2423 3381 2671 3451 accipite,
2701 3392 2958 3453 quantum
2983 3384 3049 3439 ad
3073 3385 3447 3446 necessitatem
3472 3386 3585 3447 Sui.-

420 3482 590 3545 Vers.
627 3484 718 3545 51.
746 3480 1097 3544 -ΡΙιαιιὶτωὶ
1124 3491 1315 3541 autem.
1342 3481 1399 3541 lu
1426 3478 1712 3542 Phariszeis
1739 3476 1933 3539 inlicie~
2020 3474 2151 3547 ﬁcit,
2183 3484 2235 3551 ut
2270 3474 2388 3532 inde
2408 3475 2583 3537 secuti
2617 3477 2834 3557 tetenris
2863 3476 3053 3538 melius
3080 3484 3301 3540 vacetis.

342 3583 479 3639 iitas
505 3582 812 3639 Iudaeorum
841 3583 1107 3655 signatur.

962 3670 1190 3737 CAPUT
1226 3671 1270 3735 Χ
1283 3713 1296 3726 .

427 3762 590 3818 Vens.
622 3761 673 3816 1.
696 3791 769 3803 -
796 3760 861 3815 Et
888 3761 1200 3825 convocatis.
1227 3760 1271 3814 A
1299 3759 1581 3817 curatione
1612 3771 1799 3818 socrus
1819 3754 1922 3811 Pe-

356 3854 451 3919 tri,
498 3863 630 3920 etc.,
676 3869 838 3925 usque
885 3852 954 3908 ad
1006 3860 1250 3908 curatum
1305 3851 1634 3915 centurionis
1685 3862 1920 3905 servum.

356 3945 664 4004 Duodecim.
719 3935 783 4001 Hi
827 3953 951 4002 sunt
991 3946 1223 4019 operarii
1259 3946 1351 4016 qui
1386 3944 1631 4000 mittendi
1664 3950 1841 4009 erant,
1870 3950 1925 3998 et

355 4034 608 4104 quadrati
639 4034 787 4090 orbis
826 4025 1022 4106 partes
1042 4036 1111 4090 ad
1141 4034 1299 4089 iidem
1329 4034 1611 4094 Trinitatis
1657 4033 1919 4099 vocaturi.

358 4120 598 4189 Quorum
634 4123 942 4194 praedicatio
968 4136 1027 4180 ut
1058 4126 1265 4194 pondus
1297 4123 1523 4180 haberet
1562 4124 1921 4192 auctoritatis,

354 4213 518 4279 datur
546 4213 625 4270 eis
651 4223 889 4285 potestas
915 4215 1165 4270 curanda:
1192 4216 1366 4271 omnis
1384 4215 1730 4279 inﬁrmitatis.

428 4302 593 4359 Vnus.
615 4303 669 4359 2.
691 4335 763 4345 -
783 4302 973 4359 Petrus
998 4313 1047 4359 et
1077 4304 1332 4360 Andreas.
1367 4304 1745 4376 Apostolorum
1772 4306 1923 4377 paria

347 4392 586 4465 jugaque
608 4395 798 4461 sociat,
822 4404 947 4459 etc.,
978 4410 1141 4477 usque
1164 4395 1232 4453 ad
1261 4393 1511 4465 Christus
1535 4394 1588 4451 in
1606 4410 1767 4468 quem
1805 4411 1922 4452 cre-

355 4483 536 4539 debat.
1622 4478 1630 4484 ’

428 4575 593 4631 Vens.
621 4575 675 4630 ὅ.
705 4607 775 4617 -
805 4576 1049 4632 Thomas.
1080 4575 1320 4649 Abyssus
1357 4595 1373 4633 :
1410 4578 1536 4650 quia
1581 4576 1920 4645 altitudinem

352 4664 551 4721 divinae
579 4665 795 4721 virtutis
824 4667 879 4722 in
905 4667 1302 4731 resurrectione
1335 4676 1480 4723 certa
1527 4666 1635 4724 ﬁde
1673 4675 1922 4738 pcnetra-

353 4756 452 4811 vit.
478 4756 595 4823 Vel,
621 4757 854 4817 Thomas
874 4758 1139 4830 geminus,
1165 4760 1307 4829 quod
1331 4767 1416 4814 est
1434 4758 1624 4825 Graece
1645 4759 1919 4832 didymus,

346 4858 576 4922 propter
599 4851 816 4907 dubium
841 4868 941 4909 cor
967 4852 1023 4907 iu
1040 4851 1335 4908 credendo.

426 4942 591 4998 Vens.
619 4942 675 4998 4.
694 4973 768 4989 —-
785 4943 855 4998 Et
882 4944 1054 5013 lauta;
1082 4943 1393 5011 Secariotltia.
1418 4944 1667 5017 Magnum
1691 4945 1745 5001 in
1770 4946 1959 5025 nobis~

350 5031 658 5103 exemplum
679 5032 961 5109 doctrinae,
980 5050 1101 5090 cum
1124 5034 1213 5104 qui
1236 5035 1415 5090 omnia
1445 5043 1671 5091 noverat
1689 5049 1796 5092 non
1824 5036 1922 5092 du-

349 5120 554 5189 hitaret
577 5124 907 5193 proditorem
938 5124 991 5179 in
1019 5124 1337 5196 discipulum
1362 5124 1581 5197 eligere,
1605 5133 1769 5197 atque
1790 5141 1922 5198 apo-

351 5214 552 5281 stolum
572 5215 842 5272 ordinare.
866 5215 1039 5287 [labet
1053 5217 1196 5284 enim
1216 5217 1463 5275 Christus
1482 5218 1754 5274 conscium
1777 5234 1924 5273 mttu-

352 5304 499 5362 ditia:
542 5314 756 5375 testem,
801 5323 924 5364 cum
956 5323 1114 5364 suum
1151 5324 1261 5379 non
1289 5309 1495 5373 dubitet
1518 5309 1715 5381 eligere
1743 5310 1924 5382 prodi-

348 5404 549 5463 storem.

428 5485 592 5543 Vens.
634 5486 688 5543 5.
721 5518 790 5529 -—
813 5487 881 5553 In
917 5488 1072 5558 aiant.
1111 5487 1240 5557 Post
1275 5490 1722 5546 resurrectionem
1764 5492 1921 5547 dicit:

354 5578 549 5635 Docete
592 5597 768 5637 omnes
811 5593 1006 5653 gentes.
1060 5579 1167 5639 Sed
1214 5582 1319 5638 hoc
1367 5590 1495 5638 ante
1542 5598 1557 5638 :
1605 5584 1730 5653 quia
1777 5584 1927 5655 prius

355 5680 573 5740 oportet
610 5669 808 5728 Judaeis
847 5672 1150 5744 praedicari,
1184 5689 1251 5729 ne
1288 5690 1506 5733 causam
1547 5676 1779 5732 habeant
1820 5692 1923 5732 non

360 5762 676 5831 recipiendi,
699 5763 823 5831 quin
852 5765 917 5817 ad
950 5772 1134 5846 gentes
1163 5766 1430 5833 apostolos
1460 5767 1621 5842 misit.

2088 3572 2253 3629 Vens.
2283 3574 2367 3631 11,
2400 3603 2466 3615 --
2493 3571 2816 3644 Interrogate
2847 3576 2984 3646 quis.
3015 3574 3347 3641 Testimonio
3377 3577 3583 3633 vicino-

2020 3679 2139 3720 rum
2168 3663 2444 3736 eligendus
2480 3672 2565 3720 est
2592 3664 2807 3735 hospes,
2842 3681 2909 3720 ne
2943 3664 3100 3733 hujus
3133 3667 3354 3723 infamia
3387 3668 3582 3738 praedi-

2012 3756 2166 3826 catio
2188 3743 2431 3812 laudatur.
2462 3756 2665 3829 Dignus
2683 3759 2769 3813 sit.
2794 3756 2873 3813 Ut
2897 3760 3033 3814 sciat
3055 3774 3113 3815 se
3140 3760 3311 3829 magis
3339 3763 3586 3831 accipere

2018 3851 2250 3921 gratiam
2292 3865 2452 3920 quam
2500 3850 2650 3905 dare.
2701 3848 2785 3904 lbi
2830 3860 3051 3906 manete.
3083 3850 3302 3923 (Anam)
3335 3852 3433 3907 Dat
3459 3867 3586 3908 con-

2021 3942 2233 4003 stantia:
2268 3938 2520 4012 generale
2541 3940 2854 3996 mandatum
2882 3951 2942 3997 ut
2971 3942 3255 4012 hospitalis
3279 3942 3582 3999 necessitu-

2012 4031 2161 4091 .dinis
2209 4033 2334 4104 jura
2382 4032 2687 4087 custodiant
2735 4049 2749 4085 :
2799 4032 2920 4088 ideo
2966 4032 3158 4089 domus
3211 4032 3477 4105 eligenda,
3527 4042 3587 4089 ut

2022 4124 2265 4179 mutandi
2310 4123 2528 4193 hospitii
2571 4123 3096 4196 necessitudinisque
3122 4124 3389 4182 violandae
3423 4139 3587 4201 causa

2018 4229 2127 4281 non
2153 4222 2418 4285 suppetat.

2092 4304 2256 4361 Vens.
2304 4306 2489 4361 11.’-
2516 4305 2760 4364 Excutite
2803 4307 3061 4379 pulverem
3107 4310 3171 4365 de
3204 4310 3441 4381 pedibur.
3482 4309 3589 4375 Per

2020 4397 2394 4453 excussionem
2436 4399 2693 4470 pulveris,
2727 4398 3048 4472 intelligitur
3084 4401 3306 4457 amissio
3356 4402 3584 4475 itineris.

2025 4487 2267 4544 Excutite
2293 4490 2587 4561 pulverem,
2616 4490 2684 4546 ad
2704 4494 3144 4548 coutestationem
3165 4494 3363 4550 terreni
3393 4493 3589 4566 laboris

2024 4595 2185 4651 quem
2214 4596 2312 4653 pro
2355 4581 2435 4638 eis
2467 4581 2706 4638 inaniter
2743 4593 3114 4656 susceperant,
3144 4593 3278 4660 etc.,
3315 4601 3476 4655 usque
3519 4587 3589 4657 ας

2023 4687 2113 4743 per
2144 4673 2315 4744 ipsum
2342 4675 2674 4732 Salvatorem
2700 4687 2993 4735 narrantur
3018 4678 3206 4751 abluti,

2094 4761 2258 4821 Vsus.
2291 4765 2378 4820 16.
2404 4796 2474 4806 -——
2509 4764 2646 4822 Ecce
2685 4784 2777 4838 ego
2803 4769 2970 4835 mitto.
2998 4767 3108 4833 illis
3143 4784 3241 4824 sua
3262 4782 3444 4853 ymna
3474 4784 3591 4826 se:-

2023 4855 2238 4912 vabitur
2266 4856 2320 4912 in
2350 4856 2608 4932 futurum,
2640 4867 2771 4924 etc.,
2797 4876 2957 4927 usque
2986 4860 3055 4929 ad
3088 4860 3226 4916 mala
3254 4861 3455 4919 inferre
3480 4877 3587 4932 non

2028 4946 2204 5014 debet,
2229 4947 2323 5003 sed
2345 4947 2594 5004 tolerare.
2620 4948 2769 5006 Sicut
2788 4960 3066 5021 serpentes.
3088 4950 3372 5024 Serpentis
3391 4955 3590 5027 astutia

2023 5048 2125 5105 est,
2158 5049 2287 5106 etc.,
2319 5056 2484 5112 usque
2507 5040 2576 5094 ad
2603 5050 2838 5112 veterem
2865 5041 3013 5097 exuit
3042 5042 3336 5109 hominem.

2022 5196 2027 5205 η
2099 5130 2256 5187 Vens.
2288 5131 2372 5203 18.
2393 5162 2463 5172 —
2497 5130 2565 5192 In
2585 5118 2952 5193 testimonium.
2980 5132 3184 5190 Utinde
3206 5136 3441 5206 perversi
3463 5146 3593 5206 per.

2024 5229 2149 5279 eaut
2167 5262 2190 5298 ,_
2206 5230 2309 5281 etc.
2322 5261 2341 5297 ,ν
2366 5238 2527 5292 usque
2559 5222 2627 5277 ad
2657 5222 3038 5294 testimonium;
3059 5224 3295 5299 ipsorum
3335 5225 3595 5303 inuocem

2026 5310 2131 5366 tite.
3082 5307 3093 5314 ’

2032 5386 2038 5395 ’
2104 5402 2270 5463 Vens.
2304 5401 2392 5458 19.
2426 5401 2647 5457 Dabitur
2672 5403 2809 5463 enim
2840 5405 2979 5461 vobis
3005 5406 3061 5469 in,
3084 5404 3177 5458 illa
3194 5400 3331 5471 hora
3356 5407 3482 5477 quid
3510 5406 3588 5469 lo:

2027 5492 2278 5563 quamini.
2332 5489 2666 5551 Voluntatem
2700 5503 2934 5553 vestram
2976 5511 3074 5566 pro
3116 5495 3330 5555 Christo
3381 5495 3588 5575 offerte;

2028 5583 2276 5655 Christus
2295 5597 2423 5639 vero
2452 5583 2701 5657 loquetur
2719 5601 2816 5657 pro
2841 5578 2918 5644 se.

2105 5672 2266 5733 Vens.
2307 5674 2398 5729 2i.
2422 5706 2490 5716 —
2518 5672 2708 5731 Tradet
2734 5688 2908 5734 autem
2947 5679 3128 5749 frater,
3179 5687 3291 5741 etc.,
3336 5679 3593 5736 Minorem

2031 5767 2268 5835 dolorem
2301 5766 2552 5839 ingerunt
2576 5767 2715 5839 mala
2744 5783 2861 5836 quae
2889 5769 2955 5843 aly
2989 5769 3263 5823 extraneis
3297 5787 3309 5824 :
3336 5765 3591 5844 major-gn!
