4068 6344
529 296 634 394 “9‘

972 312 983 320 ’
1021 339 1409 395 ινΑωιΡιιιυι
1449 336 1694 396 STRABI
1734 340 1937 411 FULD.
1981 342 2144 400 nos.
2185 344 2336 401 ore.
2376 346 2557 405 rans
2594 350 2634 404 1.
2676 382 2742 390 —
2783 351 3237 429 'IHEOLQGICA.

3666 353 3767 408 120

526 466 646 525 quae
692 451 761 506 ab
808 450 913 509 illis
940 454 1197 522 patimur,
1224 452 1289 506 de
1315 469 1543 523 quorum
1576 456 1844 511 mentibus
1887 472 2095 528 prtesu-
2122 457 2173 518 A
2199 469 2345 528 sunt,
2387 463 2482 518 sed
2507 463 2552 519 si
2576 474 2865 537 utrumque
2890 483 2997 524 non
3032 477 3209 538 potest
3235 469 3463 535 servari,
3490 467 3672 524 odium
3710 468 3768 524 in

522 544 804 601 mebamus
835 558 852 598 :
878 545 1003 615 quia
1026 560 1148 600 cum
1171 544 1368 601 danmo
1396 548 1659 617 corporis,
1687 549 1828 604 mala
1850 565 1950 606 nos
1973 566 2096 606 cru-

523 634 669 691 ciant
696 635 908 690 amissae
933 636 1233 691 charitatis.

592 723 755 781 Vens.
787 726 875 780 22.
898 725 1089 792 —Qui
1104 736 1303 794 autem,
1328 738 1435 785 etc.
1465 729 1633 786 Docet
1676 731 1931 799 virtutem
1971 731 2091 799 [on-.-

521 815 853 883 ganimitatis
883 826 937 871 et
962 816 1260 886 patientia},
1286 829 1412 883 etc.,
1457 834 1618 890 usque
1659 819 1728 886 ad
1765 820 1868 887 hoc
1917 820 2093 891 ipsum

519 905 806 975 incipimus
825 907 1103 976 possidere
1130 908 1274 978 quod
1301 924 1508 965 sumus.

590 993 751 1051 Vens.
794 996 961 1051 25.—
987 997 1119 1053 Cum
1142 1011 1336 1055 autem.
1360 1000 1473 1057 Hoc
1495 1003 1564 1058 ad
1585 1003 1713 1065 illud
1736 1013 1947 1076 tempus
1968 1020 2090 1076 per-

519 1089 671 1154 tinet,
712 1105 818 1159 quo
854 1091 1056 1148 dictum
1090 1101 1174 1157 est
1216 1111 1228 1149 :
1262 1094 1330 1157 In
1352 1096 1434 1150 via
1471 1098 1702 1167 gentium
1740 1115 1803 1155 ne
1832 1100 2088 1167 abieritis,

516 1180 659 1253 quod
709 1183 1117 1251 persecutiones
1147 1201 1252 1245 non
1308 1186 1541 1250 debeant
1589 1189 1804 1258 timere,
1853 1192 1947 1247 sed
1995 1193 2090 1251 de:

517 1266 722 1325 clinarc
759 1287 772 1324 :
811 1279 871 1326 ut
911 1272 1277 1344 tribulationis
1324 1277 1540 1341 occasio
1574 1278 1645 1334 sit
1685 1279 1958 1352 Evangelii
2003 1296 2088 1338 se-

514 1374 830 1416 tulnartum.
1606 1390 1610 1397 '

587 1448 750 1505 Vens.
775 1450 865 1506 24.
892 1484 974 1533 τ
993 1454 1116 1510 Non
1136 1466 1213 1519 est
1247 1458 1558 1530 discipulus,
1590 1469 1696 1517 etc.
1729 1460 1809 1518 Ne
1846 1463 2085 1534 indigue-

514 1536 645 1592 mini
675 1539 905 1599 tolerare
933 1539 1077 1613 quod
1109 1546 1281 1603 tolero
1300 1549 1393 1618 qui
1422 1549 1679 1606 Dominus
1706 1568 1847 1618 sum,
1883 1552 2087 1613 faciens

514 1631 657 1700 quod
679 1632 820 1700 volo,
851 1643 907 1691 et
931 1638 1188 1708 magister
1208 1640 1570 1710 docensquod
1605 1634 1737 1703 utile
1761 1645 1891 1700 scio.

2197 566 2351 626 suos,
2375 554 2548 623 pietas
2568 565 2651 617 est
2681 557 2737 611 in
2765 557 2949 613 Deum.

2267 641 2430 700 Vens.
2460 645 2545 702 58.
2575 677 2647 693 ——
2685 647 2754 702 Et
2782 650 2873 720 qui
2900 665 3005 703 non
3032 651 3242 722 accipit,
3268 659 3371 707 etc.
3394 650 3540 706 Crux
3557 650 3770 707 duobus

2192 736 2366 792 modis
2391 747 2657 808 portatur,
2688 751 2819 801 etc..
2859 760 3022 812 usque
3060 744 3129 798 ad
3158 761 3311 803 amor
3351 746 3551 801 Christi
3582 755 3769 802 osten-

2191 825 2369 882 datur.
2401 828 2469 882 Et
2492 831 2727 900 sequitur
2744 848 2843 887 me.
2878 833 3089 888 Aliuuis
3113 835 3257 888 enim
3277 850 3499 891 carnem
3524 845 3764 902 macerat

2190 931 2289 994 pro
2312 916 2458 972 inani
2491 919 2681 989 gloria,
2724 922 2809 978 vel
2830 923 3076 992 proximo
3113 925 3406 980 carnaliter
3436 927 3769 997 compatitur

2189 1013 2250 1058 ut
2265 1004 2434 1074 culpae
2463 1006 2639 1063 faveat
2672 1028 2684 1064 :
2721 1009 2820 1075 llic
2849 1025 3073 1075 crucem,
3093 1010 3236 1067 ferre
3266 1014 3499 1082 videtur,
3526 1016 3619 1071 sed
3657 1017 3764 1071 Do-

2188 1096 2392 1151 minum
2417 1113 2523 1152 non
2556 1101 2820 1171 sequitur.

2256 1186 2419 1244 Vens.
2456 1190 2540 1246 59.
2576 1222 2646 1232 —
2671 1192 2775 1263 Qui
2796 1195 3009 1262 invenit,
3029 1204 3141 1263 etc.,
3164 1195 3392 1263 Nomine
3421 1197 3615 1254 anima:
3645 1200 3758 1265 vita

2184 1295 2425 1352 praesens
2447 1283 2778 1356 designatur.

2255 1369 2416 1428 Vens.
2448 1373 2535 1430 40.
2571 1407 2643 1416 —
2690 1376 2793 1443 Qui
2829 1380 3026 1451 recipit,
3073 1389 3180 1437 etc.
3223 1380 3359 1441 Cum
3405 1381 3471 1437 ad
3493 1382 3758 1454 praedica-

2185 1462 2387 1519 tionem
2421 1465 2607 1533 mittit,
2645 1474 2778 1535 etc.,
2816 1485 2977 1541 usque
3009 1470 3079 1525 ad
3113 1471 3307 1526 debere
3346 1471 3610 1542 stipendia
3662 1488 3758 1529 ac—

2182 1568 2382 1623 cupere.

2252 1644 2417 1699 Vens.
2431 1643 2593 1699 41—
2613 1645 2682 1702 Et
2695 1648 3022 1721 quicumque.
3038 1649 3139 1717 Qui
3155 1651 3448 1723 periculum
3464 1667 3570 1707 non
3588 1653 3759 1707 susci-

585 1721 750 1780 Vens.
778 1726 1027 1785 25.-—Si
1043 1724 1496 1801 patremfamilias.
1521 1732 1769 1789 Ostendit
1788 1735 2085 1803 calumnias
2111 1807 2149 1811 _
2182 1734 2440 1803 pientium
2458 1737 2762 1794 testimonio
2781 1742 2990 1796 excussi
3012 1742 3246 1811 pulveris
3261 1742 3614 1807 denuntiavit,
3642 1760 3761 1799 mes,

513 1831 639 1871 snas
664 1858 679 1881 ,
723 1826 782 1873 ut
826 1834 925 1875 suo
949 1821 1195 1892 exemplo
1235 1821 1409 1877 {erant
1433 1822 1685 1892 injurias...
1708 1824 1861 1881 Unde
1899 1825 2035 1880 dixit
2064 1845 2078 1882 :
2110 1807 2160 1868 Β
2189 1826 2350 1880 ritum
2380 1827 2750 1898 recipientium
2778 1829 2917 1884 ultra
2937 1807 3207 1901 speratum
3230 1833 3587 1888 commendat.
3618 1832 3755 1888 Nota

513 1905 709 1981 Su/ﬁct't
732 1911 837 1964 diei
867 1910 1069 1969 malitia
1100 1930 1216 1967 sua.
1244 1911 1542 1978 Beelzebub.
1573 1915 1698 1970 Beel
1723 1916 1841 1991 ipse
1863 1926 1945 1971 est
1964 1915 2079 1983 Bel,

510 2000 708 2072 Zebub,
738 2013 1087 2077 musca.etc.,
1109 2022 1270 2084 usque
1293 2013 1363 2067 ad
1383 2009 1462 2071 vir
1486 2024 1815 2077 muscarum,
1842 2011 1955 2069 sive
1981 2011 2078 2066 ha-

508 2100 639 2156 bens
668 2116 902 2160 muscas.
1662 2106 1665 2109 ’

578 2194 739 2252 Vens.
770 2196 859 2252 26.
879 2229 950 2239 —
971 2198 1055 2254 Ne
1083 2217 1204 2272 ergo
1235 2202 1510 2255 (inmeritis
1550 2217 1657 2256 eos.
1692 2201 1888 2255 Eorum
1920 2201 2079 2255 saevi-

506 2288 635 2343 tiam
675 2290 759 2347 vel
800 2291 1182 2363 blasphemias,
1230 2295 1353 2363 quia
1390 2294 1568 2348 veniet
1609 2293 1725 2349 dies
1778 2309 1902 2349 cum
1940 2294 2081 2348 Deus

497 2379 761 2446 iudicabit
802 2384 1015 2446 occulta
1055 2385 1359 2453 hominum,
1394 2386 1486 2440 ubi
1516 2394 1572 2441 et
1608 2384 1851 2455 nequitia
1900 2385 2076 2441 disco-

503 2474 798 2542 operietur',
834 2484 887 2530 et
911 2485 1087 2531 vestra
1128 2478 1378 2544 intentio,
1404 2494 1545 2544 nunc
1574 2477 1673 2534 soli
1706 2478 1815 2535 Deo
1838 2478 2075 2549 cognita,

504 2567 571 2623 ab
594 2568 845 2624 omnibus
869 2570 1091 2631 scietur.
2010 2552 2017 2559 ι

548 2658 735 2739 νγειιε.
764 2659 852 2714 27.
884 2691 953 2699 -
985 2660 1137 2726 Quod
1167 2663 1305 2725 dico.
1336 2662 1448 2718 Hoc
1478 2673 1576 2725 est,
1612 2664 1666 2717 in
1696 2678 1804 2734 quo
1834 2663 1953 2719 volo
1986 2678 2078 2718 vos

502 2756 813 2802 constantes
843 2762 981 2814 esse,
1014 2757 1120 2804 etc.
1142 2789 1157 2815 ,
1188 2766 1349 2821 usque
1375 2752 1443 2805 ad
1471 2750 1677 2807 calcato
1699 2752 1877 2807 carnis
1902 2751 2073 2807 domi-

498 2836 625 2890 cilio
640 2837 943 2907 praedicate.

579 2947 741 3003 Vens.
760 2947 853 3002 29.
882 2976 947 2988 -ο
980 2947 1168 3019 Super.
1211 2949 1485 3022 Loquitur
1524 2951 1678 3023 juxta
1720 2968 1923 3008 morem
1970 2952 2076 3008 Pa-

498 3037 738 3103 lestinae,
767 3049 896 3102 etc.,
939 3056 1101 3109 usque
1126 3040 1195 3094 ad
1229 3041 1281 3096 in
1311 3049 1421 3099 toto
1450 3043 1649 3097 mundo
1670 3042 1855 3098 dicite.
1885 3043 2076 3097 Nonne

2179 1916 2346 1972 Dem
2383 1918 2555 1989 magis
2602 1920 2667 1974 ad
2709 1922 2855 1990 pium
2893 1920 3141 1976 affectum
3179 1923 3445 1993 respicere
3482 1938 3641 1995 quam
3683 1922 3755 1976 ad

2179 2007 2536 2083 quantitatem
2581 2009 2660 2073 rei
2716 2010 2994 2081 exhibita.
3027 2008 3128 2068 Uni
3157 2027 3222 2069 er
3262 2012 3512 2070 minim's.
3544 2010 3753 2068 lllinimi

2180 2112 2308 2165 sunt
2335 2104 2427 2175 qui
2450 2104 2584 2159 nihil
2608 2105 2823 2175 penitus
2854 2106 3056 2163 habent
3088 2107 3143 2176 in
3180 2108 3284 2164 hoc
3316 2107 3539 2175 mundo,
3575 2114 3630 2162 et
3662 2105 3755 2177 ju-

2179 2194 2329 2250 dices
2360 2206 2521 2251 erunt
2549 2212 2673 2252 cum
2690 2196 2928 2254 Christo.

2780 2370 3006 2429 CAPUT
3043 2370 3135 2427 XI.

2252 2504 2420 2570 Vens.
2447 2505 2509 2560 2.
2533 2535 2601 2546 —
2628 2506 2860 2561 Joannes
2884 2514 3081 2561 autem.
3113 2505 3177 2560 Et
3193 2505 3319 2561 dum
3339 2504 3586 2563 Christus
3612 2521 3751 2576 prce:

2176 2596 2398 2661 dicaret,
2426 2605 2557 2663 etc.,
2574 2597 2824 2672 usquead
2845 2597 2969 2668 quis
2990 2596 3231 2653 ordinem
3261 2597 3336 2652 rei
3357 2608 3520 2668 gesta:
3535 2605 3744 2666 teneat,

2177 2703 2283 2743 non
2311 2696 2554 2758 apparet.
2616 2742 2621 2747 .

2244 2777 2403 2837 Vens.
2436 2778 2489 2832 ὃ.
2520 2809 2590 2821 -
2620 2778 2699 2835 Tu
2721 2796 2794 2834 es.
2818 2779 3038 2844 Nonait
3054 2781 3144 2852 qui
3163 2780 3537 2851 uenisti,qu
3555 2779 3743 2837 dicat:

2175 2873 2309 2930 Cum
2340 2873 2405 2927 ad
2438 2871 2648 2926 inferna
2676 2872 3034 2928 descensurus
3079 2887 3199 2927 sum
3232 2890 3245 2926 :
3279 2874 3447 2929 debeo
3491 2882 3545 2927 te
3598 2888 3740 2927 nun.

2176 2965 2315 3021 tiare
2364 2964 2572 3032 inferis,
2620 2965 2712 3034 qui
2757 2964 3000 3021 nuntiavi
3051 2965 3278 3035 superis.
3315 2966 3401 3021 An
3456 2966 3744 3022 conveniat

2174 3056 2311 3111 Filio
2343 3055 2439 3110 Dei
2482 3054 2642 3122 mori,
2672 3069 2741 3109 an
2769 3053 2933 3110 alium
2960 3055 3028 3111 ad
3066 3056 3181 3112 lucc
3218 3064 3562 3111 sacramenta
3601 3055 3734 3111 misq

498 3128 604 3181 duo
617 3127 895 3199 passeres?
914 3127 1089 3189 Lucas
1107 3146 1121 3184 :
1140 3128 1329 3190 Nonne
1356 3131 1580 3202 quinque
1599 3146 1833 3200 passeres
1855 3141 2074 3186 veneunt
2098 3162 2142 3225 ε
2174 3162 2336 3204 sums
2355 3148 2451 3202 es?

499 3218 751 3289 dipondio
773 3216 923 3290 (Luc.
948 3218 1094 3289 xu)?
1122 3218 1233 3279 Nec
1259 3221 1484 3277 multum
1512 3221 1697 3286 distat,
1728 3231 1786 3275 ut
1806 3223 1910 3277 duo
1943 3237 2064 3278 asse

499 3316 552 3377 ct
583 3308 820 3379 quinque
856 3307 1135 3379 dipondio.
1171 3308 1441 3380 Dipondio
1459 3309 1601 3366 enim
1629 3318 1715 3367 est
1744 3326 1810 3365 ex
1858 3304 2065 3367 duobus

501 3400 733 3455 assibus.
767 3399 919 3469 Quod
951 3408 1131 3463 autem
1181 3400 1235 3454 in
1266 3401 1507 3459 numeris
1542 3410 1625 3456 est
1653 3417 1813 3467 unus,
1864 3402 1967 3459 hoc
2010 3402 2064 3456 in

496 3491 733 3562 pondere
753 3504 814 3546 as
846 3508 858 3544 :
888 3490 1110 3564 etquod
1131 3490 1260 3553 duo,
1284 3491 1387 3545 hoc
1414 3491 1719 3560 dipondios.
1748 3491 1816 3557 Et
1842 3508 1981 3556 unus
2001 3509 2066 3547 ea:

496 3578 624 3634 illis.
667 3578 946 3646 Quomodo
990 3594 1120 3650 ergo
1160 3579 1483 3656 Apostolus:
1515 3581 1769 3654 Nunquid
1810 3582 1875 3637 de
1905 3584 2065 3641 bobus

496 3686 625 3737 cura
661 3679 738 3726 est
780 3669 890 3726 Deo
917 3670 1067 3743 (Luc.
1097 3670 1213 3744 rx)?
1261 3669 1367 3733 Sed
1409 3671 1552 3728 aliud
1600 3684 1690 3729 est
1713 3689 1867 3742 cura,
1921 3675 2065 3737 aliud

498 3760 747 3818 scientia.
779 3772 791 3785 ‘

568 3871 735 3927 Vens.
757 3870 846 3927 50.
862 3902 930 3913 —-
963 3873 1260 3930 Numerati.
1285 3874 1395 3931 Hoc
1414 3884 1518 3941 est,
1542 3875 1765 3931 scientia
1790 3876 1906 3943 Dei,
1930 3883 2060 3942 etc.,

494 3981 656 4036 mue
683 3967 752 4021 ad
782 3983 946 4039 parva
966 3971 1247 4042 otiosaque
1273 3972 1417 4029 dicta
1443 3987 1567 4028 eum
1590 3972 1811 4029 lateant.

566 4076 730 4133 Vens.
761 4078 849 4133 32.
876 4110 947 4121 —
974 4080 1076 4147 Qui
1104 4082 1451 4152 conﬁtebitur.
1494 4084 1590 4139 Vel
1629 4085 1920 4140 conﬁtetur
1941 4084 2063 4154 quis

491 4171 674 4257 Jesum
697 4188 760 4228 ea
789 4173 911 4238 fide,
933 4189 1052 4243 qua:
1078 4190 1173 4245 per
1198 4175 1538 4231 dilectionem
1570 4185 1825 4246 operatur
1854 4193 1867 4229 :
1897 4183 2061 4245 negat

493 4263 585 4333 Qui
624 4264 905 4334 praeceptis
934 4263 1027 4320 Dei
1055 4282 1160 4322 non
1186 4266 1387 4322 obedit.

562 4374 726 4433 Vens.
755 4376 845 4432 55.
869 4408 938 4417 -
966 4377 1070 4445 Qui
1096 4388 1288 4433 autem.
1318 4377 1556 4449 Negatnr
1583 4394 1611 4432 a
1639 4376 1775 4437 Filio
1799 4377 1938 4449 apud
1962 4376 2063 4439 Pa,-

493 4478 654 4533 trem,
685 4469 772 4523 cui
818 4485 922 4524 non
956 4468 1332 4525 manifestatur
1374 4470 1427 4523 in
1470 4469 1773 4523 divinitatis
1818 4470 2054 4539 potentia

490 4558 659 4616 Filius
685 4570 739 4616 et
761 4560 940 4616 Pater.
972 4559 1270 4617 Conlitetur
1295 4577 1326 4614 a
1357 4560 1494 4614 Filio
1523 4561 1663 4631 apud
1687 4560 1923 4623 Patrem,
1961 4561 2053 4632 qui

486 4669 584 4723 per
605 4653 797 4708 Filium
826 4654 988 4709 habet
1009 4669 1285 4710 accessum
1311 4654 1379 4708 ad
1405 4652 1645 4709 Patrem.

561 4743 720 4800 Vens.
752 4745 839 4799 54.
856 4744 1150 4799 —l’acem.
1182 4744 1399 4801 Missum
1421 4753 1504 4800 est
1531 4744 1725 4801 bellum
1751 4745 1966 4807 bonum.
1996 4757 2055 4803 ut

488 4848 828 4909 rumperetur
854 4852 954 4909 pax
984 4838 1145 4892 mala.

492 4932 509 4941 ”
556 4930 716 4986 Vens.
749 4929 838 4985 55.
865 4960 938 4969 ——
998 4928 1119 4981 Veni
1169 4929 1324 4982 enim.
1377 4926 1473 4981 lllc
1511 4925 1683 4981 Lucas
1724 4928 1842 4982 ait:
1883 4927 2054 4983 Erunt
2122 4956 2137 4967 -

483 5024 707 5094 quinque
729 5024 782 5076 in
806 5038 909 5075 una
931 5020 1085 5073 domo
1110 5018 1284 5081 divisi,
1330 5027 1432 5071 (res
1458 5018 1512 5070 in
1535 5018 1640 5071 duo
1671 5027 1717 5070 et
1746 5018 1850 5071 duo
1877 5018 1929 5072 in
1952 5028 2055 5072 tres

485 5117 798 5170 dividentur.
840 5112 1116 5180 Quomodo
1145 5124 1293 5179 ergo,
1342 5117 1445 5163 etc.
1470 5149 1485 5174 ,
1526 5126 1687 5185 usque
1725 5110 1794 5162 ad
1818 5108 2051 5165 circum-

485 5208 743 5265 cisionem
787 5214 1120 5270 caeterasque
1157 5198 1400 5253 carnales
1440 5198 1832 5253 observantius.
1881 5197 2049 5269 Sepa-

485 5315 621 5355 rare.
674 5296 733 5351 Id
772 5302 885 5358 est,
919 5289 1159 5360 privatos
1192 5286 1373 5342 carnis
1418 5285 1644 5342 allectus
1683 5287 2044 5358 exstinguere,

482 5390 679 5463 quibus
702 5386 776 5441 ita
799 5383 1027 5439 invicem
1044 5380 1358 5450 diliguntur,
1374 5388 1433 5433 ut
1453 5379 1563 5434 Deo
1583 5380 1761 5435 minus
1787 5381 2041 5434 serviant.

483 5483 581 5542 Vel
607 5478 821 5552 penitus
861 5482 1193 5538 avertantur,
1240 5486 1346 5525 non
1382 5471 1525 5540 quod
1568 5485 1675 5525 non
1729 5470 1837 5525 sint
1881 5470 2051 5524 hono-

482 5573 634 5633 randi
664 5579 815 5642 pater
862 5575 918 5623 et
959 5575 1149 5643 mater,
1192 5563 1283 5619 sed
1308 5573 1429 5635 post
1464 5564 1662 5628 Deum;
1696 5562 1783 5618 hic
1809 5571 1893 5617 est
1916 5561 2049 5617 ordo

481 5661 779 5723 charitatis.
882 5730 887 5735 λ

554 5758 712 5814 Vens.
741 5758 829 5814 57.
848 5788 917 5797 ο-
942 5752 1045 5821 Qui
1078 5763 1218 5813 amat
1237 5761 1460 5827 patrem.
1491 5748 1617 5803 Post
1642 5746 1806 5803 Deum
1833 5742 2045 5800 amandi

2238 3238 2403 3295 Vens.
2435 3239 2488 3293 6.
2514 3237 2702 3305 ——-Qui
2723 3254 2828 3293 non
2854 3237 3036 3308 fuerit.
3059 3236 3163 3305 Qui
3197 3236 3264 3293 de
3304 3235 3601 3292 divinitatis
3637 3250 3737 3306 po-

2166 3329 2332 3386 tentia
2374 3344 2479 3384 non
2530 3328 2872 3393 dubitaverit,
2936 3328 3041 3383 hoc
3090 3343 3196 3383 non
3247 3333 3436 3382 contra
3478 3325 3743 3382 Joannem

2162 3420 2366 3475 dixisse
2407 3419 2677 3491 putandus
2704 3426 2797 3483 est,
2815 3414 2974 3487 quem
2999 3431 3126 3472 mox
3163 3417 3292 3475 adeo
3327 3415 3687 3472 commendat.

2233 3509 2397 3566 Vens.
2429 3511 2560 3564 7.-
2578 3508 2656 3562 De
2679 3507 2903 3562 Joanne.
2931 3507 3241 3571 Praecursot‘
3267 3505 3470 3569 Christi
3488 3505 3556 3562 dc
3581 3504 3741 3569 Chri-

2109 3655 2117 3664 .
2166 3611 2253 3661 sto
2279 3601 2581 3658 certilicare
2607 3600 2897 3671 discipulos
2923 3600 3120 3665 voluit,
3151 3600 3275 3670 quia
3305 3600 3475 3655 sensit
3508 3613 3602 3653 eos
3636 3599 3738 3652 du-

2165 3697 2356 3753 bitare.
2395 3697 2471 3752 De
2498 3709 2857 3766 przecursore,
2912 3693 3159 3749 Christus
3210 3692 3393 3754 turbas
3435 3690 3739 3752 dubitantes

2166 3805 2236 3848 ne
2256 3788 2502 3845 dubitent
2528 3788 2731 3853 docuit,
2757 3786 2972 3842 mollem
3000 3801 3125 3842 eum
3159 3784 3437 3854 levemque
3461 3790 3731 3853 putantes.

2235 3878 2400 3941 Vens.
2434 3876 2728 3935 8.—Ecce
2774 3877 2863 3947 qui
2916 3874 3178 3939 mollibus,
3232 3882 3336 3928 etc.
3389 3872 3491 3938 Qui
3538 3878 3737 3942 ponunt

2163 3969 2461 4043 pulvinaria
2498 3967 2593 4023 sub
2646 3967 2842 4032 cubito,
2885 3964 2977 4036 qui
3025 3964 3188 4019 vitam
3238 3963 3576 4035 peccantium
3620 3958 3737 4032 pal-

2163 4069 2315 4134 911111,
2343 4076 2450 4115 non
2481 4065 2743 4131 pungunt.

2234 4153 2424 4224 Rigida
2452 4153 2560 4207 vita
2590 4160 2646 4206 et
2672 4148 2982 4220 praedicatio
3010 4147 3169 4204 debet
3192 4146 3462 4202 declinare
3489 4143 3735 4200 mollium

2161 4243 2379 4315 palatia,
2409 4257 2530 4312 qua:
2554 4241 2899 4319 frequentant
2928 4238 3178 4294 mollibus
3205 4238 3405 4294 indutis
3430 4236 3729 4292 adulantes.

2233 4333 2424 4406 (Ceeu.
2453 4332 2646 4402 Αιει.)
2693 4331 2892 4387 Beatus
2938 4329 3194 4396 Joannes,
3222 4329 3489 4399 despectis
3518 4341 3735 4397 quoque

2163 4426 2345 4483 ovium
2384 4423 2524 4492 pilis,
2558 4421 2649 4491 qui
2696 4418 2914 4476 delicias
2963 4420 3261 4484 redoleant,
3312 4418 3449 4489 pilos
3498 4416 3735 4473 camelo-

2086 4506 2137 4566 D
2162 4528 2303 4579 rum,
2332 4522 2463 4576 etc.,
2510 4526 2672 4581 usque
2697 4508 2766 4563 ad
2795 4510 2863 4564 ab
2899 4510 3047 4565 omni
3076 4508 3223 4569 inani
3264 4508 3463 4573 studio,
3488 4520 3734 4572 vanaque

2161 4604 2286 4663 boni
2335 4602 2534 4673 specie,
2576 4601 2898 4671 sordidoque
2936 4615 3001 4661 ac
3033 4598 3281 4665 illiberali
3307 4599 3521 4663 decore,
3558 4610 3618 4652 se
3648 4611 3736 4651 re-

2162 4695 2348 4753 movit.

2233 4811 2394 4865 Vens.
2428 4808 2872 4880 9.—Plusquam
2921 4806 3189 4878 propheta.
3213 4801 3426 4876 (Βειιλ.)
3456 4799 3593 4868 Quia
3630 4814 3731 4854 an-

2157 4902 2310 4976 gelus
2346 4918 2449 4957 non
2483 4911 2671 4957 natura
2696 4901 2790 4955 sed
2815 4896 3005 4954 oliicio.

2231 5015 2393 5071 Vens.
2433 5014 2518 5067 ll.
2542 5011 2803 5081 -—Major
2844 5009 3068 5064 Joanne.
3113 5008 3171 5063 ln
3189 5009 3289 5063 hoc
3312 5021 3416 5061 non
3443 5004 3728 5075 przcl'ertur

2155 5105 2499 5177 patriarchis,
2530 5110 2584 5156 et
2614 5100 2824 5156 cunctis
2869 5099 3192 5165 hominibus,
3240 5097 3335 5152 sed
3361 5095 3581 5166 aequalis
3615 5107 3723 5147 ca:-

2158 5196 2293 5252 tcris
2346 5194 2551 5249 sanctis
2582 5191 2900 5248 ostenditur.
2942 5190 3047 5255 Qui
3075 5200 3266 5243 autem.
3317 5187 3372 5242 id
3402 5193 3515 5249 est,
3546 5183 3725 5238 omnis

2153 5295 2374 5343 sanctus
2398 5283 2488 5354 qui
2522 5282 2636 5353 jam
2684 5291 2766 5336 est
2791 5297 2914 5337 cum
2945 5281 3074 5345 Deo,
3104 5280 3278 5349 major
3304 5287 3386 5333 est
3417 5291 3481 5330 eo
3508 5274 3600 5343 qui
3629 5273 3725 5326 ad-

2153 5377 2260 5432 huc
2285 5376 2337 5429 in
2380 5373 2596 5427 mundo.
2639 5369 2735 5425 Vel
2772 5386 2869 5442 ego
2912 5384 3072 5440 quem
3117 5368 3379 5449 minorem
3410 5363 3539 5418 facit
3589 5360 3725 5416 mul-

2152 5462 2331 5519 torum
2379 5462 2581 5531 opinio,
2617 5458 2669 5513 in
2717 5458 2957 5514 Ecclesia
3006 5464 3315 5511 sanctorum
3357 5452 3430 5506 illi
3467 5450 3723 5520 praelatus

2154 5569 2292 5609 sum.
2334 5551 2431 5606 Vel
2456 5551 2781 5606 novissimus
2807 5547 3026 5618 angelus
3055 5546 3178 5601 cteli
3205 5544 3396 5599 melior
3420 5554 3503 5614 est
3529 5540 3722 5611 quovis

2159 5646 2395 5703 homine.
2444 5642 2509 5696 In
2539 5657 2712 5712 regno.
2756 5640 2994 5710 Regnum
3026 5636 3284 5691 calorum
3313 5634 3521 5688 duobus
3549 5630 3723 5685 modis

2153 5739 2413 5811 accipitur
2454 5756 2465 5791 :
2512 5742 2601 5790 aut
2637 5747 2944 5805 supernum,
2973 5731 3024 5785 iu
3072 5745 3177 5803 quo
3221 5729 3454 5787 nondum
3492 5740 3717 5786 sumus;
