4068 6344
318 396 419 459 ιιι

321 609 715 690 quodammodo
744 624 1046 680 reguamus.

396 701 559 756 Vens.
603 700 830 755 12.—A
881 699 1062 755 diebus
1095 699 1335 763 Joannis.
1373 698 1656 770 Apostolos
1699 697 1883 754 Domi-

322 809 427 857 nus
452 793 519 847 ad
544 808 673 847 oves
696 807 816 863 quae
842 792 1122 863 perierunt
1159 792 1349 857 domus
1395 793 1556 849 lsrael
1584 793 1664 848 ire
1706 790 1885 861 jusse—

325 892 430 950 rat,
460 892 522 939 ut
554 883 622 937 ad
665 898 888 951 regnum
928 883 1329 946 reducerentur,
1384 881 1490 939 Sed
1522 883 1637 938 haec
1685 883 1882 954 praedi-

319 977 468 1034 catio
506 976 575 1031 ad
619 975 917 1045 profectum
974 973 1375 1043 publicanorum
1428 982 1485 1029 et
1537 983 1882 1043 peccatorum

324 1083 481 1123 versa
507 1066 705 1141 estqui
731 1063 1092 1120 crediderunt.
1141 1062 1402 1119 Caeterum
1442 1063 1685 1119 Joannia
1727 1064 1884 1135 plebe

324 1175 432 1214 non
461 1156 716 1221 creditur,
753 1154 951 1211 Christi
973 1169 1133 1228 opera
1164 1170 1269 1210 non
1297 1155 1720 1218 auctorisantur,
1757 1155 1884 1225 quia

321 1266 457 1319 crux
496 1258 579 1315 est
618 1246 888 1303 seandalo.
929 1244 1048 1301 Jam
1094 1247 1373 1317 prophetia
1412 1256 1607 1312 cessat,
1648 1247 1759 1317 jam
1800 1246 1886 1303 lex

321 1341 604 1412 expletur;
632 1339 880 1394 Christus
910 1336 1029 1392 aliis
1071 1338 1413 1407 pne-dicatur,
1454 1346 1509 1392 et
1541 1338 1607 1392 ab
1637 1336 1755 1391 aliis
1802 1353 1884 1393 re-

320 1432 558 1507 cipitur:
590 1429 673 1485 sui
697 1437 971 1499 respuunt,
994 1427 1196 1483 inimici
1223 1427 1514 1497 accipiunt.
1562 1426 1748 1496 Itaque
1797 1442 1883 1480 re-

321 1538 486 1595 gnum
509 1520 765 1577 caelorum
790 1518 894 1571 vim
930 1517 1151 1587 patitur,
1183 1517 1307 1587 quia
1334 1515 1501 1587 gloria
1540 1515 1703 1586 Israel
1727 1517 1888 1586 patri-

318 1614 424 1671 bus
455 1612 656 1677 debita,
697 1626 725 1664 a
774 1608 1050 1679 prophetis
1088 1608 1352 1671 nuntiata,
1380 1622 1409 1660 a
1448 1605 1663 1671 Christo
1686 1606 1884 1672 oblata,

319 1705 674 1776 ﬁdegeutium
688 1711 979 1772 occupatur
992 1708 1045 1755 et
1059 1701 1286 1770 rapitur.
1330 1688 1424 1753 Vel
1454 1715 1484 1752 a
1507 1699 1697 1754 diebus
1725 1697 1888 1752 Joan-

320 1796 428 1864 nis,
469 1796 561 1879 qui
600 1794 940 1878 prmsentiam
986 1791 1322 1875 praedicavit,
1360 1804 1466 1861 qua
1509 1795 1760 1858 peccator
1799 1804 1887 1843 rc-

1260 406 1523 464 BLOSSA
1564 403 1959 462 ORDlNARlA.
1994 435 2066 447 -
2112 402 2364 465 EVANG.
2406 408 2664 465 MATTH.

321 529 417 584 aut
442 532 678 592 praesens
712 517 974 585 Ecclesia,
1004 518 1056 573 in
1087 533 1192 590 qua
1218 520 1393 575 adhuc
1420 519 1671 583 vivimus,
1698 526 1753 572 et
1772 514 1885 585 jam
1913 520 1963 578 Α

3450 414 3552 469 122

2078 516 2240 572 Vsus.
2290 518 2559 574 l9.—Et
2605 518 2901 588 justi/irata
2961 529 3036 573 est
3104 520 3382 590 sapientia,
3442 532 3548 579 etc.

1986 607 2234 665 Ostendit
2284 609 2423 666 ﬁlios
2471 611 2749 681 sapientia:
2786 611 3116 682 intelligere,
3174 627 3275 667 nec
3321 613 3373 667 in
3425 614 3551 669 abs-

1985 702 2233 768 tinendo,
2275 716 2376 758 nec
2426 702 2480 757 in
2531 704 2906 760 manducando
2956 719 3078 760 esse
3107 702 3371 773 justitiam
3410 724 3423 761 :
3456 708 3554 763 sed
3620 739 3627 747 ι

1985 793 2041 849 in
2084 794 2484 864 aequanimitate
2533 794 2795 850 tolerandi
2846 794 3113 867 inbpiam,
3152 805 3206 853 et
3250 808 3553 869 temperan-

1985 881 2115 936 tiam
2145 898 2251 937 non
2295 898 2354 937 se
2394 884 2768 952 corrumpendi
2795 887 3298 954 perabundantiam.
3330 886 3445 943 Non
3467 899 3553 943 est.

1984 984 2209 1040 regnum
2249 970 2339 1025 Dei
2380 985 2507 1025 esca
2553 980 2609 1026 et
2634 981 3085 1043 potus:quorum
3131 990 3237 1030 non
3277 991 3407 1031 usus
3452 977 3549 1032 sed

1986 1059 2417 1127 concupiscentia
2459 1060 2889 1129 reprehenditur.
2934 1064 2988 1117 in
3033 1064 3354 1135 quibusdam
3397 1066 3551 1123 libris

1984 1148 2213 1203 habetur
2244 1167 2256 1203 :
2297 1147 2596 1206 Justillcata
2635 1159 2717 1207 est
2751 1153 3009 1223 sapientia
3041 1156 3107 1210 ab
3136 1157 3387 1225 operibus
3413 1161 3546 1223 suis,

1986 1249 2109 1318 quia
2146 1249 2404 1319 sapientia
2453 1265 2558 1305 non
2600 1251 2793 1323 quaerit
2847 1253 2993 1309 vocis
3040 1254 3425 1321 testimonium,
3454 1256 3552 1311 sed

1984 1354 2228 1411 operum.

2057 1428 2220 1482 Vens.
2264 1429 2630 1494 20.—Tunc.
2682 1430 2782 1511 Qui
2836 1432 3097 1489 hactenus
3140 1431 3351 1489 Judceos
3407 1449 3552 1489 com-

1986 1520 2221 1574 muniter
2264 1520 2580 1591 increpavit,
2622 1538 2763 1578 nunc
2805 1524 3121 1593 nominatim
3172 1525 3418 1581 civitates
3460 1542 3553 1581 ex-

1984 1608 2188 1690 primit,
2213 1624 2331 1680 quae
2380 1609 2692 1682 frequenter
2729 1614 3192 1669 auditadoctrina
3222 1624 3277 1670 et
3318 1615 3451 1670 visis
3473 1623 3554 1671 tot

1987 1701 2154 1771 signis
2197 1693 2425 1759 credere,
2463 1702 2767 1770 noluerunt,
2816 1704 3011 1774 quibus
3057 1719 3164 1771 non
3194 1714 3345 1776 optat
3388 1704 3551 1770 mala,

1986 1794 2081 1846 sed
2107 1791 2348 1862 prmdicit
2389 1801 2615 1849 ventura

317 1875 533 1947 viviscit
556 1903 571 1938 ;
596 1875 650 1939 et
678 1899 784 1939 non
808 1891 953 1948 ante,
988 1883 1112 1952 quia
1137 1881 1219 1937 lex
1244 1894 1459 1951 poenam
1485 1879 1664 1943 intulit
1689 1887 1744 1933 et
1776 1894 1882 1932 non
1916 1880 1959 1939 B
2056 1880 2220 1937 Vsus.
2246 1881 2531 1939 2L—Vat
2556 1885 2669 1951 tibi,
2697 1894 2801 1941 etc.
2844 1885 3017 1959 Supra
3053 1887 3143 1941 ubi
3180 1887 3395 1959 legitur,
3427 1889 3554 1959 quia

228 2026 237 2031 -
317 1993 421 2049 per
466 1976 834 2048 paenitentiam
881 1974 1193 2030 viviﬁcavit.
1249 1971 1427 2027 Patria
1484 1969 1721 2025 ccelestis
1772 1968 1882 2023 vim

318 2068 527 2149 patitur
544 2066 666 2147 dum
686 2074 938 2136 peccator
956 2064 1024 2119 ad
1044 2078 1163 2119 eam
1187 2063 1340 2133 quasi
1365 2062 1418 2116 in
1444 2062 1675 2116 alienum
1707 2060 1883 2128 locum

317 2160 486 2212 intrat
504 2173 598 2228 per
626 2157 1015 2228 paenitentiam.
1056 2154 1255 2211 Grandi
1283 2152 1531 2208 violentia
1555 2160 1637 2207 est
1659 2152 1711 2205 in
1737 2163 1880 2207 terra

316 2249 467 2303 nasci
491 2256 544 2302 et
566 2247 758 2303 cmlum
780 2260 995 2316 capere,
1026 2255 1081 2300 et
1108 2245 1307 2300 habere
1336 2258 1434 2313 per
1454 2243 1707 2299 virtutem
1738 2241 1881 2313 quod

314 2354 424 2394 non
446 2344 725 2408 possumus
759 2352 854 2407 per
874 2343 1140 2391 naturam.

392 2431 551 2492 Vsus.
580 2413 954 2484 l3.—0mnes
1006 2429 1167 2493 enim.
1213 2426 1328 2483 Non
1378 2428 1519 2498 quod
1556 2436 1679 2501 post
1719 2425 1883 2482 Joan-

313 2535 440 2587 nem
482 2537 588 2575 non
628 2518 829 2577 fuerint
856 2518 1039 2589 aliqui,
1084 2526 1141 2571 ut
1173 2518 1411 2588 Agabus,
1439 2518 1534 2572 sed
1561 2516 1686 2586 quia
1727 2516 1882 2584 quid-

309 2615 446 2684 quid
488 2614 964 2684 prophetavcrunt,
1015 2611 1081 2665 de
1134 2595 1361 2666 Domino
1404 2610 1683 2677 vaticinati
1733 2617 1876 2677 sunt.

313 2707 509 2763 Omnes
532 2710 688 2762 enim.
713 2706 847 2774 Quia
868 2704 1129 2776 quidquid
1149 2703 1223 2758 illi
1257 2703 1527 2765 dixerunt,
1562 2701 1626 2765 de
1654 2708 1880 2755 venturo

306 2801 479 2867 locuti
508 2810 649 2863 sunt,
677 2799 763 2853 hic
785 2813 911 2854 vero
930 2796 1232 2851 venientem
1258 2792 1509 2851 ostendit.

387 2892 547 2947 Vsus.
573 2891 658 2947 M.
686 2922 756 2932 —
784 2890 852 2945 Et
875 2890 921 2944 si
948 2888 1100 2943 vultis
1130 2888 1371 2958 recipere.
1415 2884 1487 2941 Ut
1511 2884 1687 2939 minus
1715 2897 1880 2937 excu-

308 2982 509 3039 sabiles
538 2982 677 3046 sitis,
701 2981 823 3051 quia
846 2996 967 3035 eum
992 2995 1099 3034 non
1132 2976 1430 3046 recepistis.
1464 2975 1581 3045 Ipse
1613 2982 1697 3029 est
1729 2972 1877 3027 Elias

308 3074 371 3128 in
401 3074 618 3138 virtute,
659 3089 764 3127 non
805 3071 857 3125 iu
889 3086 1136 3140 persona,
1177 3069 1354 3138 parin
1400 3052 1524 3121 vita:
1563 3066 1870 3129 severitate,

306 3166 513 3220 mentis
542 3166 720 3237 rigore
741 3163 1049 3234 praecedens
1077 3161 1277 3216 Christi
1310 3161 1541 3231 primum
1562 3160 1874 3221 adventum,

302 3264 375 3309 ut
399 3254 489 3309 ille
513 3253 826 3317 secundum.

385 3347 548 3414 Vsus.
595 3346 682 3400 16.
719 3375 792 3385 -
824 3343 921 3398 Cui
964 3353 1136 3398 autem
1163 3385 1176 3409 ,
1231 3352 1333 3400 etc.
1382 3342 1623 3399 Laudato
1676 3340 1881 3397 Joanne

305 3438 507 3493 transit
536 3435 601 3490 ad
632 3434 1012 3505 increpandum
1045 3434 1181 3499 illos,
1224 3435 1314 3503 qui
1359 3449 1460 3489 nec
1499 3433 1880 3506 praedicatione

304 3525 537 3580 Joannis
565 3525 691 3580 moti
717 3532 842 3579 sunt
866 3540 879 3577 :
906 3523 989 3577 vel
1018 3523 1185 3593 ipsius
1211 3522 1409 3579 Christi
1446 3523 1877 3595 praadicationem

305 3616 630 3685 despiciunt.
676 3612 915 3670 Joannes
941 3612 1061 3668 talis
1088 3629 1153 3669 ac
1192 3622 1375 3669 tantus
1407 3622 1467 3667 ιιι
1488 3612 1620 3677 dixi,
1655 3620 1711 3668 et
1739 3612 1877 3668 adeo

305 3704 523 3774 dignus.
552 3711 612 3761 ut
636 3702 687 3758 ei
714 3702 905 3758 debeat
932 3703 1080 3758 credi
1110 3720 1122 3756 :
1158 3704 1254 3758 sed
1297 3718 1395 3759 vos
1425 3704 1512 3758 cui
1565 3703 1698 3759 estis
1735 3703 1875 3758 assi-

305 3796 553 3861 milandi,
577 3795 668 3866 qui
692 3794 936 3851 noluistis
964 3794 1184 3850 credere
1224 3794 1313 3849 ei?
1349 3793 1549 3852 Similis
1573 3804 1649 3853 est
1676 3795 1872 3865 pueris.

308 3887 474 3943 Pueri
523 3887 772 3942 doctores
837 3896 963 3940 sunt
1006 3886 1237 3940 humiles
1276 3884 1488 3954 spiritu.
1540 3885 1743 3943 Horum
1784 3900 1876 3957 sy-

311 3993 554 4049 nagoga,
579 3978 665 4032 vel
693 3978 805 4047 ipsa
833 3974 1130 4032 Jerusalem
1151 4015 1168 4040 ,
1188 3975 1278 4030 ubi
1317 3974 1442 4044 jura
1484 3982 1874 4046 praeceptorum

305 4072 408 4134 Dei
443 4070 886 4127 recondebantur.
923 4066 1232 4138 Coaequales
1271 4066 1601 4123 contribules
1628 4081 1764 4137 quos
1790 4080 1876 4121 so-

302 4160 492 4217 lebant
528 4160 876 4232 exprobrare,
904 4158 1049 4229 quod
1072 4158 1141 4213 ad
1178 4156 1363 4214 laudes
1400 4156 1495 4212 Dei
1537 4172 1644 4212 non
1684 4172 1871 4213 assur-

306 4258 566 4319 rexerunt
589 4250 750 4305 corde
792 4250 1005 4314 devoto,
1047 4248 1410 4303 membrorum
1451 4248 1689 4320 agilitate
1728 4249 1873 4320 quod

303 4347 463 4393 notat
505 4338 691 4393 saltus.
731 4336 839 4392 Nec
867 4352 961 4406 per
991 4337 1220 4392 lamenta
1253 4337 1632 4407 prophetarum
1657 4352 1756 4407 pro
1783 4353 1874 4393 ex-

303 4430 464 4493 cidiis
483 4427 594 4497 jam
623 4428 776 4496 factis
800 4428 883 4483 vel
925 4428 1184 4485 faciendis
1218 4428 1285 4484 ad
1323 4428 1696 4500 paenitentiam
1744 4443 1873 4498 con-

303 4522 451 4577 versi
490 4529 634 4582 sunt.

1985 1972 2309 2033 circumibat
2346 1972 2504 2030 Jesus
2543 1976 2785 2032 civitates
2810 1987 2865 2032 et
2899 1994 3086 2034 omnes
3140 1979 3310 2044 vicos,
3355 1996 3552 2034 curans

1983 2078 2194 2132 omnem
2240 2065 2550 2143 languorem
2588 2085 2601 2121 :
2649 2068 3051 2140 intelligendum
3107 2079 3190 2125 est
3231 2071 3372 2125 inter
3416 2071 3552 2125 alias

1983 2154 2225 2210 etiamin
2274 2154 2556 2221 Corozaim
2605 2167 2659 2211 et
2704 2158 2988 2213 Bethsaida
3026 2159 3308 2213 Dominum
3356 2159 3552 2215 fecisse

1981 2246 2227 2302 virtutes.
2275 2247 2553 2304 Corozaim
2594 2248 2976 2321 interpretatur
3008 2249 3306 2320 mysterium
3347 2266 3514 2304 meum
3528 2266 3549 2313 ;

1980 2339 2268 2396 Bethsaida
2319 2341 2503 2396 domus
2552 2341 2817 2412 fructuum
2879 2342 2960 2397 vel
3017 2351 3339 2397 venatorum.
3388 2340 3444 2396 Si
3494 2342 3548 2395 in

1984 2426 2139 2498 Tyro,
2172 2437 2274 2485 etc.
2312 2429 2425 2484 lloc
2468 2430 2744 2500 implctum
2793 2431 2952 2485 modo
2987 2431 3253 2494 videmus,
3294 2431 3419 2499 quia
3454 2429 3556 2484 Co-

1982 2519 2180 2582 rozaim
2204 2527 2258 2573 et
2282 2518 2564 2575 Bethsaida
2587 2531 2849 2591 praesente
2873 2521 3095 2577 Domino
3116 2520 3333 2575 credere
3370 2518 3555 2574 nolue-

1984 2620 2126 2664 runt.
2179 2611 2352 2682 Tyrus
2404 2620 2460 2666 et
2515 2611 2681 2669 Sidon
2728 2622 2915 2684 postea
2960 2612 3374 2684 przedicautilms
3411 2612 3556 2681 Apoc

1982 2702 2135 2766 stolis
2180 2704 2523 2773 crediderunt
2565 2724 2577 2759 :
2622 2706 2757 2775 adeo
2803 2706 2999 2772 devoti,
3053 2713 3111 2760 ut
3147 2705 3369 2760 Paulum
3415 2705 3556 2775 Tyro

1982 2793 2265 2859 abeuntem
2309 2811 2495 2853 omnes
2539 2814 2659 2861 cum
2695 2800 2951 2860 uxoribus
2975 2807 3031 2854 et
3061 2799 3244 2859 liberis
3283 2812 3452 2866 usque
3482 2796 3548 2849 ad

1980 2899 2145 2939 naves
2181 2897 2653 2956 prosequerentur.
2686 2888 2796 2957 Cur
2822 2904 2949 2962 ergo
2979 2905 3084 2945 non
3113 2889 3398 2945 credituris
3417 2904 3550 2958 pm:-

1978 2976 2198 3047 dicavit,
2226 2979 2521 3037 credituros
2546 2982 2767 3041 evitavit
2791 2998 2806 3037 :
2829 2982 2942 3052 ipse
2983 2983 3084 3038 scit
3116 2982 3268 3052 cujus
3292 2981 3391 3035 viae
3429 2988 3556 3035 sunt

1981 3066 2349 3123 misericordia
2379 3079 2433 3126 et
2459 3071 2679 3127 veritas.
2735 3071 3018 3143 Proposuit
3062 3083 3238 3127 tamen
3281 3071 3416 3126 ﬁnes
3460 3069 3556 3126 Ju-

1982 3156 2108 3211 daca:
2131 3173 2237 3213 non
2271 3160 2551 3225 excedere,
2598 3176 2665 3218 ne
2696 3161 2897 3231 justam
2940 3162 3226 3217 Pharisaeis
3277 3170 3329 3216 et
3377 3176 3555 3215 sacer-

1909 3229 1954 3291 (ἶ
1986 3245 2199 3302 dotibus
2256 3252 2644 3319 persecutionis
2691 3229 3028 3307 occasionem
3074 3252 3243 3307 daret.
3290 3251 3356 3321 Et
3398 3260 3557 3306 erant

1985 3344 2114 3391 tunc
2151 3338 2243 3406 qui
2273 3339 2325 3391 in
2374 3339 2655 3396 Corozaim
2705 3350 2886 3405 essent
2924 3342 3148 3409 vocandi
3182 3355 3197 3395 :
3233 3357 3333 3405 nec
3373 3350 3552 3396 tamen

1982 3427 2047 3483 de
2072 3436 2380 3500 contemptu
2418 3432 2634 3503 gravius
2670 3433 2945 3503 puniendi,

2051 3522 2254 3599 Tyrus,
2304 3524 2567 3593 angustia.
2609 3522 2795 3589 Sidon,
2838 3525 3060 3579 venatio.

2055 3622 2219 3681 Vens.
2241 3617 2496 3676 23.—-Et
2538 3628 2616 3683 tu,
2664 3614 3053 3689 Capharnaum.
3092 3613 3208 3671 Non
3245 3613 3415 3670 solum
3452 3613 3548 3668 Co-

1978 3713 2183 3773 rozaim
2225 3720 2281 3767 et
2317 3709 2618 3767 Bethsaida:
2653 3724 2730 3763 va:
2768 3709 2891 3775 erit,
2947 3709 3038 3763 sed
3081 3716 3136 3763 et
3165 3706 3257 3762 tibi
3306 3706 3548 3775 Caphar-

1976 3818 2159 3867 naum,
2191 3798 2446 3872 Nunquid
2466 3814 2628 3869 usque
2652 3799 2706 3853 in
2749 3796 2932 3853 celum
2961 3795 3272 3851 exaltaberis
3298 3795 3322 3849 γ
3362 3794 3550 3849 Nonne

1976 3900 2035 3955 tu
2070 3905 2128 3946 es
2160 3904 2280 3971 qua:
2320 3888 2462 3943 fama
2503 3885 2721 3956 hospitii
2765 3885 2890 3951 mei,
2914 3893 2970 3940 et
2996 3885 3271 3956 signorum
3305 3884 3356 3951 in
3397 3892 3448 3938 te
3476 3882 3548 3936 l'a-

1975 3991 2185 4037 ctorum
2241 3978 2446 4034 famosa
2492 3975 2739 4039 elliceris,
2779 3984 2834 4043 et
2876 3984 3061 4031 contra
3105 3975 3540 4046 praedicationem

1974 4085 2148 4127 meam
2193 4067 2578 4141 superbissime
2618 4066 2910 4128 restitisti?
2958 4066 3330 4136 Capharnaum
3378 4066 3545 4119 inter-

1973 4169 2216 4232 pretatur
2245 4157 2365 4214 villa
2392 4157 2764 4228 pulcherrima,
2807 4156 2861 4222 in
2894 4171 2997 4226 qua
3023 4154 3407 4209 condemnatur
3434 4171 3548 4223 per-

1974 4251 2079 4307 ﬁda
2117 4246 2440 4311 Jerusalem,
2482 4245 2567 4300 cui
2609 4244 2807 4301 dicitur
2835 4262 2848 4299 :
2880 4242 3181 4312 Justiﬁcata
3210 4253 3282 4295 est
3318 4241 3548 4295 Sodoma

1972 4356 2122 4395 soror
2156 4347 2249 4392 tua
2297 4353 2361 4392 ea:
2408 4346 2476 4402 te,
2527 4335 2581 4390 id
2610 4342 2711 4400 est,
2760 4351 2825 4391 ex
2876 4335 2951 4389 tui
2983 4333 3383 4415 comparatione
3426 4347 3546 4386 cum

1972 4431 2083 4496 illa,
2111 4445 2229 4500 qua:
2263 4443 2369 4483 non
2392 4435 2475 4481 est
2501 4425 2746 4496 exemplo
2774 4424 2909 4481 Loth
2936 4432 3199 4489 correcta,
3228 4431 3283 4477 tu
3306 4421 3423 4491 Filii
3452 4421 3544 4475 Dei

1974 4521 2155 4577 verbis
2185 4530 2240 4576 et
2282 4516 2554 4574 miraculis
2601 4532 2815 4587 semper
2861 4515 3101 4583 exstitisti
3140 4514 3365 4587 ingrata.

382 4575 540 4668 Vsus.
575 4575 1052 4679 l7.—Cecinimus
1094 4612 1253 4673 vobis.
1306 4610 1376 4673 Ut
1413 4611 1583 4665 David
1612 4629 1625 4665 :
1663 4610 1861 4666 Exsul—
1899 4575 1955 4637 Β
1991 4575 2210 4666 "erns.
2236 4575 2751 4678 ‘25.——Responderis
2779 4606 2952 4659 Iesus.
2984 4575 3333 4672 ReSponilens
3367 4602 3540 4655 tacitae

300 4714 409 4758 tate
451 4702 555 4757 Deo
592 4701 826 4772 adjutori
863 4711 1057 4767 nostra,
1096 4700 1317 4772 jubilate
1359 4701 1468 4755 Deo
1498 4700 1664 4754 Iacob
1695 4701 1866 4771 (Psal.

298 4796 489 4868 un),
519 4805 573 4852 et
602 4794 927 4865 bujusmodi.
982 4792 1419 4848 Lamentavimus.
1455 4792 1526 4848 Ut
1553 4811 1565 4845 :
1595 4792 1867 4848 Converti-

299 4887 432 4942 mini
460 4887 529 4940 ad
558 4903 638 4940 me
665 4887 720 4940 in
744 4894 851 4939 toto
877 4883 1031 4938 corde
1060 4894 1224 4938 vestro
1252 4883 1306 4937 in
1333 4882 1540 4953 jejunio
1572 4897 1619 4936 et
1664 4884 1790 4951 ﬂetu
1817 4891 1867 4935 et

297 4978 513 5051 planctu
542 4976 698 5047 (Joel.
722 4974 806 5049 tt),
834 4985 881 5028 et
906 4973 1208 5045 hujusmodi

370 5067 535 5122 Vsus.
572 5066 741 5122 18.-
768 5063 910 5127 Venit
940 5065 1095 5119 enim.
1150 5062 1302 5127 Sicut
1346 5072 1474 5118 tunc
1518 5062 1592 5126 ita
1630 5067 1685 5116 et
1725 5076 1867 5116 nunc

298 5168 587 5228 utramque
621 5157 761 5211 viam
793 5156 980 5210 salutis
1022 5155 1292 5229 respuitis.
1333 5154 1768 5209 Lamentavimus
1799 5152 1868 5208 ad

296 5252 579 5315 Joannem,
616 5250 908 5306 cecinimus
936 5247 1002 5301 ad
1032 5245 1322 5301 Christum.
1372 5244 1497 5300 Huic
1522 5252 1606 5299 est
1633 5258 1862 5301 summa.

298 5343 592 5398 Generatio
648 5341 751 5395 ista
804 5353 904 5393 nec
950 5328 1127 5409 plorai.
1173 5351 1295 5390 cum
1341 5334 1550 5389 Joanne
1597 5334 1862 5404 plorante,

299 5448 477 5505 neque
520 5433 715 5504 gaudet
757 5445 879 5486 cum
920 5428 1135 5484 Christo
1173 5427 1454 5498 gaudente.
1506 5425 1616 5480 Nec
1663 5426 1861 5479 mirum

298 5525 344 5581 si
388 5524 657 5594 duplicem
684 5522 827 5576 viam
883 5520 1072 5575 salutis
1125 5524 1492 5581 contemnunt,
1521 5531 1642 5577 cum
1679 5526 1735 5569 et
1776 5514 1861 5584 je-

288 5614 503 5691 junium
534 5623 589 5669 et
613 5612 948 5667 saturitatem
980 5608 1178 5680 petitur
1206 5615 1497 5678 spernunt;
1531 5607 1574 5660 si
1595 5604 1864 5675 jejunium

292 5705 492 5787 placet,
527 5719 625 5757 cur
663 5701 894 5767 Joannes
939 5698 1233 5781 displicet?
1260 5697 1303 5759 si
1346 5697 1619 5765 saturitas,
1648 5711 1743 5761 cur
1772 5695 1863 5749 Fi-

296 5785 402 5857 lius
433 5794 667 5853 hominis
694 5794 718 5835 ν
1379 5785 1387 5793 ’

1970 4702 2285 4771 objectionis
2323 4700 2476 4783 quasi
2524 4706 2875 4781 quaereretur,
2933 4709 3052 4763 quae
3094 4692 3234 4747 ratio
3267 4693 3406 4761 quod
3445 4691 3541 4744 Ju-

1968 4794 2157 4861 daicus
2185 4791 2413 4866 populus
2437 4790 2533 4845 Dei
2563 4789 2760 4851 cultor,
2810 4787 2903 4841 Dei
2940 4785 3135 4844 Filium
3163 4783 3217 4845 in
3248 4797 3409 4837 carne
3453 4799 3543 4835 vc-

1971 4872 2206 4940 nientem
2238 4892 2344 4937 tant
2366 4880 2665 4936 obstinatus
2702 4875 2903 4953 rcjecit,
2939 4890 3097 4952 quem
3128 4873 3398 4945 gentilitas
3432 4880 3539 4924 tam

1972 4992 2137 5047 prona
2180 4973 2426 5045 recepit?
2452 4970 2670 5025 Domine
2710 4968 2819 5033 εξεῐὶ
2848 4977 2892 5023 et
2923 4976 3093 5027 teme.
3135 4963 3234 5043 Qui
3265 4963 3397 5017 facis
3423 4976 3533 5016 ca!-

1967 5065 2067 5131 los,
2103 5072 2158 5120 et
2191 5061 2449 5132 relinquis
2493 5060 2545 5126 in
2594 5056 2906 5115 terreuitate
2942 5069 3076 5124 qttos
3104 5055 3206 5118 vis,
3235 5053 3317 5106 vel
3345 5052 3409 5106 ad
3454 5052 3540 5104 lit-

1968 5163 2159 5208 teram.
2209 5149 2472 5205 Parvulis.
2531 5147 2875 5217 Sapientibus
2916 5132 2971 5199 et
3023 5143 3376 5214 prudentibus
3429 5157 3535 5195 nou

1967 5243 2188 5313 opponit
2226 5241 2537 5311 insipientes
2562 5248 2617 5306 et
2637 5237 2877 5301 hebetes,
2906 5235 3000 5290 sed
3037 5233 3303 5304 parvulos,
3330 5238 3387 5284 ut
3408 5246 3540 5299 pru-

1968 5334 2057 5388 bet
2094 5348 2152 5387 se
2191 5341 2450 5385 tumorem
2493 5330 2770 5395 damnare,
2810 5340 2915 5379 non
2957 5338 3199 5378 acumen.

2039 5420 2498 5489 sts.26.—Ita
2542 5429 2707 5491 pater.
2761 5418 3092 5473 Blandientis
3126 5414 3317 5469 all‘ectu
3363 5413 3535 5483 loqui-

1966 5519 2055 5567 tur
2084 5522 2141 5566 ut
2175 5512 2442 5579 inceptum
2473 5510 2530 5562 in
2554 5506 2807 5578 apostolis
2834 5506 3151 5561 beneﬁcium
3182 5496 3533 5573 compleatur.

1967 5605 2066 5660 llic
2118 5602 2422 5674 exemplum
2477 5599 2792 5656 humilitatis
2844 5600 3158 5669 accipimus,
3218 5613 3285 5652 ne
3337 5605 3538 5650 temere

1968 5695 2233 5751 discutere
2285 5707 2675 5765 prmsumamus
2728 5707 2956 5763 superna
3001 5690 3223 5746 consilia
3271 5689 3335 5743 de
3382 5702 3538 5739 voca-

1966 5785 2112 5849 tione
2137 5784 2343 5849 horum,
2369 5790 2423 5837 et
2447 5782 2746 5856 repulsionc
2769 5781 3001 5849 illorum;
3026 5794 3145 5835 cum
3164 5779 3308 5841 enim
3326 5784 3535 5841 utrum-
