4068 6344
549 352 654 409 ias
1042 314 1433 410 WALsrntD.
1463 347 1714 404 suum
1752 345 1955 403 FULD.
1997 345 2122 402 nos

2223 344 2353 402 )PP.
2394 341 2572 399 PARS
2609 297 2649 397 ί.
2673 297 2769 382 ’-›
2790 336 3243 398 memores.
3698 338 3799 394 ias

545 481 651 536 que
706 464 993 531 attulisset,
1052 481 1157 523 non
1205 482 1330 523 mox
1382 466 1647 522 rationem
1709 465 1960 529 reddidit,
2025 464 2119 521 sed
2148 470 2193 526 Α
2224 463 2301 519 ait
2341 462 2689 534 evangelista,
2737 478 2838 519 nec
2869 463 3044 520 locum
3087 461 3339 518 vescendi
3384 460 3653 518 habebant
3697 475 3798 532 pro

549 559 628 613 sic
675 556 785 612 Deo
824 556 1079 627 placitum
1137 557 1292 623 dixit,
1342 558 1631 613 ostendens
1681 556 1808 627 quia
1856 554 2113 625 injustum
2218 553 2425 609 turbis:
2458 562 2677 625 propter
2700 554 2922 609 nimiam
2965 553 3421 625 importunitatem
3448 568 3653 609 eorum.
3690 552 3799 608 Alii

545 663 667 703 esse
706 663 813 703 non
853 656 1027 717 potest
1054 648 1196 718 quod
1222 648 1369 718 justo
1407 648 1599 719 placet.
1628 647 1684 702 lu
1709 647 1957 701 omnibus
1987 661 2115 718 ergo
2215 642 2568 715 Evangelistae
2600 644 2805 699 addunt
2836 659 2849 699 :
2879 644 3118 700 manibus
3164 642 3482 713 confricasse
3512 641 3661 714 (Luc.
3695 644 3795 715 vr).

547 754 668 810 qute
709 739 948 793 exterius
1004 736 1380 807 disponuntur,
1427 745 1625 808 apertae
1675 751 1838 792 causa
1890 734 2115 790 rationis

549 837 653 893 est,
701 827 925 882 occulta:
965 825 1174 896 justitia
1224 826 1534 881 voluntatis.
1596 824 1855 891 Quoniam
1897 825 1971 877 sic
2015 822 2115 891 fuit

548 921 797 991 placitum
835 931 953 974 ante
998 928 1066 974 te.
1110 919 1187 975 Ne
1226 920 1348 989 quis
1394 920 1589 974 iterum
1630 925 1836 990 quaerat
1870 931 1968 971 cur
2015 916 2118 971 hu-

551 1011 704 1067 miles
751 1010 934 1081 eligat,
962 1012 1234 1081 sapientes
1266 1010 1539 1079 reprobet.

618 1098 779 1153 Vens.
804 1098 988 1153 21——
1015 1097 1203 1152 Omnia
1229 1098 1376 1165 mihi,
1398 1107 1503 1153 etc.
1536 1096 1855 1154 Tradentem
1880 1097 2115 1161 Patrem,

548 1193 896 1262 accipientem
922 1191 1116 1246 Filium
1142 1232 1157 1257 ,
1203 1192 1429 1262 mystice
1470 1191 1719 1261 intellige.
1770 1188 2041 1260 Alioquin,
2072 1187 2119 1244 si

540 1281 692 1350 juxta
721 1279 1063 1352 fragilitatem
1089 1288 1330 1334 nostram
1358 1278 1581 1348 accipis,
1621 1293 1742 1333 cum
1767 1277 1993 1347 coeperit
2023 1277 2119 1332 ha-

546 1375 674 1430 bere
712 1374 800 1444 qui
844 1374 1080 1442 accepit,
1114 1372 1333 1443 incipiet
1360 1387 1464 1427 non
1495 1371 1693 1426 habere
1728 1368 1820 1439 qui
1843 1369 1989 1424 dedit
2023 1383 2122 1440 per

543 1466 723 1520 omnia
750 1465 1235 1533 coomnipotentem
1255 1470 1400 1528 nota,
1432 1476 1529 1533 per
1551 1461 1764 1526 tradita,
1791 1460 2007 1527 Filium,
2033 1461 2120 1527 cui

544 1566 640 1622 per
674 1559 924 1604 naturam
963 1550 1142 1605 omnia
1181 1564 1278 1619 pro
1305 1548 1465 1603 unius
1495 1546 1807 1602 substantias
1841 1544 1961 1616 jure
1997 1554 2123 1602 sunt

544 1642 782 1713 propria,
811 1658 918 1697 non
947 1641 1069 1697 data
1092 1656 1187 1713 per
1208 1640 1459 1712 gratiam.
1490 1638 1711 1695 Tradita
1736 1648 1919 1695 autem
1941 1639 2122 1695 omnia

545 1751 650 1791 non
673 1735 868 1791 coelum
906 1745 961 1791 et
995 1743 1136 1790 terra
1159 1743 1214 1791 et
1239 1743 1433 1791 caetera
1464 1750 1584 1806 quae
1609 1734 1777 1790 fecit:
1809 1735 1904 1790 sed
1941 1733 1996 1789 hi
2029 1734 2121 1806 qui

2221 731 2374 789 Unde
2417 742 2472 788 et
2498 731 2657 789 Petro
2685 734 2920 790 dicitur:
2954 732 3133 789 Macta
3176 743 3225 789 et
3251 734 3510 788 manduca
3543 732 3682 805 (Act.
3713 735 3795 805 ι).

2288 825 2451 881 Vens.
2482 825 2534 880 2.
2566 856 2637 866 -
2660 825 2783 881 Νοη
2827 825 2964 882 licet.
3018 824 3324 881 Secundum
3360 833 3686 896 praeceptum
3714 824 3800 881 le—

2217 916 2318 986 gis.
2372 913 2478 971 Sed
2510 915 2637 988 quia
2689 916 2794 971 alia
2843 916 3110 986 scriptura
3160 914 3329 971 dicit:
3381 914 3801 969 Misericordians

2218 1005 2357 1065 mala
2390 1023 2549 1079 quam
2594 1007 2912 1076 sacriﬁcium
2941 1007 3085 1079 (Ose.
3113 1006 3189 1078 Vl)
3210 1046 3226 1073 ,
3255 1005 3448 1060 melius
3479 1003 3579 1059 fuit
3623 1005 3802 1059 homi-

2218 1111 2342 1153 nem
2387 1098 2454 1153 de
2480 1096 2639 1152 famis
2684 1097 2923 1168 periculo
2955 1096 3187 1152 liberare
3211 1136 3227 1163 ,
3279 1111 3443 1167 quam
3470 1095 3802 1151 sacrificium

2220 1186 2332 1245 Deo
2354 1186 2567 1253 oﬂ'erre,
2594 1189 2719 1258 quia
2745 1189 2924 1244 hostia
2951 1189 3169 1261 placens
3197 1196 3282 1244 est
3309 1188 3456 1243 salus
3492 1188 3799 1247 hominum.

2222 1277 2296 1332 De
2319 1280 2623 1347 vastatione
2652 1278 2863 1349 frugum
2890 1296 2996 1336 non
3022 1286 3271 1350 arguunt,
3300 1280 3424 1350 quia
3454 1277 3579 1334 licet
3605 1292 3702 1350 per
3723 1277 3806 1334 le-

2219 1383 2340 1440 gem
2361 1368 2484 1424 inde
2513 1368 2695 1425 edere.

2294 1458 2456 1514 Vens.
2499 1458 2551 1513 5.
2575 1488 2646 1500 —
2673 1458 2853 1514 Atille
2880 1458 3037 1526 dixit,
3078 1467 3183 1515 etc.
3231 1460 3289 1516 In
3337 1459 3440 1515 hoc
3475 1457 3617 1513 facto
3662 1458 3803 1514 nihil

2220 1549 2367 1606 aliud
2396 1550 2715 1605 instruimur
2739 1592 2754 1616 ,
2782 1549 2884 1606 nisi
2917 1547 2976 1605 ut
3004 1550 3284 1606 sabbatum
3312 1564 3417 1604 non
3446 1548 3513 1603 ad
3540 1547 3799 1609 litteram,

2221 1640 2315 1697 sed
2342 1639 2694 1710 spiritualiter
2724 1640 3105 1712 intelligamus.
3141 1637 3264 1693 Non
3288 1638 3499 1709 legistis.
3548 1635 3605 1691 Si
3627 1635 3805 1690 David

2221 1741 2277 1787 et
2297 1731 2609 1807 Abimeleeh
2664 1748 2771 1787 non
2817 1730 3251 1802 reprehenditur,
3301 1745 3527 1801 quorum
3573 1736 3805 1798 uterque

544 1840 639 1897 per
662 1824 857 1879 Filium
904 1839 1181 1880 accessum
1204 1824 1408 1887 habent
1435 1823 1502 1879 ad
1537 1823 1775 1905 Patrem,
1803 1830 1861 1879 et
1883 1832 2011 1892 ante
2037 1838 2122 1879 re-
2147 1813 2195 1874 B
2223 1821 2534 1877 mandatum
2579 1822 2713 1894 legis
2756 1821 3020 1879 probabili
3063 1822 3384 1877 necessitate
3430 1830 3806 1892 transgressus

544 1913 728 1979 belles,
779 1914 1063 1970 Dominum
1088 1922 1270 1985 postea
1307 1915 1506 1971 sentire
1538 1924 1837 1985 creperum.

615 2000 684 2055 Et
714 2018 861 2056 nemo
900 2003 1036 2056 novit
1067 2000 1301 2069 Filium,
1338 2012 1442 2058 etc.
1477 2002 1722 2074 Seipsum
1764 2002 2023 2060 revelare.
2054 2002 2123 2058 Et

547 2105 705 2145 nemo
734 2091 883 2154 novit
902 2090 1120 2145 Patrem
1154 2092 1254 2145 nisi
1285 2091 1475 2158 Filius,
1501 2100 1557 2147 et
1586 2093 1674 2148 cui
1700 2093 1918 2148 Patrem
1953 2092 2123 2149 voluit

546 2178 806 2241 revelare.
860 2178 943 2234 Ad
973 2189 1259 2250 utrumque
1292 2181 1433 2235 enim
1471 2180 1598 2236 illud
1634 2181 1905 2242 subditum
1948 2180 2120 2237 refer-

547 2280 653 2322 tur.
685 2268 862 2323 Verbo
891 2269 1035 2323 enim
1065 2285 1163 2324 suo
1192 2270 1354 2325 Pater
1374 2285 1433 2326 se
1479 2270 1737 2326 declarat.
1788 2270 1857 2325 Et
1885 2270 2120 2327 Verbum

545 2361 778 2428 seipsum
810 2359 1070 2428 declarat,
1099 2361 1223 2430 quia
1260 2361 1453 2417 mentis
1478 2368 1677 2417 nostra:
1705 2361 1884 2417 lumen
1911 2370 2013 2417 est.

616 2449 739 2505 Nisi
769 2450 963 2518 Filius,
990 2462 1037 2506 et
1068 2454 1153 2507 cui
1196 2451 1370 2507 Filias
1398 2454 1634 2520 voluerit,
1667 2462 1772 2510 etc.
1820 2453 1999 2510 Mutua
2024 2469 2119 2510 co-

545 2542 733 2612 gnitio,
766 2558 884 2613 quae
904 2551 988 2598 est
1009 2544 1314 2614 zequalitate
1335 2552 1560 2600 naturae.
1591 2544 1685 2600 Illa
1715 2554 1893 2603 autem
1917 2542 2121 2604 tantilla

545 2649 664 2705 qua:
691 2634 745 2688 in
767 2633 922 2690 nobis
954 2643 1056 2700 est,
1085 2636 1396 2708 dignatione
1415 2635 1703 2697 revelantis
1726 2645 1827 2693 est.
1868 2710 1871 2713 Α

616 2721 777 2778 Vens.
804 2723 891 2778 29.
916 2753 988 2763 —
1016 2722 1203 2778 Tollite
1240 2725 1455 2796 jugum,
1499 2734 1605 2782 etc.
1657 2725 1850 2797 Jugum
1891 2726 2116 2793 Christi,

546 2813 893 2885 Evangelium
922 2823 1033 2880 est,
1075 2816 1219 2885 quod
1245 2814 1457 2872 Iudaeos
1485 2824 1540 2872 et
1564 2827 1753 2888 gentes
1779 2818 1835 2873 in
1879 2833 1987 2872 una
2016 2818 2121 2874 fido

545 2905 839 2976 conjungit.
901 2906 1087 2961 Tollite
1129 2923 1285 2977 super
1311 2925 1418 2963 vos.
1465 2908 1521 2963 ld
1546 2918 1649 2975 est,
1694 2909 1749 2965 in
1799 2910 2001 2979 honore
2028 2912 2122 2966 ha-

544 3000 703 3056 bete:
737 3017 840 3055 non
870 3003 1076 3069 subtus,
1104 3010 1164 3059 ut
1183 3003 1559 3061 contemnatis.
1587 3004 1687 3072 Qui
1716 3005 1995 3069 laboratis.
2020 3004 2123 3062 dif-

546 3086 783 3155 ﬁcultate
805 3091 959 3162 legis,
984 3100 1040 3147 ct
1063 3092 1275 3155 onerati
1312 3095 1565 3164 peccatis,
1603 3094 1828 3163 scilicet,
1855 3095 2118 3161 reficiam,

545 3180 793 3252 sijugum
823 3181 1033 3251 tollitis,
1053 3183 1106 3238 id
1130 3190 1234 3249 est,
1262 3193 1528 3255 pracepta
1554 3200 1690 3240 mea.
1737 3186 1805 3240 Et
1831 3185 1959 3255 quid
1987 3185 2118 3257 jugo

547 3273 663 3343 ejus
704 3273 920 3333 suavius
934 3273 962 3327 2η
1000 3273 1129 3344 quid
1157 3289 1324 3329 onere
1371 3273 1582 3331 levius?
1615 3276 1945 3345 probabilem
1976 3274 2114 3341 ﬁeri,

546 3363 820 3422 abstinere
850 3377 881 3417 a
911 3362 1072 3430 malo,
1104 3364 1301 3421 bonum
1330 3364 1487 3435 velle,
1516 3380 1701 3420 amare
1725 3380 1932 3430 omnes,
1964 3373 2118 3420 aeter-

546 3470 615 3509 na
663 3453 853 3523 sequi,
898 3454 1253 3530 praesentibus
1289 3469 1397 3513 non
1439 3456 1583 3538 capi,
1629 3453 1771 3520 nolle
1816 3455 1908 3509 alii
1940 3454 2120 3512 facere

552 3544 694 3614 quod
722 3543 833 3615 pati
864 3558 970 3598 non
998 3544 1099 3608 vis.

618 3632 815 3687 Discite
835 3651 867 3687 a
885 3650 985 3687 me.
1004 3634 1238 3689 Doeente
1255 3632 1421 3688 verbo
1442 3641 1496 3687 et
1515 3633 1782 3704 exemplo,
1808 3644 1870 3689 ut
1891 3634 2121 3693 sitisbu-

551 3725 705 3789 miles
743 3725 1031 3790 mentibus,
1060 3724 1220 3780 mites
1243 3723 1499 3779 moribus.
1548 3723 1808 3792 Humiles,
1850 3735 1908 3781 ut
1945 3725 2118 3781 nemi-

552 3830 677 3878 nem
702 3823 1078 3881 contemnant;
1102 3814 1347 3880 mites,ut
1372 3813 1571 3869 nullum
1596 3814 1811 3870 lmdant.
1842 3814 2036 3882 Corde,
2062 3823 2123 3871 ut

548 3904 691 3960 idem
720 3906 870 3959 extra
900 3905 956 3959 in
1006 3920 1168 3976 opere
1202 3904 1274 3959 sit
1305 3913 1361 3959 et
1382 3904 1440 3967 in
1482 3904 1666 3970 corde,
1722 3904 1986 3973 neﬁlateat
2010 3921 2122 3963 ser-

549 4012 682 4068 pens
707 3984 769 4052 in.
793 3996 973 4066 Specie
1002 3994 1286 4050 columbas.

620 4087 783 4151 Vens.
815 4088 902 4143 50.
931 4118 1001 4139 —
1031 4087 1225 4159 Jugum
1251 4086 1389 4141 enirn
1415 4102 1606 4143 meum.
1642 4085 1922 4154 Quomodo
1947 4088 2123 4145 Evan-

546 4180 744 4250 gelium
772 4179 890 4252 lege
913 4178 1081 4243 levius
1104 4185 1209 4240 est,
1236 4191 1358 4232 cum
1395 4176 1467 4232 ibi
1512 4191 1696 4247 opera,
1734 4179 1821 4235 hic
1851 4186 1906 4235 et
1927 4195 2124 4237 concu-

548 4259 1171 4346 piscentia-damnatur?
1223 4268 1330 4329 Sed
1383 4268 1437 4323 in
1480 4268 1598 4340 lege
1640 4268 1804 4324 multa
1843 4270 2123 4341 jubeutur,

549 4378 668 4433 quae
689 4361 975 4435 Apostolus
1004 4359 1211 4431 impleri
1240 4375 1345 4415 non
1366 4375 1526 4435 posse
1555 4361 1687 4415 dicit
1712 4374 1727 4415 :
1762 4362 1849 4418 hic
1879 4363 2125 4421 voluntas

552 4453 811 4523 quaeritur
836 4468 954 4523 quae
982 4453 1037 4509 in
1058 4452 1283 4506 arbitrio
1306 4438 1492 4507 nostro
1512 4460 1616 4517 est,
1648 4461 1703 4509 et
1728 4467 1848 4523 quae
1878 4453 1992 4509 sola
2015 4453 2125 4509 suf-

553 4543 713 4597 ﬁcere
750 4549 925 4612 potest
951 4549 1006 4595 et
1027 4540 1304 4609 praemium
1328 4541 1545 4596 habere.
1576 4541 1710 4598 item
1738 4544 2005 4612 quomodo
2031 4544 2124 4615 ju-

552 4647 677 4702 gum
715 4629 915 4685 Christi
942 4644 1122 4691 suave,
1154 4644 1275 4684 cum
1303 4644 1465 4699 supra
1495 4630 1689 4686 dicitur
1713 4649 1726 4685 :
1764 4631 1923 4687 Arata
1950 4634 2030 4688 via
2051 4643 2126 4689 est

544 4738 668 4804 ,guw
718 4722 858 4776 ducit
896 4727 967 4778 ad
1013 4725 1190 4780 vitam.
1248 4724 1355 4781 Sed
1392 4738 1658 4799 angusta,
1703 4729 1827 4800 quia
1874 4732 2129 4797 non'fnisi

545 4821 779 4882 angusto
804 4813 954 4868 initio
978 4815 1248 4885 incipitur,
1279 4831 1532 4885 processu
1561 4834 1689 4879 vero
1715 4819 1974 4890 temporis
1993 4819 2129 4875 inef-

549 4902 704 4963 fabili
733 4902 1034 4959 dilectionis
1060 4904 1337 4965 dulcedine
1365 4906 1637 4965 dilatatur.

627 4993 771 5048 Onus
800 5012 988 5050 meum.
1022 4996 1159 5063 Quia
1198 4998 1328 5052 illud
1354 5009 1767 5055 momentaneum
1799 5012 1989 5063 nostra:
2028 5000 2127 5055 tri-

552 5084 1112 5151 bulationisrceternum
1154 5089 1356 5160 pondus
1398 5089 1579 5161 glorice
1624 5102 1867 5163 operatur
1909 5094 1963 5157 in
1991 5092 2130 5149 ctelis

557 5177 613 5253 μ
647 5177 769 5235 Cor.
797 5179 895 5251 ιγ).

1152 5251 1380 5307 CAPUT
1414 5250 1526 5306 XII.

628 5358 791 5417 Vens.
823 5362 872 5416 i.
907 5393 975 5403 —
999 5363 1067 5417 In
1092 5364 1182 5417 illo
1211 5374 1456 5433 tempore.
1503 5361 1724 5418 Narrata
1751 5366 2131 5435 prmdicatione

548 5460 613 5510 σει
658 5451 928 5508 miraculis
973 5454 1133 5509 unius
1181 5453 1308 5507 anni
1348 5462 1472 5509 ante
1519 5455 1869 5525 quaestionem
1909 5456 2133 5514 Joannis

553 5540 737 5611 Iactis,
768 5544 959 5599 transit
985 5545 1049 5599 ad
1070 5543 1157 5597 illa
1188 5559 1307 5614 quae
1336 5543 1476 5600 facta
1506 5554 1629 5602 sunt
1654 5546 1757 5602 alio
1789 5562 1953 5616 anno,
1984 5550 2131 5607 scili-

551 5642 667 5695 cet,
700 5620 823 5703 post
864 5642 1089 5689 mortem
1130 5630 1372 5700 Joannis,
1409 5636 1621 5705 quando
1641 5634 1751 5705 jam
1801 5638 1854 5693 in
1884 5639 2133 5695 omnibus

538 5724 778 5793 _(.‘liristo
803 5723 1209 5780 contradicitur.
1250 5723 1569 5795 Esuricutes,
1602 5736 1706 5783 etc.
1733 5728 1886 5808 Quia,
1914 5738 1969 5784 ut
1997 5728 2132 5786 alius

2219 1921 2322 1977 est.
2343 1923 2398 1970 et
2424 1913 2513 1970 hic
2541 1915 2733 1977 similis
2756 1929 2921 1971 causa
2943 1911 3104 1970 famis
3122 1920 3228 1982 est,
3258 1927 3356 1969 cur
3381 1927 3489 1968 non
3517 1912 3656 1968 idem
3678 1927 3803 1983 pro-

2219 2005 2360 2061 batis
2388 2005 2443 2069 in
2480 2006 2737 2077 apostolis
2762 2005 2786 2060 ?
3834 2010 3839 2013 ‘

2291 2096 2456 2151 Vens.
2488 2094 2541 2150 4.
2566 2126 2638 2136 -
2663 2096 2836 2151 Panes
2873 2095 3259 2167 propositionis.
3292 2093 3443 2163 Quod
3473 2092 3802 2165 signiﬁcavit

2219 2187 2605 2244 sacerdotalem
2630 2189 2806 2245 cibum
2823 2189 3176 2244 transiturum
3208 2188 3262 2243 in
3286 2180 3441 2243 u'sum
3457 2185 3798 2257 populorum.

2221 2279 2318 2337 Vel
2360 2282 2485 2352 quia
2533 2297 2721 2338 omnes
2767 2282 3073 2342 sacerdotes
3118 2282 3377 2338 debemus
3424 2280 3648 2337 imitari.
3704 2278 3801 2336 Vel

2221 2373 2364 2455 quod
2392 2389 2580 2432 omnes
2607 2374 2915 2431 sacerdotes
2938 2389 3145 2430 sumus.
3444 2396 3447 2397 ν
3834 2438 3835 2441 η

2292 2466 2458 2523 Vens.
2499 2465 2552 2522 5.
2591 2497 2663 2507 —
2702 2465 2840 2532 Quia
2889 2465 3120 2521 sabbatis
3171 2465 3486 2522 sacerdotes.
3528 2463 3630 2520 Hic
3680 2463 3800 2520 sine

2220 2556 2543 2613 necessitate
2565 2555 2803 2613 ostendit
2830 2556 3112 2612 sabbatum
3132 2554 3322 2611 violari
3350 2554 3419 2609 ab
3439 2555 3568 2626 ipsis
3594 2554 3686 2625 qui
3713 2568 3802 2609 ca-

2220 2649 2571 2706 lumniantur.
2619 2648 2799 2706 Unum
2843 2645 3144 2716 exemplum
3191 2647 3373 2702 datum
3402 2654 3485 2702 est
3512 2645 3671 2717 regiae
3696 2658 3796 2715 po-

2221 2739 2436 2795 testatis
2460 2739 2525 2794 de
2555 2738 2723 2793 David
2753 2756 2765 2791 :
2800 2736 2943 2793 aliud
2971 2735 3337 2802 sacerdotalis,
3367 2735 3435 2790 de
3459 2734 3546 2790 bis
3577 2734 3667 2805 qui
3699 2749 3800 2803 per

2222 2828 2578 2893 ministerium
2607 2826 2790 2897 templi
2833 2825 3114 2881 sabbatum
3141 2825 3375 2892 violant,
3426 2832 3488 2880 ut
3509 2824 3674 2880 multo
3697 2814 3845 2893 mi!

2222 2935 2324 2985 nus
2353 2920 2422 2975 ad
2464 2920 2635 2990 ipsum
2684 2917 2954 2990 pertineat
3005 2917 3215 2973 crimen
3262 2916 3529 2988 spicarum
3573 2915 3805 2977 sabbato.

2223 3013 2517 3079 vulsarum,
2548 3012 2640 3084 qui
2671 3025 2831 3066 verus
2861 3025 2956 3066 rex
2983 3018 3039 3066 et
3081 3010 3333 3067 sacerdos
3359 3019 3443 3066 est
3470 3016 3525 3073 et
3548 3008 3809 3069 dominus.

2224 3102 2453 3160 sabbati.

2291 3216 2454 3273 Vens.
2490 3215 2542 3270 6.
2592 3247 2665 3258 —
2697 3218 2827 3272 Dico
2876 3226 3051 3274 autem
3091 3217 3249 3272 vobis.
3304 3216 3470 3287 Quasi
3503 3216 3687 3272 dicat:
3738 3214 3813 3277 ει

2219 3303 2446 3377 ﬁgurale
2476 3305 2730 3377 templum
2781 3308 2972 3384 potuit
3002 3305 3289 3371 defendere
3335 3307 3645 3371 sacerdotes
3689 3306 3799 3361 sibi

2219 3395 2538 3460 servientes,
2589 3411 2687 3452 cur
2733 3397 3013 3466 spirituale
3045 3412 3153 3452 non
3180 3403 3358 3468 potest
3404 3394 3691 3457 defendere
3716 3394 3800 3459 di-

2218 3484 2451 3557 scipulos
2472 3485 2576 3542 sibi
2602 3488 2927 3543 credentes?

2290 3595 2454 3655 Vens.
2486 3598 2538 3654 7.
2576 3630 2647 3640 —
2687 3598 2748 3655 Si
2788 3608 2979 3655 autem.
3025 3598 3094 3666 Et
3132 3614 3230 3657 vos
3271 3600 3581 3657 ostenderet
3614 3602 3798 3661 omnia

2221 3690 2387 3757 futuri
2413 3692 2673 3762 temporis
2698 3692 2928 3763 speciem
2953 3693 3250 3759 continere,
3279 3692 3472 3763 adjecit
3498 3711 3513 3748 :
3546 3692 3606 3750 Si
3623 3704 3800 3750 autem

2221 3782 2443 3847 sciretis,
2470 3783 2523 3838 id
2549 3792 2653 3851 est,
2695 3783 2828 3853 quia
2843 3783 2986 3842 Deus
3003 3799 3100 3855 per
3123 3784 3351 3856 gratiam
3375 3785 3642 3855 disposuit
3667 3785 3801 3842 libe-

2222 3888 2346 3928 rare
2376 3873 2634 3945 populum
2660 3914 2676 3941 ,
2723 3882 2776 3929 et
2808 3890 2912 3930 non
2940 3888 3037 3945 per
3083 3875 3381 3931 exteriores
3404 3875 3803 3943 abi-iervrantiasl

2219 3979 2330 4032 non
2357 3954 2827 4035 reprehenderetis
2851 3980 3002 4022 meos
3019 4005 3034 4032 ,
3070 3966 3115 4023 si
3141 3972 3326 4022 vetera
3348 3966 3622 4021 omittunt.

2294 4078 2455 4134 Vens.
2499 4077 2552 4134 8.
2602 4109 2670 4120 ——
2693 4077 2948 4133 Dominus
2968 4086 3041 4131 est
3072 4078 3225 4142 enim.
3256 4077 3313 4132 Si
3345 4076 3511 4132 David
3537 4085 3722 4147 pastus
3746 4085 3803 4143 et

2227 4171 2534 4227 sacerdotes
2594 4169 2773 4240 templi
2834 4168 3135 4225 ministerio
3195 4169 3478 4225 sabbatum
3532 4170 3800 4226 violantes

2227 4267 2342 4327 sine
2368 4266 2595 4321 crimine
2618 4272 2761 4329 sunt,
2793 4272 2993 4334 quanto
3014 4263 3182 4336 magis
3206 4263 3375 4320 Filius
3419 4263 3673 4329 hominis,
3703 4264 3801 4334 qui

2200 4358 2387 4412 'verus
2418 4364 2502 4411 est
2528 4371 2621 4411 rex
2644 4364 2699 4410 et
2726 4354 2978 4410 sacerdos
3005 4363 3059 4411 et
3087 4356 3337 4411 dominus
3367 4354 3623 4410 sabbati?

2148 4503 2203 4564 D

2300 4466 2463 4522 Vens.
2506 4465 2593 4521 10.
2625 4497 2696 4507 —
2735 4463 2806 4521 Et
2852 4483 2966 4521 ecce
3000 4467 3171 4522 homo.
3224 4466 3331 4523 Iste
3377 4469 3538 4536 homo
3592 4467 3794 4525 dicitur

2228 4558 2605 4621 caement‘arius
2630 4557 2824 4624 fuisse,
2856 4559 2982 4629 quia
3008 4574 3202 4614 manus
3227 4559 3321 4615 cui
3345 4559 3641 4630 spiritualis
3669 4561 3799 4615 tedi-

2230 4648 2334 4703 [icii
2355 4664 2484 4703 cura
2515 4649 2803 4705 commissa
2829 4649 2950 4716 fuit,
2980 4648 3128 4704 arida
3155 4657 3273 4705 erat
3299 4664 3467 4721 usque
3496 4650 3563 4706 ad
3594 4659 3805 4722 tempus

2229 4737 2449 4793 Christi.
2480 4736 2616 4793 Ecce
2639 4739 2792 4793 homo
2815 4756 3048 4806 manum,
3072 4749 3175 4807 etc.
3211 4738 3489 4812 Signiﬁcat
3510 4741 3803 4797 humanum

2231 4845 2400 4902 genus
2451 4828 2506 4884 in
2557 4829 2910 4885 fecunditate
2965 4831 3090 4886 boni
3133 4832 3312 4901 operis
3359 4830 3653 4886 arefactum
3707 4846 3805 4903 pro

2234 4934 2396 4982 manu
2422 4918 2489 4974 ad
2535 4932 2754 4988 pomum
2783 4927 3024 4987 extensa,
3076 4935 3235 4990 quam
3261 4921 3469 4975 sanavit
3499 4936 3693 4977 manus
3722 4921 3807 4977 in-

2209 5012 2517 5072 ,nocensin
2556 5025 2718 5067 cruce
2757 5018 2998 5075 extensa.
3053 5011 3195 5074 Bene
3220 5028 3409 5067 manus
3435 5012 3488 5067 in
3521 5010 3803 5084 Synagoga

2235 5108 2353 5156 erat
2404 5099 2579 5167 arida,
2630 5100 2758 5170 quia
2797 5099 2888 5154 ubi
2940 5098 3110 5169 majus
3154 5101 3351 5157 donum
3399 5100 3679 5167 scientiae,
3730 5103 3805 5158 ibi

2231 5200 2597 5262 transgressor
2625 5189 2818 5260 majori
2850 5189 3093 5261 subjacet
3120 5191 3307 5262 culpm.

2300 5281 2721 5352 Interrogabaat.
2749 5279 2886 5350 Quia
2935 5283 3221 5354 discipulos
3267 5284 3336 5340 de
3360 5283 3651 5340 violatione
3681 5286 3809 5341 sab—

2229 5373 2340 5429 bati
2386 5372 2645 5444 probabili
2691 5361 2938 5444 exemplo
2982 5384 3353 5441 excusaverat,
3400 5375 3578 5449 ipsum
3619 5377 3813 5437 volunt

2233 5463 2661 5530 calumniari,,ut
2708 5462 2753 5519 si
2783 5480 2891 5519 non
2917 5472 3086 5529 curet,
3119 5464 3490 5545 crudelitatis,
3531 5470 3615 5530 vel
3643 5470 3815 5526 imbe-

2232 5552 2473 5608 cillitatis
2497 5570 2510 5607 :
2539 5551 2619 5608 vel
2647 5551 2691 5606 si
2728 5560 2898 5619 curet,
2926 5553 3374 5623 transgressionis
3399 5566 3647 5630 arguant.

2305 5640 2578 5708 Sabbatis,
2608 5649 2713 5696 etc.
2765 5640 3306 5712 Praecipue‘sabbaiis
3343 5648 3499 5706 doce;
3534 5657 3589 5703 ει
3612 5662 3811 5718 opera-

2236 5742 2322 5799 tur
2350 5732 2541 5799 lesus,
2592 5748 2695 5787 non
2729 5730 2898 5787 solum
2949 5746 3168 5809 propter
3214 5740 3447 5811 speciale
3498 5734 3809 5809 sabbatum,
