4068 6344
367 372 472 429 125

1325 374 1590 433 GLOSSA
1628 373 2019 432 0RDINARIA.
2057 404 2129 415 —
2167 374 2417 431 EVANG.
2458 373 2718 430 MATTH.

3506 377 3610 432 £26

362 482 460 539 sed
485 488 540 538 et
566 490 786 553 propter
812 479 1163 551 celebriorem
1189 483 1372 555 populi
1411 494 1755 551 conventum,
1791 501 1936 557 qua:-
1961 489 2014 549 Α
2110 487 2275 542 Vens.
2309 487 2400 542 24.
2427 517 2495 527 —-
2521 487 2589 541 In
2634 485 2934 540 Beelzebub.
2989 485 3134 550 Beel,
3187 485 3242 541 id
3291 496 3398 554 est,
3433 486 3564 543 Baal
3590 507 3609 546 :

364 588 492 629 rens
532 572 761 629 salutem
785 572 1045 630 omnium.

434 664 599 728 Vens.
632 665 718 721 11.
739 695 812 705 -
842 663 973 731 Quis
998 665 1115 722 erit.
1147 667 1485 739 Competenti
1511 667 1761 741 exemplo,
1781 669 1942 731 solvit

361 757 739 828 quaestionem,
786 762 849 812 ut
889 769 986 812 eos
1027 757 1276 813 ostendat
1303 758 1591 821 sabbatum
1628 759 1830 822 violare
1881 759 1936 814 in

359 863 525 923 opere
551 847 882 918 cupiditatis,
915 848 1007 919 qui
1034 862 1155 904 eum
1181 848 1384 905 violare
1424 857 1657 921 arguunt
1691 850 1745 906 in
1774 865 1938 920 opere

359 937 661 1002 charitatis.
712 936 913 1009 Arguit.
948 952 1043 1001 eos
1084 937 1176 1008 qui
1204 937 1380 1010 legem
1406 940 1543 994 male
1573 940 1937 1010 interpretari.

360 1036 468 1093 tnr,
507 1026 600 1097 qui
628 1026 814 1083 dicunt
838 1026 894 1081 in
936 1027 1162 1083 sabbato
1201 1043 1236 1087 a
1261 1029 1417 1093 bonis
1442 1031 1694 1102 cperibus
1737 1031 1936 1086 ferian-

355 1121 506 1175 dum.
542 1118 648 1175 Sed
676 1134 707 1174 a
735 1119 891 1175 malis
919 1128 1128 1176 tantum
1154 1118 1454 1177 feriandum
1482 1131 1565 1178 est
1588 1140 1603 1188 ;
1635 1122 1775 1178 unde
1805 1123 1936 1178 dici—

357 1221 487 1267 tur:
540 1207 707 1264 Omne
752 1226 881 1278 opus
927 1208 1113 1264 seruile
1157 1227 1261 1265 non
1308 1211 1511 1281 facietis
1558 1212 1612 1267 in
1652 1228 1712 1267 eo
1743 1210 1931 1283 (Leuit.

355 1300 535 1372 sun).
564 1301 620 1361 ιι]
650 1309 754 1366 est,
782 1308 1080 1371 peccatum.
1115 1298 1207 1357 Sic
1234 1310 1290 1359 et
1332 1302 1386 1356 in
1425 1310 1627 1358 aeterna
1672 1302 1861 1372 requie
1901 1318 1931 1357 a

355 1394 511 1449 malis
538 1402 747 1448 tantum
773 1392 1132 1459 feriabuntur,
1166 1408 1271 1449 non
1298 1408 1329 1448 a
1359 1394 1536 1455 bonis.

422 1484 589 1539 Vens.
621 1482 706 1536 15.
737 1513 806 1522 -
848 1480 1105 1542 Extende,
1149 1482 1284 1549 Quia
1327 1484 1401 1538 nil
1444 1484 1563 1555 plus
1591 1483 1732 1539 valet
1777 1500 1932 1542 cura-

2040 593 2371 645 muscarum,
2404 579 2475 634 ob
2524 577 2709 632 sordes
2751 577 3070 632 immolatitii
3119 578 3436 650 sanguinis:
3481 580 3614 637 deus

2039 678 2122 725 est
2145 667 2413 735 Accaron,
2460 682 2567 738 quo
2592 668 2809 724 nomine
2852 677 3045 723 vocant
3092 668 3387 741 principem
3413 670 3613 726 daemo-

2037 757 2275 815 nierum.

2107 848 2272 904 Vens.
2322 849 2412 904 25.
2455 878 2527 889 —
2574 847 2739 903 Omne
2798 865 3032 920 regnum.
3090 848 3408 906 Necessaria
3457 867 3609 907 com-

2034 937 2282 1009 plexione
2307 953 2402 994 eos
2425 936 2621 1009 arguit.
2672 934 2770 991 Vel
2810 938 2955 992 enim
3004 937 3251 994 Christus
3278 939 3477 994 virtute
3514 942 3610 996 Dei

2036 1029 2307 1084 daemones
2330 1029 2497 1099 ejieit,
2523 1028 2606 1082 vel
2632 1028 2685 1082 in
2714 1026 2957 1098 principe
2986 1027 3394 1084 dzemoniorum.
3422 1029 3481 1085 Si
3505 1030 3612 1086 vir-

2036 1128 2151 1177 tute
2187 1120 2299 1188 Dei,
2344 1120 2544 1177 frustra
2570 1118 2985 1176 calumniantur.
3032 1118 3091 1175 Si
3138 1119 3193 1173 in
3218 1120 3460 1190 principe
3504 1121 3612 1176 dae-

2035 1212 2359 1278 moniorum,
2403 1226 2625 1281 regnum
2657 1210 2773 1279 ejus
2798 1210 3028 1266 divisum
3054 1219 3157 1277 est,
3193 1225 3294 1267 nec
3317 1212 3483 1267 stabit
3511 1229 3523 1266 :
3557 1219 3612 1266 et

2034 1303 2157 1360 ideo
2203 1319 2234 1358 a
2264 1298 2430 1374 regno
2477 1301 2594 1371 ejus
2628 1302 2925 1357 recedant:
2974 1302 3118 1372 quod
3160 1302 3336 1358 innuit
3372 1317 3466 1358 eos
3506 1301 3612 1359 sibi

2030 1393 2283 1464 elegisse,
2306 1392 2435 1446 dum
2459 1393 2512 1451 in
2545 1406 2603 1446 se
2632 1407 2737 1455 non
2766 1389 3010 1446 credunt.

2103 1483 2264 1538 Vens.
2292 1483 2378 1538 26.
2414 1514 2483 1522 -
2517 1482 2579 1535 Et
2611 1482 2779 1541 omnis
2804 1481 3002 1535 civitas.
3031 1481 3230 1544 Eadem
3258 1482 3396 1538 ratio
3424 1489 3507 1537 est
3533 1483 3611 1538 ci-

353 1576 485 1630 tioni
514 1573 976 1645 eleemosynarum
1025 1573 1297 1644 largitate,
1345 1554 1487 1630 unde
1517 1575 1715 1631 dicitur
1742 1592 1757 1629 :
1807 1574 1930 1629 Non
2014 1575 2213 1634 altatis
2247 1582 2301 1628 et
2324 1575 2535 1637 domus,
2567 1587 2685 1642 quae
2715 1571 2884 1643 regni.
2916 1554 3122 1627 Civitas
3139 1571 3436 1629 Jerusalem
3460 1588 3607 1629 sem-

351 1667 417 1720 sit
445 1681 633 1719 ntanus
661 1663 851 1718 tua‘ad
878 1663 1217 1731 accipendum
1254 1674 1514 1734 porrecta,
1554 1665 1645 1719 sed
1685 1664 1754 1718 ad
1796 1665 1926 1718 dan-

341 1755 477 1817 dum
498 1753 713 1815 collecta
740 1751 909 1823 (Eccl.
940 1751 1033 1823 tv),
1066 1752 1202 1831 Quia
1233 1751 1430 1810 frustra
1457 1769 1555 1824 pro
1576 1755 1814 1825 peccatis
1841 1770 1928 1810 ro-

2030 1676 2127 1732 per
2155 1661 2411 1732 gloriosa,
2449 1669 2733 1731 postquam
2759 1660 2814 1714 in
2846 1659 3120 1741 Christum
3142 1668 3197 1716 et
3225 1660 3279 1716 in
3322 1659 3609 1731 Apostolos

2029 1752 2247 1817 exarsit,
2274 1751 2414 1808 facta
2443 1750 2729 1817 divisione,
2758 1750 2970 1805 excidio
2991 1751 3202 1807 cecidit.

349 1855 574 1916 gaturus
602 1859 794 1906 manus
821 1844 891 1900 ad
910 1844 1078 1899 Deum
1109 1844 1386 1914 expandit,
1427 1846 1521 1916 qui
1549 1846 1647 1903 has
1684 1847 1754 1902 ad
1796 1862 1928 1918 pau-
1954 1841 2002 1901 Β
2101 1844 2265 1900 Vens.
2296 1843 2384 1898 27.
2417 1873 2487 1883 —
2521 1841 2591 1898 Et
2623 1842 2669 1896 si
2700 1858 2792 1912 ego
2836 1841 2889 1896 in
2923 1840 3226 1899 Beelzebub.
3262 1840 3320 1898 Si
3362 1841 3609 1912 expulsio

240 1958 247 1961 ι
349 1949 511 2005 peres
539 1949 638 2004 pro
670 1948 831 2005 posse
859 1949 966 1989 non
995 1934 1256 1994 extendit.
1356 1946 1357 1949 ‘

420 2022 567 2080 Sicut
590 2023 780 2080 altera.
830 2023 1004 2081 Homo
1037 2033 1164 2079 ante
1194 2025 1483 2081 adventum
1510 2023 1715 2083 Christi
1746 2027 1937 2084 deste-

348 2129 467 2169 ram
495 2113 1053 2185 habuit‘languidam,
1095 2115 1223 2191 quia
1250 2116 1319 2171 ab
1354 2116 1709 2190 eleemosynis
1752 2128 1935 2190 torpe-

346 2207 478 2262 bat:
513 2206 790 2263 sinistram
822 2221 1009 2262 sauam
1039 2207 1166 2277 quia
1195 2223 1308 2263 sua:
1330 2208 1551 2269 utilitati
1576 2210 1888 2269 intendebat
1912 2232 1927 2266 :

344 2297 443 2353 sed
479 2298 727 2353 veniente
769 2296 985 2354 Christo
1032 2298 1255 2355 dextera
1289 2308 1513 2356 sanatur
1563 2312 1624 2357 ut
1666 2302 1929 2365 sinistras

340 2389 472 2467 quia
500 2388 642 2459 quod
663 2396 1085 2461 congregaverat
1114 2390 1292 2457 avide,
1316 2391 1477 2449 modo
1499 2392 1779 2449 distribuit
1807 2395 1934 2450 cha-

345 2479 530 2545 ritate.
1492 2508 1497 2513 ’

416 2572 578 2629 Vsus.
626 2571 712 2627 15.
740 2601 810 2611 -
842 2568 1068 2631 Recessit
1101 2570 1240 2625 inde.
1281 2569 1417 2628 Nota
1470 2570 1777 2641 exemplum
1809 2588 1822 2625 :
1872 2569 1930 2633 Si

340 2682 433 2729 vos
475 2664 731 2734 persecuti
794 2672 921 2720 sunt
965 2664 1020 2716 in
1049 2680 1154 2717 una
1185 2663 1424 2727 civitate,
1477 2662 1641 2733 fugite
1686 2661 1742 2716 in
1767 2661 1929 2717 aliam

338 2757 560 2828 (Matth.
593 2756 671 2829 ς).
711 2753 884 2811 Secuti
912 2766 1053 2811 sunt.
1088 2755 1237 2810 Docti
1266 2755 1394 2811 visis
1421 2755 1712 2811 virtutibus
1742 2769 1927 2826 perseo

340 2857 604 2917 quuntur,
653 2847 851 2902 indocti
906 2847 1157 2918 opinione
1202 2845 1318 2916 ejus
1365 2847 1513 2907 ducti
1565 2847 1798 2905 amando
1842 2861 1927 2904 se-

336 2946 603 3011 quuntur,
635 2939 777 2993 unde
804 2947 858 2993 et
886 2938 1064 2994 curari
1089 2945 1386 2994 merentur.

412 3027 579 3084 Vens.
609 3028 694 3083 16.
716 3058 788 3075 ——
805 3027 876 3084 Et
902 3031 1165 3099 prtecepit.
1192 3028 1308 3084 Non
1336 3029 1547 3093 timore,
1591 3044 1658 3084 ne
1678 3028 1924 3098 proditus

329 3118 685 3175 occideretur
706 3159 722 3184 ,
769 3118 863 3173 sed
890 3119 1163 3188 parcendo
1188 3118 1404 3183 ludatis,
1438 3134 1507 3177 ne
1531 3119 1729 3174 invidia
1760 3119 1923 3174 truci-

2034 1933 2336 1990 dzemonum
2359 1934 2410 1988 in
2438 1932 2561 1988 filiis
2604 1932 2799 1987 vestris
2821 1932 2929 1987 Deo
2951 1948 3058 1988 non
3086 1932 3418 1989 daemonibus
3443 1933 3609 2003 depu-

2032 2035 2200 2093 tatur,
2247 2042 2416 2096 quare
2444 2027 2497 2081 in
2550 2041 2633 2081 me
2672 2026 2815 2089 idem
2858 2040 2993 2103 opus
3020 2026 3261 2081 eamdem
3299 2041 3407 2082 non
3449 2027 3612 2083 habet

2032 2133 2250 2173 causam
2272 2118 2295 2171 Ἰ

2102 2209 2235 2279 Ipsi,
2260 2217 2361 2264 etc.
2406 2206 2840 2283 Contemptibilia
2886 2206 3071 2270 mundi
3109 2206 3162 2261 in
3189 2208 3382 2277 quibus
3421 2215 3608 2264 sancta

2031 2302 2346 2373 simplicitas
2374 2316 2505 2356 mea:
2533 2285 2747 2356 virtutis
2773 2307 3015 2370 apparet.
3049 2297 3146 2355 Vel
3178 2300 3250 2354 ita
3286 2301 3496 2370 potius:
3519 2298 3609 2356 Fi-

2030 2391 2106 2458 lii,
2134 2392 2186 2446 id
2215 2400 2317 2457 est,
2347 2388 2588 2460 Apostoli
2615 2389 2705 2458 qui
2732 2387 2870 2443 bene
2899 2387 3001 2443 sibi
3031 2387 3232 2443 conscii
3263 2398 3439 2454 erant,
3467 2387 3600 2443 nihil

2030 2482 2185 2537 malae
2211 2482 2343 2536 artis
2365 2481 2434 2535 ab
2455 2494 2520 2534 eo
2542 2479 2792 2542 didicisse
2816 2496 2828 2532 :
2860 2477 2979 2533 ideo
3011 2478 3110 2548 ipsi
3145 2485 3307 2534 testes
3333 2479 3439 2534 mei
3465 2478 3610 2550 judi-

2027 2576 2129 2639 cii,
2162 2573 2468 2643 iudicantes
2491 2570 2772 2628 duodecim
2799 2571 2969 2625 tribus
2997 2569 3179 2625 Israel.

2100 2665 2261 2727 Vens.
2292 2664 2382 2719 28.
2407 2693 2477 2704 -—
2509 2660 2567 2717 Si
2597 2671 2768 2715 autem
2814 2676 2925 2731 ego.
2984 2659 3076 2713 llla
3108 2676 3271 2731 pars:
3322 2659 3384 2715 Si
3422 2677 3514 2729 ego
3553 2661 3608 2715 in

2028 2753 2312 2809 Beelzebub
2341 2752 2496 2822 ejicio
2522 2751 2803 2815 dwmones,
2856 2749 2923 2804 ad
2970 2749 3123 2818 plura
3172 2750 3606 2805 inconvenientia

2026 2843 2280 2915 perducta
2320 2852 2424 2908 est,
2454 2840 2615 2897 modo
2640 2840 2816 2910 agitur
2847 2840 2914 2895 de
2946 2838 3052 2895 alia
3098 2848 3252 2909 parte
3281 2840 3608 2910 complexio-

2025 2919 2129 2991 nis.
2156 2932 2215 2990 Si
2235 2943 2405 2989 autem
2429 2950 2519 3004 ego
2544 2933 2599 2986 in
2623 2932 2810 3003 spiritu
2841 2931 2956 2985 Dei.
2987 2929 3085 2985 Hic
3104 2929 3277 2985 Lucas
3299 2932 3374 2986 ait
3398 2950 3412 2986 :
3444 2932 3498 2986 in
3526 2933 3611 2986 di.-

2024 3027 2131 3097 gito
2162 3024 2311 3097 (Luc.
2342 3023 2441 3096 xl).
2496 3022 2701 3096 Digitus
2735 3022 2933 3077 dicitur
2963 3019 3197 3090 Spiritus
3242 3032 3464 3078 sanctus
3508 3038 3607 3093 pro

2023 3117 2315 3187 partitione
2345 3117 2628 3169 donorum.
2670 3112 2916 3183 Regnum
2946 3112 3062 3177 Dei,
3083 3111 3168 3167 vel
3194 3112 3427 3181 seipsum
3455 3113 3603 3168 dicit.

333 3207 607 3265 darentur
650 3207 705 3262 in
733 3205 852 3276 ejus
893 3185 1200 3267 innocentia
1235 3217 1292 3263 et
1334 3210 1764 3267 mansuetudine.
1820 3208 1921 3275 Hic
1950 3185 1994 3247 ο
2027 3185 2180 3266 Unde
2205 3208 2328 3263 alibi
2358 3222 2372 3261 :
2398 3207 2602 3261 Medius
2633 3207 2767 3260 inter
2795 3222 2879 3260 vos
2905 3206 3077 3271 stetit,
3106 3222 3255 3277 quem
3282 3223 3368 3261 vos
3399 3207 3606 3262 nescitis

333 3298 570 3370 mystice
593 3312 693 3354 nos
722 3298 974 3364 instruit,
1019 3311 1088 3353 ne
1110 3312 1235 3355 cum
1265 3296 1466 3371 aliquid
1491 3297 1921 3369 magnifacimus,

337 3389 557 3455 laudem
595 3388 728 3445 foris
752 3404 1080 3459 quaeramus.

413 3480 576 3536 Vens.
604 3480 686 3538 l8.
714 3510 789 3527 ρ·-
818 3479 1022 3537 Anime
1044 3496 1194 3545 mea.
1248 3480 1354 3543 Per
1377 3481 1615 3538 animam
1641 3483 1819 3540 omnis
1836 3481 1922 3537 af-

337 3573 516 3639 fectus
540 3572 963 3628 demonstratur.

415 3664 574 3719 Vens.
623 3663 714 3719 20.
743 3694 814 3707 -—
838 3665 1179 3720 Arundinem.
1212 3664 1443 3730 Iudaeos,
1469 3665 1616 3722 omni
1642 3674 1804 3722 vento
1824 3681 1921 3723 ce-

340 3756 550 3824 dentes,
598 3756 692 3827 qui
719 3755 789 3810 ab
837 3756 1069 3811 invicem
1094 3755 1450 3826 discrepando
1495 3756 1740 3827 dissipati
1768 3764 1917 3823 sunt,

334 3862 451 3904 non
501 3862 625 3902 mox
655 3846 975 3911 damnabit,
1035 3845 1131 3902 sed
1181 3847 1539 3916 supportabit.
1596 3846 1918 3905 Arundinem

338 3946 665 4011 quassatam.
699 3937 803 4004 Qui
832 3936 1081 4006 peccanti
1126 3951 1230 3990 non
1258 3936 1487 4006 porrigit
1522 3951 1765 3999 manum,
1817 3950 1919 3993 nec

339 4036 525 4098 portat
544 4043 679 4083 onus
720 4026 923 4091 fratris,
948 4032 1263 4095 quassatum
1284 4024 1565 4085 calamum
1603 4023 1912 4097 confringit.

336 4115 408 4176 Et
441 4116 532 4187 qui
564 4116 685 4171 fidei
715 4114 985 4171 modicam
1018 4113 1307 4171 scintillam
1355 4115 1654 4181 contemnit
1702 4114 1755 4168 in
1789 4129 1916 4185 par-

336 4208 501 4274 vulis,
556 4208 725 4263 linum
772 4206 1040 4277 fumigans
1089 4206 1421 4277 exstinguit:
1474 4208 1617 4277 quod
1668 4205 1916 4263 Christus

336 4313 451 4365 non
497 4296 642 4363 fecit,
674 4298 767 4367 qui
796 4296 975 4368 potius
1003 4298 1151 4352 venit
1175 4311 1419 4368 quaerere
1465 4297 1609 4367 quod
1635 4297 1909 4367 perierat;

334 4389 654 4460 patientiam
684 4403 916 4457 namque
956 4388 1210 4453 servavit,
1256 4388 1428 4444 donec
1470 4384 1732 4457 judicium
1770 4388 1915 4459 quod

2023 3301 2177 3372 (Luc.
2200 3317 2281 3366 ιι,
2303 3299 2462 3353 Joan.
2490 3296 2549 3369 ι).
2575 3295 2691 3361 Vel,
2724 3312 2948 3367 regnum
2975 3298 3119 3367 quod
3145 3295 3378 3354 Joannes
3411 3307 3464 3353 et
3493 3299 3607 3368 ipse

2023 3393 2178 3451 Iesus
2202 3391 2528 3464 prmdicavit.
2565 3389 2928 3444 Paenitentiam
2956 3391 3092 3461 agite
3118 3405 3138 3443 .·
3167 3392 3604 3463 appropinquabit

2022 3484 2159 3539 enim
2193 3498 2404 3554 regnum
2432 3482 2678 3536 caelorum
2728 3479 2942 3554 (Matth.
2976 3482 3114 3554 xxi).
3164 3482 3261 3538 Est
3302 3490 3358 3538 et
3386 3483 3605 3539 tertium

2022 3588 2246 3644 regnum
2278 3572 2568 3641 Scriptura:
2588 3582 2810 3641 sanctae,
2832 3574 2977 3642 quod
3000 3570 3248 3628 aufertur
3275 3587 3306 3628 a
3326 3569 3526 3627 Judteis
3549 3578 3606 3627 et

2021 3666 2178 3729 datur
2206 3664 2352 3736 genti
2384 3662 2597 3718 facienti
2620 3661 2856 3718 fructum
2884 3662 3020 3732 ejus.
3039 3661 3133 3717 Vel
3153 3677 3394 3734 regnum,
3420 3660 3474 3715 id
3496 3669 3599 3733 est,

2018 3770 2208 3812 omnes
2228 3753 2412 3808 mundi
2452 3761 2651 3823 partes,
2678 3752 2947 3824 Apostolis
2972 3761 3027 3809 et
3072 3753 3471 3809 successoribus
3506 3766 3603 3808 eo-

2020 3861 2138 3899 rum
2162 3844 2229 3899 ad
2259 3844 2678 3899 convertendum
2707 3844 3001 3899 distribuit.

2090 3937 2254 4001 Vens.
2292 3936 2381 4003 29,
2412 3966 2481 3975 -—
2507 3935 2613 4001 Aut
2644 3935 2902 4008 quomodo
2952 3947 3139 4006 potest.
3181 3935 3427 3992 Ostendit
3465 3950 3595 4005 ergo

2018 4028 2279 4084 Dominus
2301 4042 2396 4099 per
2423 4025 2762 4080 manifestam
2789 4026 3121 4095 parabolam,
3163 4027 3305 4097 quod
3336 4042 3440 4097 non
3469 4041 3600 4083 cou-

2017 4117 2205 4174 cordat
2250 4116 2304 4170 in
2349 4114 2525 4178 fallaci
2558 4114 2871 4184 operatione
2918 4131 3040 4169 cum
3092 4116 3424 4180 daemonibus
3458 4117 3599 4177 sicut

2016 4206 2517 4271 calumniabantur,
2564 4204 2657 4259 sed
2690 4205 2888 4262 virtute
2931 4203 3231 4269 divinitatis
3272 4206 3519 4269 homines
3565 4223 3597 4262 a

2016 4295 2280 4352 daemonio
2319 4293 2573 4359 liberaret
2597 4310 2611 4361 ;
2660 4292 2891 4363 ideoque
2917 4295 3119 4365 grande
3147 4294 3321 4361 scelus
3342 4296 3597 4363 commit,-

2015 4395 2164 4454 tunt,
2212 4386 2303 4457 qui
2332 4385 2473 4455 quod
2510 4384 2606 4443 Dei
2631 4399 2751 4440 esse
2795 4395 3190 4454 cognoverant,
3234 4385 3431 4443 diaboli
3477 4401 3595 4442 esse

335 4481 394 4537 in
423 4479 791 4549 eoagebatur,
834 4480 902 4533 ad
930 4477 1210 4535 victoriam
1238 4478 1565 4547 perveniret,
1610 4484 1665 4533 et
1685 4466 1911 4549 expulso
1941 4527 1988 4549 ἢ
2014 4476 2337 4542 clamabant,
2388 4473 2572 4545 Neque
2613 4474 2757 4529 enim
2802 4483 3027 4544 possunt
3077 4489 3197 4530 esse
3250 4475 3589 4531 concordes:

1935 4527 1989 4587 D

338 4566 525 4631 mundi
547 4566 787 4639 principe
816 4565 882 4620 ad
911 4580 1133 4637 regnum
1163 4565 1382 4630 rediret,
1409 4567 1465 4620 in
1487 4565 1708 4622 dextera
1732 4565 1911 4623 Patris
1935 4563 1989 4587 υ
2013 4583 2242 4643 quorum
2269 4580 2433 4637 opera
2456 4566 2667 4633 diversa
2688 4572 2833 4632 sunt.
2861 4563 3221 4631 Undeaddit;
3253 4564 3355 4641 Qui
3384 4581 3490 4618 non
3517 4576 3592 4619 est

337 4656 553 4724 sedens,
586 4656 757 4717 donec
803 4664 968 4726 ponat
1014 4655 1260 4710 inimicos
1289 4654 1386 4709 sub
1432 4655 1676 4725 pedibus,
1721 4655 1910 4715 Linum

336 4748 620 4818 fumigans.
657 4747 881 4813 Gentes,
928 4761 1063 4816 quas
1104 4744 1364 4800 naturalis
1405 4744 1537 4816 legis
1566 4746 1762 4802 ardore
1799 4744 1913 4805 fere

337 4840 606 4896 exstincto
666 4839 844 4896 fumus
903 4838 1107 4895 erroris
1164 4837 1574 4905 amarissimus,
1624 4847 1680 4893 et
1730 4838 1913 4895 odoris

335 4930 534 4986 noxius
559 4930 779 4986 involvit
828 4947 840 4984 :
882 4944 1017 5002 quas
1050 4943 1157 4993 non
1186 4926 1464 4991 exstinxit,
1515 4927 1701 4983 sedde
1746 4942 1912 4999 parva

338 5023 573 5079 scintilla
599 5024 653 5077 in
701 5037 955 5094 magnum
984 5021 1235 5085 ardorem
1275 5019 1415 5090 ignis
1460 5019 1557 5074 Dei
1606 5021 1907 5085 suscitavit.

336 5113 534 5168 Donec.
587 5111 795 5175 Tandiu
839 5111 1150 5182 praedicatio
1179 5108 1295 5180 ejus
1327 5107 1488 5165 nullis
1511 5109 1719 5167 insidiis
1747 5126 1908 5182 supe-

338 5213 455 5259 rata
489 5205 688 5260 mundo
715 5204 877 5270 lucet,
927 5203 1099 5258 donec
1131 5208 1298 5273 ponat
1344 5198 1398 5257 iu
1445 5209 1590 5259 terra
1622 5202 1906 5275 judicium,

336 5304 394 5350 et
422 5296 704 5368 impleatur
720 5312 740 5355 ,ε
776 5293 903 5355 Fiat
945 5293 1184 5357 voluntas
1213 5303 1336 5362 tua,
1381 5294 1514 5349 sicut
1541 5292 1594 5349 in
1622 5293 1748 5349 caelo
1774 5303 1824 5350 et
1853 5295 1909 5360 in

335 5395 499 5440 terra.

411 5475 572 5532 Vens.
617 5476 708 5533 se.
739 5508 808 5519 -
844 5477 912 5532 Et
941 5476 1158 5533 curauit.
1210 5456 1337 5532 Tria
1383 5475 1535 5548 signa
1563 5475 1721 5531 simul
1766 5475 1909 5533 facta

331 5577 467 5623 sunt
484 5584 626 5645 quae
649 5577 707 5626 et
726 5570 964 5641 quotidie
986 5569 1040 5623 in
1069 5568 1421 5625 conversione
1444 5567 1721 5623 hominum
1751 5566 1907 5635 fiunt,

333 5668 396 5713 ut
434 5660 657 5731 expulso
708 5660 949 5717 dzemone
994 5659 1174 5735 lumen
1227 5656 1352 5719 fidei
1397 5656 1612 5718 videant
1655 5665 1708 5716 et
1739 5655 1907 5717 Deum

337 5750 574 5814 laudent.

2014 4675 2234 4725 mecum,
2271 4668 2376 4721 etc,

2085 4749 2308 4804 Domum
2335 4749 2495 4813 illius.
2529 4746 2627 4803 Vel
2677 4747 2916 4813 domum,
2965 4746 3018 4807 id
3044 4756 3150 4813 est,
3191 4761 3380 4805 onlnes
3405 4749 3589 4803 mundi

2010 4850 2195 4922 partes
2222 4839 2493 4910 Apostolis
2537 4846 2594 4894 et
2622 4854 2807 4903 eorum
2846 4839 3245 4899 successoribus
3274 4839 3342 4895 ad
3368 4854 3592 4896 conver-

2015 4932 2233 4988 tendum
2271 4930 2560 4996 distribuit,

2082 5024 2245 5081 Vens.
2282 5022 2371 5077 30.
2409 5052 2479 5062 --
2510 5020 2613 5087 Qui
2643 5037 2746 5077 non
2772 5031 2845 5077 est
2872 5036 3094 5087 meeum,
3125 5029 3230 5076 etc.
3270 5019 3329 5079 1d
3363 5028 3467 5086 est,
3496 5020 3585 5097 qui

2011 5114 2290 5172 dissimilia
2344 5113 2479 5170 meis
2527 5112 2656 5167 facit
2700 5125 2862 5182 opera
2888 5151 2903 5176 ,
2939 5111 3246 5166 contrarius
3279 5108 3413 5164 mihi
3451 5118 3580 5165 est':

2011 5204 2099 5269 ille
2130 5204 2296 5269 trahit
2324 5202 2391 5257 ad
2419 5202 2568 5266 vitia,
2600 5217 2701 5271 ego
2732 5201 2800 5255 ad
2829 5200 3076 5256 virtutes.

2084 5292 2243 5355 Vens.
2277 5292 2366 5347 5|.
2394 5324 2460 5333 —
2489 5291 2654 5346 Omne
2694 5301 2958 5361 peccatum
2991 5301 3037 5344 et
3069 5287 3405 5358 blasphemia.
3430 5286 3582 5364 Quod

2009 5383 2245 5450 humana
2282 5382 2574 5452 fragilitate
2626 5381 3000 5446 contrahitur,
3037 5379 3360 5435 remissibile
3403 5386 3506 5443 est,
3537 5394 3582 5432 sn

2008 5475 2355 5547 congregatio
2390 5488 2496 5530 non
2540 5474 2838 5530 deseratur.
2876 5470 2940 5527 Si
2970 5486 3099 5527 vero
3126 5470 3389 5528 diabolica
3417 5468 3585 5551 obsti:

2009 5564 2228 5619 natione
2262 5562 2328 5618 de
2350 5562 2683 5633 dispersione
2714 5563 2780 5617 ad
2810 5562 3282 5632 congregationem
3308 5573 3582 5641 nunquam

2010 5656 2232 5720 reditur,
2268 5664 2547 5725 peccatum
2572 5653 2853 5711 insolubile
2868 5650 3162 5723 judicatur.

2082 5747 2286 5819 (Iliam)
2320 5746 2483 5802 Omne
2500 5757 2794 5826 pertritum,
2828 5744 2942 5803 Non
2969 5745 3146 5800 onmia
3170 5750 3390 5821 peccata
3414 5740 3585 5823 enmi-
