4068 6344
485 398 587 455 127

1017 386 1407 451 WALAFRIDI
1440 388 1686 447 STRABI
1721 387 1923 446 FULD.
1967 385 2047 442 MC

2175 384 2323 441 OPP.
2364 384 2543 441 PARS
2580 384 2620 441 Ι.
2659 374 3217 441 -ὝῐΙΕΟιΟΟΙΟΙῖ

3606 376 3708 434 123

481 517 584 571 bus
618 512 984 577 remittuntur,
1016 511 1110 567 sed
1142 510 1245 577 his,
1290 518 1422 576 etc.,
1473 526 1632 576 usque
1655 507 1725 562 ad
1753 521 1941 562 omnes
1962 519 2052 558 ve-
2079 504 2127 564 Α
2155 502 2306 556 ribus
2329 502 2518 568 haeret,
2544 502 2686 571 quod
2714 502 2854 556 sicut
2875 502 3047 557 bonus
3085 492 3245 555 homo
3269 512 3372 552 non
3401 504 3580 567 potest
3603 512 3733 566 pro.

484 609 625 661 niam
652 613 1036 662 consecuturos
1071 611 1190 673 post
1229 602 1527 658 universale
1546 603 1831 674 judicium,
1874 609 2051 655 trans-

426 704 430 708 ·
482 694 617 749 actis
643 693 766 749 licet
794 692 975 747 multis
1002 692 1230 758 satculis,
1264 709 1529 748 asserens.

554 783 783 854 Spiritus
822 791 1013 837 autem.
1068 782 1170 848 Qui
1217 784 1502 852 manifeste
1533 798 1696 853 opera
1725 781 1820 836 Dei
1845 778 2046 834 intelli-

482 874 575 944 git,
607 890 728 929 cum
750 874 817 930 de
839 874 1035 930 virtute
1061 889 1260 946 negare
1285 891 1389 942 non
1419 876 1611 944 possit,
1640 875 1682 930 si
1700 873 2006 929 stimulatus
2032 888 2046 925 :

482 967 678 1023 invidia
724 967 1085 1033 calumniatur
1107 954 1137 1032 ,Α
1177 975 1230 1023 et
1265 968 1395 1022 dicit
1422 983 1541 1023 esse
1572 968 1868 1022 Beelzebub
1892 1008 1906 1033 ,
1960 966 2050 1022 isti

483 1078 588 1117 non
629 1062 945 1117 dimittetur.
987 1060 1103 1117 Non
1150 1062 1290 1132 quod
1315 1069 1369 1115 et
1399 1061 1447 1116 ei
1479 1070 1704 1132 negetur
1729 1060 1975 1116 remissio
2004 1058 2050 1114 si

480 1152 807 1221 paeniteret:
867 1151 960 1206 sed
992 1152 1117 1220 quia
1171 1150 1259 1206 hic
1298 1151 1640 1221 blasphemus
1663 1190 1677 1215 ,
1714 1149 2050 1221 exigentibus

483 1241 687 1297 meritis
718 1241 830 1297 suis
865 1240 1042 1305 malis,
1096 1239 1234 1295 sicut
1260 1255 1529 1309 nunquam
1560 1240 1628 1294 ad
1656 1239 2046 1303 remissionem,

480 1330 552 1384 ita
589 1346 687 1385 nec
707 1331 772 1385 ad
805 1329 1173 1399 pmnitentiam
1200 1338 1557 1400 perventurus
1584 1330 1673 1383 sit.
1724 1326 1874 1383 Sicut
1893 1327 2051 1382 Joan-

478 1435 577 1475 nes
606 1418 930 1489 evangelista
960 1420 1025 1473 de
1053 1420 1368 1488 quibusdam
1410 1418 1757 1489 blasphemia:
1781 1433 1890 1473 sua:
1930 1432 2047 1472 me-

481 1510 586 1563 rito
620 1509 899 1564 excaecatis
928 1510 1044 1563 ait:
1099 1508 1380 1579 Propterea
1420 1526 1523 1564 non
1566 1519 1800 1579 poterant
1843 1510 2048 1563 credere

482 1598 661 1668 (Joan.
693 1601 767 1671 χ).
797 1599 949 1666 Quod
980 1600 1174 1668 iterum
1200 1599 1334 1653 dixit
1361 1600 1565 1656 Isaias:
1599 1599 1894 1654 Excwcavit
1918 1616 2047 1653 ocu-

478 1689 554 1742 los
579 1706 756 1743 eorum
790 1688 922 1761 (Isa.
950 1692 1043 1760 vt).
1079 1690 1179 1757 Qui
1204 1688 1463 1760 Spiritum
1500 1698 1743 1746 sanctum
1776 1704 1880 1744 non
1902 1704 2045 1753 esse.

2155 592 2298 649 ferre
2329 594 2485 658 mala,
2515 592 2595 648 vel
2629 593 2803 647 malus
2832 594 2991 658 bona,
3027 593 3107 647 sic
3142 605 3245 647 nec
3278 590 3525 645 Christus
3567 588 3732 655 mala,

2153 700 2255 740 nec
2280 684 2523 740 diabolus
2549 685 2691 739 bona
2715 698 2879 754 opera
2905 692 3083 752 potest
3112 682 3310 737 facere.

2225 774 2387 829 Vens.
2427 773 2514 828 56.
2536 803 2607 814 ——
2639 772 2864 827 Verbum
2894 773 3136 826 otiosum.
3169 769 3227 825 Si
3258 771 3323 826 de
3345 770 3521 825 otioso
3561 769 3733 825 verbo

2116 864 2338 921 'reddet
2366 865 2527 919 homo
2569 854 2833 918 rationem
2864 864 2917 918 in
2962 863 3048 918 die
3079 862 3292 931 judicii,
3331 871 3532 931 quanto
3557 862 3733 930 magis

2150 972 2246 1012 vos
2273 957 2364 1027 qui
2393 971 2556 1027 opera
2582 956 2752 1011 sancti
2784 954 3017 1026 Spiritus
3040 954 3215 1009 dicitis
3239 967 3358 1008 esse
3380 952 3703 1007 Beelzebub.

2222 1048 2437 1120 (Gnsc.)
2478 1048 2723 1103 Otiosum
2765 1046 2990 1103 verbum
3030 1054 3132 1111 est,
3177 1043 3317 1114 quod
3368 1051 3460 1097 aut
3498 1040 3732 1096 utilitate

2150 1138 2528 1202 rectitudinis,
2581 1146 2675 1191 aut
2724 1136 2935 1191 ratione
2976 1135 3138 1205 justae
3182 1132 3521 1189 necessitatis
3554 1139 3729 1195 caret,

2148 1227 2292 1297 quod
2319 1226 2544 1290 scilicet,
2577 1234 2708 1290 etc.,
2739 1242 2900 1296 usque
2927 1224 2996 1278 ad
3026 1222 3118 1279 hic
3141 1237 3248 1278 non
3270 1222 3429 1279 otiosi
3452 1220 3606 1277 verbi
3632 1222 3730 1292 sed

2149 1315 2423 1370 criminosi
2449 1315 2722 1370 tenebitur
2752 1330 2895 1370 reus.

2220 1404 2381 1461 Vens.
2409 1407 2496 1462 57.
2528 1406 2614 1460 Ex
2638 1407 2822 1461 verbis.
2853 1406 2996 1463 Mors
3018 1417 3074 1463 et
3098 1409 3209 1463 vita
3232 1408 3286 1463 in
3317 1407 3568 1463 manibus
3613 1406 3727 1467 lin:

2148 1510 2284 1566 gnte.

2219 1585 2381 1641 Vsus.
2426 1585 2514 1641 '58.
2544 1617 2614 1629 —-
2636 1586 2782 1643 Tunc
2810 1588 3203 1656 responderunt.
3239 1587 3375 1644 Cum
3423 1586 3629 1643 Scriba:
3669 1593 3729 1641 et

2145 1677 2413 1732 Pharisaei
2451 1677 2616 1732 verba
2661 1677 2967 1735 nullatenus
3012 1686 3232 1748 possent
3281 1678 3588 1748 improbare
3613 1718 3629 1742 ,
3668 1676 3726 1732 in

479 1780 565 1850 vel
593 1780 854 1849 minorem
878 1779 1042 1835 Patre
1069 1770 1318 1846 credunt,
1349 1790 1405 1835 et
1427 1782 1609 1837 dicunt
1635 1800 1647 1835 :
1676 1782 1802 1853 quia
1832 1796 1939 1837 non
1970 1782 2046 1835 in-
2094 1851 2105 1853 _
2145 1767 2402 1838 Opem)us
2430 1774 2680 1837 quaerunt
2705 1775 2935 1831 ιθηιπθν
2964 1775 3266 1836 quaerentes
3306 1767 3459 1838 δίεπε
3494 1766 3681 1822 Videre
3704 1805 3723 1833 ν

477 1870 617 1923 vidia
644 1869 928 1934 diabolica,
960 1871 1053 1924 sed
1082 1870 1315 1940 humana
1348 1870 1649 1941 ignorantia
1679 1851 1781 1927 hoc
1827 1862 2050 1933 faciunt,
2082 1851 2129 1912 Β
2157 1857 2312 1929 quasi
2342 1873 2449 1912 ηοη
2479 1856 2678 1917 fuerim
2706 1857 2857 1926 δίκηα
2886 1871 3006 1927 qua?
3030 1857 3296 1912 Vide'am-

478 1958 830 2027 irremissibili
856 1960 1083 2014 crimine
1110 1975 1216 2013 non
1252 1968 1521 2032 tenentur.
1574 1960 1682 2017 Sed
1706 1963 1796 2032 qui
1819 1963 1871 2016 in
1900 1962 2050 2017 simi-

474 2048 704 2104 litudine
733 2048 930 2104 diaboli
965 2056 1153 2103 contra
1201 2050 1584 2105 conscientiam
1617 2066 1769 2105 suam
1801 2050 2055 2127 majesta-

477 2148 584 2192 tem
636 2138 730 2193 Dei
779 2147 1130 2213 oppugnant,
1189 2155 1295 2211 non
1344 2141 1541 2195 habent
1575 2141 1943 2211 remissionem
1998 2144 2052 2197 in

478 2238 738 2301 aeternum
758 2269 773 2295 ,
816 2230 957 2284 sicut
985 2229 1198 2285 Marcus
1227 2238 1408 2300 aperte
1451 2230 1687 2286 declarat
1714 2245 1728 2284 :
1761 2233 1851 2301 qui
1880 2232 2053 2301 posito

481 2319 583 2372 hoc
617 2317 920 2373 testimonio
968 2318 1180 2393 Domini
1235 2319 1545 2390 subiunxit:
1604 2320 1885 2385 Quoniam“
1914 2321 2053 2375 dice-

476 2408 619 2474 bant,
647 2411 883 2477 spiritum
908 2410 1236 2465 immundum
1278 2411 1430 2465 habet
1457 2410 1669 2483 (Matth.
1702 2412 1802 2484 tu).

474 2508 475 2513 ‘
545 2500 708 2555 Vnus.
764 2501 851 2558 52.
895 2531 964 2542 -
1008 2501 1075 2556 Et
1104 2502 1412 2573 quicunque.
1460 2502 1679 2573 (Alam)
1735 2503 1910 2558 Etiam
1958 2504 2053 2575 qui

474 2592 870 2648 scandalizatus
900 2594 1212 2673 inlirmitatp
1239 2594 1419 2649 carnis
1447 2609 1598 2658 mem,
1653 2610 1846 2665 purum
1879 2596 2053 2651 homi-

473 2699 593 2755 nem
639 2684 723 2738 vel
775 2694 1080 2740 voratorem
1135 2684 1437 2754 suspicatus
1486 2682 1685 2751 fuerit,
1728 2685 2050 2742 remissibile

472 2775 596 2829 erit.

545 2862 650 2927 Qui
676 2873 871 2918 autem.
920 2863 1163 2920 Gratiam
1193 2864 1366 2920 sancti
1394 2863 1627 2935 Spiritus
1648 2882 1752 2937 qua
1781 2866 2047 2937 poeniten-

473 2954 547 3009 tia
593 2953 884 3024 inspiratur
942 2965 996 3012 et
1043 2958 1110 3012 ad
1170 2959 1641 3033 congregationem
1692 2960 1915 3027 reditur,
1942 2978 2049 3018 non

471 3059 802 3116 cognoscens
854 3048 1210 3121 impcenitenti
1257 3051 1422 3105 corde
1473 3054 1876 3121 permanserit:
1926 3070 2048 3110 cum

473 3131 702 3207 hocjam
731 3151 839 3191 non
868 3130 943 3192 sit
981 3139 1295 3205 humanum,
1327 3142 1420 3196 sed
1447 3141 1786 3209 diabolicum,
1813 3144 2047 3201 irremis-

470 3198 624 3279 sibile
646 3226 770 3280 erit.
801 3226 980 3303 Neque
999 3230 1053 3282 in
1079 3230 1174 3282 hoc
1194 3198 1407 3283 saeculo.
1439 3231 1690 3298 Quadam
1715 3198 1856 3289 enim
2072 3198 2118 3262 Ο

472 3313 526 3386 in
557 3314 657 3371 hoc
694 3310 1168 3390 sarculo'laitantur
1201 3337 1215 3373 :
1251 3310 1494 3390 qumdam
1530 3336 1660 3379 vero
1690 3323 1891 3395 (parvae
1937 3328 2044 3383 sci-

470 3405 614 3476 licet)
654 3409 814 3463 etiam
865 3409 920 3463 in
968 3408 1167 3464 futuro.
1228 3411 1358 3481 Quae
1404 3412 1620 3482 quidem
1648 3400 1770 3485 post
1816 3426 2046 3473 mortem

467 3505 714 3566 gravant,
758 3500 851 3553 sed
881 3508 934 3553 et
957 3488 1324 3568 dimittuntur,
1372 3504 1417 3556 si
1463 3503 1626 3560 homo
1656 3505 1812 3561 bonis
1838 3487 2047 3565 actibus

470 3577 523 3639 in
558 3587 689 3652 vita,
716 3595 775 3641 ut
804 3588 877 3642 ibi
906 3590 1264 3657 dimittantur,
1310 3594 1628 3661 promeruit.
1666 3593 1846 3665 Neque
1870 3598 1924 3652 in
1955 3598 2043 3668 fu-

468 3689 607 3732 turo.
650 3679 785 3746 Quia
828 3690 953 3735 sunt
978 3681 1221 3750 quaedam
1257 3675 1416 3749 levia,
1455 3699 1574 3753 qua:
1610 3687 1656 3740 si
1692 3687 1747 3742 in
1796 3689 1899 3745 hac
1932 3692 2040 3745 vita

470 3770 707 3824 nondum
737 3780 857 3827 sunt
887 3774 1133 3839 remissa,
1165 3783 1287 3844 post
1310 3784 1535 3848 mortem
1563 3789 1810 3849 gravant,
1850 3783 1944 3838 sed
1988 3793 2045 3840 et

471 3859 836 3924 remittuntur,
875 3861 920 3916 si
952 3861 1097 3938 digni
1123 3873 1268 3917 sunt.
1565 3860 1571 3865 “

540 3945 706 4002 Vens.
751 3949 844 4003 55.
893 3951 996 4005 Aut
1044 3951 1219 4023 facile.
1268 3951 1410 4008 Nihil
1452 3956 1597 4012 enim
1638 3960 1875 4015 medium
1914 3962 2045 4037 quin

472 4037 597 4092 boni
641 4040 877 4096 auctoris
908 4043 1046 4097 bona
1078 4051 1284 4098 tantum
1310 4045 1418 4101 sint
1444 4061 1630 4117 opera,
1653 4058 1707 4105 et
1732 4051 1857 4107 mali
1881 4036 2043 4110 mala.

466 4127 722 4184 Cearctat
767 4144 861 4186 eos
913 4132 1039 4221 hinc
1087 4132 1213 4189 inde
1261 4122 1668 4207 complexione,
1718 4150 1773 4198 et
1819 4151 2047 4221 utroque

468 4234 635 4273 cornu
684 4221 902 4289 premit.
952 4220 1011 4276 Si
1066 4223 1239 4279 malus
1287 4236 1370 4281 est
1412 4229 1696 4299 diabolus,
1757 4248 1863 4289 non
1918 4234 2047 4292 facit

468 4308 606 4362 bona
631 4323 646 4374 ;
675 4310 718 4363 si
742 4310 881 4365 bona
908 4320 1056 4378 sunt,
1098 4303 1201 4369 non
1229 4326 1353 4372 sunt
1381 4319 1597 4375 diaboli.

539 4397 642 4451 Aut
688 4399 866 4468 facite,
914 4412 1020 4456 etc.
1064 4402 1285 4474 Mystice
1331 4409 1496 4464 arbor
1540 4411 1701 4483 bona,
1754 4413 2038 4485 Christus;

470 4490 696 4556 fructus,
734 4494 1041 4561 praedicatio
1080 4497 1391 4571 Evangelii;
1438 4504 1780 4571 curationes,
1828 4509 2039 4565 redem-

2226 1948 2388 2004 Vsns.
2415 1948 2505 2003 59.
2545 1978 2617 1988 —
2647 1945 2769 2002 Nisi
2797 1949 3000 2018 signum
3022 1946 3197 2003 Jonw.
3230 1946 3477 2003 Ostendit
3502 1945 3726 2017 Iudaeos

2153 2040 2221 2095 ad
2254 2041 2424 2095 instar
2454 2038 2813 2095 Ninivitarum
2842 2039 3176 2102 criminosos,
3216 2046 3273 2094 et
3296 2038 3401 2095 nisi
3428 2039 3728 2110 pmniteant

2154 2131 2489 2187 subversioni
2517 2130 2811 2201 proximos.
2845 2129 2953 2185 Sed
2977 2130 3116 2185 sicut
3154 2129 3260 2186 illis
3287 2138 3343 2186 et
3378 2120 3727 2185 denuntiatur

2154 2222 2474 2291 supplicium
2505 2262 2519 2288 ,
2549 2229 2606 2276 et
2634 2220 3035 2281 demonstratur
3070 2220 3365 2276 remedium
3399 2236 3413 2273 :
3446 2219 3520 2274 ita
3554 2217 3727 2274 Judaei

2151 2328 2258 2367 non
2309 2313 2506 2368 debent
2533 2313 2824 2383 desperare
2852 2312 3062 2367 veniam
3086 2350 3101 2377 ,
3132 2311 3178 2366 si
3205 2310 3395 2367 saltem
3439 2317 3728 2381 postquam

2150 2400 2401 2457 Christus
2445 2402 2746 2457 resurrexit
2790 2418 2822 2455 a
2869 2400 3117 2466 mortuis,
3154 2398 3471 2465 commoniti
3509 2397 3728 2469 egerint

2149 2491 2526 2562 paenitentiam
2570 2510 2584 2546 :
2629 2492 2756 2561 quia
2791 2506 2938 2548 mors
2986 2489 3186 2546 Christi
3232 2488 3600 2547 reconciliatio
3639 2497 3726 2543 est

2150 2580 2363 2637 mundi.
2650 2572 2661 2578 ’

2222 2673 2383 2730 Vsus.
2416 2674 2503 2728 b0.
2530 2705 2601 2714 —
2629 2673 2778 2730 Sicut
2804 2674 2941 2728 enim
2967 2673 3066 2743 fuit
3100 2672 3289 2729 Jonas.
3317 2672 3512 2739 Jonas,
3541 2672 3596 2729 id
3616 2682 3721 2739 est,

2152 2763 2355 2827 dolens,
2382 2764 2653 2837 signiﬁcat
2676 2763 2826 2818 illum
2847 2764 2938 2833 qui
2968 2762 3178 2820 dolores
3208 2772 3420 2820 nostros
3454 2764 3721 2839 portavit.

2152 2854 2249 2910 Vel
2280 2854 2529 2910 columba
2563 2872 2577 2908 :
2615 2853 2787 2909 Piscis
2835 2853 2928 2925 qui
2959 2854 3174 2909 voravit
3214 2855 3269 2909 in
3314 2854 3524 2926 pelago,
3571 2869 3723 2912 mors

2151 2962 2311 3017 quam
2349 2963 2543 3018 passus
2569 2955 2652 3001 est
2680 2945 2738 3000 in
2768 2945 2989 3001 mundo.
3024 2943 3176 3000 Sicut
3198 2946 3402 3016 ejectus
3428 2945 3590 3001 estin
3613 2947 3725 3001 ari-

2151 3038 2297 3103 dam,
2324 3039 2404 3092 sic
2427 3037 2673 3092 Christus
2700 3036 2936 3091 surrexit
2966 3036 3020 3090 in
3051 3035 3299 3107 gloriam.

2224 3128 2410 3184 Tribus
2451 3129 2653 3183 diebus.
2703 3128 2852 3185 More
2895 3129 3268 3198 antiquorum,
3301 3128 3393 3198 qui
3425 3128 3567 3184 diem
3597 3143 3724 3186 cum

2149 3231 2309 3277 nocte
2350 3221 2688 3292 praecedente
2731 3220 3130 3291 computabant.
3201 3219 3416 3276 Partem
3458 3220 3566 3276 diei
3613 3234 3723 3289 qua

2149 3310 2394 3383 sepultus
2416 3319 2502 3367 est
2531 3326 2655 3366 cum
2696 3312 2970 3382 praeterita
3015 3323 3195 3378 nocte,
3238 3325 3339 3381 pro
3369 3320 3527 3367 nocte
3554 3318 3610 3365 et
3633 3311 3729 3365 die

2148 3402 2358 3472 accipe,
2390 3402 2493 3456 hoc
2520 3410 2606 3457 est
2630 3417 2727 3471 pro
2756 3410 2868 3456 toto
2898 3402 2982 3456 die
3017 3417 3114 3472 per
3149 3402 3540 3473 synecdochen.
3579 3400 3717 3456 Sab-

2146 3492 2259 3546 bati
2298 3502 2511 3546 noctem
2553 3500 2611 3547 et
2649 3491 2791 3547 diem
2834 3493 3061 3563 integre.
3112 3491 3335 3549 Noctem
3382 3492 3717 3547 Dominicam

2148 3580 2487 3641 cum'eadem
2521 3582 2607 3637 die
2635 3582 2998 3653 illucescente,
3028 3593 3236 3653 partem
3267 3598 3365 3654 pro
3397 3592 3533 3650 toto,
3561 3592 3617 3638 et
3642 3584 3719 3637 ita

2148 3672 2315 3728 habes
2360 3681 2473 3729 tres
2506 3673 2623 3729 dies
2660 3683 2723 3730 et
2749 3683 2861 3730 tres
2889 3684 3095 3731 noctes.
3136 3675 3305 3731 Primi
3353 3677 3467 3732 dies
3501 3682 3719 3747 propter

2147 3764 2387 3822 futurum
2415 3768 2652 3824 hominis
2679 3767 2890 3838 lapsum
2921 3785 2953 3822 a
2982 3769 3103 3825 luce
3131 3769 3184 3824 in
3211 3778 3443 3825 noctem.
3471 3769 3564 3825 lsti
3586 3784 3714 3840 pro-

2146 3867 2268 3930 pter
2313 3860 2547 3915 hominis
2598 3861 2993 3931 reparationem
3048 3878 3077 3915 a
3124 3861 3361 3923 tenebris
3412 3862 3481 3917 ad
3540 3861 3721 3917 lucem

2146 3960 2545 4022 computantur.

2216 4040 2457 4114 Mystice.
2487 4042 2611 4098 Tres
2652 4043 2786 4111 dies,
2825 4044 2928 4099 tria
2959 4052 3217 4114 tempora,
3246 4053 3370 4100 ante
3398 4045 3591 4117 legem,
3617 4047 3718 4102 sub

2149 4132 2286 4202 lege,
2316 4135 2421 4189 sub
2445 4135 2640 4204 gratia.
2667 4124 2800 4190 'l‘res
2830 4143 3037 4205 noctes,
3069 4144 3178 4203 tres
3207 4136 3402 4191 mortui
3430 4152 3566 4206 quos
3592 4153 3721 4193 sus—

2147 4214 2335 4280 citavit
2374 4216 2652 4283 Dominus.

2216 4319 2378 4385 Vsus.
2409 4317 2497 4373 41.
2530 4349 2602 4359 -
2636 4319 2747 4374 Viri
2774 4318 3040 4393 Ninivitae.
3076 4320 3142 4389 Et
3173 4330 3256 4377 est
3288 4337 3479 4378 sensus
3509 4341 3524 4378 :
3553 4323 3719 4380 Jonas

2144 4409 2330 4480 paucis
2382 4396 2575 4464 diebus
2615 4416 2669 4463 et
2716 4408 2833 4464 sine
2879 4410 3047 4480 signis
3080 4412 3392 4480 praedicavit
3444 4414 3589 4482 genti
3635 4414 3719 4468 in-

2160 4498 2419 4569 credulae,
2467 4511 2524 4556 et
2563 4501 2788 4573 profecit
2813 4520 2826 4557 :
2854 4518 2954 4574 ego
2982 4492 3139 4576 longo
3163 4513 3419 4576 tempore,
3444 4516 3499 4562 et
3523 4508 3719 4579 popqu

468 4584 600 4653 ptio.
641 4583 817 4641 Arbor
844 4589 985 4643 mala
1022 4589 1267 4648 diabolus
1310 4601 1363 4648 et
1397 4595 1499 4663 sui,
1532 4596 1583 4650 id
1612 4606 1715 4666 est,
1751 4597 1961 4657 Scriba;
1988 4612 2041 4660 et
2074 4577 2123 4639 Ῐ)
2149 4596 2267 4661 Dei,
2294 4605 2350 4649 et
2376 4595 2741 4666 compluribus
2785 4597 2972 4667 signis,
3019 4597 3072 4651 in
3114 4613 3308 4653 vanum
3338 4577 3607 4670 praedico.
3634 4602 3715 4658 Eo

470 4676 762 4749 Pharis-.ei:
797 4690 852 4734 et
873 4682 1052 4754 ueteri
1092 4683 1218 4739 mali
1238 4684 1470 4757 fructus,
1508 4688 1730 4757 invidia,
1756 4691 2037 4768 detractio,

469 4766 820 4835 blasphemia,
850 4768 1074 4825 haeresis
1102 4780 1156 4827 et
1185 4771 1509 4841 hujusmodi.

541 4857 703 4912 Vsus.
734 4859 917 4914 54.—
961 4860 1243 4933 Progenies
1289 4866 1601 4937 viperarum,
1644 4881 1751 4928 etc.
1803 4873 2044 4932 Ostendit

469 4965 562 5004 eos
590 4951 784 5005 malam
813 4953 1061 5008 arborem
1089 4971 1102 5008 :
1132 4963 1187 5009 et
1217 4956 1424 5011 fructus
1447 4958 1640 5017 afferre
1673 4963 2038 5035 blasphemiae.

472 5038 556 5091 Ea:
579 5039 919 5095 abundantia.
973 5041 1142 5097 Homo
1170 5059 1310 5113 saepe
1347 5046 1570 5115 fallitur,
1606 5053 1697 5121 qui
1723 5063 1914 5123 pensat
1949 5071 2043 5112 cor

470 5147 533 5187 ex
565 5148 677 5199 ore,
718 5141 772 5188 et
799 5148 978 5204 opere.
1029 5134 1134 5190 Sed
1164 5136 1303 5193 Deus
1330 5155 1465 5208 optts
1489 5152 1543 5197 et
1585 5146 1746 5213 verba
1782 5162 1849 5201 ex
1881 5149 2043 5204 corde

471 5227 612 5311 quod
636 5228 783 5282 novit
802 5227 1026 5294 judicat.
1079 5227 1154 5282 Illi
1181 5245 1309 5300 ergo
1332 5247 1398 5285 cx
1430 5234 1755 5291 abundantia
1781 5238 1958 5294 cordis
1982 5254 2043 5295 os

470 5317 706 5384 loquitur
736 5317 825 5385 qui
860 5317 956 5370 scil
988 5332 1051 5371 ex
1084 5334 1186 5387 qua
1212 5320 1504 5379 intentione
1533 5328 1660 5381 exit.

541 5407 702 5460 Vens.
732 5402 824 5461 55.
853 5438 920 5446 -
957 5400 1134 5465 Bonus
1162 5412 1341 5491 ’Iwmo.
1389 5414 1695 5473 Tltesaurus
1739 5421 1916 5476 cordis
1962 5421 2041 5476 in-

470 5498 639 5563 tentio
664 5504 768 5562 est,
798 5512 863 5552 ex
884 5513 986 5567 qua
1006 5500 1145 5555 Deus
1160 5501 1364 5571 judicat
1383 5519 1567 5575 opera,
1593 5515 1649 5561 ut
1674 5517 1729 5564 et
1752 5510 2041 5581 aliquando

471 5588 678 5643 minora
716 5587 1008 5657 majorem,
1050 5593 1253 5663 majora
1301 5596 1562 5652 minorem
1610 5599 1845 5655 habeant
1895 5617 2035 5655 mer-

470 5682 673 5747 cedem.
708 5680 822 5737 Hoc
868 5683 922 5737 in
968 5683 1107 5751 loco,
1144 5686 1227 5740 vel
1253 5684 1466 5743 Iudaeos
1507 5691 1743 5757 ostendit
1782 5691 1848 5745 de
1893 5692 2037 5762 quali

473 5769 723 5827 thesauro
759 5770 1027 5843 proferant
1076 5774 1479 5845 blasphemiam.
1518 5778 1610 5835 Vel
1643 5798 1764 5836 cum
1800 5783 2037 5852 Superio-

2149 4685 2320 4762 magis
2347 4685 2548 4757 indigni
2590 4696 2716 4742 sunt
2744 4688 2920 4755 venia,
2952 4690 3041 4758 qui
3072 4705 3137 4743 ex
3163 4690 3278 4762 lege
3306 4702 3431 4747 sunt
3452 4694 3713 4762 inﬁdeles,

2149 4793 2257 4847 quo
2284 4777 2404 4849 plus
2434 4788 2516 4833 est
2543 4778 2665 4851 lidei
2697 4779 2749 4853 in
2787 4781 2890 4847 his,
2941 4782 3031 4850 qui
3066 4782 3237 4850 legem
3267 4786 3595 4841 nescierunt.
3621 4788 3716 4844 Ni-

2150 4860 2292 4933 nive,
2343 4870 2574 4938 speciosa
2617 4885 2635 4922 :
2679 4869 2852 4945 signat
2879 4864 3232 4940 gentilitatem
3278 4891 3437 4945 quam
3468 4876 3719 4937 Christus

2148 4961 2351 5014 amavit
2397 4961 2611 5033 fmdam,
2654 4970 2715 5016 ut
2754 4962 2955 5034 faceret
2976 4966 3273 5049 pulchram.
3300 4968 3358 5024 In
3386 4969 3638 5028 Ninivitis
3664 4984 3721 5029 et

2146 5050 2327 5120 regina
2357 5051 2560 5118 Austri,
2598 5054 2730 5109 ﬁdes
2754 5054 3007 5125 Ecclesia:
3036 5058 3297 5129 signatur,
3325 5076 3445 5130 qua
3478 5078 3583 5117 non
3612 5066 3716 5119 nti-

2146 5156 2248 5196 nus
2272 5158 2372 5212 per
2403 5145 2772 5217 pmnitentiam
2817 5158 3048 5215 peracta:
3087 5150 3403 5219 insipientia:
3429 5167 3590 5221 quam
3621 5172 3718 5225 per

2148 5235 2465 5290 industriam
2491 5239 2756 5294 discendae
2783 5241 3059 5309 sapientiae
3092 5242 3200 5297 Deo
3223 5244 3558 5302 conciliatur.
3587 5246 3718 5303 Dum

2147 5325 2290 5379 enim
2332 5336 2515 5394 partes
2558 5338 2681 5383 sunt
2719 5330 2994 5396 Ecclesia},
3042 5346 3160 5400 quae
3193 5346 3419 5400 peccare
3443 5336 3638 5401 nescit,
3662 5345 3717 5391 et

2146 5431 2264 5485 qua:
2308 5433 2536 5487 peccare
2585 5421 2817 5487 desistit,
2867 5423 3183 5491 pmuitentia
3233 5425 3377 5478 enim
3430 5406 3716 5503 peccatum

2145 5506 2338 5571 abolet,
2368 5510 2630 5578 sapientia
2659 5519 2834 5565 cavet.

2219 5595 2381 5653 Vens.
2410 5598 2500 5653 45.
2529 5629 2598 5639 -
2621 5598 2751 5653 Cum
2778 5611 2951 5654 autem
2976 5641 2991 5667 ,
3026 5610 3130 5657 etc.
3177 5600 3340 5675 Quasi
3381 5602 3527 5659 dicat
3555 5622 3570 5659 :
3606 5605 3717 5661 Vos

2146 5705 2250 5743 non
2282 5688 2412 5745 estis
2436 5690 2639 5746 similes
2677 5689 2929 5746 Ninivitis
2966 5692 3049 5747 vel
3086 5694 3282 5763 reginae
3318 5693 3501 5749 Austri
3541 5712 3555 5749 :
3586 5696 3714 5764 quia

2144 5797 2229 5835 me
2257 5782 2578 5851 pnedicantc
2613 5783 2987 5853 pmnitcntiam
3019 5801 3124 5840 non
3159 5787 3506 5857 pmnituistis,
3544 5796 3598 5852 et
3628 5802 3714 5861 me
