4068 6344
316 372 419 430 129

1231 372 1496 430 GLOSSA
1536 367 1930 427 0RDINARIA.
1965 399 2036 408 -
2072 366 2324 425 EVANG.
2371 366 2629 422 ΜΑΤΤΗ.

3445 365 3553 422 ίὸθ

315 479 544 535 docente
579 478 896 550 sapientiam
926 485 1043 534 ‘nou'
1075 480 1356 535 didicistis.
1391 479 1497 535 Sed
1521 479 1651 533 estis
1679 476 1883 531 similes
1910 478 1959 537 Α
1985 474 2345 539 itinera.etc.,
2370 492 2531 546 usque
2552 477 2619 528 at!
2643 475 2708 530 ad
2729 490 2847 544 qua:
2869 473 3037 530 Judaei
3058 491 3163 530 non
3195 473 3551 544 intraverunt,

314 567 519 622 homini
557 583 589 621 a
617 580 725 638 quo
752 568 996 623 diabolus
1035 570 1283 625 exclusus
1323 570 1515 624 iterum
1559 567 1879 638 ingreditur.

384 657 558 713 Distat
584 659 724 715 inter
744 673 907 728 opera
932 675 1051 715 mea
1080 662 1171 730 qui
1203 660 1400 731 polluta
1420 661 1640 725 mundo,
1681 667 1737 715 et
1778 656 1881 712 Sa-

313 757 475 811 tanaz,
506 748 597 817 qui
619 750 871 803 mundata
900 751 1116 821 gravius
1137 750 1482 806 contaminat.

385 839 630 892 Ambulat
654 855 748 910 per
780 840 914 895 lacu.
944 842 1199 912 Explorat
1227 843 1388 897 corda
1426 841 1659 896 ﬁdelium
1694 857 1725 895 a
1751 840 1884 896 mol-

315 929 427 985 litie
449 929 604 984 ﬂuxa:
623 932 976 1001 cogitationis
1017 944 1242 1005 purgata
1264 973 1280 999 ,
1322 933 1368 988 si
1403 947 1541 1003 quos
1567 948 1784 1003 gressus
1809 932 1883 987 ibi

314 1022 480 1092 ﬁgere
503 1023 671 1092 possit
694 1024 861 1092 quod,
887 1024 1011 1094 quia
1036 1025 1242 1095 nequit,
1255 1025 1323 1080 ad
1338 1023 1557 1079 humida
1582 1025 1740 1079 redit.

387 1135 552 1190 Vens.
578 1135 754 1189 44.-
780 1136 1029 1191 Revertar
1054 1137 1109 1192 in
1133 1136 1368 1193 domum.
1399 1138 1510 1193 Sub
1547 1138 1735 1193 umbra
1765 1137 1889 1192 dor-

314 1227 437 1291 mit,
466 1226 521 1280 in
549 1237 763 1282 secreto
785 1225 997 1293 calami,
1039 1238 1095 1284 et
1130 1228 1265 1284 locis
1287 1228 1653 1284 humentibus.
1684 1227 1886 1285 Umbra

316 1319 602 1372 tenebrosa
621 1358 636 1382 ,
666 1318 997 1374 conscientia
1026 1337 1040 1373 :
1067 1319 1308 1375 calamus
1337 1318 1470 1373 foris
1482 1314 1718 1383 nitidus,
1746 1318 1890 1374 intus

313 1422 538 1472 vacuus,
569 1406 852 1464 simulator
875 1405 1062 1464 :locus
1084 1408 1357 1475 humidus,
1382 1408 1583 1464 lasciva
1607 1407 1890 1479 mollisque

312 1516 489 1557 mens.

387 1611 550 1666 Vsus.
575 1610 667 1666 45.
692 1640 765 1654 -
792 1609 995 1683 Septem
1045 1612 1179 1668 alios
1209 1613 1443 1685 spiritus.
1491 1611 1708 1683 Septem
1732 1614 1886 1680 vitia,

314 1711 524 1772 septem
565 1702 860 1759 virtutibus
898 1705 1272 1775 spiritualibus
1328 1706 1619 1761 contraria.
1684 1704 1887 1777 Nequi-

310 1804 447 1847 Ores.
520 1792 656 1860 Quia
713 1810 819 1849 non
880 1796 1038 1850 modo
1086 1795 1249 1851 habet
1280 1795 1429 1862 vitia,
1483 1796 1576 1852 sed
1634 1805 1689 1852 et
1746 1798 1887 1853 bona

313 1881 739 1939 simulat.Tanto
769 1884 1076 1954 nequiores,
1094 1891 1293 1954 quanto
1305 1885 1627 1942 eallidiores.
1644 1884 1884 1956 Septem,

316 1977 449 2045 quia
495 1986 574 2033 tot
625 1986 781 2034 erant
826 1978 1013 2050 gratia:
1054 1995 1178 2036 eum
1207 1979 1422 2037 Christo
1447 1978 1745 2036 destinatae.

394 2087 610 2159 Septem
646 2090 800 2157 vitia,
847 2098 1052 2162 septem
1078 2091 1339 2148 damonis
1380 2099 1584 2164 septem
1612 2091 1889 2162 spiritibus

317 2182 595 2237 contraria
620 2181 832 2254 spiritui
862 2183 1138 2253 sapientia:
1163 2192 1218 2239 et
1254 2183 1575 2250 intellectus,
1604 2190 1733 2240 ete.’

392 2292 483 2348 Sic
512 2294 630 2359 erit,
661 2301 768 2349 etc.
810 2294 964 2362 Quod
1013 2296 1080 2352 de
1123 2312 1230 2351 una
1260 2296 1374 2353 sola
1407 2312 1466 2353 re
1502 2297 1658 2365 dixit,
1701 2298 1803 2353 hoc
1832 2298 1887 2353 in

314 2382 423 2437 hac
450 2390 565 2437 tota
594 2391 754 2453 gente
777 2382 856 2438 ﬁt.-
878 2384 1196 2442 immundns
1238 2385 1470 2457 Spiritus
1502 2403 1533 2441 a
1557 2386 1755 2444 Judaeis
1792 2403 1889 2444 ex-

312 2474 438 2542 ivit,
464 2476 678 2546 quando
702 2475 870 2547 legem
895 2485 1240 2547 acceperunt.
1262 2478 1569 2534 Ambulavit
1592 2478 1659 2533 ad
1681 2487 1886 2550 gentes,

317 2581 440 2635 qua:
466 2583 588 2622 cum
629 2578 812 2638 postea
852 2567 1082 2624 Domino
1131 2570 1460 2636 crederent,
1509 2585 1619 2625 non
1671 2570 1888 2625 invento

318 2660 442 2716 loco
480 2662 532 2716 in
562 2661 644 2716 eis
668 2661 804 2716 dixit
829 2678 842 2715 :
872 2660 1132 2717 Revertar
1156 2662 1211 2716 in
1236 2660 1449 2717 Judaos
1470 2669 1725 2717 vacantes
1752 2676 1889 2731 prte-

314 2752 463 2806 stdio
491 2752 583 2807 Dei
625 2760 681 2833 et
718 2752 1026 2824 angelorum
1053 2794 1071 2820 ,
1121 2752 1579 2823 increpationibus
1610 2759 1664 2805 et
1699 2766 1885 2807 corre-

314 2841 591 2911 ptionibus
632 2842 919 2899 mandatos
941 2884 957 2910 ,
1002 2852 1221 2899 ornatos
1247 2840 1532 2913 superﬂuis
1554 2841 1886 2897 observatio-

300 2930 499 2985 nibus.
520 2931 801 2986 Adduntur
823 2940 1027 3002 septem
1046 2972 1062 2998 ,
1088 2933 1212 3003 quia
1241 2930 1410 2986 multo
1438 2930 1639 3001 majore
1660 2945 1887 2986 numero

312 3021 619 3095 dtentonum
646 3022 1007 3091 possidentur
1048 3022 1478 3092 blasphemautes
1501 3018 1684 3077 Jesum
1721 3036 1884 3090 quam

309 3113 372 3166 in
397 3110 635 3184 Egypto
661 3113 895 3182 possessi
927 3098 1161 3167 fuerunt.
1205 3110 1406 3167 Contra
1433 3121 1636 3181 septem
1663 3111 1885 3182 spiritus

310 3205 580 3259 virtutum
604 3214 688 3261 est
708 3221 964 3261 numerus
991 3206 1263 3277 vitiorum.

390 3295 555 3350 Vsus.
598 3295 687 3349 46.
716 3324 788 3335 -
834 3295 969 3350 Ecce
1017 3290 1182 3350 mater
1226 3296 1359 3365 eius.
1415 3294 1595 3367 (Ihm)
1639 3296 1880 3369 Mystice.

307 3386 493 3442 Mater
519 3396 574 3440 et
601 3385 800 3441 fratres
824 3385 1052 3457 papulus
1090 3395 1170 3442 est
1195 3385 1501 3442 Judzeorum
1525 3388 1617 3457 qui
1643 3386 1768 3443 Jesu
1791 3389 1884 3442 in-

312 3487 407 3531 tus
436 3476 658 3531 docente
687 3489 794 3530 non
827 3484 1054 3545 possunt
1097 3476 1337 3542 intrare,
1376 3477 1499 3546 quia
1535 3474 1887 3547 spiritualiter

306 3564 434 3635 ejus
456 3566 638 3630 verba,
665 3574 796 3630 etc.,
830 3580 991 3635 usque
1024 3565 1094 3620 ad
1120 3565 1339 3621 Fratres
1368 3567 1579 3623 Domini
1609 3577 1734 3623 sunt
1756 3584 1887 3624 con-

312 3659 520 3719 sobrini
546 3655 678 3726 ejus,
709 3656 802 3711 ﬁlii
829 3657 1010 3711 Maria:
1048 3666 1353 3713 matertera:
1370 3658 1487 3729 ejus
1512 3678 1525 3713 :
1548 3675 1667 3730 qua:
1688 3660 1889 3716 dicitur

308 3762 499 3808 mater
539 3746 729 3808 Jacobi
766 3745 993 3805 minoris
1034 3754 1088 3806 et
1127 3745 1326 3823 Josepb
1351 3786 1367 3819 ,
1413 3755 1468 3803 et
1510 3746 1660 3809 Iudae
1704 3760 1757 3809 et
1799 3749 1886 3808 Si-

300 3845 515 3917 monis.
1700 3853 1715 3859 ‘

398 3938 563 3994 Vens.
594 3938 682 3993 47.
713 3967 782 3979 -
817 3938 964 3995 Dixit
1012 3950 1183 3994 autem
1248 3938 1314 3993 ei.
1363 3938 1655 4002 lnsidiose,
1705 3947 1887 3995 utrum

313 4029 586 4101 spirituali
622 4031 771 4103 operi
802 4046 1022 4088 carnem
1052 4030 1304 4102 praeferat
1334 4049 1346 4085 :
1375 4043 1433 4087 et
1470 4030 1592 4086 ideo
1630 4047 1691 4087 se
1730 4048 1887 4089 nosse

317 4122 626 4178 dissimulat
657 4131 887 4178 matrem
930 4132 986 4179 et
1019 4123 1293 4193 proximos
1324 4140 1434 4195 per
1474 4124 1834 4195 cognitionem
1864 4148 1883 4191 ,

303 4200 415 4268 'se'd
443 4228 540 4283 per
566 4213 1002 4285 conjunctionem
1048 4214 1268 4284 spiritus
1308 4228 1429 4270 esse
1464 4212 1568 4269 sibi
1609 4214 1887 4284 proximos

311 4304 470 4377 dicit.
1734 4320 1737 4323 λ

389 4394 550 4452 Vens.
577 4396 665 4453 48.
707 4428 762 4437 -
788 4396 917 4464 Quae
943 4406 1018 4453 est
1046 4409 1213 4455 mater
1239 4401 1393 4456 mea?
1418 4400 1531 4457 Non
1560 4409 1773 4457 recusat
1792 4402 1888 4458 ob-

312 4484 505 4555 sequia
531 4486 743 4551 matris,
772 4487 864 4542 sed
892 4487 1109 4557 praefert
1132 4490 1428 4545 ministeria
1445 4489 1620 4547 Patris
1647 4510 1659 4545 :
1687 4491 1885 4548 fratres

312 4591 424 4631 non
452 4577 768 4643 contemnit,
799 4578 896 4633 sed
923 4593 1058 4648 opus
1083 4578 1358 4649 spirituale
1371 4580 1590 4648 przefert
1610 4583 1888 4651 cognatio-

312 4668 395 4734 ni,
421 4676 480 4723 ut
505 4678 561 4723 et
586 4684 682 4725 nos
713 4670 864 4725 carni
887 4670 1133 4739 spiritum
1156 4669 1524 4740 praeferamus.
1562 4672 1711 4729 Unde
1745 4691 1757 4727 :
1784 4673 1889 4741 Qui

311 4769 459 4813 amat
483 4769 683 4830 patrem
710 4769 801 4813 aut
830 4769 1045 4813 matrem
1072 4758 1189 4829 plus
1214 4776 1371 4829 quam
1398 4776 1498 4825 me,
1538 4776 1642 4815 non
1688 4772 1762 4817 est
1807 4780 1888 4819 me

310 4848 507 4918 dignus
538 4847 751 4920 (Matth.
777 4848 853 4919 x).
881 4847 1015 4903 Ecce
1041 4858 1208 4902 mater
1247 4865 1379 4915 mea,
1412 4858 1517 4906 etc.
1540 4850 1606 4905 Hi
1628 4862 1754 4906 sunt
1775 4869 1890 4909 ma-

312 4948 401 4995 ter
432 4956 574 5006 mea,
603 4940 695 5010 qui
733 4956 819 4996 me
856 4940 913 4996 in
947 4940 1283 4996 credentium
1314 4942 1564 4998 cordibus
1605 4954 1883 5014 generant.

314 5030 382 5085 Hi
409 5039 536 5085 sunt
562 5031 774 5096 fratres,
794 5032 888 5103 qui
912 5032 1117 5089 faciunt
1138 5048 1303 5104 opera
1325 5034 1500 5091 Patris
1526 5036 1651 5092 mei.
1668 5036 1890 5096 Fratres

312 5130 374 5176 et
398 5137 556 5178 soror
583 5124 869 5192 credendo,
899 5132 1073 5181 mater
1101 5126 1460 5196 praedicando.

918 5259 1142 5317 CAPUT
1182 5260 1317 5317 XIII.

389 5393 555 5449 Vens.
572 5394 625 5450 ί.
653 5425 720 5436 -
749 5395 815 5451 In
842 5396 933 5452 illo
957 5399 1062 5453 die.
1081 5398 1186 5455 Per
1206 5398 1309 5455 hoc
1330 5399 1530 5456 indicat
1551 5401 1656 5458 hoc
1679 5409 1889 5473 gestum

315 5495 735 5556 consequenter,
782 5487 883 5544 nisi
936 5488 1076 5546 forte
1122 5491 1239 5546 dies
1294 5500 1527 5561 ponatur
1583 5506 1683 5562 pro
1754 5501 1890 5549 tem-

316 5593 474 5648 pore,
526 5594 675 5635 more
720 5580 1029 5652 Scriptum.
1063 5583 1277 5641 Marcus
1310 5586 1557 5642 eumdem
1597 5595 1744 5642 tenet
1798 5604 1887 5643 or-

318 5668 522 5725 dinem.
557 5670 731 5727 Lucas
771 5672 823 5727 in
857 5673 1003 5729 aliud
1053 5675 1285 5741 transit,
1331 5676 1425 5731 sed
1475 5691 1577 5732 nec
1625 5686 1885 5747 repugnat

318 5760 464 5817 huic.
494 5762 676 5835 (Ihm)
716 5763 830 5821 Non
856 5765 1028 5821 solum
1050 5766 1191 5823 facta
1211 5776 1265 5823 et
1290 5767 1431 5824 dicta
1457 5766 1687 5829 Domini,
1714 5769 1806 5825 sed
1829 5777 1883 5823 et

1982 567 2116 624 foris
2143 586 2196 622 tu
2221 568 2400 623 littera
2431 569 2542 622 fixi.

2054 655 2217 712 Vsus.
2262 657 2316 711 9..
2347 687 2418 697 -—
2445 657 2614 711 Turba
2651 658 2839 712 stabat.
2870 657 2933 711 Ili
2958 666 3080 712 sunt
3121 658 3210 728 qui
3255 674 3426 728 nuper
3459 677 3554 716 att-

1984 745 2101 801 dire
2126 753 2406 812 venerunt,
2436 745 2527 814 qui
2555 754 2610 799 et
2642 761 2673 799 a
2695 744 2943 801 ﬂuctibus
2970 748 3135 801 maris
3172 750 3366 803 secreti
3406 759 3551 811 sunt.

1983 838 2209 892 necdum
2236 836 2547 891 cmlestibus
2572 837 2842 907 mysteriis
2863 853 2982 906 qua:
3013 838 3322 893 desiderant
3360 838 3550 898 imbuti

1986 945 2109 985 cum
2136 930 2355 985 Christo
2377 930 2697 984 ascendunt.

2057 1018 2219 1073 Vens.
2244 1020 2296 1074 5.
2330 1049 2399 1059 -
2428 1018 2657 1073 Locutus
2702 1030 2777 1074 est
2817 1019 3000 1074 multa.
3058 1020 3189 1087 Quia
3238 1022 3393 1077 turba
3444 1040 3553 1080 non

1985 1110 2146 1164 unius
2187 1116 2272 1163 est
2318 1108 2600 1163 sententia:
2644 1109 2738 1163 sed
2792 1108 3128 1164 diversarum
3175 1110 3507 1166 voluntatum
3535 1153 3551 1177 ,

1986 1202 2223 1272 loquitur
2260 1201 2341 1256 eis
2381 1200 2562 1255 multis
2597 1200 2865 1270 parabolis
2885 1242 2899 1266 ,
2926 1211 2983 1255 ut
3004 1202 3159 1271 juxta
3190 1203 3372 1259 varias
3408 1204 3553 1259 volu—

1985 1301 2181 1365 ptates.
2223 1292 2464 1347 diversas
2504 1293 2768 1362 recipiant
2801 1293 3131 1363 disciplinas.
3171 1294 3275 1361 Qui
3309 1297 3548 1351 seminat.

1985 1385 2105 1456 Ipse
2130 1384 2394 1448 Christus,
2439 1384 2531 1454 qui
2577 1386 2798 1440 verbum
2833 1386 3078 1441 veritatis
3107 1388 3250 1457 quod
3284 1388 3423 1457 apud
3450 1387 3553 1441 Pa-

1989 1482 2126 1529 trem
2154 1473 2308 1540 vidit,
2338 1472 2644 1529 bominibus
2663 1489 2761 1543 per
2782 1490 2841 1529 se
2862 1473 2945 1529 vel
2973 1490 3068 1544 per
3088 1490 3216 1531 suos
3241 1478 3548 1532 seminavit.

1986 1562 2089 1631 Qui
2118 1562 2393 1632 discipulis
2418 1573 2758 1618 sacramenta
2810 1565 3152 1636 loquebatur,
3203 1567 3337 1623 exiit
3391 1568 3551 1624 semi-

1986 1667 2121 1708 nare
2147 1652 2240 1715 Dei
2268 1652 2488 1708 verbum
2513 1653 2570 1708 in
2600 1654 2805 1709 turbas.

2057 1732 2220 1801 Vsus.
2242 1744 2297 1799 4.
2321 1776 2392 1787 -
2430 1744 2593 1801 Secus
2620 1748 2775 1802 viam.
2807 1748 2902 1804 Via
2935 1756 3019 1803 est
3039 1788 3055 1814 ,
3108 1764 3261 1804 mens
3290 1750 3552 1805 malarum

1916 1832 1962 1893 Β
1989 1837 2378 1922 cogitationum
2412 1838 2598 1894 seduio
2648 1849 2827 1894 meatu
2885 1840 3011 1895 trita
3059 1848 3114 1895 et
3159 1841 3417 1896 arefacta.
3451 1840 3552 1898 Ubi

1986 1929 2273 1999 dupliciter
2298 1929 2438 2000 perit
2457 1945 2659 1995 semen,
2685 1931 2809 2001 quia
2830 1939 2887 1987 et
2911 1933 3140 1988 transitu
3165 1932 3551 2003 cogitationum

1987 2019 2333 2075 conculcatur
2356 2061 2372 2084 ,
2412 2029 2471 2075 ut
2498 2020 2673 2077 Lucas
2702 2023 2796 2087 ait,
2839 2032 2897 2078 et
2922 2039 2953 2077 a
2984 2023 3290 2079 volucribus
3321 2025 3549 2095 rapitur.

1986 2109 2269 2166 Dtemones
2298 2111 2550 2167 dicuntur
2574 2112 2836 2176 volucres,
2886 2128 2980 2169 seu
3022 2115 3147 2185 quia
3177 2114 3411 2171 caelestis
3445 2117 3555 2187 spi-

1988 2201 2306 2272 ritualisque
2334 2211 2539 2258 natura:
2560 2244 2574 2269 ,
2606 2219 2701 2258 seu
2731 2204 2857 2274 quia
2909 2220 3008 2275 per
3049 2219 3174 2259 aera
3211 2206 3454 2262 volitant.
3482 2206 3554 2261 Et

1986 2303 2257 2349 uenerunt.
2292 2293 2597 2350 Secundum
2629 2295 2830 2350 Lucam
2875 2296 2946 2351 ab
2998 2296 3304 2353 hominibus
3333 2300 3552 2354 concul-

1986 2379 2168 2442 catum
2196 2394 2278 2442 est
2297 2426 2313 2450 ,
2339 2388 2462 2456 quia
2490 2402 2656 2458 prava
2682 2387 3031 2459 persuasione
3053 2388 3341 2458 impiorum
3371 2389 3551 2445 subla-

1989 2476 2102 2532 tum
2130 2487 2232 2533 est.
2262 2477 2329 2531 Et
2355 2478 2707 2533 comederunt.
2751 2479 2887 2547 Quia
2920 2493 2952 2533 a
2981 2480 3250 2535 mentibus
3274 2480 3553 2536 hominum

1987 2567 2120 2622 illud
2144 2569 2538 2637 surripuerunt.

2058 2661 2219 2715 Vens.
2244 2659 2297 2712 5.
2325 2689 2397 2699 —
2420 2658 2488 2713 In
2512 2667 2736 2731 petrosa.
2769 2658 2992 2715 Petrosa
3023 2659 3131 2715 cito
3168 2671 3413 2730 quaerunt
3435 2674 3554 2728 ger-

1978 2751 2219 2827 minare,
2243 2750 2336 2805 sed
2360 2764 2464 2804 non
2489 2749 2669 2820 [igitur
2692 2750 2870 2816 radix,
2887 2752 3011 2820 quia
3031 2764 3136 2805 non
3158 2759 3243 2805 est
3260 2751 3365 2805 alta
3389 2760 3552 2818 terra,

1989 2843 2040 2896 id
2070 2851 2176 2907 est,
2203 2842 2329 2911 quia
2351 2856 2544 2911 parum
2572 2841 2716 2897 inest
2737 2841 2986 2896 desiderii
3030 2841 3300 2897 salutaris.
3347 2843 3405 2897 ln
3453 2844 3555 2898 hac

1986 2934 2323 3005 expositione
2352 2933 2564 2989 Domini
2601 2934 2857 2990 discimus
2881 2975 2897 2999 ,
2929 2935 3053 3004 quia
3083 2950 3169 2990 res
3198 2951 3304 2990 non
3344 2951 3556 3006 semper

1980 3016 2042 3076 i'n
2063 3023 2251 3078 eadem
2268 3008 2668 3094 signiﬁcatione
2692 3033 2984 3093 ponuntur.
3013 3023 3146 3079 Nam
3169 3035 3321 3096 petra
3348 3026 3433 3080 hic
3456 3043 3553 3096 pro
3650 3054 3655 3059 -

1986 3112 2204 3177 duritia,
2244 3120 2388 3167 terra
2426 3128 2527 3183 pro
2559 3113 2779 3193 lenitate
2819 3115 3047 3181 mentis,
3080 3117 3156 3171 sol
3196 3132 3294 3187 pro
3344 3118 3555 3173 fervore

1909 3180 1954 3243 Ο
1984 3202 2398 3271 persecutionis.
2428 3180 2561 3258 Cum
2589 3204 2668 3259 sol
2696 3189 2821 3260 alibi
2846 3206 2898 3260 in
2926 3180 3095 3262 bono:
3117 3180 3405 3277 Fuigebunt
3421 3209 3555 3279 justi

1985 3292 2119 3346 sicut
2147 3292 2225 3345 sol
2254 3292 2467 3363 (Matth.
2497 3296 2653 3366 xm),
2694 3306 2748 3350 et
2786 3306 2938 3366 petra
2974 3298 3027 3351 in
3061 3298 3427 3365 fundamento,
3458 3317 3554 3371 pro

1985 3381 2302 3439 fortitudine
2327 3384 2469 3450 fidei,
2493 3393 2541 3440 et
2574 3395 2717 3441 terra
2746 3403 2844 3457 pro
2872 3390 3099 3443 terrenis
3120 3391 3551 3459 cogitationibus.

1984 3474 2327 3549 Altitudinem
2357 3484 2530 3529 terrae.
2559 3475 2798 3531 Altitudo
2826 3486 2981 3532 terra:
3017 3487 3100 3533 est
3129 3480 3366 3548 probitas
3389 3481 3553 3536 animi

1987 3565 2285 3636 disciplinis
2306 3566 2617 3623 coelestibus
2637 3552 2853 3635 eruditi,
2876 3560 2931 3624 et
2953 3571 3007 3624 in
3035 3571 3419 3627 tentationibus
3438 3588 3556 3641 pro-

1986 3652 2117 3711 bati.

2058 3745 2221 3807 Vsus.
2263 3748 2314 3807 8.
2348 3783 2415 3793 —
2443 3732 2854 3825 Seaayesimunt.
2899 3753 3033 3824 Quia
3060 3753 3112 3812 in
3144 3770 3367 3813 numero
3397 3770 3554 3814 sena-

1988 3840 2275 3920 riomnndi
2298 3851 2524 3899 ornatus
2550 3844 2795 3914 expletus
2823 3855 2926 3913 est,
2953 3862 3049 3918 per
3078 3847 3219 3902 hunc
3257 3848 3396 3903 bona
3423 3863 3553 3918 ope-

1987 3933 2125 3986 ratio
2146 3932 2410 4003 signatur.

2055 4004 2219 4077 Vens.
2251 4023 2303 4079 9.
2334 4054 2401 4062 —
2433 4023 2536 4089 Qui
2563 4024 2713 4080 habet
2736 4043 2888 4081 aures
2915 4029 3422 4097 audiendi.Quoties
3442 4032 3555 4088 haec

1980 4112 2283 4187 (admonitio
2313 4115 2366 4168 in
2396 4110 2687 4186 Evangelia
2737 4117 2822 4171 vel
2877 4118 2930 4171 in
2980 4119 3301 4190 Apocalypsi
3334 4120 3555 4178 Joannis

1986 4202 2368 4272 interponitur,
2406 4205 2690 4274 mysticum
2716 4205 2857 4274 quod
2886 4205 3084 4260 dicitur
3112 4207 3433 4263 insinuatur.

2056 4292 2217 4349 Vsus.
2238 4295 2323 4349 10.
2347 4325 2417 4334 -
2447 4294 2513 4349 Et
2541 4295 2835 4351 accedentes
2862 4296 3125 4367 discipuli,
3151 4306 3253 4353 etc.
3278 4298 3554 4367 Quomodo

1985 4387 2248 4442 accedunt
2273 4385 2523 4457 discipuli
2564 4402 2686 4442 cum
2728 4388 2985 4445 Dominus
3031 4389 3086 4443 in
3129 4390 3252 4445 navi
3306 4392 3555 4446 sederet?

1989 4478 2099 4533 Sed
2130 4478 2264 4533 forte
2290 4477 2713 4550 intelligendum,
2743 4480 2881 4551 quod
2909 4480 3107 4536 dudum
3135 4496 3258 4536 eum
3303 4482 3419 4554 ipso
3462 4499 3555 4539 na-

1992 4586 2109 4627 vem
2137 4570 2552 4625 conscenderint
2580 4585 2593 4623 :
2618 4580 2672 4626 et
2701 4571 2773 4629 ibi
2805 4579 3010 4627 stantes
3050 4581 3319 4642 qurerunt.

2060 4662 2223 4717 Vsus.
2257 4663 2343 4717 il.
2368 4693 2438 4703 —
2473 4660 2627 4717 Vobis
2664 4663 2846 4717 datum
2893 4673 2989 4718 est.
3038 4663 3174 4719 Nota
3226 4679 3331 4719 non
3382 4664 3555 4725 solum

1989 4754 2150 4809 verba
2188 4753 2423 4819 Domini,
2453 4753 2546 4808 sed
2574 4763 2627 4809 et
2657 4753 2796 4808 facta
2821 4794 2835 4819 ,
2862 4754 3145 4824 parabolas
3172 4769 3290 4809 esse
3320 4768 3335 4808 :
3365 4756 3416 4810 id
3450 4767 3554 4822 est,

1986 4845 2141 4915 signa
2200 4844 2548 4917 mysticarum
2590 4861 2769 4901 rerum
2803 4886 2819 4911 ,
2866 4862 2985 4916 qua:
3028 4862 3134 4901 non
3188 4846 3557 4919 intelligebant

1987 4939 2139 5017 multi
2170 4940 2260 5011 qui
2296 4939 2427 4995 foris
2456 4948 2599 5017 sunt.

2063 5015 2224 5085 Vens.
2248 5031 2332 5084 12.
2359 5061 2427 5070 -
2452 5030 2556 5098 Qui
2578 5032 2713 5086 enim
2742 5031 2913 5086 habet.
2953 5031 3010 5086 Id
3038 5041 3141 5098 est,
3171 5033 3429 5102 apostolis
3455 5034 3555 5089 ha-

1992 5118 2241 5175 bentibus
2263 5118 2442 5184 ﬁdem,
2470 5121 2515 5175 si
2539 5121 2667 5190 quid
2686 5121 2863 5177 minus
2890 5122 3147 5177 virtutum
3174 5122 3395 5190 habent,
3424 5138 3556 5178 con-

1994 5208 2435 5276 cediturJudaeis,
2459 5213 2551 5281 qui
2579 5226 2684 5265 non
2714 5210 2939 5267 credunt
2965 5214 3018 5268 in
3043 5212 3237 5267 Filium
3261 5212 3556 5279 Dei,etiatn

1992 5304 2039 5359 si
2063 5305 2191 5374 quid
2211 5305 2335 5360 boni
2365 5322 2462 5376 per
2489 5314 2738 5362 naturam
2765 5307 2986 5373 habent,
3014 5309 3238 5364 tollitur.
3264 5307 3398 5364 Nam
3424 5310 3558 5365 nihil

1994 5402 2220 5466 possunt
2254 5395 2523 5466 sapienter
2559 5396 2856 5470 intelligere
2892 5398 2984 5467 qui
3009 5410 3170 5468 caput
3217 5413 3325 5454 non
3360 5399 3559 5454 habent

1996 5487 2290 5558 sapientiae.
2339 5490 2620 5557 Auferetur
2658 5490 2725 5544 ab
2773 5505 2856 5545 eo.
2901 5488 3055 5545 Nulla
3092 5504 3233 5545 vera:
3282 5489 3559 5559 sapientia

1993 5578 2274 5635 dulcedine
2302 5580 2575 5652 gaudebit.

2064 5672 2226 5730 Vens.
2261 5675 2346 5729 15.
2371 5704 2442 5715 -
2471 5674 2601 5731 Ideo
2626 5676 2682 5731 in
2708 5675 2992 5746 parabolis.
3032 5674 3241 5730 Dicitur
3267 5674 3408 5744 quod
3437 5675 3558 5731 ideo

1992 5768 2243 5824 excaecati
2274 5778 2419 5833 sunt,
2471 5778 2524 5825 et
2575 5769 2851 5825 sententiae
2899 5768 3109 5825 Domini
3153 5781 3249 5839 per
3278 5766 3558 5836 parabolas
