4068 6344
516 358 609 414 ιδι

1024 345 1415 404 WALAFRIDI
1456 341 1702 400 STRABI
1739 339 1938 396 FULD.
1981 337 2144 393 MON.

2183 336 2332 392 ΟΡΡ.
2373 334 2554 390 PARS
2591 334 2631 389 ι.
2672 365 2738 374 —
2776 332 3232 390 THEOLOGICA.
3659 335 3764 392 132

513 471 594 524 eis
619 465 901 524 occultam
930 468 1146 527 sunt,ut
1174 467 1297 530 post
1325 458 1594 514 salubrius
1618 461 2080 512 converterentur.
2113 453 2158 514 Α
2186 448 2769 519 proponitur,dimissis
2794 447 2988 511 turbis,
3015 446 3157 500 domi
3183 445 3497 517 rogantibus
3526 447 3764 520 discipu-

515 560 650 614 Nam
680 557 807 628 quia
827 556 1054 610 obscure
1083 552 1224 606 dicta
1248 565 1354 604 non
1381 547 1778 611 intellexerunt,
1811 545 1929 610 ideo
1974 557 2083 596 non

515 651 862 708 crediderunt
888 649 939 702 in
969 661 1122 709 eum,
1160 652 1215 699 et
1240 645 1319 698 sic
1341 641 1755 702 crucifixerunt,
1779 647 1833 693 et
1861 637 1937 692 sic
1965 642 2089 706 post

516 730 968 797 churreetionem
1004 735 1284 792 miraculis
1313 733 1523 796 territi,
1576 729 1799 798 majoris
1843 727 2087 784 criminis

519 818 670 888 γέλω
700 827 1005 900 compuncti
1033 836 1180 882 sunt.
1205 821 1360 880 Unde
1385 830 1604 892 accepta
1625 817 1955 895 indulgentia
1975 833 2090 872 am-

516 923 673 995 pliori
720 919 947 990 ﬂagrant
975 917 1287 973 dilectione.
1343 914 1450 970 Sed
1469 913 1711 968 Joannes
1741 913 1884 966 hunc
1910 911 2088 966 locum

517 1015 592 1068 ita
621 1013 751 1067 dicit
782 1025 796 1064 :
828 1007 1114 1078 Propterea
1158 1014 1527 1076 non—poterant
1575 1004 1801 1067 credere,
1841 1003 1965 1072 quia
1995 1002 2090 1056 ite-

518 1083 799 1154 rum.dixit
831 1097 1005 1151 Isaias
1043 1111 1061 1150 :
1099 1095 1397 1149 Excwuavit
1428 1091 1604 1146 oculos
1646 1107 1846 1155 eorum,
1887 1099 1942 1143 ut
1985 1106 2089 1145 non

519 1190 727 1243 rideant
759 1186 942 1258 (Joan.
970 1184 1072 1254 χι).
1100 1183 1207 1239 Ubi
1233 1192 1418 1252 aperte
1453 1183 1584 1238 dicit
1613 1197 1719 1236 non
1744 1180 1865 1236 ideo
1893 1179 2090 1235 factam

517 1278 953 1342 excmcationem,
981 1285 1041 1330 ut
1067 1291 1130 1330 ea
1159 1272 1503 1336 commoniti,
1531 1280 1586 1326 et
1610 1271 1854 1326 dolentes
1880 1285 1939 1325 se
1982 1285 2090 1324 non

525 1369 849 1439 intelligere,
867 1372 1308 1422 converterentur
1330 1362 1614 1432 aliquando
1639 1377 1652 1415 :
1674 1376 1780 1416 non
1815 1360 1957 1415 enim
1986 1360 2091 1415 hoc

522 1466 744 1528 possent
771 1457 871 1510 nisi
896 1455 1198 1517 crederent,
1225 1454 1319 1508 sed
1356 1454 1534 1523 potius
1578 1452 1698 1507 ideo
1736 1451 2008 1516 exctccati,
2033 1458 2093 1505 ut

526 1564 629 1601 non
659 1547 961 1609 crederent,
991 1545 1134 1614 quod
1176 1543 1297 1598 aliis
1340 1542 1577 1613 peccatis
1624 1549 1955 1596 meruerunt.
1995 1539 2091 1593 Vi-

524 1640 700 1692 dentes
753 1653 855 1691 nan
899 1635 1094 1690 vident.
1145 1634 1299 1690 Sicut
1326 1650 1518 1690 avarus
1549 1634 1745 1689 multas
1771 1632 1932 1688 habet
1964 1647 2093 1704 opes

524 1742 578 1784 ct
598 1729 794 1794 nullas,
817 1728 942 1797 quia
978 1727 1196 1781 inutiles
1224 1735 1348 1781 sunt
1376 1727 1446 1781 ei.

2186 540 2254 597 lis
2297 543 2605 610 exponitur.
2637 540 2704 594 Et
2738 541 2895 594 docet
2929 538 3018 593 hic
3051 537 3248 592 bonam
3293 538 3622 593 voluntatem
3649 582 3662 606 ,
3707 551 3764 595 et

2187 631 2478 697 cautelam,
2509 638 2563 686 et
2597 630 2937 699 patientiam,
2973 637 3028 684 et
3065 628 3470 695 discretionem,
3501 638 3555 683 et
3578 628 3765 701 longa-

2185 724 2512 786 nimitatem,
2541 729 2596 776 et
2617 721 2904 790 justitiam.

2259 815 2422 871 Vsus.
2454 815 2544 869 25.
2584 845 2655 855 -
2695 813 2968 869 Homines.
3013 814 3119 882 Qui
3171 815 3292 871 aliis
3335 815 3402 870 ad
3451 816 3672 870 tutelam
3708 826 3765 872 et

2187 906 2486 962 custodiam
2527 905 2767 976 deputati
2812 915 2938 961 sunt
2987 908 3193 978 praelati
3241 909 3294 962 in
3332 908 3570 964 Ecclesia
3613 927 3626 962 :
3679 909 3764 965 vel

2188 1012 2310 1052 cum
2349 997 2726 1053 dormitionem
2764 999 2953 1054 mortis
2979 1001 3244 1071 accipient
3282 1001 3529 1071 apostoli.

2259 1089 2422 1145 Vens.
2457 1090 2548 1146 28.
2591 1120 2662 1130 ——
2716 1089 2805 1145 Vis
2830 1131 2846 1157 ,
2894 1093 3049 1146 imus.
3087 1092 3221 1148 Cum
3267 1093 3567 1162 spiritu-alis
3605 1094 3767 1149 homo

2189 1181 2339 1236 audit
2369 1181 2472 1238 hoc
2497 1197 2619 1239 esse
2664 1198 2694 1237 a
2727 1183 2940 1238 diabolo
2969 1184 3060 1253 qui
3096 1183 3230 1239 nihil
3259 1184 3404 1239 valet
3441 1193 3626 1240 contra
3676 1201 3767 1239 vo-

2189 1271 2452 1327 luntatem
2502 1272 2637 1336 Dei,
2671 1281 2850 1344 potest
2875 1275 2924 1329 ei
2951 1273 3203 1329 voluntas
3245 1274 3512 1340 suboriri,
3539 1283 3601 1328 ut
3631 1275 3769 1330 tales

2191 1362 2401 1419 auferat
2428 1364 2494 1418 de
2520 1365 2788 1432 mundopsi
2817 1364 3128 1422 facultatem
3158 1365 3372 1420 habeat.
3403 1365 3508 1420 Sed
3531 1367 3770 1421 consulit

2183 1454 2452 1525 justitiam
2479 1454 2594 1522 Dei,
2620 1471 2687 1509 an
2709 1454 2892 1511 facere
2916 1456 3129 1522 debeat,
3158 1465 3213 1511 et
3233 1473 3299 1511 an
3319 1457 3462 1512 Deus
3492 1459 3621 1513 velit
3642 1475 3767 1516 esse

2186 1544 2294 1600 hoc
2318 1543 2551 1600 ofﬁcium
2588 1545 2888 1600 hominum.
2917 1545 3023 1601 Sed
3053 1545 3264 1602 Veritas
3295 1549 3620 1618 respondet:
3646 1549 3765 1605 Non

2191 1650 2348 1689 nosse
2389 1635 2659 1690 hominem
2706 1636 2766 1690 in
2815 1636 2917 1691 hac
2956 1636 3066 1691 vita
3107 1637 3283 1707 qualis
3316 1635 3533 1694 futurus
3566 1640 3764 1711 sitqui

2186 1725 2352 1779 modo
2377 1733 2544 1791 errat,
2572 1725 2777 1796 etquid
2821 1727 2978 1782 bonis
3019 1727 3262 1782 conferat
3312 1729 3428 1799 ejus
3468 1745 3620 1785 error
3652 1749 3667 1785 :
3713 1740 3773 1787 et

595 1819 753 1875 Vens.
793 1821 875 1873 14.
903 1851 970 1860 -
1006 1819 1204 1872 Audita
1235 1818 1479 1872 audietis.
1517 1817 1642 1873 Haec
1671 1819 1736 1872 de
1765 1817 1936 1872 turbis
1959 1817 2089 1887 'pro-
2119 1810 2166 1869 Β
2195 1816 2315 1871 ideo
2340 1832 2433 1871 eos
2459 1831 2564 1870 non
2593 1830 2713 1871 esse
2738 1815 2998 1872 tollendos
3019 1857 3036 1882 ,
3062 1833 3132 1872 ne
3156 1816 3296 1872 forte
3327 1818 3721 1890 interﬁciantur
3747 1861 3768 1888 ,

524 1913 741 1982 phetata
766 1921 911 1976 sunt,
937 1910 1060 1980 quia
1103 1915 1249 1964 stant
1293 1910 1346 1963 in
1394 1909 1592 1976 littore,
1635 1919 1690 1964 et
1732 1908 1942 1962 Domini
1985 1923 2093 1963 non

526 2012 804 2058 merentur
829 2002 1019 2056 audire
1047 2015 1372 2056 sermonem.

598 2099 760 2151 Vens.
793 2097 880 2151 15.
926 2112 994 2140 :-
1031 2095 1226 2149 Oculos
1267 2111 1410 2148 suos.
1440 2093 1496 2148 id
1523 2089 1627 2159 esi,
1671 2093 1776 2165 ipsi
1806 2092 1906 2150 sibi
1935 2107 2094 2148 causa

527 2188 746 2244 fuerunt
772 2198 830 2243 ut
855 2189 996 2244 Deus
1028 2190 1105 2244 eis
1134 2188 1320 2244 oculos
1347 2187 1638 2243 clauderet.

607 2277 689 2332 Ne
716 2279 946 2349 quando.
977 2279 1032 2333 ld
1061 2287 1164 2344 est,
1194 2279 1334 2342 ideo,
1360 2279 1484 2348 quia
1511 2278 1692 2334 oculos
1713 2285 1769 2334 et
1789 2293 1948 2334 aures
1967 2292 2095 2348 ape-

529 2371 638 2429 rire
667 2369 971 2437 noluerunt,
1007 2367 1118 2430 non
1145 2376 1461 2428 meruerunt
1500 2368 1789 2438 aliquando
1810 2369 2095 2424 converti:

527 2446 668 2534 quod
694 2472 870 2518 tamen
906 2464 1327 2518 misericorditer
1358 2463 1558 2519 factum
1587 2468 1672 2521 est
1699 2460 1798 2520 eis.

598 2559 760 2614 Vens.
792 2559 879 2613 16.
911 2590 982 2599 --
1009 2559 1182 2613 Beati.
1215 2557 1353 2614 Vere
1389 2560 1564 2627 beati,
1623 2559 1750 2630 quia
1797 2554 1899 2614 hoc
1932 2553 2098 2613 etiam

529 2649 946 2721 prmsentialilcr
997 2650 1179 2704 videre
1220 2658 1277 2704 et
1315 2647 1500 2705 audire
1547 2643 1862 2705 meruerunt
1894 2690 1909 2716 ,
1956 2648 2100 2719 quod

529 2740 708 2796 nullus
749 2741 988 2812 priorum
1039 2744 1308 2812 quantivis
1359 2743 1538 2799 meriti
1583 2743 1804 2809 meruit,
1856 2743 2102 2813 quamvis

530 2832 757 2887 multum
789 2834 1193 2889 desideraverit.

604 2923 765 2977 Vens.
802 2924 890 2977 l7.
930 2954 999 2963 —
1030 2924 1099 2978 Et
1118 2925 1270 2994 justi.
1303 2923 1476 2981 Lucas
1507 2922 1684 2994 justos
1731 2939 1884 2997 reges
1929 2924 2061 2981 dicit
2085 2967 2099 2992 ,

536 3011 660 3080 quia
703 3020 879 3068 motus
906 3027 1032 3068 suos
1057 3013 1194 3070 bene
1222 3022 1414 3085 regunt

604 3099 765 3156 Vens.
795 3101 881 3156 l8.
906 3131 977 3142 -
1008 3102 1110 3157 Vos
1138 3120 1257 3175 ergo
1287 3105 1484 3160 audite.
1510 3101 1748 3159 Primam
1791 3103 2100 3173 parabolam

2195 1907 2286 1976 qui
2316 1904 2455 1961 forte
2484 1905 2652 1960 futuri
2683 1913 2810 1961 sunt
2854 1921 2868 1962 :
2914 1906 2999 1960 vel
3045 1920 3114 1960 ne
3158 1907 3316 1962 bonis
3359 1908 3522 1974 obsit,
3571 1909 3772 1978 quibus

2189 2006 2444 2068 prosunt,
2498 2006 2603 2051 etc.
2641 1995 2791 2051 Tunc
2820 2011 2950 2051 vero
2984 2007 3288 2067 opportune
3319 1996 3460 2062 ﬁeri,
3487 2013 3607 2052 cum
3652 1999 3767 2068 jam

2195 2101 2300 2141 non
2352 2095 2435 2141 est
2475 2085 2867 2140 commutanda:
2913 2085 3039 2140 vita:
3086 2093 3297 2156 tempus
3347 2093 3403 2140 et
3449 2079 3770 2155 proficiendi

2197 2176 2317 2232 aliis
2341 2190 2354 2230 :
2382 2185 2437 2232 et
2460 2185 2590 2232 tunc
2613 2192 2718 2232 non
2742 2175 2810 2230 ab
2838 2176 3166 2243 hominibus,
3198 2177 3293 2233 sed
3319 2178 3385 2233 ab
3410 2177 3616 2248 angelis
3637 2179 3776 2234 dicit

2197 2268 2336 2324 ﬁeri.

2267 2359 2432 2417 Vens.
2457 2360 2548 2416 29.
2575 2358 2732 2414 -Ει
2757 2358 3025 2427 ait:Non,
3051 2369 3158 2416 etc.
3185 2359 3324 2416 Ecce
3341 2360 3619 2430 patientia.
3651 2359 3771 2416 Non

2196 2454 2341 2510 enim
2368 2454 2552 2510 audito
2577 2453 2762 2509 dolore
2792 2452 2997 2508 exarsit
3038 2452 3092 2507 in
3124 2453 3292 2518 iram,
3317 2466 3418 2507 nec
3436 2467 3561 2509 mox
3579 2452 3771 2509 ulcisci

2196 2546 2390 2611 voluit,
2423 2546 2497 2600 ita
2525 2554 2581 2600 et
2602 2559 2701 2599 nos
2723 2544 2836 2599 iaesi
2862 2543 3135 2614 patienter
3161 2541 3414 2598 feramus.

2271 2641 2353 2696 Ne
2374 2635 2526 2712 forte.
2559 2635 2657 2695 llic
2685 2636 2838 2694 datur
2862 2635 3012 2694 locus
3029 2634 3361 2709 poenitentia
3410 2643 3464 2694 et
3489 2651 3775 2694 monemur

2199 2748 2307 2789 non
2337 2733 2448 2788 cito
2481 2741 2764 2801 amputare
2797 2748 2810 2785 :
2847 2731 2972 2801 quia
2996 2732 3088 2800 qui
3114 2738 3262 2786 errat
3291 2730 3469 2794 hodie,
3493 2745 3612 2785 cras
3631 2731 3775 2786 forte

2199 2822 2450 2878 defendet
2473 2824 2778 2877 veritatem.
2811 2819 2868 2876 Si
2894 2835 3024 2892 ergo
3050 2823 3212 2878 modo
3258 2821 3598 2888 avelleretur,
3630 2823 3772 2876 triti-

2204 2928 2330 2969 cum
2384 2913 2526 2984 quod
2562 2911 2804 2967 futurum
2839 2921 2957 2968 erat
2983 2913 3370 2968 eradicaretur.
3421 2910 3514 2966 Vel
3551 2926 3774 2968 necesse

2201 3012 2283 3059 est
2310 3011 2368 3058 ut
2395 3003 2518 3058 mali
2541 3003 2784 3074 permisti
2809 3004 2917 3060 sint
2943 3003 3100 3060 bonis
3121 3018 3217 3073 per
3243 3017 3379 3074 quos
3396 3011 3770 3058 exerceantur.

2202 3097 2304 3155 Vel
2327 3111 2555 3168 quorum
2575 3096 2978 3167 comparatione
2999 3095 3241 3151 nitantur
3258 3095 3324 3150 ad
3347 3095 3558 3160 melius,
3578 3095 3775 3165 quibus

530 3193 771 3261 exponit,
801 3203 860 3248 ut
887 3195 1026 3250 idem
1062 3199 1340 3254 attendam
1385 3199 1440 3254 in
1467 3198 1699 3255 αηιρι-εε,
1731 3199 1967 3268 Exponit
1995 3215 2101 3254 non
2130 3178 2174 3242 C
2206 3189 2434 3246 sublatis
2476 3187 2701 3244 altitudo
2733 3187 3015 3244 charitatis
3058 3186 3346 3243 marcescit
3371 3186 3514 3256 quod
3539 3194 3622 3242 est
3647 3201 3772 3242 era-

533 3287 823 3341 secundum
852 3289 1060 3360 singula
1095 3292 1258 3346 verba
1281 3333 1295 3355 ,
1339 3294 1436 3349 sed
1461 3307 1725 3348 summam
1764 3292 2067 3347 sententiae.

601 3377 760 3448 (Auc.
796 3395 913 3448 sup.
945 3377 1102 3452 Gen.)
1147 3381 1378 3437 Proinde
1423 3383 1565 3451 quod
1600 3383 1843 3437 narravit
1871 3397 2100 3453 evange-

526 3466 650 3521 lista
675 3467 859 3539 (etiam
891 3468 1093 3524 factum
1120 3476 1222 3541 est)
1246 3471 1530 3527 Dominum
1556 3473 1763 3527 scilicet
1790 3473 1913 3526 talia
1937 3473 2104 3529 fuisse

528 3555 789 3610 locutum.
827 3556 1000 3626 Ipsius
1023 3568 1226 3626 autem,
1257 3569 1363 3615 etc.
1390 3599 1406 3626 ,
1452 3577 1615 3631 usque
1637 3562 1707 3615 ad
1739 3560 1869 3616 illud
1907 3563 2104 3633 quippe

532 3647 752 3717 scripsit
777 3657 1023 3703 narrator
1052 3665 1233 3705 rerum
1269 3652 1664 3722 praeteritarum
1683 3689 1698 3719 ,
1723 3653 1826 3708 hoc
1852 3669 2103 3724 prtenun-

529 3737 696 3792 tiator
718 3741 1089 3795 tantummodo
1116 3739 1441 3797 futurorum.

603 3827 768 3882 Vens.
794 3828 976 3882 20.-
1001 3828 1172 3901 Super
1199 3842 1425 3902 petrosa.
1473 3825 1652 3904 [Super
1697 3843 1907 3906 petram
1952 3841 2007 3889 et
2048 3822 2102 3890 in

531 3920 701 3989 spinis
741 3921 1114 3989 seminantur,
1143 3925 1233 3994 qui
1267 3926 1403 3980 bene
1431 3927 1703 3996 accipiunt
1732 3944 1745 3982 :
1770 3929 1862 3983 sed
1895 3927 1978 3982 vel
2005 3929 2100 3982 ad-

529 4027 687 4066 versa
737 4014 1021 4080 terrendo,
1059 4016 1143 4071 vel
1171 4010 1424 4086 proSpera
1455 4017 1796 4082 blandiendo,
1828 4021 2105 4075 retardant

529 4117 624 4158 eos
651 4117 718 4157 ne
739 4103 1039 4173 perficiant.
1073 4107 1288 4162 Divitiis
1319 4109 1563 4180 jungitur
1589 4109 1890 4165 sollicitudo
1919 4120 2098 4166 custo-

530 4192 650 4258 dite,
683 4209 804 4263 quae
841 4192 1044 4264 affligit,
1077 4205 1131 4250 et
1159 4197 1423 4267 voluptas,
1450 4215 1570 4269 qum
1598 4199 1813 4255 eflluere
1847 4199 1995 4255 facit.

601 4283 766 4339 Vsus.
792 4285 881 4339 22.
905 4317 976 4325 -
998 4284 1242 4340 Fallacia
1270 4289 1588 4343 divitiarum.
1615 4290 1956 4363 (Cunvsosr.)
1981 4289 2102 4346 Sufo
2131 4328 2145 4340 υ

531 4375 778 4431 focantur
799 4377 968 4446 spinis
990 4393 1108 4446 quae
1130 4379 1432 4434 audivimus
1458 4421 1470 4445 ,
1495 4397 1600 4435 non
1625 4383 1839 4450 quidem
1867 4383 2102 4452 ipsarum

532 4468 807 4538 apinarum
851 4467 1024 4539 culpa,
1061 4471 1152 4525 sed
1186 4471 1302 4539 ejus
1342 4473 1432 4542 qui
1472 4472 1612 4537 illas,
1655 4481 1788 4538 etc.,
1833 4491 1994 4546 usque
2032 4480 2102 4532 ad

532 4560 637 4614 duo
677 4560 870 4630 quippe
914 4561 1043 4615 vitia
1085 4561 1226 4617 inter
1251 4579 1308 4618 se
1336 4565 1580 4635 opposita
1617 4565 1669 4620 in
1711 4563 1911 4621 divitiis
1952 4575 2098 4633 sunt,

531 4665 696 4703 unum
714 4649 854 4718 quod
877 4651 1113 4706 incendit
1137 4652 1573 4719 sollicitudinem,
1597 4664 1652 4710 et
1671 4654 1898 4712 oﬂ‘uscat
1917 4659 2059 4715 curis
2085 4677 2097 4714 ε

532 4741 757 4795 alterum
783 4743 924 4810 quod
951 4744 1223 4800 molliores
1253 4746 1465 4802 deliciis
1489 4748 1681 4802 reddit.

605 4831 766 4885 Vens.
814 4832 903 4886 25.
939 4865 1012 4874 -
1062 4835 1223 4889 Aliud
1267 4837 1474 4908 quidem
1522 4840 1873 4894 centesimum.
1910 4841 2100 4914 (ΚΑΒ.)

532 4919 667 4974 Tres
710 4918 1026 4976 differentiae
1054 4932 1179 4978 sunt
1221 4926 1273 4980 in
1323 4926 1461 4982 bona
1492 4937 1658 4994 terra,
1687 4930 1829 4984 sicut
1869 4930 2018 4986 fuere
2045 4933 2099 4987 in

532 5011 692 5066 mala.
720 5011 962 5083 Triginta
1001 5014 1142 5068 enim
1176 5015 1410 5071 refertur
1442 5020 1508 5074 ad
1538 5020 1770 5088 nuptias.
1815 5020 2104 5092 Sexaginta

533 5102 620 5166 ad,
661 5110 768 5156 etc.
792 5141 806 5167 ,
830 5117 991 5173 usque
1027 5105 1096 5157 ad
1144 5105 1476 5162 tricesimum
1518 5109 1945 5180 conjugatorum,
1978 5113 2103 5183 quia

535 5197 650 5250 haec
673 5203 754 5251 est
769 5205 900 5250 aetas
925 5197 1311 5266 praeliantium,
1336 5211 1391 5256 et
1412 5201 1496 5256 his
1519 5209 1602 5257 est
1627 5200 1796 5271 major
1827 5204 2104 5261 conﬂictus

535 5299 602 5338 ne
627 5283 848 5340 libidine
872 5296 1211 5355 superentur.

607 5375 769 5430 Vens.
805 5375 893 5429 24.
922 5407 991 5417 -
1016 5379 1188 5433 Aliam
1214 5382 1536 5451 parabolam.
1560 5383 1722 5451 Quasi
1749 5386 1896 5443 dives
1921 5399 2103 5459 pater-

537 5463 770 5521 familias
801 5467 1053 5524 invitatos
1086 5472 1315 5528 diversis
1346 5474 1517 5529 reiicit
1542 5477 1698 5541 cibis,
1731 5485 1790 5531 ut
1817 5479 2103 5548 unusquis—

536 5572 641 5626 que
680 5559 972 5639 secundum
1005 5572 1248 5617 naturam
1273 5567 1534 5621 stomachi
1568 5569 1646 5621 Sui
1676 5570 1823 5623 varia
1849 5570 2100 5625 alimenta

522 5647 851 5719 susciperet.
901 5649 1052 5707 Unde
1089 5663 1142 5709 et
1169 5655 1305 5710 dixit
1345 5657 1506 5711 aliam
1551 5659 1865 5727 parabolam
1896 5671 1950 5714 et
1991 5677 2100 5716 non

527 5729 784 5808 alteram,
813 5751 870 5798 ut
898 5744 1079 5814 plures
1105 5749 1256 5818 sequi
1284 5749 1666 5819 intelligantur.
1702 5750 1824 5806 Ilico
1849 5753 2099 5822 parabole

2201 3285 2390 3343 dicari.

2268 3377 2345 3432 lbi
2378 3365 2648 3446 patienter
2672 3365 2938 3430 tolerandi
2966 3373 3093 3430 sunt
3118 3366 3265 3438 mali,
3297 3371 3390 3427 ubi
3418 3370 3583 3442 aliqui
3619 3371 3774 3426 inve"

2201 3466 2425 3521 niuntur
2451 3465 2647 3534 quibus
2671 3463 2993 3533 adjuventur
3015 3462 3163 3518 boni.

2200 3563 2209 3591 ι
2273 3555 2456 3628 (Δυα.)
2488 3554 2771 3610 Multitudo
2815 3569 2923 3611 non
2972 3562 3053 3610 est
3104 3551 3642 3618 exeommunicanda,
3673 3563 3777 3608 nec

2200 3647 2452 3717 princeps
2479 3645 2682 3716 populi.

2277 3739 2434 3795 Vens.
2467 3737 2553 3792 50.
2586 3769 2658 3779 -
2686 3737 2874 3794 Sinite.
2910 3736 3024 3794 Hoc
3071 3737 3285 3794 videtur
3311 3737 3645 3794 contrarium
3689 3723 3775 3792 illi

2203 3830 2494 3902 apostolico
2524 3829 2776 3899 :Auferte
2801 3828 2998 3883 malum
3042 3845 3106 3884 ex
3140 3829 3284 3883 vobis
3328 3829 3380 3900 (Ι
3403 3827 3526 3884 Cor.
3557 3832 3635 3899 ν).
3667 3826 3776 3884 Sed

2203 3923 2340 3979 sicut
2375 3923 2514 3977 inter
2541 3922 2720 3977 lolium
2749 3929 2805 3976 et
2831 3921 3067 3976 triticum
3119 3920 3371 3990 quamdiu
3423 3919 3592 3975 herba
3645 3928 3728 3975 est
3758 3959 3776 3986 ,

2201 4032 2392 4087 parum
2420 4017 2579 4071 distat
2613 4032 2626 4068 :
2673 4015 2747 4070 ita
2795 4022 2978 4069 monet
3023 4012 3282 4068 Dominus
3323 4027 3390 4067 ne
3430 4011 3498 4067 de
3523 4012 3792 4082 ambiguo'

2197 4106 2519 4176 judiccmus,
2551 4105 2692 4175 quod
2737 4106 2995 4160 Dominus
3022 4104 3076 4158 in
3104 4104 3190 4159 die
3225 4102 3412 4175 judicii
3455 4117 3562 4157 non
3597 4102 3773 4173 suspid

2203 4197 2367 4262 ciose,
2398 4197 2494 4259 sed
2518 4196 2805 4252 manifeste
2834 4196 3129 4252 damnabit.

2272 4288 2330 4343 In
2383 4287 2633 4358 patiendo
2667 4289 2930 4359 justitiam
2971 4287 3296 4343 meditemur
3330 4304 3342 4340 :
3389 4286 3442 4340 in
3483 4283 3778 4356 judicaudo

2199 4379 2464 4451 justitiam
2496 4394 2604 4433 non
2630 4378 2979 4449 negligamus.

2275 4471 2344 4526 Et
2370 4472 2423 4525 in
2448 4480 2693 4542 tempore.
2713 4473 2815 4540 Qui
2834 4472 3214 4542 longanimiter
3229 4471 3351 4526 tulit
3372 4485 3470 4541 per
3485 4470 3775 4541 justitiam,

2207 4563 2367 4632 digna
2418 4561 2704 4616 retribuit:
2735 4562 2979 4618 discretae
3006 4563 3149 4617 enim
3198 4569 3324 4616 sunt
3365 4561 3626 4624 virtutes,
3683 4560 3779 4616 sed

2210 4669 2316 4708 non
2352 4653 2653 4708 contrariae.
2697 4651 2764 4707 Et
2800 4653 3032 4724 alligata.
3065 4652 3124 4707 In
3155 4653 3259 4707 hac
3282 4652 3393 4706 vita
3419 4667 3522 4706 non
3554 4659 3638 4706 est
3662 4649 3780 4705 alli-

2209 4746 2369 4816 gatio,
2401 4745 2638 4816 alioquin
2659 4760 2764 4801 non
2790 4754 2868 4800 tot
2888 4745 2956 4799 ab
2983 4759 3170 4800 errore
3203 4744 3600 4814 resipiscerent.

2280 4838 2444 4894 Vsus.
2494 4840 2580 4895 51.
2625 4837 2900 4893 —Simile
2942 4848 3015 4892 est
3064 4854 3321 4910 regnum,
3375 4845 3479 4893 etc.
3531 4835 3777 4907 Regnum

2208 4931 2466 4986 caelorum
2494 4971 2508 4996 ,
2539 4929 2852 5000 praedicatio
2877 4937 2961 4984 est
2999 4927 3310 4999 Evangelii,
3360 4926 3426 4981 de
3459 4941 3564 4995 qua
3599 4924 3727 4979 alibi
3760 4941 3774 4978 :

2209 5023 2489 5092 Auferetur
2519 5039 2549 5075 a
2572 5021 2710 5076 vobis
2760 5037 2974 5092 regnum
3013 5019 3145 5086 Dei,
3184 5029 3230 5074 et
3277 5019 3489 5072 dabitur
3518 5017 3655 5086 genti
3695 5016 3779 5086 fa-

2209 5115 2362 5169 cienti
2391 5115 2618 5184 fructum
2644 5114 2756 5183 ejus
2781 5112 2996 5183 (Matth.
3027 5111 3162 5181 1m).
3195 5108 3291 5165 Vel
3312 5109 3503 5164 notitia
3533 5105 3779 5177 Scriptu-

2209 5221 2413 5260 rarum.
2459 5201 2634 5258 (ἕναηο
2691 5205 2906 5270 sinapis.
2961 5203 3144 5259 Grano
3184 5201 3386 5270 sinapis
3434 5205 3778 5268 comparatur

2207 5311 2306 5366 pro
2336 5293 2546 5349 fervore
2575 5295 2719 5359 fidei,
2759 5295 2881 5364 quia
2930 5294 3126 5348 dicitur
3164 5305 3370 5346 venena
3405 5288 3694 5359 expellere,
3725 5287 3779 5341 id

2206 5394 2309 5450 est,
2332 5384 2508 5440 omnia
2535 5385 2779 5455 dogmata
2815 5386 3115 5454 pravitatis.
3143 5382 3327 5437 Potest
3357 5382 3408 5435 in
3438 5395 3606 5450 grano
3634 5380 3780 5434 sina-

2207 5475 2292 5546 pis
2315 5475 2588 5529 humilitas
2628 5476 2917 5530 Dominicae
2949 5472 3339 5530 incarnationis
3381 5471 3626 5542 intelligi.
3662 5469 3780 5537 Quo

2209 5575 2429 5638 accepto
2476 5569 2638 5622 homo
2687 5567 2834 5622 misit
2878 5567 2929 5621 in
2969 5568 3185 5621 hortum
3214 5581 3392 5629 suum,
3429 5565 3555 5634 quia
3581 5577 3782 5632 corpus

2208 5661 2451 5717 crucifixi
2480 5660 2774 5716 Salvatoris
2807 5661 3076 5730 accipiens
3125 5657 3323 5728 Joseph
3361 5658 3412 5710 in
3441 5657 3598 5711 horto
3625 5670 3781 5724 sepe-

2208 5754 2344 5808 livit.
2380 5753 2646 5822 Expendit
2683 5769 2862 5807 ramos
2896 5754 2948 5806 in
2982 5753 3175 5821 quibus
3226 5750 3469 5804 volucres
3517 5748 3636 5803 ρωιί
3690 5761 3777 5801 νει
3853 5817 3858 5820 _
