4068 6344
327 388 427 445 iii-5

1242 389 1504 446 GLOSSA
1546 389 1940 445 ORDINARIA.
1979 421 2045 430 —
2084 383 2334 448 EVANC.
2375 391 2632 450 MA'I'TII;

3453 399 3552 453 ιδι

317 505 616 576 quiescent,
646 506 770 575 quia
798 505 1179 575 przedicawres
1210 505 1462 574 dispersit
1491 505 1544 558 in
1573 505 1830 559 mundum
1862 545 1876 569 ,
1906 506 1956 566 Α
1985 504 2081 559 teri
2109 515 2164 558 et
2190 504 2336 560 Novo
2360 505 2796 572 Testamento,et
2816 507 2868 562 in
2891 523 3040 564 mare
3060 511 3239 566 saeculi
3264 512 3549 579 miserunt,

314 598 370 652 in
399 610 628 666 quorum
659 596 817 651 dictis
854 605 909 650 et
939 591 1396 651 consolationibus
1423 593 1606 651 ﬁdeles
1627 597 1694 652 ab
1726 595 1886 665 hujus

313 687 440 741 vitae
470 685 776 755 fatigatione
805 685 1157 755 respirarent.

385 775 550 830 Vens.
577 775 665 829 32.
685 773 905 828 —Cum
933 785 1104 828 autem
1150 776 1382 828 creverit.
1414 774 1548 829 Toto
1577 775 1779 830 mundo
1803 775 1886 829 vel

313 869 369 926 in
397 871 576 924 animo
605 868 938 938 singulorum
968 883 980 920 :
1013 867 1137 936 quia
1169 880 1326 921 nemo
1358 875 1576 935 repente
1595 867 1879 937 perfectus.

311 962 497 1018 Crevit
523 970 577 1015 et
605 960 804 1015 factum
847 968 930 1015 est
969 960 1022 1013 in
1062 960 1329 1025 arborem,
1375 959 1502 1028 quia
1553 961 1786 1014 surrexit
1831 967 1886 1014 et

312 1053 556 1108 ascendit
586 1053 638 1106 in
670 1051 882 1106 ctelum.
919 1049 1014 1105 Vel
1052 1051 1308 1115 creverit,
1356 1050 1407 1104 id
1457 1061 1560 1115 est,
1613 1051 1884 1105 mentibus

311 1145 589 1201 hominum
619 1153 832 1212 quanta:
861 1143 930 1197 sit
961 1143 1175 1196 virtutis
1205 1142 1520 1197 innotuerit.
1553 1141 1758 1198 Czetera
1791 1159 1884 1212 ap-

307 1244 504 1309 parent
550 1235 716 1300 olera,
744 1250 862 1303 quze
890 1235 998 1289 cito
1039 1243 1289 1289 crescunt
1340 1241 1395 1288 et
1440 1244 1698 1288 corruunt
1731 1253 1744 1287 :
1774 1249 1880 1289 non

307 1327 511 1386 vivida,
538 1325 632 1380 sed
655 1325 892 1379 mar‘cida
923 1344 936 1377 :
969 1325 1055 1377 illa
1088 1340 1191 1378 non
1214 1323 1352 1386 olus,
1377 1325 1469 1378 sed
1496 1326 1658 1378 arbor
1683 1325 1760 1388 ﬁt,
1789 1325 1881 1380 ubi

306 1415 437 1470 folia
465 1431 586 1470 cum
621 1414 816 1478 fructu,
845 1422 900 1467 et
925 1414 978 1467 in
1008 1410 1124 1481 ejus
1162 1413 1392 1468 diversis
1415 1413 1697 1468 sententiis
1725 1414 1884 1483 spiris

310 1507 481 1561 tuales
507 1507 809 1574 quiescunt.

381 1595 622 1651 Oleribus
649 1607 694 1650 et
721 1596 779 1665 ﬁt
811 1596 986 1649 arbor.
1009 1595 1066 1650 Id
1111 1603 1213 1660 est,
1258 1595 1599 1666 dogmatibus
1645 1596 1884 1666 philoso-

307 1686 537 1758 phorum
563 1726 579 1751 ,
613 1686 864 1755 quaa'cito
893 1697 1144 1741 crescunt
1171 1694 1224 1741 et
1250 1696 1511 1741 corruunt
1532 1727 1546 1750 ,
1599 1687 1673 1743 nil
1718 1687 1881 1744 vitale

290 1777 699 1848 'promittentia.

1989 609 2108 663 quae
2137 603 2303 664 usque
2331 595 2490 650 hodie
2523 598 2756 652 trahitur
2780 639 2794 662 ,
2823 611 2877 652 et
2909 599 2960 653 in
2998 598 3250 658 fluctibus
3269 605 3506 660 tenditur
3534 623 3548 661 :

1988 685 2206 755 capiens
2238 687 2496 757 quidquid
2536 689 2742 754 incidit,
2791 691 2961 745 bonos
3009 698 3064 746 et
3099 693 3286 757 malos,
3321 711 3456 765 quos
3483 699 3551 751 ad

1987 773 2136 830 littus
2163 778 2348 841 trahit,
2379 777 2430 831 id
2453 789 2556 843 est,
2587 779 2829 834 adﬁnem
2857 783 3076 848 mundi,
3107 793 3163 838 ut
3202 793 3326 840 tunc
3352 786 3442 842 fiat
3466 789 3548 843 di-

1986 866 2142 922 visio.
2175 867 2327 922 Unde
2355 871 2597 938 sequitur
2624 889 2636 923 :
2671 865 2758 925 Sic
2779 872 2876 925 erit
2900 873 2952 926 in
2987 878 3427 931 consummatione
3447 896 3549 933 stc-

1984 957 2091 1009 culi
2113 997 2128 1020 ,
2162 965 2266 1011 etc.
2314 957 2538 1026 Sagcnze
2563 970 2907 1030 comparatur
2925 961 3163 1018 Ecclesia
3191 965 3271 1020 vel
3296 968 3525 1035 praedica

1987 1044 2062 1097 tio
2107 1047 2436 1116 evangelica,
2480 1064 2599 1117 qua:
2649 1065 2681 1104 a
2727 1049 2976 1106 fluctibus
3027 1054 3206 1111 saeculi
3238 1057 3306 1111 ad
3355 1057 3549 1115 cmlum

1983 1137 2167 1190 trahit.

1985 1300 1988 1302 γ
2056 1226 2220 1282 Vens.
2249 1228 2336 1283 48.
2363 1261 2431 1270 —
2457 1231 2523 1287 Et
2554 1249 2700 1287 secus
2726 1229 2891 1287 littus.
2939 1233 3133 1301 Littus,
3167 1237 3288 1293 ﬁnis
3327 1240 3506 1294 sazculi
3535 1281 3548 1304 ,

1985 1315 2040 1370 in
2067 1333 2175 1386 quo
2204 1318 2329 1374 boni
2362 1323 2426 1375 ad
2456 1323 2670 1388 caelum,
2703 1326 2828 1380 mali
2861 1327 2926 1380 ad
2955 1328 3201 1384 tenebras
3227 1331 3508 1387 mittentur
3533 1351 3547 1386 :

1983 1407 2039 1462 in
2069 1413 2320 1477 praisenti
2344 1414 2488 1468 enim
2518 1427 2674 1470 erant
2697 1419 2960 1487 permisti.

2053 1499 2216 1554 Vens.
2270 1501 2365 1556 59.
2389 1533 2458 1543 ——
2486 1503 2616 1558 Ideo
2643 1508 2809 1560 omnis
2833 1507 3017 1562 Scriba
3044 1509 3246 1574 doctus,
3279 1520 3382 1566 etc.
3415 1511 3548 1579 Quia

1981 1587 2278 1660 intelligitis
2329 1595 2588 1662 mysteria
2633 1611 2752 1665 qua:
2789 1598 2940 1653 vobis
2964 1599 3178 1655 revelo:
3209 1601 3327 1655 ideo
3356 1600 3547 1656 faciam

1980 1694 2078 1735 vos
2123 1682 2528 1751 praedicatores,
2575 1697 2631 1740 et
2651 1687 2803 1744 eritis
2829 1690 2958 1744 mihi
2990 1691 3192 1746 similes
3216 1693 3305 1761 qui
3331 1693 3396 1747 de
3428 1695 3546 1748 the-

1977 1775 2143 1823 'sauro
2169 1770 2410 1826 scientia:
2439 1789 2571 1829 mea:
2589 1815 2602 1840 ,
2634 1790 2771 1830 nova
2807 1786 2862 1831 et
2885 1787 3065 1833 vetera
3094 1777 3332 1848 profero,
3362 1788 3422 1835 ut
3449 1796 3548 1837 vos

377 1869 544 1924 Vens.
578 1870 665 1924 35.
688 1899 761 1910 —
786 1867 852 1923 In
881 1869 1070 1939 farina:
1108 1871 1256 1924 satis.
1291 1854 1363 1925 Ut
1391 1871 1644 1941 spiritus,
1675 1872 1869 1938 anima,

1981 1859 2230 1914 similiter
2243 1861 2470 1918 faciatis.

294 1969 367 2035 et
395 1975 587 2030 corpus
615 1961 669 2015 in
697 1976 864 2014 unum
897 1961 1112 2016 redacta
1143 1977 1249 2016 non
1276 1961 1583 2032 discrepent
1623 1964 1762 2018 inter
1797 1980 1875 2020 se.

305 2049 409 2105 Vel
439 2058 548 2106 tres
589 2050 785 2104 animae
815 2049 1042 2106 virtutes
1073 2051 1126 2104 in
1170 2066 1334 2104 unum
1375 2053 1709 2121 rediguntur,
1739 2062 1798 2108 ut
1825 2055 1877 2108 in

305 2141 520 2196 ratione
546 2141 919 2210 possideamus
959 2142 1320 2212 prudentiam,
1354 2142 1407 2196 in
1437 2142 1516 2196 ira
1566 2144 1747 2198 odium
1794 2145 1876 2199 vi-

309 2233 534 2297 tiorum,
557 2233 609 2286 in
634 2232 924 2302 cupiditate
950 2233 1274 2288 desiderium
1298 2234 1578 2289 virtutum.
1611 2233 1725 2301 Vel,
1761 2251 1878 2289 mu-

303 2322 427 2390 lier,
456 2323 717 2388 Ecclesia,
767 2323 926 2379 ﬁdem
973 2325 1274 2402 hominum
1303 2323 1493 2380 farinae
1535 2326 1706 2382 tribus
1747 2327 1878 2383 satis

305 2413 518 2479 miscet,
551 2413 852 2470 credulitati
881 2401 1058 2471 Patris
1091 2426 1145 2470 et
1167 2415 1288 2471 Filii
1319 2426 1374 2471 et
1411 2416 1643 2486 Spiritus
1680 2419 1872 2474 sancti.

293 2502 548 2575 Cumque
595 2505 648 2560 in
692 2521 857 2560 unum
896 2504 1055 2561 fuerit
1095 2504 1470 2562 fermentatum
1496 2551 1510 2575 ,
1542 2524 1648 2563 non
1681 2525 1780 2565 nos
1808 2511 1876 2566 ad

295 2590 567 2665 “triplicem
595 2596 784 2661 Deum,
808 2597 900 2651 sed
922 2597 1082 2652 unius
1101 2597 1183 2652 dei
1193 2597 1318 2652 tatis
1337 2598 1585 2652 notitiam
1605 2601 1871 2669 perducit,

293 2687 430 2755 'quia
460 2701 564 2740 non
589 2694 674 2742 est
705 2686 918 2742 diversa
947 2698 1139 2744 natura
1171 2688 1226 2743 ln
1267 2689 1512 2758 singulis.

375 2776 550 2830 Donec
579 2777 964 2846 fermentatum.
996 2778 1204 2835 Tandiu
1226 2780 1463 2836 Charitas
1486 2781 1538 2835 in
1573 2792 1753 2839 mente
1781 2788 1870 2840 re-

304 2867 524 2923 condita
571 2882 815 2924 crescere
841 2869 1015 2933 debet,
1049 2869 1220 2925 donec
1250 2879 1482 2926 mentem
1510 2880 1676 2928 totam
1707 2875 1759 2928 in
1787 2876 1871 2931 sui

287 2957 692 3030 ‘perfectionem
705 2969 1030 3026 commutet,
1054 2969 1114 3016 ut
1132 2961 1264 3017 nihil
1285 2971 1478 3031 praeter
1495 2963 1661 3020 Deum
1685 2966 1871 3036 diligat

289 3047 386 3102 'vel
415 3048 636 3112 recolat,
654 3052 796 3118 quod
823 3051 911 3106 hic
942 3045 1214 3120 incipitur,
1238 3052 1292 3106 in
1314 3053 1416 3108 alia
1437 3055 1546 3109 vita
1571 3056 1865 3126 perficitur.

370 3138 535 3195 Vens.
586 3139 676 3193 54.
705 3169 776 3180 -
795 3137 861 3194 In
887 3140 1148 3211 parabolis
1183 3142 1252 3195 ad
1296 3141 1494 3198 turbas.
1523 3143 1658 3212 Quia
1709 3150 1866 3217 quid-

2051 1949 2290 2018 Apostoli
2312 1961 2438 2006 sunt
2462 1953 2651 2009 scriba:
2673 1965 2726 2010 et
2761 1957 3211 2038 notarii\Christi,
3239 1959 3404 2016 verba
3431 1960 3546 2030 ejus

1980 2040 2256 2109 signantes
2291 2043 2342 2097 in
2369 2045 2565 2101 tabulis
2589 2047 2789 2112 cordis,
2825 2057 2879 2102 et
2909 2049 3106 2118 pollent
3127 2051 3318 2120 opibus
3355 2055 3549 2122 patris-

1975 2126 2227 2198 familias,
2252 2135 2528 2205 ejicientes
2553 2137 2620 2193 de
2649 2139 2902 2195 thesauro
2938 2142 3300 2198 doctrinarum
3325 2161 3542 2202 suarum

1977 2239 2116 2278 nova
2152 2234 2208 2280 et
2237 2235 2442 2293 vetera,
2469 2230 2594 2299 quia
2642 2232 2902 2301 quidquid
2943 2233 2997 2287 in
3025 2233 3314 2306 Evangelio
3353 2240 3546 2308 praedi-

1977 2321 2150 2378 catur,
2185 2314 2318 2386 legis
2341 2326 2394 2372 et
2421 2321 2804 2390 prophetarum
2827 2321 3048 2377 vocibus
3068 2326 3432 2395 comprobant.

2045 2410 2210 2464 Vens.
2244 2412 2331 2466 54.
2355 2441 2426 2453 —-
2456 2413 2523 2468 Ut
2555 2416 2888 2471 mirarentur.
2913 2417 3102 2490 Magna
3126 2421 3358 2489 accitas,
3381 2438 3543 2492 quem

1973 2502 2153 2558 verbis
2178 2513 2230 2558 ct
2248 2504 2406 2560 factis
2431 2505 2702 2564 Christum
2729 2520 3078 2581 cognoscunt,
3101 2513 3170 2567 ob
3195 2517 3408 2582 generis
3439 2533 3542 2571 no-

1975 2592 2146 2648 titiam
2177 2603 2548 2652 contemnunt.

2043 2682 2206 2740 Vens.
2235 2687 2321 2742 55.
2353 2717 2422 2727 —
2451 2687 2613 2742 Fabri
2655 2689 2818 2758 ﬁlius.
2853 2689 2967 2746 Non
3006 2693 3122 2748 sine
3158 2710 3216 2750 re
3247 2695 3414 2750 voluit
3434 2696 3539 2753 dici

1972 2773 2111 2830 fabri
2146 2776 2305 2840 ﬁlius,
2335 2793 2445 2832 non
2476 2779 2620 2834 illius
2642 2795 2802 2848 quem
2831 2790 3042 2850 putant,
3071 2784 3164 2837 sed
3202 2783 3543 2840 fabricatoris

1970 2866 2229 2922 omnium.
2263 2867 2368 2924 Sed
2391 2867 2550 2937 hujus
2581 2872 2903 2926 sacramenti
2941 2870 3107 2927 Judaei
3134 2873 3304 2943 ignari
3347 2875 3540 2931 divina:

1969 2956 2186 3010 virtutis
2206 2973 2368 3027 opera
2391 2959 2621 3014 carnalis
2646 2961 2909 3030 prosapia:
2937 2963 3388 3032 contemplatione
3413 2981 3541 3020 con-

1967 3052 2234 3100 temnunt.
2258 3045 2374 3102 Non
2395 3048 2536 3104 enim
2559 3050 2902 3105 cunsiderant
2918 3052 3201 3120 praesentia
3213 3051 3329 3122 ejus
3351 3069 3536 3124 opera,

1969 3138 2062 3193 sed
2093 3137 2336 3208 fragilem
2367 3143 2720 3196 rccordantur
2739 3142 3039 3198 infantiam.

288 3229 430 3300 quid
473 3229 545 3284 ibi
584 3229 781 3284 dicitur
808 3231 875 3286 de
910 3230 1159 3286 exercitu
1204 3231 1392 3298 lsrael,
1422 3243 1478 3289 et
1505 3237 1684 3290 omnia
1715 3239 1865 3309 signa
1893 3218 1939 3280 C
2038 3227 2201 3284 Vens.
2229 3219 2316 3286 5‘1.
2354 3249 2423 3272 —-
2451 3233 2731 3302 Propheta-
2761 3236 3007 3291 Christus
3028 3237 3225 3293 dicitur
3253 3242 3532 3310 propheta.

275 3319 507 3376 ‘occulta
536 3328 664 3374 sunt
696 3330 1062 3376 sacramenta.

362 3408 526 3465 Vens.
569 3411 659 3465 44.
709 3442 779 3452 -
811 3410 1076 3466 Thesauro
1103 3413 1402 3468 abscondito
1441 3417 1498 3472 in
1542 3435 1686 3489 agro.
1724 3420 1868 3476 The”-

285 3510 494 3557 Baurus
515 3509 693 3572 potest
713 3502 882 3572 accipi
914 3501 1136 3557 verbum
1156 3497 1272 3568 Dei,
1289 3505 1378 3573 qui
1404 3506 1456 3560 in
1485 3521 1646 3563 carne
1667 3509 1866 3566 Christi

297 3593 670 3649 absconditur.
697 3591 795 3648 Vel
820 3592 1122 3662 Scriptura,
1155 3595 1207 3649 in
1238 3611 1342 3665 qua
1371 3599 1604 3667 reposita
1643 3609 1725 3655 est
1771 3608 1867 3656 no-

292 3684 421 3739 titia
459 3683 778 3739 Salvatoris.
811 3683 904 3738 Vel
925 3724 938 3747 ,
972 3684 1076 3739 duo
1124 3684 1469 3740 Testamenta
1500 3688 1552 3742 in
1588 3689 1821 3745 Ecclesia
1849 3733 1864 3758 ,

277 3787 397 3846 ‘pro
425 3789 652 3843 quorum
698 3774 1046 3845 intelligentia
1071 3775 1320 3832 omnibus
1364 3779 1701 3835 renuntiatur
1725 3792 1784 3836 ut
1812 3783 1864 3838 in

279 3865 409 3921 "otio
438 3865 732 3919 discantur.

369 3959 619 4014 Terrenis
638 3974 859 4028 regnum
882 3960 1138 4016 caelorum
1162 3961 1450 4028 similatur,
1465 3971 1523 4017 ut
1539 3965 1634 4032 per
1653 3962 1865 4035 cognita

275 4055 482 4119 "surgat
512 4051 576 4103 ad
605 4050 878 4120 incognita
906 4051 1138 4115 animus,
1171 4061 1225 4104 et
1250 4051 1456 4122 diligat.

369 4141 648 4193 Abscondit
680 4151 727 4194 et
756 4156 864 4210 pra:
898 4141 1089 4210 gaudio
1133 4141 1294 4195 illius.
1329 4142 1395 4197 Ut
1427 4152 1669 4198 servetur
1695 4161 1723 4198 a
1753 4161 1866 4200 ma-

277 4231 454 4304 lignis
481 4231 758 4302 spiritibus
779 4240 835 4286 et
859 4220 1103 4288 laudibus
1141 4233 1442 4288 hominum.
1499 4235 1589 4293 Sic
1626 4237 1698 4291 sit
1729 4253 1864 4307 opus

278 4340 349 4380 1n
378 4323 612 4393 publico,
642 4330 702 4376 ut
732 4322 958 4377 intentio
985 4331 1198 4378 maneat
1225 4324 1456 4379 occulta.

363 4414 528 4468 Vens.
557 4413 645 4468 45.
669 4444 738 4454 -
772 4413 1120 4483 Negotiatori.
1159 4413 1551 4472 Beatitudinem
1578 4433 1681 4488 qua
1714 4420 1860 4474 exuti

284 4509 484 4559 'sumus
499 4503 654 4574 culpa
678 4503 839 4572 primi
869 4504 1119 4568 hominis,
1155 4505 1413 4560 debemus
1431 4521 1638 4574 omnes,
1665 4511 1861 4565 intelli-

279 4595 464 4667 gendo
489 4605 636 4650 recte
655 4595 710 4648 et
731 4595 1000 4664 operando
1027 4595 1184 4660 bene,
1211 4597 1498 4666 negotiari.
1523 4597 1699 4653 Bonas
1723 4617 1862 4654 mar-

285 4687 510 4758 garitas.
543 4685 702 4740 Bome
730 4685 1052 4755 margaritae,
1085 4685 1170 4739 lex
1194 4694 1248 4740 et
1268 4686 1560 4755 pr0pheta2.
1596 4687 1710 4742 Una
1741 4703 1863 4760 pre-

285 4777 449 4840 tiosa,
485 4775 710 4830 scientia
735 4774 1056 4839 Salvatoris,
1081 4791 1178 4846 pro
1207 4791 1313 4845 qua
1345 4777 1524 4842 homo,
1552 4787 1612 4832 ut
1644 4778 1858 4848 Paulus,

282 4869 537 4926 omnibus
551 4869 818 4939 mysteriis
831 4868 963 4939 legis
975 4869 1501 4924 etohservationibus
1513 4872 1859 4929 renuntiavit.

359 4958 523 5013 Vens.
558 4961 646 5013 t6.
675 4990 746 4999 —
766 4958 982 5013 Inventa
1024 4968 1218 5012 autem.
1273 4960 1330 5014 Id
1373 4968 1478 5025 est,
1503 4960 1737 5028 Christo,
1769 4964 1861 5033 qui

287 5062 487 5125 praeest
517 5053 768 5120 omnibus
805 5053 1112 5107 hominibus
1136 5093 1151 5118 ,
1187 5051 1270 5107 vel
1298 5052 1562 5124 Spirituali
1591 5064 1860 5125 princepto

285 5145 614 5199 dilectionis.
666 5145 762 5200 Vel
809 5143 1083 5198 intellecto
1119 5142 1304 5209 verbo,
1352 5144 1495 5212 quod
1551 5152 1669 5199 erat
1721 5145 1860 5214 apud

288 5234 462 5288 Deum
497 5242 778 5304 penetrata
807 5234 990 5288 carnis
1019 5234 1307 5288 testudine.
1352 5233 1448 5288 Vel
1476 5234 1711 5291 celestis
1736 5235 1860 5291 vita:

291 5327 601 5387 dulcedine.
628 5342 727 5397 pro
755 5342 859 5396 qua
893 5326 1074 5382 omnia
1108 5327 1390 5381 vilescunt.

365 5415 528 5471 Vens.
543 5417 706 5474 47.-
727 5416 941 5487 Saganae
951 5416 1143 5471 missa.
1169 5416 1423 5486 lmpletur
1442 5415 1688 5473 Jeremiae
1713 5417 1856 5472 vati-

287 5509 489 5564 cinium
525 5525 538 5562 :
575 5507 710 5562 Ecce
753 5524 846 5578 ego
892 5508 1038 5561 mitto
1087 5507 1154 5560 ad
1194 5523 1282 5561 vos
1332 5507 1617 5576 piscatores
1663 5507 1854 5564 multos

287 5601 424 5667 (λιν.
451 5601 587 5672 xvi).
626 5599 914 5670 Postquam
942 5600 1227 5655 audierunt
1267 5599 1462 5655 Petrus
1489 5608 1545 5655 et
1568 5599 1812 5656 Andreas
1836 5643 1851 5666 ,

285 5691 518 5752 lacubus
545 5699 601 5746 et
623 5690 856 5747 Joannes
881 5708 894 5744 :
928 5689 1214 5761 Sequimini
1233 5708 1336 5756 me,
1360 5692 1552 5759 faciam
1578 5710 1663 5747 vos
1687 5693 1856 5761 pisca-

286 5795 421 5840 tores
472 5784 737 5840 hominum
768 5799 786 5836 :
814 5793 1202 5840 contemerunt
1240 5786 1342 5840 sibi
1371 5799 1620 5856 sagenam
1649 5800 1714 5839 ex
1752 5785 1848 5840 Ve-

1971 3318 2124 3374 Unde
2153 3319 2328 3376 Moses
2353 3323 2518 3377 dicit:
2555 3321 2866 3394 Prophetam
2895 3328 3162 3382 suscitabit
3183 3331 3325 3384 vobis
3359 3332 3536 3386 Domi-

1971 3426 2068 3463 nus
2091 3410 2154 3463 de
2192 3413 2383 3465 semine
2411 3425 2576 3467 vestro
2626 3412 2802 3483 (Deut.
2830 3416 3002 3486 xviii).
3034 3417 3099 3470 In
3125 3421 3316 3487 patria.
3345 3420 3402 3475 Id
3429 3432 3530 3488 est,

1969 3498 2021 3552 in
2038 3497 2545 3568 populoJudzeorum
2563 3522 2575 3556 :
2593 3505 2796 3574 majora
2825 3515 3004 3560 autem
3029 3505 3159 3562 facit
3188 3509 3240 3562 in
3263 3512 3529 3580 gentibus.

2038 3586 2198 3643 Vens.
2230 3589 2317 3644 58.
2348 3621 2417 3630 -—
2457 3591 2524 3644 Et
2551 3610 2654 3647 non
2676 3594 2820 3663 fecit.
2849 3595 2998 3652 Fecit
3028 3598 3254 3656 virtutes
3289 3601 3529 3671 aliquas,

1967 3677 2061 3732 sed
2091 3694 2195 3733 non
2232 3681 2449 3746 multas,
2469 3698 2534 3738 ne
2565 3684 2870 3741 incredulos
2895 3688 3298 3752 condemnaret.
3323 3692 3418 3747 Vel
3436 3694 3530 3748 de-

1967 3777 2180 3835 spectas
2203 3786 2370 3839 pauca
2394 3771 2627 3837 facit,ne
2656 3776 2866 3845 penitus
2896 3778 3233 3835 exeusabiles
3261 3782 3390 3848 sint,
3419 3797 3532 3838 ma-

1959 3857 2078 3927 jora
2109 3870 2286 3916 autem
2333 3863 2387 3917 in
2415 3865 2662 3934 gentibus
2693 3865 2842 3921 facit.

2541 3954 2766 4010 CAPUT
2801 3955 2939 4012 XIV.

2045 4049 2208 4104 Vens.
2258 4047 2310 4100 I.
2339 4076 2409 4086 —
2435 4045 2502 4100 In
2529 4047 2620 4100 illo
2650 4058 2875 4117 tempore
2909 4051 3106 4104 audivit
3148 4051 3402 4109 Herodes.
3435 4055 3534 4114 Lu~

1967 4155 2058 4195 cas
2108 4153 2236 4192 vero
2290 4137 2364 4190 ita
2421 4155 2433 4189 :
2495 4137 2704 4191 Audiuit
2755 4148 2927 4192 autem
2981 4138 3215 4196 Herodes
3273 4147 3533 4202 letrarcba

1967 4231 2117 4304 (Luc.
2170 4230 2270 4298 ix),
2319 4237 2422 4283 etc.
2485 4227 2637 4293 Quod
2682 4242 2811 4299 ergo
2862 4229 2980 4284 ait:
3018 4229 3119 4284 llic
3172 4245 3246 4287 est
3301 4235 3532 4292 Joannes

1966 4321 2270 4394 (Joan.iv).
2321 4318 2416 4373 Vel
2459 4318 2810 4374 conﬁrmatus
2856 4322 3207 4390 quorumdam
3265 4326 3531 4379 sententia

1963 4422 2085 4483 post
2143 4411 2533 4466 haesitationem
2593 4411 2748 4476 dixit,
2788 4411 2873 4466 vel
2918 4411 3092 4470 adhuc
3143 4413 3378 4470 dubius:
3418 4416 3532 4472 hiec

1965 4503 2108 4558 enim
2137 4503 2298 4556 verba
2321 4502 2386 4557 ad
2413 4511 2699 4572 utrumque
2728 4517 2787 4556 se
2814 4503 3030 4558 habent.

2037 4593 2200 4649 Vens.
2233 4592 2372 4646 2.-
2403 4592 2470 4646 Ει
2492 4595 2586 4646 ait.
2624 4591 2759 4646 Nota
2788 4593 3044 4648 invidiam
3083 4594 3408 4652 Judteorum.
3435 4598 3531 4655 llic

1965 4684 2261 4756 alienigena
2291 4684 2422 4740 dicit
2459 4684 2817 4739 resurrexisse
2860 4680 3141 4751 Joannem,
3186 4688 3277 4756 qui
3328 4688 3530 4743 nullum

1962 4777 2175 4848 signum
2213 4775 2362 4832 fecit.
2400 4775 2479 4830 Illi
2522 4775 2704 4831 Jesum
2736 4784 2814 4831 tot
2843 4776 3135 4832 virtutibus
3173 4779 3527 4848 approbatum

1965 4882 2071 4922 non
2110 4866 2473 4922 resurrexisse
2526 4866 2875 4920 contendunt.
2928 4865 2998 4919 Et
3046 4867 3179 4920 ideo.
3234 4866 3531 4924 Senserunt

1962 4955 2104 5010 enim
2135 4955 2277 5024 quod
2307 4953 2527 5023 majoris
2547 4945 2913 5011 virtutis'sunt
2940 4956 3104 5012 futuri
3129 4959 3304 5013 sancti
3330 4974 3360 5013 a
3386 4975 3530 5014 mor-

1963 5047 2070 5102 tuis
2098 5055 2458 5117 resurgentes,
2482 5061 2642 5116 quam
2673 5045 2850 5116 fragili
2874 5061 3037 5101 carne
3065 5047 3290 5118 gravati.

2033 5139 2191 5194 Vens.
2218 5138 2270 5192 5.
2308 5168 2378 5177 —
2419 5136 2652 5192 Herodes
2675 5137 2829 5191 enim.
2861 5136 2996 5204 Quia
3027 5139 3162 5194 dixit
3190 5137 3258 5193 de
3279 5137 3528 5208 opinione

1961 5229 2374 5286 resurrectionis
2399 5245 2521 5284 cum
2549 5228 2680 5283 nihil
2711 5229 2776 5284 de
2818 5238 2991 5284 morte
3030 5231 3275 5295 dixisset,
3302 5230 3526 5284 reverti-

1963 5329 2052 5375 tur
2079 5328 2135 5374 et
2164 5327 2345 5374 narrat
2371 5319 2603 5389 qualiter
2624 5328 2680 5374 et
2705 5335 2803 5376 cur
2831 5322 3044 5376 obierit.
3078 5321 3319 5377 Ilerodes
3345 5321 3446 5376 iste
3472 5330 3527 5376 et

1962 5412 2237 5482 Philippus
2265 5412 2462 5467 fratres
2491 5411 2703 5467 fuerunt
2733 5412 2824 5468 filii
2852 5413 3107 5480 Herodis,
3138 5413 3237 5469 sub
3279 5428 3386 5483 quo
3423 5413 3526 5468 Do-

1962 5504 2141 5560 minus
2165 5504 2296 5575 fugit
2325 5505 2380 5560 in
2405 5503 2716 5576 Egyptum.
2751 5504 3105 5562 Herodiodem
3149 5522 3379 5561 uxorem.
3422 5504 3525 5559 Ile-

1964 5597 2143 5652 rodias
2170 5595 2275 5650 ﬁlia
2301 5595 2520 5651 Arethae
2551 5597 2711 5667 regis,
2741 5612 2902 5667 Quam
2937 5598 3050 5666 ipse
3075 5605 3230 5666 pater
3259 5595 3377 5650 tulit
3402 5593 3525 5648 Plii-

1963 5687 2126 5756 lippo,
2150 5695 2204 5738 et
2233 5685 2286 5739 in
2313 5685 2552 5740 dolorem
2569 5687 2684 5756 ejus
2705 5687 2851 5742 dedit
2875 5685 3072 5740 Herodi
3117 5685 3333 5739 inimico
3362 5683 3521 5736 illius.

2032 5781 2192 5836 Vens.
2225 5781 2370 5836 4--
2398 5781 2517 5836 Non
2545 5782 2680 5852 licet.
2717 5781 2953 5836 Herodes
2983 5780 3202 5836 forsitan
3237 5779 3404 5847 legem
3433 5774 3525 5828 Ju-
