4068 6344
552 376 654 431 155

1038 367 1427 424 WALAFRlDl
1465 363 1710 421 STRABI
1753 363 1954 421 FULD.
1996 362 2158 420 MON.
2201 363 2350 420 OPP.
2392 361 2574 420 PARS
2612 363 2649 418 1.
2693 394 2759 404 --
2798 360 3249 420 THEOLOGICA.

3693 359 3800 415 156

550 489 786 542 daeorum
814 484 1052 548 tenebat,
1083 490 1135 537 ct
1163 481 1280 535 ideo
1301 479 1534 534 Joannes
1575 495 1696 534 eum
1747 480 1813 532 ab
1860 476 2121 532 adulterio
2150 487 2199 540 Α
2297 477 2460 530 Vens.
2494 477 2579 531 16.
2606 502 2676 515 --
2702 475 2832 529 Date
2864 475 2987 528 illis.
3017 475 3282 529 Provocat
3335 471 3402 527 ad
3455 471 3708 536 dandum,
3729 481 3798 525 ut

549 577 899 648 prohibebat.

623 669 785 723 Vsns.
815 668 866 722 5.
900 698 970 707 —
1001 664 1193 719 Timuit
1249 662 1515 734 papulum.
1567 658 1826 736 Populum
1875 657 2117 727 tlmebat,

552 760 645 814 sed
672 774 825 813 amor
866 758 1183 828 superabat,
1208 772 1305 826 pro
1330 772 1438 826 quo
1471 766 1526 811 et
1556 757 1721 810 Deum
1748 756 2118 824 postponebat.

554 848 737 903 Timor
764 848 854 901 Dei
877 846 1116 916 corrigit,
1144 846 1305 900 timor
1331 846 1606 900 hominum
1639 844 1815 899 dilTert
1835 885 1850 901 .
1882 845 1974 898 sed
2025 858 2120 896 vo-

553 936 813 990 luntatem
846 951 950 989 non
979 935 1151 989 aufert
1183 951 1196 988 :
1231 936 1370 990 unde
1415 943 1469 990 et
1509 935 1776 989 avidiores
1829 934 2004 988 reddit
2053 933 2122 988 ad

553 1028 754 1081 crimen
786 1041 920 1095 quos
947 1026 1236 1095 aliquando
1276 1026 1558 1096 suspendit
1595 1041 1625 1078 a
1660 1024 1908 1078 crimine.

624 1114 785 1168 Vens.
832 1115 883 1168 7.
931 1145 997 1154 —
1041 1112 1172 1168 Cum
1186 1114 1605 1183 juramento.Ad
1636 1114 1738 1167 hoc
1766 1111 2124 1179 fortejuravit

551 1215 610 1262 tit
635 1206 975 1264 eccaSin‘ne‘m
992 1217 1236 1277 pararet,
1267 1222 1370 1275 qua
1396 1206 1670 1261 videretur
1708 1204 1890 1260 facere
1920 1205 2122 1261 invitus

550 1299 694 1367 quod
733 1297 962 1352 faetebat
991 1303 1340 1366 spontaneus.
1370 1295 1484 1349 Non
1509 1295 1654 1348 enim
1707 1293 2124 1376 hoebit'nplesse‘t

551 1393 617 1447 de
645 1393 826 1461 aliquo
849 1398 1058 1452 amato,
1099 1389 1240 1458 quod
1263 1388 1503 1458 implevit
1536 1388 1601 1442 de
1647 1387 1911 1458 propheta
1939 1403 1951 1441 :
1979 1385 2123 1456 quod

551 1490 607 1536 et
631 1491 756 1536 ante
782 1480 1016 1545 fecisset,
1047 1480 1097 1534 si
1122 1479 1506 1535 excusabiliter
1527 1485 1728 1549 posset.

622 1572 832 1643 (Βεολ.)
871 1570 926 1625 Si
964 1570 1094 1640 quid
1125 1585 1222 1625 nos
1261 1569 1400 1624 forte
1446 1569 1661 1623 incaute
1694 1569 1905 1638 iurasse
1943 1568 2118 1623 conti-

553 1665 714 1736 gerit,
747 1673 878 1729 ete.,
903 1680 1064 1733 usque
1088 1663 1155 1715 ad
1177 1675 1278 1719 nec
1301 1660 1502 1732 aliquid
1535 1661 1705 1731 culpa:
1731 1675 1788 1716 se
1815 1660 1909 1715 tali
1942 1659 2121 1731 periu-

551 1757 635 1811 rio
658 1755 992 1812 contraxisse
1013 1753 1200 1810 doluit.

625 1846 796 1917 (lsm.)
821 1843 938 1898 Non
973 1852 1058 1899 est
1101 1843 1530 1899 conservandum
1575 1850 1971 1897 sacramentum
2015 1853 2120 1913 quo
2151 1822 2194 1882 Β

549 1935 749 1989 malum
797 1934 1014 1989 incaute
1065 1933 1418 2004 promittitur,
1449 1922 1597 1987 velut
1623 1931 1688 1997 si,
1717 1935 2027 2002 aeq-usque
2052 1932 2120 1986 ad

549 2016 886 2080 tolerabilius
931 2025 1077 2080 enim
1131 2031 1214 2077 est
1258 2038 1364 2077 non
1423 2023 1647 2093 implere
1693 2029 2117 2085 sacramentum,

551 2132 712 2188 quam
743 2131 966 2170 manere
992 2116 1044 2169 in
1071 2122 1275 2184 stupro.

624 2209 785 2261 Vens.
818 2208 871 2262 9.
901 2238 972 2246 —
1001 2205 1398 2261 Constristatus.
1433 2207 1505 2262 Ut
1539 2206 1999 2262 discumbentibus
2037 2205 2122 2259 vi-

557 2296 802 2351 debatur.
835 2298 978 2352 Talis
1003 2297 1202 2368 quippe
1248 2306 1366 2351 erat
1411 2299 1628 2353 tristitia
1673 2298 1918 2365 Herodis,
1947 2297 2120 2367 qualis

551 2393 868 2462 poenitentia
898 2392 1148 2447 videlicet
1165 2386 1485 2448 Pharaonis.

624 2482 784 2537 Vens.
828 2481 912 2535 t0.
939 2511 1010 2521 —
1057 2481 1126 2535 Et
1169 2465 1460 2537 decollavit.
1514 2484 1748 2540 Minutus
1771 2494 1855 2540 est
1885 2483 2119 2540 Joannes

551 2571 750 2640 capite,
790 2571 1054 2626 exaltatus
1084 2582 1166 2626 est
1192 2573 1246 2626 in
1277 2589 1438 2628 cruce
1479 2573 1727 2630 Christus
1759 2592 1775 2628 :
1827 2575 1952 2644 quia
1978 2575 2121 2630 illius

550 2661 694 2716 fama
718 2663 976 2727 decrevit,
992 2662 1149 2717 istius
1173 2664 1372 2729 crevit;
1399 2661 1546 2720 'unde
1569 2681 1584 2722 :
1611 2663 1771 2719 Illum
1791 2675 1990 2736 oportet
2015 2683 2121 2720 cre-

556 2769 719 2816 scere,
748 2769 826 2806 me
851 2762 1026 2807 autem
1049 2753 1214 2806 minui
1245 2754 1425 2824 (Joan.
1451 2764 1556 2824 In).
1588 2755 1645 2808 In
1673 2762 1922 2810 truncato
1949 2756 2121 2824 capite

549 2844 792 2909 Joannis,
807 2844 1164 2899 ostenduntur
1186 2842 1353 2899 Judaei
1375 2845 1648 2900 Christum
1681 2845 1700 2916 (
1723 2845 1816 2916 qui
1854 2854 1936 2901 est
1960 2856 2120 2916 caput

549 2935 791 2989 omnium
822 2931 1248 3004 prophetarum)
1281 2935 1598 3004 perdidisse.

625 3026 916 3080 Moraliter.
945 3025 1088 3079 Mors
1111 3023 1330 3078 Joannis
1352 3024 1511 3079 ﬁnem
1538 3023 1806 3095 signiﬁcat
1826 3023 1957 3095 legis
1973 3063 1988 3090 ,
2013 3039 2118 3094 qua

552 3118 704 3173 ﬁnita
729 3118 924 3173 merito
955 3102 1216 3186 niigratur
1263 3117 1331 3171 ad
1390 3118 1685 3183 Christum,
1718 3118 1810 3187 qui
1861 3126 1945 3172 est
1996 3116 2118 3172 ﬁnis

549 3209 686 3280 legis
713 3209 778 3263 ad
805 3209 1071 3279 justitiam
1099 3209 1244 3262 omni
1269 3209 1530 3263 credenti.

623 3301 785 3356 Vens.
834 3303 920 3358 15.
957 3331 1026 3340 -
1058 3301 1208 3366 (“uad
1229 3317 1344 3354 cum
1371 3300 1598 3356 audisset
1620 3300 1795 3356 Jesus.
1827 3301 2118 3372 Postquam

549 3391 689 3462 apud
710 3391 922 3447 Judaeos
942 3391 1029 3445 lex
1054 3400 1109 3445 et
1130 3393 1391 3462 propheta
1410 3400 1571 3463 caput
1596 3393 1773 3461 perdit
1807 3401 1862 3446 et
1889 3408 2076 3447 vocem
2102 3410 2115 3446 :

548 3481 705 3538 Jesus
729 3484 922 3537 transit
959 3483 1025 3537 ad
1057 3485 1328 3537 desertum
1359 3479 1611 3539 Ecclesia:
1639 3485 1836 3549 locum,
1855 3500 1974 3554 quze
1994 3493 2121 3541 ante

551 3593 658 3631 non
682 3577 915 3630 habebat
940 3576 1135 3629 virum.
1165 3575 1406 3631 Secessit.
1436 3575 1551 3630 Non
1590 3565 1726 3645 fugit
1773 3578 1986 3642 timore,
2027 3578 2120 3633 sed

553 3665 780 3719 secessit
808 3678 1036 3733 parcens
1067 3662 1298 3718 inimicis
1334 3679 1403 3718 ne
1430 3664 1778 3719 homicidium
1831 3666 2120 3721 homicidio

542 3758 851 3827 jungerent,
875 3753 1010 3808 dans
1034 3753 1338 3824 exemplum
1365 3754 1596 3808 vitandae
1637 3756 1973 3810 temeritatis.
2024 3755 2121 3810 Vel

546 3847 773 3910 secessit,
803 3856 861 3899 nt
906 3847 1156 3915 probaret
1206 3844 1364 3898 ﬁdem
1415 3846 1789 3911 credentium;
1831 3847 2016 3901 unde:
2052 3847 2119 3900 Et

547 3935 666 3990 cum
687 3936 952 3989 audissent
983 3935 1168 3998 turbw,
1193 3942 1298 3988 etc.
1331 3933 1620 3988 Pedestres.
1653 3933 1878 4003 Proprie
1915 3935 2119 4000 labore,

542 4035 603 4080 ut
630 4027 875 4081 ardorem
893 4024 1087 4078 mentis
1109 4024 1473 4078 ostenderent.
1494 4023 1824 4095 Relinquunt
1853 4026 2122 4091 civitates,

545 4118 600 4172 id
626 4126 727 4182 est,
754 4117 1009 4186 pristinas
1033 4115 1484 4170 conversationes.
1515 4113 1723 4170 Habent
1769 4115 2120 4181 voluntatem,

546 4210 641 4264 sed
670 4224 774 4263 non
802 4209 948 4263 vires
975 4207 1342 4278 perveniendi.
1386 4206 1506 4260 Ideo
1529 4204 1685 4260 Jesus
1728 4206 1941 4260 obviam
1987 4207 2119 4271 exit,

546 4310 602 4354 et
634 4300 886 4354 misertus
915 4307 1086 4361 curat,
1104 4305 1161 4350 ut
1181 4298 1335 4366 plena
1359 4297 1490 4351 ﬁdes
1519 4299 1702 4351 statim
1728 4298 2003 4367 praemium
2026 4298 2123 4352 ha-

543 4393 689 4446 beat.
707 4391 842 4445 Ecce
871 4399 1129 4459 quantum
1146 4389 1442 4444 delectatur
1462 4391 1742 4445 devotione
1761 4391 2119 4447 credentium.

2225 566 2331 621 illis
2356 579 2542 622 senon
2574 569 2773 622 habere
2800 567 3120 621 testantibus
3152 565 3330 619 notior
3374 564 3446 618 sit
3482 563 3798 635 magnitudo

2223 657 2382 727 signi,
2413 659 2507 712 ubi
2537 658 2700 712 etiam
2728 655 2920 723 innuit,
2949 657 3090 726 quod
3124 671 3221 726 per
3248 670 3340 711 eos
3367 663 3493 710 sunt
3524 656 3797 726 pascenda

2213 748 2397 823 jejuna
2428 751 2615 807 corda.

2293 841 2564 896 Vens”.
2591 873 2660 883 —-
2703 842 2942 914 Quinque
2982 859 3140 915 panes
3183 852 3231 897 et
3269 843 3400 897 duos
3449 842 3632 912 pisces.
3688 840 3798 896 Per

2222 932 2460 1002 quinque
2487 949 2654 1004 panes
2680 943 2734 988 et
2761 934 2892 989 duos
2935 935 3133 1004 pisces,
3166 943 3334 989 totum
3389 932 3554 988 Vetus
3600 933 3798 988 Testa-

2221 1031 2464 1076 mentum
2503 1023 2852 1093 signiﬁcatur.
2909 1023 3013 1079 Per
3052 1024 3288 1094 quinque
3346 1038 3536 1092 panes,
3560 1024 3801 1094 quinque

2222 1112 2345 1166 libri
2371 1113 2563 1186 Moysi,
2593 1116 2682 1185 qui
2725 1115 2865 1170 bene
2912 1114 3221 1180 hordeacei,
3265 1114 3355 1184 qui
3401 1113 3553 1168 cibus
3598 1123 3682 1169 est
3709 1113 3801 1182 juo

2223 1211 2553 1270 mentorum,
2586 1205 2808 1259 rudibus
2851 1206 2994 1260 enim
3042 1220 3230 1275 aspera
3270 1213 3323 1260 et
3360 1220 3549 1276 gressa
3594 1206 3794 1260 danda.

2221 1291 2481 1348 Animalis
2507 1295 2642 1348 enim
2663 1294 2816 1349 homo
2838 1312 2941 1349 non
2967 1296 3182 1365 percipit
3209 1312 3270 1349 ea
3297 1313 3414 1366 quae
3433 1305 3552 1349 sunt
3580 1296 3800 1365 spiritus

2222 1383 2319 1436 Dei
2351 1383 2408 1454 (Ι
2432 1383 2551 1439 Cor.
2584 1385 2649 1454 ι).
2677 1385 2827 1439 Intus
2853 1393 3030 1440 tamen
3060 1385 3189 1440 latet
3216 1385 3446 1440 medulla
3485 1385 3800 1440 suavissimi

2223 1489 2435 1530 sensus.
2483 1475 2585 1530 Per
2625 1476 2758 1531 duos
2786 1476 2980 1545 pisces,
3001 1476 3277 1546 propheta:
3309 1485 3363 1530 et
3389 1475 3581 1545 psalmi
3609 1493 3622 1529 :
3651 1476 3799 1531 unde

2221 1575 2277 1619 et
2299 1573 2427 1636 post
2454 1566 2904 1621 resurrectionem
2926 1566 3002 1620 ait
3034 1584 3046 1620 :
3077 1566 3214 1631 ρηω
3241 1566 3433 1636 scripta
3461 1575 3580 1620 sunt
3602 1566 3657 1619 in
3678 1565 3798 1636 iege

2221 1666 2268 1710 et
2295 1657 2560 1727 prophetis
2593 1657 2832 1728 plurimis
2861 1658 2925 1711 de
2952 1674 3032 1712 me
3059 1657 3208 1729 (Luc.
3235 1657 3405 1730 xxrv).

2295 1746 2460 1802 Vens.
2491 1748 2577 1802 19.
2607 1779 2677 1788 -
2704 1749 2937 1818 Acceptis
2957 1750 3200 1819 quinque,
3224 1757 3329 1805 etc.
3371 1749 3594 1819 Accepit
3629 1751 3795 1821 quin-

2221 1845 2535 1908 quepanes,’
2557 1853 2663 1893 non
2687 1853 2855 1894 novos
2883 1840 3109 1905 creavit,
3139 1840 3264 1910 quia
3294 1840 3514 1896 veniens
3545 1842 3597 1894 in
3629 1856 3797 1896 carne

2225 1944 2333 1985 non
2361 1929 2465 1983 alia
2493 1944 2653 1998 quam
2672 1930 2932 2000 praedicta
2966 1941 3120 1985 erant
3148 1931 3490 2000 praedicavit,
3529 1940 3585 1986 et
3631 1946 3796 2001 opere

2221 2020 2482 2091 implevit.
2506 2019 2805 2074 Benedicit.
2834 2020 2968 2076 Cum
2994 2022 3243 2090 aperiens
3266 2037 3505 2087 sensum,
3534 2031 3594 2077 ut
3643 2024 3799 2078 intel-

2221 2109 2450 2180 ligerent
2477 2109 2807 2180 Scripturas,
2830 2111 2967 2166 dono
2993 2112 3217 2167 interna:
3243 2113 3521 2168 suavitatis
3543 2115 3801 2186 multipli-

2224 2202 2385 2258 cavit.
2403 2203 2588 2273 Fregit
2612 2217 2734 2261 eum
2756 2203 3015 2282 mysteria
3037 2204 3170 2275 legis
3200 2204 3254 2258 in
3283 2206 3521 2260 medium
3548 2207 3794 2277 protulit.

2296 2295 2457 2350 Vsns.
2492 2294 2582 2349 20.
2609 2325 2678 2334 —
2699 2294 2988 2366 Reliquias.
3027 2295 3327 2352 Secretiora
3361 2314 3478 2368 quae
3507 2315 3537 2354 a
3570 2301 3799 2356 rudibus

2224 2385 2341 2454 capi
2375 2393 2664 2454 nequeunt,
2686 2401 2789 2439 non
2815 2395 2943 2440 sunt
2964 2388 3293 2457 negligenter
3320 2389 3587 2456 habenda,
3623 2393 3722 2447 sed
3761 2408 3793 2446 a

2222 2475 2500 2531 duodecim
2525 2477 2779 2546 apostolis
2799 2477 2890 2546 qui
2913 2493 3008 2549 per
3029 2479 3286 2548 cophinos
3297 2480 3576 2537 duodecim
3591 2483 3801 2553 signiﬁ~

2222 2575 2434 2634 cantur,
2451 2567 2587 2642 etab
2608 2583 2791 2622 eorum
2807 2570 3210 2626 successoribus
3225 2571 3506 2643 diligenter
3521 2575 3801 2644 inquiren-

2223 2659 2309 2713 da.
2325 2657 2581 2729 Cophinis
2597 2659 2810 2715 servilia
2828 2675 2989 2730 opera
3007 2671 3284 2733 geruntur.
3304 2663 3368 2717 Et
3390 2664 3596 2732 inﬁrma
3609 2669 3801 2721 mundi

2220 2749 2368 2819 elegit
2386 2749 2546 2815 Deus,
2569 2761 2624 2804 ut
2647 2752 2931 2821 confundat
2961 2753 3120 2822 fortia
3149 2754 3201 2825 (l
3225 2754 3344 2810 Cor.
3376 2755 3438 2826 ι).

2292 2841 2456 2898 Vens.
2521 2843 2610 2898 2i.
2673 2874 2743 2884 —
2797 2845 3040 2917 Exceptis
3093 2847 3395 2903 mulieribus
3440 2860 3488 2904 et
3538 2853 3794 2920 parvulis.

2223 2933 2396 2990 Sexus
2425 2935 2630 3008 fragilis
2657 2947 2712 2994 et
2741 2938 2914 2994 minor
2955 2948 3087 2995 aetas
3133 2949 3258 2996 sunt
3295 2957 3520 2998 numero
3565 2944 3794 3014 indigni.

2223 3024 2502 3096 Signiﬁcat
2530 3025 2772 3081 inﬁrmos
2810 3028 2861 3082 in
2895 3027 2998 3084 ﬁde
3025 3031 3260 3085 nondum
3314 3032 3536 3088 idoneos
3577 3049 3794 3105 pugnm.

2297 3116 2458 3173 Vens.
2499 3118 2588 3172 22.
2643 3119 2710 3173 Et
2756 3121 2933 3174 statim
2975 3124 3240 3194 compulit,
3266 3134 3369 3181 etc.
3433 3127 3612 3198 (ῐὶΑε.)
3665 3129 3795 3197 Qui,

2227 3215 2286 3262 ut
2315 3208 2391 3262 ait
2421 3207 2672 3273 Joannes,
2698 3214 2901 3265 venturi
2931 3225 3076 3267 erant
3113 3225 3167 3268 ut
3194 3216 3419 3284 facerent
3466 3235 3582 3272 eum
3624 3226 3798 3290 regem

2223 3299 2400 3370 (Joau.
2441 3301 2538 3371 vt),
2587 3302 2678 3370 qui
2734 3302 3048 3358 miraculum
3090 3320 3292 3374 panum
3347 3308 3610 3373 viderant,
3661 3318 3795 3375 ctc.,

2223 3407 2381 3460 usque
2405 3391 2472 3444 ad
2499 3407 2603 3460 pro
2632 3393 2827 3462 quibus
2861 3409 2932 3448 ne
2961 3411 3060 3450 nos
3095 3397 3389 3464 emolliant,
3412 3414 3646 3454 oremus.

2294 3481 2456 3534 Vens.
2503 3481 2592 3534 25.
2630 3513 2700 3522 —
2745 3483 3009 3539 Ascendit.
3057 3485 3212 3541 Pavit
3261 3489 3470 3542 turbam
3519 3500 3578 3544 ut
3627 3490 3794 3558 Deus,

2222 3571 2463 3623 ascendit
2486 3585 2644 3625 orare
2672 3580 2731 3625 ut
2759 3573 2939 3629 homo.
2983 3573 3099 3629 Non
3144 3577 3285 3646 quod
3324 3580 3506 3633 omnia
3541 3595 3647 3634 non
3697 3583 3798 3636 bar

2222 3659 2354 3712 bens
2387 3658 2438 3712 in
2464 3668 2750 3728 potestate,
2783 3663 2874 3717 sed
2901 3671 2959 3717 ut
2989 3664 3219 3720 formam
3247 3668 3480 3723 hominis
3521 3671 3794 3742 impleret.

2221 3748 2276 3803 In
2302 3751 2404 3806 hoc
2432 3749 2661 3806 olIicium
2692 3754 2908 3823 pietatis
2934 3763 3050 3822 est,
3089 3758 3330 3827 sequitur
3381 3761 3590 3832 insigne
3636 3773 3797 3833 pote-

2223 3841 2378 3896 statis
2399 3843 2739 3897 miraculum.
2780 3844 3002 3916 Vespere
3026 3859 3217 3903 autem.
3244 3850 3432 3906 Merito
3459 3853 3654 3909 dicitur
3677 3856 3798 3912 haec

2225 3941 2515 4002 tempestas
2540 3949 2659 3990 esse
2689 3936 2743 3991 in
2776 3951 3016 4008 vespere,
3043 3940 3169 4009 quia
3200 3941 3323 3995 dum
3346 3941 3583 3999 Ecclesia
3608 3947 3661 4000 in
3689 3949 3796 4001 tri-

2223 4024 2502 4080 bulatione
2535 4035 2638 4092 est,
2663 4028 2858 4082 dicitur
2885 4044 3004 4085 esse
3036 4031 3191 4100 quasi
3222 4031 3275 4086 in
3305 4043 3477 4099 nocte,
3505 4044 3560 4090 et
3590 4037 3670 4092 sol
3704 4037 3797 4106 ju-

2226 4116 2388 4170 stitiae
2411 4130 2469 4171 se
2495 4117 2841 4174 abscondisse
2868 4121 3098 4177 videtur.

2296 4207 2585 4268 Vens._24.
2641 4240 2712 4251 —
2762 4211 3022 4267 Navicula
3064 4224 3256 4270 autem.
3304 4215 3468 4273 Navis
3517 4219 3571 4274 in
3617 4221 3797 4276 medio

2225 4298 2386 4362 mari,
2409 4298 2552 4353 solus
2579 4297 2735 4355 Jesus
2764 4301 2817 4354 in
2865 4311 3050 4358 terra:
3079 4305 3204 4374 quia
3260 4306 3547 4376 aliquando
3589 4311 3661 4364 ita
3707 4320 3797 4366 est

2223 4389 2463 4444 Ecclesia
2493 4405 2600 4444 non
2631 4393 2790 4446 modo
2819 4391 3030 4458 afﬂicta,
3061 4396 3155 4449 sed
3193 4403 3246 4450 et
3291 4397 3491 4453 foedata
3526 4410 3585 4454 ut
3631 4417 3796 4471 pror-

612 4480 776 4535 Vsns.
819 4481 904 4535 15.
935 4511 1004 4519 -
1063 4478 1278 4548 Vespere
1319 4489 1492 4533 autem
1540 4479 1699 4547 facta,
1759 4490 1862 4536 etc.
1897 4481 2122 4537 Recedit
2144 4521 2198 4581 Β
2225 4498 2318 4538 sus
2374 4481 2620 4536 videatur
2674 4483 2930 4539 derelicta
2975 4501 3006 4540 a
3051 4487 3202 4540 Deo:
3237 4489 3329 4542 sed
3357 4489 3498 4544 Deus
3527 4503 3646 4545 eam
3683 4509 3793 4547 non

543 4571 700 4626 Jesus
735 4571 800 4625 de
826 4569 1030 4633 Judma,
1056 4568 1202 4622 vadit
1238 4570 1290 4623 in
1326 4569 1623 4635 desertum,
1671 4572 1839 4626 turba:
1877 4587 2115 4643 sequun-

543 4671 652 4719 tur.
671 4663 864 4730 quibus
889 4661 1071 4715 obviat
1102 4667 1156 4714 et
1185 4669 1360 4714 curat.
1392 4659 1503 4713 Hoc
1525 4672 1629 4714 non
1656 4674 1813 4715 mane
1840 4676 1924 4716 ve.
1946 4664 2113 4718 meri-

541 4753 650 4812 die.
682 4755 773 4807 sed
796 4766 1019 4821 vespere
1042 4752 1256 4821 quando
1279 4752 1358 4806 sol
1378 4750 1603 4820 iustitiae
1629 4755 1882 4811 occubuit
1905 4765 1960 4811 et
1992 4756 2114 4812 ﬁnis

544 4845 730 4897 mundi
760 4844 1228 4913 appropinquavit.

613 4935 864 5003 Discipuli
913 4935 1047 5004 ejus.
1105 4935 1382 5001 Carnales,
1415 4945 1470 4992 et
1519 4937 1584 4992 de
1625 4937 1806 4996 futuro
1850 4941 2114 4997 miraculo

541 5027 848 5081 refectionis
877 5025 1070 5094 ignari,
1102 5028 1296 5096 quibus
1325 5029 1526 5084 dictum
1553 5039 1673 5087 erat
1705 5049 1717 5085 :
1751 5031 1818 5086 In
1841 5034 1973 5088 viam
1992 5050 2113 5104 geu-

541 5115 671 5168 tium
700 5131 762 5168 ne
791 5115 1020 5168 abieritis
1053 5115 1262 5185 (Matth.
1293 5121 1369 5188 χ).

611 5205 1370 5275 Mystice.FaslidluntJudzei
1421 5221 1609 5280 gentes
1657 5212 1825 5283 recipi
1871 5221 1927 5268 et
1968 5230 2114 5268 mur-

540 5305 758 5354 murant
785 5311 799 5349 :
823 5312 1049 5366 quorum
1072 5311 1200 5352 voce
1223 5300 1392 5353 utitur
1423 5300 1588 5356 Isaias
1639 5303 1772 5372 (Isa.
1807 5304 1894 5375 χι.)
1928 5320 1941 5357 :
1981 5303 2115 5359 Ecce

540 5396 711 5456 gentes
745 5389 894 5456 quasi
915 5386 1055 5441 stilla
1076 5388 1267 5442 situlaz.
1292 5390 1491 5445 Iterum
1514 5408 1526 5445 :
1554 5391 1742 5446 Omnes
1773 5405 1944 5464 gentes
1964 5393 2115 5464 quasi

542 5491 642 5527 non
667 5477 784 5537 sint,
806 5476 893 5529 sed
910 5487 1029 5530 sunt
1052 5493 1228 5530 coram
1257 5495 1335 5532 eo.
1363 5478 1468 5533 Sed
1508 5482 1765 5535 Dominus
1785 5499 1882 5552 per
1901 5491 2114 5552 aposto-

541 5562 620 5617 los
645 5566 867 5619 reﬁeere
893 5567 1158 5632 decrevit;
1197 5569 1337 5622 unde
1366 5570 1546 5623 subdit
1580 5589 1592 5624 :
1617 5570 1770 5625 Jesus
1797 5581 1986 5635 autem,
2004 5581 2112 5628 etc.

611 5653 823 5706 Dimitte
845 5656 1044 5709 turbas.
1080 5655 1177 5708 Diu
1203 5658 1455 5725 estquod
1491 5659 1628 5714 idola
1667 5661 1930 5730 sequitur,
1967 5663 2111 5718 ideo-

540 5759 642 5814 que
673 5761 775 5800 non
801 5756 883 5802 est
912 5765 940 5801 a
974 5748 1128 5803 nobis
1154 5751 1419 5818 pascenda
1442 5767 1579 5822 pane
1613 5754 1762 5808 verbi
1794 5753 1908 5810 Dei.

2224 4573 2496 4642 relinquit.
2540 4572 2689 4630 Unde
2712 4575 2924 4631 Marcus
2944 4578 3057 4631 ait:
3100 4577 3240 4631 Vidit
3270 4595 3356 4632 eos
3383 4579 3677 4636 laborantes
3713 4601 3795 4638 re-

2221 4664 2466 4735 migando
2491 4664 2683 4736 (Marc.
2698 4667 2795 4736 vi).
2820 4667 2934 4722 Etsi
2950 4683 3056 4723 non
3084 4683 3338 4738 praesens,
3359 4678 3413 4725 et
3435 4672 3479 4727 si
3501 4672 3696 4739 dill‘ert,
3715 4684 3796 4732 ta-

2223 4772 2344 4811 men
2373 4755 2518 4810 videt
2542 4765 2597 4810 et
2615 4757 2950 4812 corroborat.

2293 4848 2453 4902 Vens.
2479 4847 2569 4901 25.
2596 4877 2666 4886 -—
2693 4846 2896 4911 Quarta
2923 4859 3118 4904 autem.
3141 4850 3277 4905 Tota
3309 4837 3466 4908 necte
3484 4853 3797 4923 periclitan-

2223 4947 2330 5003 tur,
2353 4938 2477 5008 quia
2503 4953 2623 4992 cum
2655 4952 2714 4991 se
2745 4938 2905 4992 homo
2931 4940 3264 5005 considerat,
3291 4942 3424 4996 nihil
3450 4943 3656 4998 invenit
3685 4945 3793 4999 nisi

2219 5031 2470 5086 tenebras
2499 5029 2867 5099 angustiarum
2903 5039 2959 5086 et
2992 5040 3154 5087 aestus
3182 5034 3437 5089 hostium.

2298 5118 2447 5172 Venit
2482 5118 2550 5172 ad
2581 5134 2689 5172 eos.
2735 5119 2946 5176 Marcus
2973 5122 3050 5176 ait
3080 5137 3095 5177 :
3142 5121 3330 5178 Valens
3371 5127 3636 5196 prwterire
3679 5145 3792 5191 eos,

2220 5223 2318 5278 pro
2341 5209 2533 5278 quibus
2572 5217 2752 5264 tamen
2796 5210 3088 5268 liberandis
3129 5217 3312 5269 venit.
3347 5216 3500 5284 Quod
3524 5218 3584 5273 ﬁt
3624 5228 3684 5274 ut
3724 5222 3793 5274 ad

2221 5302 2408 5355 horam
2443 5302 2667 5367 turbati,
2691 5303 2786 5358 sed
2828 5319 2953 5359 mox
3004 5306 3217 5362 liberati
3255 5309 3483 5378 amplius
3516 5321 3789 5381 stupeant,

2218 5399 2274 5447 et
2301 5392 2502 5463 gratias
2529 5402 2724 5462 agant,
2742 5395 2883 5464 quod
2910 5396 3050 5452 idem
3090 5413 3232 5470 sa‘pe
3275 5400 3333 5455 ﬁt
3367 5402 3419 5456 in
3447 5404 3793 5472 passionibus

2217 5500 2344 5539 SﬂllC
2352 5494 2545 5540 torum.

2289 5575 2449 5634 Vens.
2493 5578 2583 5632 26.
2626 5608 2696 5619 —
2735 5578 2804 5633 Et
2848 5581 3108 5646 videntes,
3156 5591 3261 5637 etc.
3292 5583 3429 5651 Quia
3467 5596 3606 5654 saepe
3638 5585 3699 5641 ﬁt
3732 5595 3790 5641 ut

2214 5684 2336 5723 cum
2373 5670 2552 5739 aliqua
2589 5671 2766 5725 subito
2795 5673 3012 5727 diutinae
3039 5674 3397 5731 tribulationis
3427 5679 3600 5732 oritur
3637 5680 3791 5734 seda-

2217 5761 2311 5824 tio,
2342 5776 2446 5816 non
2475 5761 2657 5816 statim
2684 5763 2935 5818 credatur
2962 5779 3084 5819 vera
3114 5766 3377 5823 Iiberatio.
3408 5768 3636 5838 Ideoque
3669 5785 3788 5840 per-
