4068 6344
556 364 659 422 iss
1050 359 1443 419 WALAFRIDI
1482 357 1727 415 STRABI
1764 344 1967 415 FULD.
2008 355 2174 415 nou.
2214 353 2366 414 opp.
2406 353 2586 412 PARS
2621 353 2663 412 ι.
2703 384 2774 397 -
2812 354 3266 414 τηεοωωαιι.
3695 360 3808 416 tto

554 480 683 535 tium
710 495 772 535 ne
795 478 1026 534 abieritis
1063 475 1276 547 (Matth.
1305 474 1385 547 κ).
1434 473 1589 530 Unde
1610 474 1748 530 vitat
1795 472 2122 529 calumniam
2149 473 2198 535 Α
2225 470 2441 528 tertium
2498 471 2598 526 sub
2645 472 2848 541 gratia,
2899 468 3152 541 quartum
3192 479 3277 526 est
3329 472 3385 526 in
3421 469 3605 529 futttro
3643 491 3661 528 :
3706 476 3807 532 ubi

550 571 877 638 Judaeorum,
904 570 1139 642 gentium
1162 576 1340 624 autem
1369 567 1537 636 salus,
1572 566 1917 638 passioniset
1941 581 2121 621 resur-
2224 561 2341 617 dies
2377 562 2482 618 erit
2514 562 2632 618 sine
2658 570 2841 630 nocte,
2894 560 2964 617 ad
2994 561 3139 633 quod
3182 561 3412 618 tendens
3455 556 3699 619 reﬁcitur
3744 565 3809 620 in

550 660 806 719 rectionis
830 660 1057 731 tempori
1089 666 1354 715 servatur.
2224 650 2332 706 via.

616 750 785 806 Vens.
808 750 900 807 24.
922 779 989 790 -—
1029 748 1154 803 Non
1182 765 1297 802 sum
1320 749 1531 803 missus.
1564 746 1729 815 Quasi
1755 747 1934 803 dicat:
1959 745 2119 802 Prius
2295 742 2455 799 Vsus.
2483 745 2574 801 55.
2601 774 2673 786 -
2691 743 2761 801 In
2784 744 2991 801 deserta
3008 761 3189 816 partes.
3206 743 3807 817 Panespraadicatores,

544 850 755 915 oportet
774 855 861 897 me
881 847 1279 897 sacramentum
1320 838 1427 895 mei
1468 838 1732 894 adventus
1764 838 2035 909 complere
2060 838 2118 893 in
2222 838 2494 894 desertum
2519 852 2662 906 sese,
2690 840 2744 895 id
2775 849 2878 907 est,
2918 839 3235 897 infecundos
3274 841 3477 897 dicunt.
3517 842 3681 910 Quasi
3710 844 3804 899 di-

544 932 762 999 ludxeis,
790 939 845 986 et
871 930 951 987 sic
978 929 1247 986 adducere
1278 928 1413 985 alias
1453 943 1602 995 oves,
1632 929 1815 984 ethoc
1854 930 1923 985 de
1962 929 2117 1000 signo
2219 934 2347 983 cat:
2380 926 2535 983 Unde
2583 929 2741 985 nobis
2794 938 2943 984 tanta
2988 930 3239 987 facundia
3288 938 3349 987 ut
3377 932 3648 1002 possimus
3686 942 3808 991 tam

541 1018 859 1095 petitionem
885 1019 1045 1091 hujus
1071 1020 1392 1078 diﬁ‘ercndo.
2218 1017 2391 1073 avidis
2419 1019 2754 1077 auditoribus
2776 1020 3021 1078 sufﬁcere
3039 1024 3067 1076 ‘t

611 1110 773 1167 Vsus.
822 1109 912 1165 26.
951 1140 1023 1151 -
1081 1108 1279 1165 Panem
1314 1109 1564 1178 ﬁliorum.
1610 1108 1847 1166 Verbum
1901 1108 2112 1174 salutis,
2295 1109 2458 1165 Vens.
2488 1108 2672 1166 56.—
2707 1110 2776 1165 Et
2811 1113 3090 1182 accipiens.
3139 1112 3210 1170 Ut
3261 1114 3513 1172 ostendat
3559 1130 3619 1173 se
3663 1132 3804 1175 con-

541 1199 683 1273 quod
707 1200 859 1272 prius
886 1200 1112 1257 debetur
1146 1197 1368 1267 Iudaeis,
1391 1213 1500 1255 non
1526 1207 1611 1255 est
1634 1198 1836 1254 bonum
1865 1198 1994 1254 dare
2019 1213 2112 1253 ca-
2216 1202 2451 1273 gaudere
2496 1202 2563 1257 de
2625 1202 2801 1283 salute
2851 1203 3131 1260 hominum
3177 1214 3233 1261 et
3286 1222 3389 1263 nos
3445 1209 3514 1264 ad
3566 1212 3810 1282 agendas

538 1292 700 1349 nibus
739 1290 826 1348 vel
869 1291 1137 1364 gentibus,
1168 1290 1361 1347 canina
1402 1289 1553 1346 rabie
1607 1288 1931 1345 latrantibus
1975 1300 2116 1343 sem-
2215 1292 2423 1363 gratias
2479 1282 2736 1347 informat
2773 1294 2940 1349 etiam
2990 1282 3064 1349 de
3126 1298 3533 1365 temporahbus.
3587 1300 3804 1371 Septem

539 1396 679 1463 per.
2213 1399 2393 1457 panes.
2423 1383 2737 1454 Septit‘ormi
2762 1385 2969 1458 Spiritu
2989 1388 3186 1458 pascit,
3216 1389 3468 1459 adjuncta
3502 1392 3803 1462 apostolica

608 1472 773 1529 Vsus.
804 1471 895 1527 27.
918 1501 990 1514 -
1030 1471 1229 1538 Etiam,
1269 1470 1511 1526 Domine.
1568 1469 1683 1525 Sub
1700 1479 1949 1542 fpersona
1993 1485 2113 1528 mu-
2214 1476 2563 1543 auctoritate,
2591 1478 2745 1547 quasi
2776 1493 3072 1550 paucorum
3100 1479 3331 1550 piscium
3361 1495 3556 1552 sapore
3583 1484 3809 1553 quinos

537 1561 704 1643 lieris,
736 1562 875 1617 mira
908 1561 1041 1618 ﬁdes
1061 1561 1334 1627 Ecclesiae,
1364 1567 1420 1616 et
1450 1560 1729 1632 patientia,
1756 1569 1813 1617 et
1832 1561 2112 1618 humilitas
2214 1566 2468 1622 reﬁciunt
2491 1568 2741 1637 exemplo
2761 1585 2873 1625 suae
2899 1571 3024 1625 vitte
3043 1569 3127 1627 vel
3141 1571 3348 1627 mortis.
3367 1571 3585 1643 Septem
3603 1589 3803 1646 panes,

535 1655 878 1725 praedicatur.
921 1654 1107 1720 Fides,
1155 1653 1280 1723 quia
1315 1652 1489 1709 credit
1531 1667 1690 1724 posse
1712 1653 1895 1708 sanari
1916 1651 2108 1707 ﬁliam.
2213 1654 2495 1727 Scriptura
2530 1656 2665 1713 Novi
2707 1658 3039 1717 Tcstamenti
3091 1661 3147 1717 in
3197 1676 3306 1733 quo
3344 1663 3521 1734 gratia
3563 1664 3808 1736 Spiritus

534 1746 822 1813 Patientia,
861 1744 986 1817 quia
1038 1744 1197 1800 toties
1236 1742 1577 1813 despectain
1602 1742 1855 1813 precibus
1881 1748 2106 1812 perstat.
2212 1746 2385 1802 sancti
2423 1754 2481 1803 et
2521 1748 2794 1805 revelatur
2825 1758 2882 1805 et
2923 1749 3101 1806 datur.
3149 1751 3260 1808 Nec
3305 1760 3433 1809 sunt
3480 1754 3803 1822 hordeacei,

534 1824 841 1905 llumililas,
886 1837 1011 1908 quia
1051 1852 1110 1892 se
1158 1851 1265 1891 non
1310 1835 1557 1902 canibus,
1610 1833 1705 1890 sed
1728 1833 1937 1889 catellis
1965 1846 2114 1888 com-
2142 1831 2188 1894 B
2214 1845 2275 1891 ut
2299 1851 2482 1907 supra,
2512 1838 2640 1908 quia
2662 1838 2750 1894 hic
2778 1852 2882 1894 non
2910 1838 3070 1911 (utin
3111 1839 3250 1913 lege)
3282 1841 3445 1897 vitale
3478 1843 3804 1901 alimentum

533 1938 707 2002 parat.
1426 1923 1432 1929 ’
1826 1942 1827 1945 ‘
2209 1930 2404 1985 anima:
2428 1930 2637 1999 ﬁguris,
2663 1931 2819 2002 quasi
2863 1932 3204 1988 tenacissima
3248 1934 3401 2004 palea
3440 1936 3659 2008 tegitur.
3692 1935 3801 1993 Hic

611 2022 749 2076 Nam
775 2028 825 2077 et
855 2019 1049 2075 catelli.
1080 2018 1285 2085 Mensa,
1315 2026 1402 2074 est
1440 2032 1593 2074 sacra
1621 2016 1931 2087 Scriptura;
1956 2015 2111 2073 micae
2208 2036 2317 2078 non
2346 2023 2483 2078 duos
2505 2023 2684 2093 pisces
2721 2023 2803 2095 (ut
2829 2024 2881 2078 in
2911 2024 3030 2095 lege
3055 2024 3164 2080 duo
3188 2025 3558 2096 angebantur,
3598 2044 3698 2085 rex
3736 2039 3800 2087 et

531 2127 844 2183 puerorum,
897 2119 1021 2166 sunt
1068 2111 1281 2165 interna
1324 2108 1585 2179 mysteria
1638 2108 1833 2179 quibus
1878 2107 2111 2163 humiles
2209 2112 2520 2184 sacerdos),
2548 2113 2639 2168 sed
2668 2114 2914 2184 pauci,id
2942 2121 3047 2182 est,
3075 2116 3250 2172 sancti
3275 2116 3408 2172 Novi
3435 2119 3795 2188 Testamenti,

531 2194 851 2259 reﬁciuntur
894 2200 995 2257 sub
1046 2216 1273 2256 mensa:
1325 2200 1452 2269 quia
1498 2197 1793 2269 Scriptum
1834 2197 2111 2253 humiliter
2204 2202 2301 2272 qui
2328 2202 2393 2257 de
2420 2201 2669 2257 ﬂuctibus
2686 2203 2865 2258 saeculi
2888 2211 3014 2259 sunt
3037 2205 3231 2276 erepti,
3249 2215 3305 2261 et
3325 2208 3797 2267 sustinentturhu-

532 2291 753 2358 subditi,
783 2289 959 2346 catelli
991 2301 1178 2361 gentes
1224 2290 1476 2346 humiles.
1526 2289 1740 2344 Parvuli
1786 2289 1952 2344 edunt
2000 2304 2107 2344 non
2206 2290 2408 2345 lentum
2440 2308 2611 2358 mare,
2639 2301 2695 2349 et
2738 2293 2986 2365 exemplo
3014 2310 3113 2352 suo
3155 2313 3257 2354 nos
3304 2299 3571 2370 reﬁciunt,
3612 2319 3685 2361 ne
3734 2304 3796 2360 in

530 2402 718 2457 panes,
750 2402 857 2443 non
883 2395 1115 2454 crustas,
1154 2387 1208 2443 id
1238 2395 1345 2454 est,
1384 2402 1490 2444 non
1524 2386 1720 2445 litterae
1742 2388 2107 2460 superﬁciem,
2207 2383 2293 2437 via
2320 2383 2653 2441 deﬁciamus.

530 2482 625 2537 sed
656 2480 965 2536 medullam.
2279 2474 2493 2545 (Περι.)
2523 2475 2600 2529 lbi
2634 2492 2794 2546 supra
2824 2476 3029 2546 rentum,
3056 2484 3118 2535 ut
3143 2479 3412 2557 desideria
3441 2484 3624 2559 carnis
3640 2500 3794 2543 com-

600 2570 762 2627 V'tzns.
802 2570 894 2626 28.
934 2600 999 2611 --
1056 2570 1256 2646 Magna
1314 2580 1387 2630 est
1437 2571 1587 2643 ﬁdes.
1632 2574 1725 2630 Sic
1762 2574 2005 2645 superius
2042 2574 2109 2629 de
2204 2565 2526 2638 primantur,
2552 2571 2641 2625 hic
2666 2574 3042 2641 supertenam
3059 2570 3151 2628 ubi
3175 2578 3230 2625 et
3250 2572 3366 2642 ipse
3384 2573 3634 2638 mundus,
3653 2586 3789 2643 ete.,

528 2668 882 2724 centurione:
934 2665 1055 2723 Non
1110 2669 1280 2723 inveni
1327 2675 1529 2722 tantam
1595 2667 1751 2736 ﬁdem
1821 2669 1877 2722 in
1938 2667 2109 2721 Israel
2206 2675 2368 2731 usque
2408 2659 2478 2713 ad
2523 2667 2754 2731 utramtc
2795 2661 3023 2717 refectio
3074 2662 3127 2717 in
3172 2673 3355 2720 monte
3380 2666 3656 2723 celebrata
3681 2678 3792 2737 est,

530 2758 746 2830 (Matth.
772 2758 914 2828 vin),
939 2759 1030 2829 qui
1058 2758 1309 2814 similiter
1331 2756 1410 2830 (ut
1443 2757 1559 2812 haec
1587 2756 1914 2828 Chanantea)
1945 2758 2106 2813 lidem
2206 2748 2333 2818 (ulla
2400 2749 2683 2820 utriusque
2737 2750 3068 2807 Testamenti
3114 2752 3394 2825 Scriptura
3448 2758 3791 2817 altitudinem

528 2846 767 2922 gentium
791 2851 1169 2921 prtesignahat.
1201 2848 1391 2920 Magna
1419 2857 1503 2905 est
1541 2848 1677 2904 ﬁdes
1702 2850 1963 2919 gentium,
1986 2862 2107 2918 qua:
2205 2840 2511 2895 caelestium
2572 2852 2964 2914 prteccptorum
3012 2845 3239 2900 mandat
3302 2855 3358 2901 et
3403 2851 3788 2918 praemiorum:

528 2940 585 2996 in
628 2940 816 2995 auditu
854 2941 1002 2995 auris
1051 2939 1310 2996 obediuut
1336 2956 1349 2993 :
1378 2946 1433 2993 et
1469 2938 1523 2992 in
1580 2937 1692 2992 Deo
1734 2935 1961 2992 salutem
2000 2936 2103 2992 sibi
2203 2938 2434 3001 utraque
2461 2932 2803 2989 altitudinem
2826 2934 3027 2991 Christi
3060 2938 3336 3005 praedicat.

528 3032 748 3101 suisque
770 3032 1042 3103 impetrat.
1071 3030 1222 3098 Quod
1246 3042 1470 3101 puerum
1503 3027 1837 3083 centurionis
1858 3036 1912 3082 ct
1940 3027 2104 3082 ﬁliam
2273 3019 2343 3075 Et
2381 3022 2521 3093 quod
2548 3024 2827 3095 superfuit.
2876 3024 3085 3083 Altiora
3120 3030 3379 3100 mysteria
3405 3046 3527 3101 qua:
3552 3049 3662 3091 non
3690 3051 3794 3093 ca-

526 3120 828 3176 Chananeae
853 3135 961 3176 non
989 3120 1213 3175 veniens
1249 3120 1317 3173 ad
1342 3132 1435 3173 eos
1466 3123 1650 3182 sanat,
1678 3115 1951 3189 signiﬁcat
1975 3132 2104 3187 gen-
2136 3184 2174 3198 Α
2204 3113 2286 3185 pit
2331 3115 2633 3171 communis
2674 3117 2851 3185 turba,
2900 3119 3125 3188 apostoli
3157 3121 3446 3178 sustollant
3478 3132 3535 3179 et
3561 3125 3793 3198 implent

527 3219 630 3276 tes,
678 3211 744 3265 ad
785 3225 921 3280 quas
964 3225 1070 3266 non
1099 3209 1245 3265 venit
1276 3223 1376 3280 per
1421 3184 1785 3277 praesentiam,
1803 3184 2103 3265 vsalvandas
2131 3184 2176 3247 Ο
2208 3184 2412 3279 Septem
2434 3219 2669 3281 sportas,
2697 3211 2749 3267 id
2771 3184 2875 3279 est,
2902 3184 3267 3283 perfectorum
3292 3217 3453 3273 corda
3482 3184 3789 3291 septiformi

523 3312 624 3371 per
654 3302 878 3357 verbum
903 3316 1081 3358 suum.
2204 3300 2441 3371 Spiritus
2485 3301 2659 3372 gratia
2709 3302 2777 3358 ad
2812 3303 3216 3376 intelligendum
3260 3305 3545 3363 illustrata.
3577 3309 3791 3382 Septem

597 3395 668 3450 Et
696 3403 881 3450 sanata
906 3403 1001 3450 est.
1031 3393 1136 3451 Ubi
1179 3393 1341 3449 datur
1384 3405 1688 3461 exempmm
1729 3391 2102 3450 catechizandi
2194 3400 2430 3461 sportas.
2484 3390 2693 3463 Sporttc
2734 3393 2900 3464 junco
2950 3402 3008 3448 et
3061 3394 3362 3465 palmarum
3413 3397 3555 3455 loliis
3607 3400 3789 3457 solent

524 3494 580 3540 et
609 3484 916 3556 baptizandi
954 3483 1219 3550 infantes,
1262 3481 1353 3552 qui
1397 3496 1496 3536 nec
1532 3494 1744 3551 sapere,
1780 3495 1882 3536 nec
1922 3481 2105 3538 facere
2204 3477 2441 3544 contexi,
2485 3485 2540 3533 et
2582 3478 2888 3549 signiﬁcant
2936 3489 3171 3545 sanctos,
3218 3483 3310 3553 qui
3339 3484 3572 3541 radicem
3598 3488 3790 3544 cordis

524 3575 727 3646 aliquid
757 3582 1003 3646 possunt,
1038 3573 1133 3631 sed
1159 3586 1257 3643 per
1297 3571 1459 3627 ﬁdem
1497 3580 1554 3626 et
1571 3568 1964 3627 confessionem
2008 3585 2104 3641 pa-
2202 3567 2258 3622 in
2287 3568 2404 3637 ipso
2438 3567 2587 3624 fonte
2614 3570 2739 3626 vitae
2760 3570 3049 3638 collocant,
3079 3588 3148 3629 ne
3177 3585 3451 3643 arescant,
3480 3586 3541 3633 ut
3582 3578 3790 3650 junctis

525 3676 740 3723 rentum
776 3666 1078 3721 liberantur
1106 3678 1139 3720 a
1164 3662 1399 3719 diabolo.
2203 3659 2259 3715 in
2283 3675 2454 3731 aqua:
2486 3669 2543 3717 et
2569 3661 2806 3733 palmam
2843 3673 3059 3720 reternae
3109 3666 3479 3725 retributionis
3518 3670 3573 3727 in
3616 3672 3791 3728 corde

597 3756 759 3811 Vens.
790 3753 883 3809 29.
920 3782 994 3794 -
1040 3751 1109 3807 Et
1161 3766 1281 3806 cum
1337 3750 1628 3804 transisset.
1686 3747 1823 3805 Cum
1876 3748 1934 3805 in
1988 3749 2101 3806 ﬁlia
2202 3752 2460 3809 retinent.

524 3846 901 3905 Chananitidis
928 3845 1155 3902 salutem
1180 3843 1422 3915 gentium
1449 3841 1852 3914 pratsignasset,
1875 3843 2103 3900 reverti-
2275 3843 2441 3900 Vsus.
2471 3842 2561 3900 '59.
2594 3874 2663 3884 —
2702 3842 2770 3900 Et
2799 3846 3016 3902 dimissa
3066 3848 3240 3903 turba.
3286 3848 3385 3906 llic
3429 3851 3587 3907 docet
3632 3856 3789 3925 quod

525 3948 614 3994 tur
633 3937 689 3993 in
713 3937 971 4004 Iudaeam,
1007 3936 1135 4009 quia
1174 3949 1295 3992 cum
1328 3933 1608 4005 plenitudo
1651 3934 1893 4006 gentium
1932 3935 2103 3990 intra-
2200 3933 2585 4003 praedicatores
2616 3935 2928 3992 ministrato
2956 3937 3129 3993 turbae
3159 3939 3345 4005 verbo,
3380 3940 3486 4010 ipsi
3516 3941 3655 3997 intra
3676 3957 3787 3999 cu-

522 4029 682 4095 vcrit,
704 4036 834 4085 tunc
856 4028 1034 4085 omnis
1061 4026 1225 4084 Israel
1251 4025 1432 4081 salvus
1460 4025 1568 4080 ﬁet.
1598 4024 1666 4080 In
1701 4034 1947 4081 montem.
1991 4025 2097 4082 Βο-
2200 4023 2437 4080 hiculum
2486 4026 2672 4083 cordis
2716 4027 2977 4083 virtutum
3021 4029 3220 4085 debent
3268 4031 3421 4087 reﬁci
3470 4035 3661 4103 pomis.
3707 4035 3789 4091 In

521 4122 702 4177 minus
730 4121 787 4176 in
813 4129 1014 4187 monte,
1043 4120 1268 4175 verbum
1306 4117 1360 4173 in
1388 4116 1498 4172 alto
1527 4116 1678 4173 sedet
1707 4134 1721 4170 :
1754 4116 1879 4187 quia
1903 4117 1958 4172 in
2000 4131 2099 4173 sua
2198 4112 2352 4182 lines.
2387 4115 2644 4187 Magedan
2675 4132 2794 4187 qua:
2824 4118 2930 4174 alio
2959 4121 3177 4177 nomine
3206 4122 3403 4179 dicitur
3432 4123 3786 4194 Dalmanuta,

513 4229 567 4268 In
579 4210 804 4281 ajestate
827 4224 936 4266 non
961 4216 1146 4281 posset
1165 4205 1411 4277 intelligi.
2197 4218 2321 4275 quae
2347 4214 2432 4262 est
2454 4207 2606 4278 regio
2629 4208 2775 4263 circa
2793 4208 3073 4265 Gerasam.
3102 4211 3170 4267 Et
3206 4210 3594 4285 interpretatur
3618 4234 3786 4288 poma

590 4299 866 4356 Vnam-50.
890 4329 961 4341 -—
985 4297 1182 4354 Ctecos.
1209 4296 1348 4352 Caeci
1375 4294 1608 4365 suntqui
1635 4310 1743 4351 non
1772 4295 2095 4369 intelligunt,
2198 4296 2286 4351 vel
2338 4298 2548 4365 nuntia,
2607 4306 2663 4353 et
2704 4299 2976 4369 signiﬁcat
3016 4302 3233 4359 hortum
3284 4304 3354 4360 de
3405 4321 3515 4377 quo
3538 4307 3733 4363 dicitur
3759 4326 3779 4364 :

510 4392 737 4449 etiamsi
759 4385 1789 4459 obediantjubentibusSurdi,quinon
1808 4389 2093 4457 obcdiunt,
2199 4385 2403 4443 Hortus
2429 4388 2725 4456 conclusus,
2758 4390 2878 4460 fons
2916 4394 3174 4465 signatus,
3203 4396 3295 4452 ubi
3329 4407 3580 4454 crescunt
3614 4414 3782 4471 poma

510 4484 619 4540 ctia
631 4481 734 4537 msi
759 4477 1079 4551 intelligant.
2117 4534 2171 4551 “
2197 4476 2478 4533 virtutum.
2516 4478 2583 4534 Et
2612 4480 2684 4535 ibi
2715 4483 2999 4539 nuntiatur
3024 4499 3219 4542 nomen
3248 4486 3483 4543 Domini.

588 4571 757 4677 Vsus.
788 4569 879 4674 52ἶ
1012 4568 1167 4625 Iesus
1189 4567 2010 4677 autem."Convocatdiscipulos,
2034 4580 2099 4627 ut
2117 4534 2174 4596 Β
2796 4618 3021 4677 CAPUT
3056 4620 3172 4676 ΧΠ

512 4662 1031 4734 doceat'magis'tr'os
1046 4677 1169 4717 cum
1199 4661 1502 4718 minoribus
1535 4663 1938 4719 communicare
1967 4679 2101 4719 con-
2252 4696 2262 4704 -
2799 4661 2907 4675 ν·“
2935 4661 2971 4677 ν
2989 4661 3010 4674 ·
3058 4661 3195 4676 “"-

514 4757 633 4813 silia
664 4752 780 4811 sua.
813 4753 910 4809 Vel
938 4762 999 4808 ut
1021 4767 1085 4807 ex
1113 4751 1382 4809 locutione
1404 4752 1702 4824 intelligant
1726 4754 1862 4824 signi
1889 4756 2098 4826 magui-
2272 4749 2434 4806 Vsus.
2477 4751 2525 4805 l.
2549 4783 2621 4793 -—
2646 4750 2713 4805 Et
2731 4764 3080 4821 accesserunt,
3103 4764 3209 4810 etc.
3235 4753 3301 4809 Ut
3323 4757 3531 4828 signant
3547 4758 3612 4814 de
3626 4760 3780 4828 mlo,

519 4849 784 4904 tudinem.
825 4846 1079 4902 Misereor
1102 4846 1287 4901 turbae.
1320 4845 1500 4900 Turba
1531 4845 1709 4901 triduo
1736 4846 1967 4903 sustinet
1992 4849 2098 4904 Do-
2197 4852 2306 4901 etc.
2335 4843 2406 4901 Ut
2430 4846 2520 4915 qui
2549 4846 2698 4915 pavit
2724 4845 2921 4902 multos
2950 4848 3139 4918 paucis
3167 4866 3182 4904 :
3209 4863 3403 4903 manna
3430 4848 3642 4919 pluenet
3665 4866 3779 4922 quo

518 4939 747 5005 initium,
781 4937 909 5008 quia
944 4935 1130 4992 ﬁdeles
1168 4935 1496 5006 pmniteutes
1523 4950 1581 4990 se
1606 4934 1673 4989 ad
1719 4935 2006 4990 Dominum
2040 4938 2095 4993 in
2198 4948 2389 4990 omnes
2412 4933 2675 4990 reticeret.
2692 4934 2847 4991 Unde
2873 4934 3108 4993 Joannes
3128 4946 3252 5008 post
3275 4937 3511 4993 edulium
3537 4953 3736 5008 panum
3756 4957 3774 4993 :

518 5046 683 5103 opere
717 5038 771 5087 et
827 5043 1078 5085 sermone
1114 5036 1171 5085 et
1224 5027 1551 5099 cogitatione
1606 5034 1952 5094 convertunt,
1998 5029 2092 5099 qui
2197 5024 2355 5092 Quod
2383 5027 2588 5096 signum
2615 5027 2769 5097 facis,
2815 5038 2871 5083 ut
2909 5029 3175 5084 videamus
3219 5038 3268 5084 et
3314 5028 3590 5084 credamus
3633 5030 3779 5085 tibi?

523 5125 577 5178 in
608 5124 889 5194 praesentis
915 5125 1040 5180 vita
1075 5123 1162 5178 via
1190 5123 1507 5186 deﬁcerent,
1539 5120 1660 5176 siin
1691 5136 1787 5176 sua
1813 5122 2093 5177 conscien-
2192 5115 2318 5186 quid
2344 5116 2577 5185 operari:
2596 5117 2619 5151 ν
2663 5114 2850 5172 Patres
2891 5118 3052 5172 nostri
3076 5127 3464 5179 manducarunt
3490 5133 3690 5174 manna
3718 5120 3777 5175 in

523 5217 596 5271 tia
623 5218 739 5274 sine
763 5218 1022 5275 doctrinm
1066 5216 1264 5288 pabulo
1288 5214 1705 5270 dimitterentur.
1736 5213 1794 5270 ln
1825 5217 2091 5286 superiori
2194 5205 2395 5262 άεεετιο
2416 5205 2603 5279 (Ῑοαηο
2642 5209 2740 5278 VI).
2772 5208 3037 5266 Petebant
3086 5212 3341 5266 tentando
3365 5218 3428 5264 ut
3467 5209 3522 5265 iu
3563 5224 3774 5266 morem

520 5309 679 5379 signo
692 5308 982 5380 propinqui
1008 5312 1395 5371 memorantur,
1425 5311 1479 5360 et
1502 5303 1666 5360 vicini
1700 5305 1937 5377 quinque
1961 5321 2089 5363 sen-
2194 5300 2325 5356 Elite
2345 5300 2522 5373 ignem
2551 5301 2619 5359 de
2647 5302 2859 5359 sublimi
2888 5304 3148 5370 mitteret,
3177 5303 3262 5359 vel
3286 5304 3338 5358 in
3368 5302 3775 5375 similitudinem

520 5414 675 5456 suum
699 5408 965 5457 eteorum
993 5412 1100 5453 non
1140 5393 1458 5451 recordatur
1484 5393 1764 5461 Dominus,
1792 5397 1886 5452 sed
1927 5396 2090 5453 disci-
2197 5396 2464 5455 Samuelis
2494 5399 2681 5454 mstivo
2728 5407 2969 5469 tempore
3004 5399 3211 5469 mugire
3256 5398 3495 5453 tonitrua
3542 5393 3770 5457 faceret,

518 5492 630 5565 puli
658 5493 714 5549 in
756 5505 981 5563 vespera
1005 5489 1118 5558 jam
1157 5486 1413 5542 inclinato
1451 5485 1582 5541 sole.
1620 5485 1720 5542 Hic
1745 5486 2004 5543 Dominus
2029 5502 2090 5543 se
2195 5489 2353 5562 quasi
2381 5504 2491 5545 non
2518 5496 2742 5560 possent
2784 5496 2841 5545 et
2864 5488 2954 5544 illa
2991 5486 3335 5553 calumniari,
3381 5494 3440 5542 ct
3481 5485 3664 5541 dicere
3702 5500 3772 5538 ex

518 5585 765 5643 misereri
791 5584 941 5646 dicit,
963 5589 1018 5637 et
1038 5593 1227 5650 quare,
1255 5578 1378 5648 quia
1397 5577 1574 5632 triduo
1600 5575 1713 5647 jam
1739 5588 2092 5648 perseverant
2194 5580 2422 5638 occultis
2448 5590 2504 5635 et
2533 5580 2702 5635 variis
2734 5580 2879 5636 aeris
2903 5579 3242 5650 passiouihus
3268 5575 3552 5632 accidisse.

518 5693 748 5736 mecum.
778 5676 838 5732 lu
869 5681 982 5731 toto
1004 5671 1197 5730 saeculo
1236 5671 1450 5727 tertium
1477 5679 1687 5742 tempus
1708 5681 1812 5740 est,
1843 5687 1948 5743 quo
1966 5688 2082 5745 gra-
2266 5671 2430 5728 Vens.
2459 5673 2514 5727 2.
2546 5702 2618 5713 --
2653 5669 2823 5726 Facto
2848 5686 3072 5741 vespere.
3103 5668 3348 5739 Increpat
3383 5679 3497 5730 eos,
3534 5662 3678 5735 quod
3703 5677 3772 5717 ex

518 5773 593 5828 tia
621 5771 800 5830 datur.
835 5767 1069 5824 urimum
1098 5772 1224 5821 ante
1256 5764 1451 5835 legem,
1480 5764 1777 5820 secundum
1812 5763 1913 5819 sub
1951 5763 2088 5835 lege,
2196 5764 2386 5822 ordine
2412 5763 2798 5821 elementorum
2821 5762 3132 5818 discernant
3161 5762 3295 5827 dies,
3328 5758 3422 5819 sed
3446 5758 3599 5828 signa
3628 5753 3774 5829 teme
