4068 6344
311 356 410 413 N1
1259 361 1525 420 GLOSSA
1559 361 1951 419 ORDINARIA.
1990 393 2059 402 —
2095 363 2350 424 EVANG.
2390 365 2650 424 MATTH.
3451 377 3555 432 142

304 482 500 542 porum
526 465 793 541 ignorant,
816 487 938 530 cum
959 476 1134 532 omnis
1172 475 1259 533 lex
1282 485 1336 532 et
1358 477 1650 549 prophetae,
1676 477 1877 532 advcn-
1902 481 1954 542 Α
1980 486 2088 544 tur,
2132 479 2227 550 qui
2267 489 2515 538 ostensus
2554 490 2638 538 est
2663 483 2720 538 in
2760 484 3007 542 columba
3056 489 3126 544 ab
3157 503 3225 546 eo
3249 505 3412 562 quem
3457 494 3555 551 Fi-

306 568 396 615 tus
426 557 512 614 sui
539 558 740 616 indicia
768 575 838 618 ex
862 577 1088 634 operum
1123 580 1241 637 quae
1280 574 1496 640 gereret
1523 565 1883 623 admiratione
1985 567 2115 622 lium
2143 567 2239 625 Dei
2266 570 2372 626 vivi
2398 581 2708 641 vocaverat,
2747 582 2803 630 et
2831 575 2942 632 ﬁlio
2976 579 3246 658 columba;
3265 557 3426 654 pater
3461 602 3552 642 re-

304 645 636 719 signiﬁcent.
1982 659 2145 726 velat,
2179 660 2305 730 quia
2339 676 2440 716 una
2471 671 2556 718 est
2587 667 2828 734 operatio
2851 667 3031 725 Patris
3058 681 3113 727 et
3135 645 3401 733 Filiicum
3429 695 3553 736 san-

375 736 543 795 Vsns.
573 737 627 792 5.
656 769 728 780 -
749 739 952 796 Rutilat
982 745 1137 797 enim.
1175 744 1462 800 Patiuntur
1487 744 1720 815 apostoli
1758 751 1882 816 post
1983 754 2072 802 cto
2097 745 2321 818 Spiritu.
2358 750 2605 836 licvelat,
2637 769 2879 826 mquam,
2917 762 3230 830 mysterium
3257 765 3400 833 ﬁdei,
3428 771 3553 840 quia

302 828 779 897 resurrectionem,
808 846 905 902 per
932 849 1065 904 quos
1092 851 1176 890 me
1193 836 1436 907 judicare
1458 836 1512 891 in
1536 835 1718 892 futuro
1739 837 1882 892 scire
1984 852 2111 895 caro
2141 850 2196 896 et
2229 828 2444 913 sanguis
2465 859 2572 899 non
2602 846 2842 904 revelare
2867 828 3062 919 potuit,
3091 853 3143 909 id
3173 863 3277 922 est,
3306 828 3552 916 homines

302 919 548 991 potestis,
600 921 724 991 quia
753 938 874 978 cum
903 939 1012 981 non
1037 941 1202 996 parco
1247 928 1382 984 meis
1410 928 1567 984 bonis
1610 929 1740 999 quin
1785 941 1882 997 pa-
1985 929 2188 983 carnali
2224 931 2487 1000 sapientia
2537 933 2728 1002 inflati,
2774 938 2867 1007 qui
2911 956 3018 995 non
3052 919 3310 1002 columbte
3339 947 3454 1016 ﬁlii,
3499 963 3556 1007 et
3596 975 3608 982 -

303 1012 530 1081 tiantur,
563 1027 670 1070 non
697 1029 918 1085 paream
945 1017 1065 1073 aliis
1091 1019 1144 1072 in
1168 1019 1366 1075 futuro.
1983 1017 2104 1073 ideo
2147 1034 2177 1073 a
2216 1021 2476 1091 sapientia
2509 1021 2740 1094 Spiritus
2783 1027 2972 1096 alieni;
3020 1033 3084 1087 de
3113 1035 3307 1104 quibus
3344 1012 3503 1110 supra
3534 1061 3550 1098 :

375 1099 540 1157 Vens.
593 1103 648 1158 4.
675 1135 746 1145 -
781 1103 962 1176 Signa.
995 1106 1077 1163 Ad
1102 1116 1311 1179 tempus
1339 1109 1527 1180 gratiae
1552 1109 1877 1181 pertinentia
1982 1106 2089 1161 Alii
2107 1107 2365 1164 Joannem
2385 1110 2698 1184 Baptistam,
2731 1116 2823 1171 alii
2845 1129 3016 1175 autem
3049 1099 3244 1192 Etiam,
3271 1136 3376 1184 etc.

301 1193 580 1265 prophetis
599 1194 880 1266 praedicta,
910 1213 1021 1254 non
1062 1207 1290 1269 possunt
1321 1199 1474 1256 vobis
1502 1199 1662 1256 ﬁdem
1696 1199 1879 1258 facere
2052 1199 2212 1258 Vens.
2269 1204 2356 1260 18.
2384 1236 2452 1246 —
2483 1205 2561 1261 Tu
2584 1224 2658 1263 es.
2688 1209 2803 1265 Non
2826 1211 2946 1270 dico
2973 1218 3270 1286 vocaberis,
3295 1223 3390 1280 sed
3419 1233 3474 1282 tu
3494 1241 3553 1282 es

302 1282 372 1340 de
398 1299 518 1340 meo
545 1285 796 1342 adventu.
831 1285 995 1360 Signa
1033 1299 1224 1344 autem.
1261 1289 1426 1362 Signa
1458 1299 1761 1362 temporum
1793 1290 1876 1346 di-
1980 1290 2171 1349 Petrus
2197 1293 2265 1349 ob
2289 1293 2658 1354 fortitudinem
2695 1299 2818 1356 ﬁdei
2841 1312 2896 1358 et.
2920 1282 3272 1366 confessionis
3300 1323 3553 1372 constan-

303 1369 386 1425 1it
425 1371 492 1428 de
535 1373 769 1430 adventu
798 1389 896 1430 suo
933 1376 1020 1432 vel
1058 1378 1315 1448 passione
1348 1379 1435 1434 cui
1464 1379 1640 1435 simile
1680 1388 1765 1436 est
1792 1394 1879 1436 ro-
1980 1382 2132 1438 tiam.
2166 1381 2373 1440 Petrus.
2406 1384 2451 1440 Λ
2487 1402 2574 1442 me
2614 1397 2784 1460 petra,
2822 1393 2896 1449 ita
2928 1405 3106 1454 tamen
3146 1407 3207 1453 ut
3249 1403 3379 1458 mihi
3424 1409 3553 1462 reti—

301 1481 456 1523 seum
486 1467 683 1525 coelum
714 1485 957 1542 vespere.
1005 1473 1071 1527 Et
1117 1473 1246 1529 item
1275 1474 1341 1530 de
1382 1474 1725 1530 tribulatione
1754 1482 1878 1530 ante
1981 1486 2138 1527 ncam
2168 1471 2485 1544 dignitatem
2514 1475 2888 1537 fundamenti:
2924 1492 2980 1540 tu
3023 1501 3187 1558 super
3211 1505 3298 1546 me
3333 1495 3551 1552 ordina-

299 1558 594 1615 adventum
621 1555 888 1629 futurum,
937 1562 1023 1617 cui
1066 1563 1242 1618 simile
1287 1572 1372 1618 est
1417 1578 1634 1618 roseum
1677 1563 1878 1619 coelum
1980 1564 2066 1620 his
2095 1563 2300 1636 lapides
2325 1567 2576 1635 mundos,
2607 1578 2664 1625 et
2690 1571 2912 1644 abjicies
2938 1555 3197 1648 leprosos.

302 1663 428 1704 cum
459 1649 696 1704 tristitia.
729 1649 854 1704 Non
885 1650 1099 1706 dabitur
1125 1653 1194 1707 ei.
1227 1651 1334 1708 Sed
1361 1653 1518 1708 datur
1540 1652 1784 1708 ﬁdelibus
1811 1654 1875 1708 de
2051 1652 2204 1710 Sicut
2228 1653 2407 1710 lumen
2432 1665 2486 1713 et
2523 1665 2717 1715 caetera
2756 1663 2996 1733 nomina,
3042 1675 3141 1722 ut:
3190 1669 3287 1725 Vos
3314 1675 3435 1730 estis
3471 1678 3555 1733 sal

301 1740 444 1796 cmlo
470 1740 683 1810 quando
701 1740 1008 1798 videntibus
1027 1742 1286 1813 apostolis
1309 1743 1365 1797 in
1391 1742 1588 1799 omium
1609 1743 1870 1808 ascendit,
1979 1752 2154 1811 terrm,
2185 1760 2217 1800 a
2243 1746 2469 1802 Domino
2514 1749 2690 1805 sortiti
2717 1762 2842 1808 sunt
2884 1757 3131 1826 apostoli,
3159 1774 3238 1816 sic
3270 1761 3476 1821 Simoni
3520 1783 3552 1823 a

299 1839 360 1886 et
387 1830 645 1902 Spiritum
680 1840 926 1887 sanctum
950 1832 1117 1888 misit.
1902 1827 1951 1888 B
1978 1846 2038 1888 se
2072 1849 2268 1890 nomen
2297 1836 2444 1893 Petri
2465 1839 2631 1895 dedit.

375 1921 540 1978 Vnus.
577 1921 630 1978 5'.
662 1952 733 1962 —
760 1920 921 1978 Obliti
962 1930 1081 1977 sunt
1119 1939 1278 1993 panes
1309 1922 1558 1986 accipere.
1602 1921 1880 1989 Quomodo
2050 1922 2120 1978 Et
2146 1936 2328 1994 portte.
2368 1926 2545 1984 Portae
2567 1929 2728 1986 inferi
2767 1943 2893 1991 sunt
2916 1948 3156 2008 peccata,
3200 1943 3378 2014 minaz,
3403 1948 3556 2004 blan~

300 2028 476 2083 panes
503 2028 609 2068 non
635 2013 839 2068 habent
863 2014 956 2084 qui
997 2015 1156 2070 modo
1191 2015 1426 2084 impletis
1462 2014 1659 2085 sportis
1687 2029 1880 2070 navem
1981 2013 2241 2082 dimenta,
2268 2017 2523 2087 haereses,
2549 2021 2742 2091 quibus
2780 2024 2979 2083 inﬁrmr
3014 2040 3176 2086 ruunt
3205 2033 3260 2112 in
3299 2047 3553 2109 mortem,

205 2115 208 2118 ’
301 2104 665 2159 ascenderunt
691 2112 746 2159 et
771 2104 1090 2175 navigantes
1115 2104 1342 2159 audiunt
1365 2113 1425 2160 ut
1467 2113 1690 2159 caveant
1715 2119 1747 2158 a
1776 2104 1884 2160 fer-
1982 2104 2072 2174 qui
2120 2120 2228 2160 non
2266 2120 2394 2162 vere
2421 2123 2583 2179 supra
2626 2121 2855 2182 petram,
2889 2117 2984 2174 sed
3012 2134 3174 2190 super
3199 2107 3420 2183 arenam
3460 2104 3556 2187 do;

303 2203 488 2248 mento
522 2192 941 2248 Pharisaeorum.
975 2191 1080 2248 Sed
1111 2201 1286 2248 tamen
1329 2193 1404 2247 ait
1433 2191 1711 2262 Scriptura
1739 2192 1884 2261 quod
1983 2208 2132 2249 mum
2174 2195 2526 2266 professionis
2554 2214 2666 2256 sua:
2707 2206 2957 2263 credendi
3008 2220 3136 2267 sunt
3176 2214 3554 2287 aediﬁcavisse,

302 2284 453 2341 obliti
490 2293 616 2341 sunt
643 2273 826 2341 tollere
856 2299 1021 2354 panes
1045 2299 1226 2340 secum
1270 2284 1428 2340 unius
1453 2284 1570 2340 veri
1605 2291 1659 2340 et
1684 2284 1882 2340 interni
1981 2287 2036 2343 id
2063 2295 2165 2354 est,
2190 2303 2297 2344 non
2326 2289 2554 2360 simplici
2592 2301 2648 2348 et
2680 2309 2808 2350 vera
2840 2297 3142 2358 intentione
3169 2302 3440 2364 Christum
3464 2273 3553 2367 se:

301 2383 460 2454 panis
484 2383 598 2455 (qui
623 2397 746 2438 cum
787 2381 866 2437 eis
900 2379 1037 2452 erat)
1084 2380 1364 2437 dulcedine
1405 2380 1569 2452 capti,
1600 2395 1791 2451 parum
1825 2397 1884 2438 se
1981 2380 2095 2452 qui,
2132 2382 2226 2438 sed
2270 2383 2340 2438 ob
2391 2391 2660 2440 terrenam
2707 2389 3001 2458 quamlibet
3041 2408 3260 2452 causam
3309 2399 3554 2460 habitum

301 2488 498 2531 curare
522 2474 824 2546 iudicantes
871 2472 938 2528 dc
985 2487 1111 2527 cura
1138 2472 1384 2542 corporis
1423 2482 1477 2527 et
1528 2472 1875 2539 necessariis,
1981 2473 2350 2542 prmtendisse.
2385 2474 2485 2541 Qui
2523 2477 2667 2532 enim
2714 2479 2769 2541 in
2811 2481 2999 2539 intimo
3046 2485 3224 2544 cordis
3257 2503 3441 2548 amore
3491 2494 3556 2547 ﬁ-

300 2582 429 2623 cum
459 2575 513 2622 et
539 2566 649 2638 ipsa
685 2563 947 2620 naturalis
981 2562 1204 2620 refectio
1231 2578 1262 2617 a
1285 2571 1466 2618 mente
1487 2569 1818 2618 excesserat.
1981 2564 2102 2617 dem
2132 2563 2332 2620 Christi
2356 2566 2604 2636 percipit,
2635 2569 2894 2642 quidquid
2934 2575 3138 2647 ingruit
3176 2589 3354 2650 extra,
3391 2583 3553 2642 facile

376 2658 538 2714 Vens.
568 2656 618 2710 6.
645 2685 719 2695 —
745 2655 790 2708 A
831 2653 1101 2723 fermento.
1136 2651 1483 2708 Fermentum
1518 2659 1603 2707 est
1625 2666 1882 2722 perversa
1980 2656 2166 2711 vincit.
3031 2732 3044 2739 ὴ

303 2748 572 2813 doctrina,
600 2761 719 2816 quae
745 2744 828 2800 vel
858 2744 1067 2800 modica
1096 2751 1266 2800 totam
1294 2757 1528 2799 massam
1556 2743 1876 2815 corrumpit,
2051 2746 2215 2804 Vens.
2246 2749 2333 2805 19.
2363 2779 2434 2791 -
2454 2751 2524 2805 Et
2541 2753 2881 2828 quodcunque
2901 2759 3160 2830 ligaveris.
3181 2762 3238 2819 Id
3267 2776 3368 2833 est,
3393 2784 3553 2838 quem

303 2852 364 2897 ei
387 2842 440 2896 in
463 2855 616 2898 suum
641 2853 889 2909 saporem
915 2837 1100 2892 trahit.
1980 2839 2035 2893 in
2062 2841 2299 2911 peccatis
2338 2843 2720 2913 persistentem
2759 2849 2976 2905 aeternis
3019 2852 3194 2922 poenis
3221 2837 3557 2926 adjudicave-

383 2932 549 2988 Vens.
600 2929 654 2986 8.
700 2960 771 2970 --
813 2927 955 2994 Quid
1002 2927 1262 3001 cogitatis.
1320 2924 1460 2994 Quid
1505 2925 1752 2998 cogitatis
1795 2940 1882 2984 me
1979 2947 2094 2987 ris:
2126 2932 2209 2988 vel
2245 2949 2404 3004 quem
2441 2937 2701 2994 humilem
2728 2949 2784 2996 et
2826 2956 2952 2998 vere
2977 2924 3334 3014 poeniteutem
3375 2952 3553 3008 absol-

304 3019 512 3076 dixisse
534 3019 600 3074 de
626 3016 859 3074 terrenis
886 3016 1112 3088 panibus
1148 3016 1214 3072 de
1243 3016 1440 3086 quibus
1470 3031 1579 3071 non
1621 3024 1706 3072 est
1725 3017 1881 3074 vobis
1979 3020 2141 3086 veris,
2178 3022 2256 3077 sic
2281 3025 2387 3079 erit
2409 3031 2464 3080 et
2489 3025 2544 3080 in
2574 3028 2745 3085 coelis.
3434 3037 3448 3046 ‘

301 3112 684 3177 dubitandum,
726 3125 851 3166 cum
873 3111 941 3166 de
979 3117 1087 3165 tam
1119 3110 1308 3180 paucis
1340 3116 1522 3166 tantas
1561 3109 1666 3168 feci
1709 3110 1880 3167 abun-
1913 3173 1956 3202 Π
2056 3109 2125 3164 Et
2154 3113 2492 3186 quodcunque
2512 3115 2752 3188 ligaveris
2779 3137 2933 3192 super
2968 3132 3181 3181 terram.
3210 3126 3414 3202 (HIER.)
3440 3130 3552 3188 Ha-

299 3202 440 3258 dare
471 3173 765 3269 reliquias?
813 3191 816 3194 ’
1120 3173 1140 3180 -
1396 3284 1455 3288 ι
1545 3286 1554 3288 ᾗ
1859 3287 1864 3288 7
1913 3173 1958 3235 Ο
1987 3202 2118 3258 bent
2168 3205 2384 3274 quidem
2405 3173 2671 3280 'eamdem
2711 3173 3051 3280 judiciariam
3095 3173 3417 3288 potestatem
3464 3225 3556 3282 alii

376 3290 546 3346 Vens.
578 3289 665 3343 11.
695 3318 766 3328 -
793 3285 978 3342 Cavete
1026 3304 1060 3342 a
1104 3286 1355 3356 fermento
1387 3284 1802 3342 Pltaristeorum.
1841 3287 1888 3342 Α
1989 3294 2234 3362 apostoli,
2285 3297 2478 3365 quibus
2517 3309 2640 3370 post
2684 3284 3138 3363 resurrectionem
3176 3311 3294 3366 ait:
3326 3314 3554 3386 Accipite

300 3378 682 3452 superstitiosa
719 3376 985 3444 doctrina,
1017 3392 1137 3446 quae
1171 3390 1322 3432 more
1354 3374 1603 3462 [θωκέοιὶ
1633 3375 1752 3430 veri
1787 3390 1889 3446 pa-
1989 3382 2237 3456 Spiritum
2267 3399 2504 3448 sanetum
2543 3391 2721 3464 (Joan.
2764 3397 2882 3469 xx),
2921 3407 3048 3465 etc.,
3095 3415 3256 3472 usque
3309 3405 3378 3458 ad
3417 3374 3557 3467 unde

302 3471 396 3527 nis
425 3469 641 3526 simulat
667 3483 726 3525 se
760 3467 1118 3525 substantiam
1150 3467 1372 3522 habere.
1423 3466 1527 3521 Per
1555 3467 1659 3522 hoc
1689 3466 1886 3534 innuit,
1989 3474 2043 3530 in
2068 3475 2309 3534 Levitico
2351 3482 2636 3538 ostendere
2670 3499 2728 3542 se
2776 3466 3144 3547 sicel-dotibus
3168 3466 3436 3561 iubemur
3471 3466 3556 3554 ιε..

306 3561 443 3632 quid
469 3559 773 3632 signiﬁcant
810 3557 1046 3630 quinque
1084 3573 1251 3628 panes
1275 3555 1359 3612 vel
1394 3564 1623 3627 septem.
1656 3555 1714 3612 Si
1743 3558 1888 3613 enim
1986 3567 2152 3636 prosi,
2180 3583 2314 3638 quos
2340 3570 2416 3626 illi
2447 3587 2554 3627 non
2590 3573 2794 3632 faciunt
2817 3577 3077 3648 leprosos,
3119 3555 3214 3640 sed
3238 3585 3556 3646 discernunt

304 3652 638 3708 fermentum
667 3649 798 3707 dicit
829 3649 1085 3705 haeretica
1116 3649 1386 3720 dogmata,
1410 3663 1581 3719 panes
1607 3655 1735 3704 sunt
1756 3664 1887 3706 vera
1988 3657 2080 3726 qui
2108 3659 2294 3714 mundi
2312 3659 2397 3715 vel
2425 3661 2688 3720 immundi
2708 3674 2856 3736 sunt,
2887 3669 2964 3725 ita
2985 3678 3041 3727 et
3061 3672 3172 3729 hic.

309 3744 580 3800 doctrina.
1410 3830 1541 3834 tm
1623 3832 1631 3834 _
1682 3830 1704 3834 _
1810 3831 1825 3834 _
2059 3747 2220 3804 Vens.
2269 3749 2358 3804 20.
2400 3782 2470 3791 —
2511 3749 2578 3806 Ut
2631 3757 2840 3822 nemini,
2887 3769 2991 3816 etc.
3041 3760 3216 3834 Supra
3263 3767 3553 3832 adventum

383 3834 545 3890 Vens.
583 3832 670 3889 15.
701 3861 754 3874 -
798 3829 864 3886 In
901 3840 1073 3902 partes
1119 3831 1373 3886 Ctesarete
1400 3830 1653 3904 Philippi.
1682 3830 1787 3889 Iste
1810 3831 1889 3888 lo-
1987 3851 2143 3894 suum
2170 3840 2466 3910 praedicare
2493 3845 2758 3917 przecipit,
2807 3848 2897 3905 hic
2943 3865 3012 3908 ne
3053 3829 3234 3911 dicant
3277 3829 3402 3914 eum
3437 3874 3558 3917 esse

306 3938 410 3980 cus
445 3930 546 3988 est,
585 3923 677 3978 ubi
711 3921 978 3977 Jordanus
1014 3921 1188 3977 oritur
1212 3923 1279 3977 ad
1306 3923 1542 3978 radicem
1568 3922 1779 3990 Libani,
1820 3936 1888 3978 ex
1987 3926 2188 3985 Jesum.
2217 3929 2324 3987 Sed
2346 3932 2489 3988 aliud
2521 3941 2604 3989 est
2645 3937 2941 4006 praedicare
2977 3941 3271 4014 Christum,
3303 3927 3448 4019 quod
3472 3960 3558 4007 est

306 4014 405 4071 Jor
429 4023 484 4071 et
507 4013 622 4069 Dan
649 4013 854 4070 duobus
900 4012 1154 4070 fontibus.
1196 4012 1447 4070 flamines
1467 4032 1602 4070 esse.
1633 4014 1890 4072 Homines
1987 4033 2271 4076 commune
2310 4037 2505 4077 nomen
2531 4025 2805 4095 dignitatis
2833 4046 2846 4083 :
2877 4031 3022 4088 aliud
3067 4012 3441 4108 Jesum,’q-uod
3473 4050 3559 4098 est

307 4104 554 4175 suntqui
584 4104 651 4160 de
675 4102 812 4159 Filio
836 4103 1071 4160 hominis
1106 4104 1400 4174 loquuntur
1431 4122 1444 4159 :
1505 4105 1580 4160 dii
1605 4104 1750 4200 enim
1796 4104 1887 4200 qui
1986 4110 2262 4182 proprium
2285 4111 2599 4169 Salvatoris.
2641 4116 2803 4183 Quasi
2833 4121 2975 4176 dicat
3004 4140 3017 4176 :
3045 4123 3164 4180 Non
3201 4102 3422 4198 prodest
3457 4147 3556 4200 pu-

309 4195 581 4251 Deitatem
622 4193 943 4265 intelligunt.
992 4192 1042 4246 F
1047 4193 1196 4248 ilium
1223 4194 1501 4249 hominis?
1536 4193 1794 4251 Dominus
1821 4194 1888 4250 de
1986 4199 2126 4256 blice
2144 4200 2428 4270 praedicari
2456 4203 2794 4274 majestatem
2818 4209 3066 4278 populis:
3100 4192 3389 4282 qui—visuri
3425 4192 3553 4275 sunt

306 4299 375 4339 se
426 4283 786 4338 humilitatem
838 4283 1188 4339 humanitatis
1246 4282 1569 4356 proﬁtetur,
1642 4283 1888 4356 discipuli
1984 4302 2075 4345 me
2106 4288 2274 4345 multa
2300 4290 2436 4360 pati,
2481 4293 2625 4362 quod
2671 4301 2800 4351 tunc
2825 4297 3041 4354 demum
3069 4299 3272 4371 licebit,
3301 4319 3424 4361 cum
3461 4324 3551 4365 re—

308 4375 578 4432 Deitatem
608 4373 934 4446 intelligunt.
1201 4397 1203 4400 ⁴
1986 4379 2251 4437 surrectio
2277 4381 2570 4450 potentiam
2610 4383 2835 4442 Deitatis
2867 4389 3182 4448 ostendent.
3213 4393 3370 4451 Iesus
3399 4396 3554 4454 Chri-

385 4463 547 4520 Vnns.
583 4463 670 4519 M.
711 4495 784 4505 -—
819 4463 923 4518 Alii
963 4463 1220 4520 Joannem
1263 4463 1573 4536 Baptistam.
1608 4464 1698 4521 Sic
1732 4472 1883 4535 potc-
1908 4517 1960 4559 η
1986 4477 2117 4524 stus.
2144 4469 2410 4559 Salvator,
2434 4487 2503 4528 ne
2526 4475 3021 4536 scandalizarentur
3041 4483 3097 4538 in
3119 4498 3186 4541 eo
3205 4500 3364 4557 quem
3388 4490 3549 4559 paulo

432 4517 459 4518 ί
588 4517 605 4519 _
628 4517 645 4518 ί
910 4517 917 4518 ,
969 4517 1215 4520 _
1264 4517 1283 4518 η
1735 4517 1854 4535 τ---
1988 4517 2117 4524 πη--
2145 4517 2410 4540 ηψπ-ν,
2434 4517 2503 4528 --ν
2526 4517 3012 4536 ..ν-..υ-...υαιυιηυι
3041 4517 3063 4538 ιη

311 4561 441 4610 rant
467 4567 654 4609 errare
683 4554 738 4609 in
775 4554 890 4608 Elia
917 4554 1002 4609 vel
1041 4554 1094 4609 in
1123 4555 1332 4610 caeteris
1367 4555 1506 4621 aliis,
1543 4555 1683 4610 sicut
1717 4553 1882 4610 Hero-
1905 4517 1960 4579 Β
1983 4561 2105 4623 post
2132 4555 2301 4612 visuri
2321 4565 2446 4614 sunt
2471 4559 2695 4631 conspui
2724 4569 2779 4617 et
2801 4564 3063 4636 cruciﬁgi.

308 4643 408 4699 des
448 4643 648 4699 erravit
676 4643 732 4698 in
765 4641 970 4700 Joanne
1004 4659 1128 4698 cum
1177 4643 1292 4697 ait:
1340 4643 1572 4699 Joannes
1608 4659 1758 4714 quem
1787 4660 1880 4716 ego
2051 4646 2218 4704 Vens.
2255 4649 2344 4704 21.
2371 4681 2442 4690 -
2469 4649 2696 4720 Exinde,
2739 4662 2845 4711 etc.
2889 4656 3028 4714 Ecce
3065 4674 3227 4717 causa
3266 4665 3553 4734 prohibita;

306 4732 565 4789 decollavi
587 4735 811 4789 surrexit
840 4752 871 4788 a
898 4735 1114 4788 mortuis
1139 4749 1156 4787 :
1201 4741 1248 4787 et
1279 4733 1393 4787 ideo
1424 4734 1634 4788 virtutes
1665 4749 1882 4803 operan-
1978 4736 2392 4807 praedicationis,
2419 4741 2573 4810 quasi
2597 4743 2738 4799 dicat
2765 4761 2779 4799 :
2821 4745 2971 4803 Tunc
2996 4763 3080 4818 me
3107 4732 3395 4820 przrdicate
3428 4746 3558 4814 cum.

309 4833 400 4877 tur
427 4824 482 4877 in
509 4840 569 4879 eo
613 4822 804 4895 (Marc.
854 4821 950 4894 Vl).
986 4822 1108 4877 Ideo
1147 4822 1260 4876 vult
1298 4821 1492 4892 exponi
1532 4835 1746 4878 errores
1784 4836 1880 4877 eo-
1981 4829 2086 4885 ista
2110 4845 2299 4901 passus
2323 4830 2496 4898 fuero,
2526 4833 2780 4903 quianon
2809 4845 2933 4893 ante
2954 4840 3191 4909 prodest.

309 4929 459 4981 rum,
501 4922 562 4970 ut
589 4915 668 4970 eis
711 4913 940 4985 repulsis
987 4914 1231 4985 discipuli
1260 4914 1543 4970 veritatem
1581 4912 1878 4985 proferant,
2051 4918 2214 4975 Vens.
2240 4920 2330 4975 22.
2359 4953 2431 4962 —
2454 4922 2620 4978 Absit.
2672 4923 2788 4980 Non
2816 4927 2929 4980 vult
2970 4928 3162 4987 Petrus
3188 4931 3389 4990 destrui
3421 4951 3551 4993 con-

308 5024 421 5064 non
453 5021 519 5062 ex
543 5007 687 5079 vulgi
715 5008 985 5078 opinione,
1015 5007 1107 5063 sed
1133 5023 1198 5062 ex
1227 5006 1440 5064 Domini
1466 5005 1814 5063 revelatione.
1984 5011 2272 5068 fessionem
2342 5030 2494 5070 suam
2549 5035 2561 5070 :
2624 5032 2725 5072 nec
2768 5028 2919 5089 putat
2976 5021 3172 5080 Filium
3241 5027 3334 5084 Dei
3387 5045 3550 5101 posse

389 5102 548 5158 Vens.
575 5103 658 5157 17.
692 5134 762 5144 -
785 5102 1114 5173 Respondens
1151 5102 1331 5157 Simon
1359 5099 1563 5157 Petrus.
1597 5101 1721 5158 Ideo
1743 5116 1880 5156 unus
1985 5103 2175 5160 occidi.
2781 5147 2784 5152 .
3364 5157 3372 5168 ,

309 5196 668 5265 respondens,
699 5203 754 5252 et
776 5194 870 5250 uni
901 5194 1254 5265 respondetur
1279 5207 1379 5264 pro
1405 5192 1653 5248 omnibus
1675 5201 1734 5247 ut
1759 5191 1880 5247 uni-
2055 5195 2221 5252 Vens.
2245 5197 2336 5251 25.
2355 5229 2422 5238 —-
2446 5197 2606 5253 Vade.
2653 5199 2826 5271 Supra
2853 5218 2866 5257 :
2902 5207 3083 5261 omnia
3112 5208 3200 5264 illa
3233 5210 3463 5282 gloriosa
3493 5213 3548 5268 in

312 5295 396 5341 tas
422 5287 476 5340 in
498 5287 746 5342 omnibus
764 5285 1096 5342 observetur.
1119 5284 1214 5340 Dei
1235 5284 1349 5340 vivi.
1376 5283 1460 5340 Ad
1481 5285 1878 5340 distinctionem
1986 5283 2224 5342 futurum
2249 5288 2511 5356 promissa
2544 5299 2687 5357 sunt,
2720 5308 2824 5348 non
2849 5294 2900 5349 in
2924 5301 3176 5366 praesenti
3214 5301 3359 5356 data.
3385 5303 3548 5358 ίΕιίί·

313 5373 572 5430 falsorum
601 5377 842 5443 deorum,
874 5391 1008 5446 quos
1032 5384 1218 5444 gentes
1246 5375 1331 5430 vel
1361 5375 1426 5430 de
1450 5375 1678 5432 mortuis
1705 5375 1879 5432 homi—
1985 5376 2153 5446 ﬁcabo
2198 5376 2488 5432 Ecclesium
2532 5396 2728 5449 meam,
2778 5393 2826 5438 et
2871 5386 2964 5441 tibi
3011 5388 3145 5444 dabo
3194 5389 3383 5459 claves,
3438 5403 3545 5448 etc.

312 5465 496 5531 nibus,
524 5467 608 5522 vel
637 5467 702 5522 de
737 5466 977 5522 sensibili
1010 5465 1235 5521 materia
1265 5466 1367 5522 sibi
1403 5465 1770 5522 instituerunt.
1987 5466 2114 5533 Quae
2129 5466 2175 5522 si
2204 5467 2384 5523 statim
2403 5467 2660 5537 dedisset,
2682 5489 2956 5544 nunquam
2982 5488 3166 5548 postea
3194 5480 3369 5538 locum
3398 5498 3552 5538 error

315 5571 318 5574 ’
386 5553 641 5626 Barjona.
700 5556 842 5612 Bene
895 5555 1034 5610 ﬁlius
1086 5555 1379 5624 columba},
1436 5557 1560 5626 quia
1598 5555 1878 5610 Dominum
1987 5559 2276 5615 invenisset
2304 5561 2359 5615 in
2389 5576 2472 5616 eo.
2521 5561 2658 5628 Quia
2701 5583 2823 5620 non.
2873 5568 2990 5625 Non
3019 5572 3189 5642 placet
3221 5575 3336 5639 tibi,
3366 5583 3425 5629 ut
3455 5591 3552 5645 per

313 5646 406 5716 pia
450 5647 790 5718 simplicitate
844 5647 1201 5718 sequebatur,
1248 5649 1334 5705 vel
1378 5651 1502 5721 quia
1537 5649 1727 5720 plenus
1773 5649 1880 5718 spi—
1986 5661 2215 5708 mortem
2238 5668 2412 5708 meam
2443 5655 2698 5712 mundum
2731 5660 3013 5730 redimam,
3045 5680 3162 5735 qua:
3199 5675 3281 5722 est
3302 5665 3548 5722 voluntas

317 5738 496 5796 ritttali
567 5741 737 5813 gratia
797 5750 930 5798 erat.
996 5742 1175 5818 Filius.
1219 5743 1451 5815 Spiritus
1513 5743 1685 5801 sancti
1742 5742 1879 5800 dici-
1897 5823 1954 5825 AW
1986 5742 2325 5804 Patriszsed
2358 5745 2789 5807 carnalitcrhaec
2818 5753 2980 5825 sapis.

1891 5823 1957 5832 ..θ
