4068 6344
280 434 388 492 115
490 466 495 471 α

1202 431 1474 491 GLOSSA
1512 428 1914 490 0RDINARIA.
1953 461 2024 473 --
2061 431 2314 490 EVANG.
2360 434 2620 492 MATTil.

3449 431 3553 488 HG

278 544 553 619 passionis
598 557 712 602 sua
741 557 902 618 quam
930 558 1074 618 szepe
1127 544 1364 613 dixerat,
1410 553 1470 602 et
1511 544 1868 616 praecursoris
1893 572 1946 633 Α
1971 560 2077 615 qua
2106 545 2158 601 in
2184 546 2371 602 tributi
2404 548 2703 606 redditione
2727 547 2955 604 Domino
2981 548 3158 605 fuerat
3183 556 3549 621 comparatus,

277 639 366 697 sui
399 653 565 709 quam
590 637 913 709 completam
944 638 1222 693 videbant.

353 730 521 785 Vens.
567 727 654 784 11.
701 725 862 782 -Ει
888 744 1008 783 eum
1053 731 1291 785 venisset.
1342 728 1484 786 Loca
1527 729 1692 787 rebus
1726 743 1865 787 con-

277 829 506 894 gruunt,
551 828 685 885 etc.,
717 836 883 891 usque
926 820 997 875 ad
1055 819 1304 876 inﬁrmos
1348 819 1640 889 eonfortat,
1683 821 1868 888 docet,

282 911 539 984 castigat.
576 909 716 978 Quia
748 912 1016 968 lunatirus
1060 922 1158 968 esl.
1187 912 1344 969 Hunc
1385 912 1601 969 Marcus
1640 916 1867 969 surdutn

276 1013 338 1062 et
359 1013 570 1060 mutam
591 1004 742 1074 dicit,
763 1012 893 1073 etc.,
922 1021 1085 1078 usque
1102 1004 1173 1060 ad
1193 1018 1292 1074 per
1318 1013 1622 1062 creaturam
1645 1005 1870 1061 infamet

274 1104 611 1154 creatorem.

351 1186 517 1245 Vens.
548 1189 728 1245 15.--
756 1189 826 1245 Et
872 1190 1061 1258 obtuli,
1094 1198 1203 1246 etc.
1234 1189 1495 1247 Latenter
1538 1188 1762 1247 accusat
1786 1190 1869 1246 di-

276 1283 535 1355 scipulos,
568 1299 695 1340 cum
723 1300 868 1356 saepe
898 1285 1303 1355 impossibilitas
1330 1285 1554 1341 curandi
1599 1301 1706 1345 non
1734 1284 1867 1340 vitio

275 1376 611 1444 curantium,
639 1376 735 1433 sed
775 1391 966 1433 eorum
996 1377 1088 1447 qui
1119 1378 1347 1433 curandi
1378 1385 1525 1443 sunt,
1558 1377 1860 1449 proveniat.

349 1468 517 1526 Vens.
548 1470 753 1527 16.“-
785 1469 1139 1542 Respondens.
1192 1470 1312 1526 Non
1356 1471 1515 1527 taedio
1559 1479 1862 1542 superatus,

271 1560 375 1633 qui
411 1560 562 1617 mitis
610 1569 696 1619 est
727 1561 783 1617 in
824 1562 989 1617 verba
1029 1562 1285 1633 erumpit,
1315 1562 1409 1618 sed
1451 1562 1592 1619 sicut
1626 1561 1867 1618 medicus

271 1663 492 1725 aegroto
517 1659 709 1709 contra
738 1666 834 1709 sua
856 1660 1127 1724 pmcepta
1149 1654 1351 1725 agenti.

347 1743 515 1800 Vens.
541 1745 627 1799 1τ.
653 1774 723 1786 --
742 1743 812 1799 Et
841 1745 1149 1816 increpavit.
1175 1744 1313 1812 Quia
1343 1744 1516 1801 iratus
1536 1752 1620 1800 est
1643 1759 1750 1800 non
1772 1745 1869 1801 ho-

275 1836 439 1904 mini,
466 1836 563 1894 sed
595 1836 767 1893 vitio:
806 1845 862 1893 et
899 1851 998 1908 per
1034 1846 1202 1892 unum
1229 1836 1503 1893 hominem
1530 1837 1744 1892 Jttdmos
1774 1852 1866 1892 ar-

1970 638 2220 695 arbitrati
2254 649 2382 696 sunt
2415 640 2634 697 Petrum
2670 642 2922 698 omnibus
2953 642 3213 713 apostolis
3243 642 3547 714 praelatum.

1966 729 2036 785 In
2084 748 2241 803 regno
2298 732 2569 789 calorum.
2616 733 2713 790 Vel
2756 750 2984 806 regnum
3017 736 3132 801 Dei,
3172 737 3418 792 doctrina
3466 745 3553 794 est

1928 877 1932 881 .
1968 820 2263 893 Evangelii,
2310 825 2397 880 cui
2431 822 2653 880 obedire
2700 825 3029 895 simpliciter.
3056 835 3113 882 et
3153 826 3271 883 sine
3312 827 3420 885 ulla
3466 844 3554 885 re-

1968 914 2295 971 tractatione
2322 915 2603 981 debemus,
2632 916 2777 973 sicut
2807 931 2945 986 puer
2966 932 3076 974 non
3102 918 3427 977 contradicit
3447 919 3548 979 do-

1969 1006 2247 1064 ctoribus..
2306 1056 2315 1063 .

2040 1095 2204 1153 Vens.
2234 1096 2289 1152 2.
2324 1096 2485 1155 -Ει
2507 1099 2791 1155 aduocans.
2821 1098 3133 1157 Secundum
3166 1101 3405 1159 Marcum
3425 1119 3554 1176 pue-

1970 1203 2091 1243 rum
2125 1185 3072 1262 Iesuscomplectitur,.signiiicans
3104 1192 3338 1250 humiles
3361 1194 3553 1266 dignos

1970 1295 2069 1337 suo
2105 1280 2391 1352 complexu
2419 1290 2475 1338 et
2501 1283 2810 1339 dilectione.
2846 1282 3163 1353 Parvulum,
3202 1296 3307 1343 etc.
3343 1286 3553 1346 Parvu-

1968 1372 2081 1428 lum
2108 1380 2292 1440 mtate,
2334 1381 2398 1430 ut
2423 1374 2839 1432 similitudinem
2871 1377 3293 1435 demonstraret.
3347 1380 3445 1436 Vel
3490 1395 3552 1438 se

1969 1466 2162 1521 statuit
2189 1466 2243 1521 in
2287 1466 2466 1523 medio
2501 1466 2594 1536 qui
2626 1481 2737 1524 non
2772 1469 2923 1524 venit
2968 1470 3291 1538 ministrari,
3323 1470 3421 1527 sed
3448 1472 3553 1527 mi-

1970 1555 2223 1611 nistrare.
2276 1555 2371 1612 Vel
2414 1557 2717 1628 parvulum,
2767 1558 2821 1615 id
2850 1568 2956 1626 est,
2989 1560 3252 1632 Spiritum
3299 1571 3549 1619 sanctum

1968 1647 2150 1718 posuit
2171 1646 2226 1703 in
2263 1648 2522 1705 cordibus
2545 1663 2760 1716 eorum,
2803 1658 2864 1705 ut
2892 1651 3197 1709 humilitate
3242 1653 3552 1726 superbiam

1971 1738 2229 1795 vitarent.

2045 1828 2208 1887 Vens.
2246 1830 2302 1888 4.
2327 1861 2398 1873 -
2433 1832 2744 1906 Quicunque
2764 1851 2885 1908 ergo
2923 1837 3302 1907 humiliaverit,
3334 1848 3442 1897 etc.
3465 1839 3551 1896 ln-

270 1927 768 2000 guitiniideiitatis.
793 1928 948 1985 Unde
967 1927 1119 1985 addit
1142 1926 1537 1999 :Aﬂ‘erteillum
1558 1928 1660 1983 huc
1682 1928 1751 1982 ad
1764 1944 1863 1983 me.
1897 1929 1945 1990 B
1972 1922 2108 1978 vitat
2151 1924 2445 1996 discipulos
2487 1942 2636 1995 suos,
2671 1936 2727 1984 et
2753 1943 2942 1986 omnes
2988 1930 3124 1987 alios
3176 1932 3457 2000 Dominus,
3493 1942 3553 1989 ut

274 2021 351 2077 Et
371 2022 497 2077 exiit
516 2024 580 2076 ab
599 2038 659 2076 eo
690 2021 1027 2078 dwinonium.
1054 2019 1270 2077 Marcus
1284 2020 1437 2089 dicit,
1459 2027 1589 2088 etc.,
1606 2036 1769 2091 usque
1791 2020 1860 2075 ad

273 2127 446 2184 quam
466 2113 618 2184 prius
638 2112 870 2183 quando
888 2111 1202 2184 possidebat
1225 2113 1464 2183 quietus.

348 2205 517 2262 Vens.
558 2206 732 2262 i9.--
753 2202 977 2277 Propter
1005 2203 1449 2260 incredulitatem.
1482 2202 1622 2262 Ecce
1647 2204 1863 2277 quando

274 2312 387 2353 non
434 2295 773 2363 exaudimur,
805 2309 913 2353 non
953 2303 1039 2351 est
1075 2295 1479 2367 impossibilitas
1528 2295 1859 2367 praestantis,

270 2387 375 2445 sed
395 2386 553 2459 culpa
581 2386 946 2459 deprecantis.
973 2385 1111 2442 Nam
1137 2401 1213 2443 ex
1244 2386 1494 2459 opposito
1534 2387 1583 2445 si
1609 2387 1744 2445 fides
1767 2402 1862 2444 ve-

243 2519 252 2526 .
270 2489 393 2536 stra
407 2487 517 2536 tam
537 2478 755 2536 fervens
773 2488 918 2537 esset
938 2495 1101 2551 quam
1121 2478 1400 2545 tribulata,
1417 2479 1591 2552 magis
1609 2486 1667 2535 et
1685 2478 1861 2551 magis

269 2573 592 2631 calesceret.
636 2570 781 2629 Sicut
819 2589 1044 2645 granum
1078 2572 1298 2644 sinapis.
1325 2570 1513 2627 Fidem
1561 2570 1861 2643 perfectam

268 2680 447 2737 grano
492 2664 698 2737 sinapis
742 2671 1039 2736 comparat,
1074 2677 1194 2735 quae
1232 2661 1305 2719 sit
1344 2663 1398 2718 in
1441 2660 1582 2719 facie
1616 2661 1858 2729 humilis,

270 2757 417 2815 etin
451 2765 671 2830 pectore
698 2755 948 2813 fervens:
970 2754 1094 2811 vilis
1120 2752 1455 2821 videntibus,
1492 2761 1549 2810 et
1587 2753 1859 2809 nullarum

269 2848 475 2904 virium
511 2861 797 2920 apparens,
825 2847 922 2904 sed
942 2845 1212 2917 pressuris
1239 2844 1388 2911 trita,
1414 2843 1557 2916 quod
1588 2843 1735 2899 intus
1764 2842 1860 2898 ha-

272 2939 373 2995 bet
405 2938 662 2995 ostendit.

349 3029 514 3086 Vens.
543 3029 636 3086 20.
664 3061 737 3071 -
761 3028 878 3085 Hoc
914 3038 1089 3085 autem
1118 3046 1299 3101 genus.
1330 3028 1611 3097 Quomodo
1641 3035 1857 3099 proter-

1963 2013 2107 2085 quod
2127 2028 2263 2085 puer
2290 2015 2456 2073 habet
2493 2033 2592 2089 per
2617 2029 2889 2085 naturam,
2921 2020 2977 2076 id
3000 2031 3084 2078 est
3110 2022 3474 2081 innocentiam
3495 2032 3554 2080 et

1964 2104 2343 2173 humilitatem,
2400 2108 2504 2165 hoc
2550 2109 2787 2166 habeant
2829 2111 3078 2183 discipuli
3124 2123 3182 2171 et
3231 2129 3420 2172 omnes
3458 2114 3552 2171 alii

1962 2211 2062 2268 per
2086 2197 2363 2256 virtutem.
2397 2198 2548 2257 Sicut
2567 2201 2820 2273 paruulus
2842 2204 2957 2259 iste.
2983 2204 3252 2263 innocens
3275 2206 3381 2263 erit
3410 2207 3553 2263 sicut

1964 2291 2067 2348 istc
2091 2291 2375 2363 parvulus,
2405 2292 2500 2364 qui
2529 2309 2637 2350 non
2664 2306 2985 2366 perseverat
3009 2296 3067 2353 in
3094 2299 3177 2354 ira
3204 2312 3220 2353 :
3255 2297 3414 2357 Iesus
3443 2314 3551 2357 non

1960 2382 2209 2439 meminit
2240 2400 2252 2437 :
2285 2382 2459 2440 visam
2473 2386 2756 2443 mulierem
2781 2402 2889 2444 non
2917 2388 3087 2460 cupit.

2036 2472 2201 2532 Vens.
2251 2475 2305 2531 6.
2334 2505 2404 2516 —
2427 2475 2532 2544 Qui
2578 2488 2754 2535 autem
2794 2479 3257 2537 scandalizaverit.
3283 2481 3399 2538 Etsi
3446 2482 3550 2540 hoc

1961 2566 2287 2639 generaliter
2306 2568 2507 2625 dicitur
2530 2578 2725 2653 contra
2748 2585 2964 2635 omnes,
2992 2579 3132 2638 etc.,
3162 2589 3326 2645 usque
3350 2574 3420 2628 ad
3445 2590 3548 2631 nos

1960 2668 2175 2730 oportet
2204 2660 2489 2717 consulere
2531 2662 2773 2733 expedit,
2794 2672 2903 2719 etc.
2926 2660 3177 2735 Expedit.
3206 2664 3347 2732 Quia
3377 2664 3551 2721 multo

1961 2749 2153 2807 melius
2177 2759 2263 2807 est
2288 2765 2387 2821 pro
2411 2752 2569 2824 culpa
2604 2752 2822 2809 brevem
2847 2754 3123 2825 suscipere
3143 2770 3362 2826 poenam
3385 2774 3549 2829 quam

1959 2841 2177 2899 aeternis
2204 2842 2418 2899 servari
2430 2843 2782 2900 cruciatibus.
2818 2843 2939 2900 Non
2962 2847 3102 2901 enim
3118 2846 3379 2917 judicabit
3409 2848 3550 2905 Deus

1959 2935 2035 2990 bis
2058 2936 2111 2990 in
2138 2936 2389 3006 idipsunt.

2031 3026 2194 3083 Vens.
2226 3027 2279 3082 7.
2304 3057 2371 3069 —
2400 3026 2494 3084 Vw
2514 3029 2736 3085 homini.
2765 3028 2900 3097 Quia
2923 3045 3033 3088 non
3062 3032 3338 3103 judicatur
3357 3047 3550 3090 secun-

268 3120 418 3178 vitas
443 3119 644 3176 diaboli
675 3128 960 3189 superetur
983 3120 1237 3185 ostendit,
1270 3128 1329 3174 ut
1354 3120 1603 3190 graviora
1630 3132 1858 3191 quaeque
1955 3116 2084 3173 dum
2111 3118 2399 3176 utilitatem
2448 3134 2569 3191 quae
2619 3121 2745 3177 inde
2789 3122 3061 3193 provenit,
3104 3124 3200 3181 sed
3251 3126 3547 3182 secundum

267 3216 517 3271 sciamus
554 3212 775 3285 jejuniis
795 3221 851 3268 et
878 3212 1215 3269 orationibus
1242 3211 1546 3281 superanda
1574 3231 1586 3267 :
1619 3220 1675 3267 et
1717 3212 1853 3268 iram
1956 3213 2161 3267 exitum
2184 3227 2345 3283 quem
2371 3213 2620 3269 intendit.

271 3308 373 3365 Dei
401 3307 458 3361 in
488 3322 587 3362 nos
626 3305 731 3361 hoc
760 3304 999 3361 remedio
1026 3317 1185 3374 posse
1208 3302 1431 3374 placari.
1474 3301 1595 3357 Nisi
1620 3320 1711 3375 per
1734 3320 1859 3357 ora-
1886 3300 1932 3362 C
2035 3301 2197 3356 Vsus.
2226 3301 2279 3357 8.
2306 3330 2375 3344 —
2405 3302 2467 3359 Si
2496 3312 2669 3358 autem
2700 3320 2888 3360 manus
2926 3316 3038 3360 tua.
3066 3306 3261 3364 Docuit
3285 3324 3445 3380 supra
3477 3324 3546 3363 ne

266 3405 491 3457 tionem.
529 3400 638 3456 ista
681 3397 982 3454 carnalium
1012 3396 1347 3467 voluptatum
1377 3396 1709 3452 tnutabilitas
1753 3411 1859 3453 non

269 3503 542 3560 mutatur,
567 3500 699 3558 etc.,
722 3508 885 3564 usque
911 3490 989 3546 ad
1003 3491 1146 3547 unde
1171 3488 1370 3546 dicitur
1395 3508 1409 3543 :
1449 3487 1575 3544 Sine
1597 3489 1860 3544 intermis-

265 3587 424 3642 sione
448 3594 595 3640 orate
634 3583 685 3657 (Ι
728 3583 910 3638 Thess.
933 3581 1011 3654 v).

350 3676 514 3732 Vens.
544 3676 635 3731 21.
666 3706 739 3716 -
760 3672 934 3730 Filius
960 3673 1207 3729 hominis.
1239 3671 1469 3744 Semper
1502 3671 1645 3729 lictis
1667 3672 1863 3728 miscet

270 3766 480 3834 tristia,
514 3773 575 3821 ut
602 3781 726 3822 cum
766 3765 1015 3823 venerint
1055 3764 1211 3835 quasi
1243 3764 1472 3836 praevisa
1516 3764 1697 3821 minus
1739 3779 1858 3819 mo-

271 3858 412 3913 leste
439 3855 701 3911 ferantur.

348 3948 515 4006 Vens.
539 3948 633 4004 22.
660 3947 812 4004 —Et
834 3947 1151 4004 contristati.
1177 3947 1293 4005 Iioc
1312 3963 1419 4005 non
1450 3949 1517 4006 de
1543 3947 1861 4006 inﬁdelitate

268 4040 545 4113 provenit,
574 4038 674 4096 sed
702 4040 769 4096 de
803 4039 1094 4097 dilectione
1117 4057 1130 4095 :
1156 4039 1283 4111 quia
1312 4039 1449 4096 nihil
1479 4039 1685 4097 humile
1709 4040 1778 4096 de
1796 4055 1863 4097 eo

270 4132 557 4205 patiuntur
585 4131 794 4189 audire.

348 4219 516 4276 Vens.
544 4218 638 4275 25.
665 4250 738 4262 -
763 4220 834 4276 Et
870 4236 988 4276 cum
1035 4222 1291 4278 venissent
1335 4222 1731 4295 Capharnaum.
1757 4224 1862 4281 Per

269 4314 580 4384 Augustum
606 4311 874 4369 Caesarem
901 4310 1087 4368 ludam
1112 4312 1255 4369 facta
1279 4323 1364 4372 est
1388 4313 1694 4379 tributaria,
1726 4323 1859 4382 etc.,

271 4419 443 4480 usque
466 4403 536 4457 ad
563 4410 747 4459 utrum
777 4400 968 4460 reddat
1006 4405 1234 4471 tributa,
1281 4420 1351 4461 an
1380 4405 1723 4462 contradicat
1749 4405 1863 4461 ελε-

307 4518 414 4557 31⁵1.

342 4518 414 4556 rt.

271 4518 338 4558 sa
352 4591 518 4647 Vens.
548 4590 639 4666 24.
667 4622 737 4633 -
767 4591 907 4660 Quid
936 4593 1029 4648 tibi
1064 4591 1284 4649 videtur.
1323 4594 1629 4665 Antequam
1659 4593 1860 4651 Petrus

269 4694 550 4756 suggerat,
584 4683 845 4739 Dominus
881 4684 1182 4755 interrogat
1218 4698 1287 4739 ne
1318 4683 1760 4739 scandalizentur
1779 4684 1859 4739 di-
1884 4684 1936 4744 D

270 4775 470 4849 scipuli
501 4776 570 4831 ad
604 4774 1022 4848 postulationem
1056 4773 1269 4840 tributi,
1307 4788 1434 4830 cum
1474 4773 1696 4830 videant
1732 4789 1857 4830 eum

271 4883 439 4924 nosse
480 4883 601 4939 quae
640 4880 706 4923 eo
728 4867 953 4923 absente
990 4876 1140 4939 gesta
1184 4872 1330 4921 sunt.
1365 4864 1523 4937 Reges
1544 4876 1720 4921 terrm.
1749 4865 1857 4922 Do-

272 4959 458 5015 minus
482 4967 689 5026 noster,
718 4967 773 5015 et
802 4959 1097 5015 secundum
1136 4973 1356 5014 carnem
1393 4958 1534 5014 ﬁlius
1566 4960 1707 5031 regis
1741 4970 1860 5018 erat

272 5068 345 5106 ex
377 5050 547 5105 David
590 5059 769 5117 natus,
816 5058 872 5106 et
895 5050 1284 5121 omnipotentis
1325 5052 1549 5107 verbum
1584 5069 1599 5106 :
1631 5068 1759 5121 ergo
1800 5064 1860 5109 ut

273 5143 420 5199 lilius
439 5159 629 5217 regum
669 5143 871 5200 tributa
900 5159 1007 5199 non
1035 5145 1283 5209 debebat,
1311 5145 1404 5200 sed
1429 5160 1527 5216 pro
1554 5145 1859 5203 humilitate

272 5233 461 5289 carnis
484 5234 643 5288 decet
662 5249 785 5289 eum
814 5233 1040 5306 implere
1065 5250 1283 5290 omnem
1310 5234 1605 5305 justitiam.

348 5344 517 5403 Vens.
548 5347 639 5403 25.
690 5378 759 5388 -
800 5346 943 5420 Ergo
988 5347 1161 5413 liberi,
1216 5356 1321 5403 etc.
1360 5347 1541 5406 Liberi
1589 5360 1716 5407 sunt
1766 5349 1862 5404 lilii

272 5438 431 5508 regni
466 5439 520 5492 in
555 5439 704 5493 omni
735 5454 924 5512 regno,
958 5447 1086 5494 tunc
1127 5438 1295 5495 multo
1326 5439 1496 5512 magis
1547 5440 1703 5496 liberi
1735 5450 1865 5496 sunt

273 5529 372 5584 lilii
404 5529 551 5586 illius
582 5530 755 5602 regni,
788 5529 888 5587 sub
919 5545 1029 5601 quo
1070 5539 1196 5586 sunt
1223 5530 1404 5587 omnia
1445 5546 1610 5603 regna
1638 5532 1691 5587 iu
1728 5548 1861 5606 quo.-

272 5619 409 5676 libet
434 5629 652 5678 terreno
681 5637 875 5693 regno.

845 5751 1073 5810 CAPUT
1101 5751 1282 5809 XVIII.

349 5879 518 5935 Vens.
556 5877 693 5934 1.-
717 5880 846 5947 Quis
883 5890 1056 5952 putas,
1086 5891 1191 5940 etc.
1240 5883 1314 5938 Ex
1354 5883 1660 5955 a‘quaiilalc
1696 5886 1854 5957 pretii

1962 3393 2389 3451 scandalizemus
2422 3397 2725 3464 credentes,
2764 3405 2895 3463 etc.,
2946 3417 3110 3472 usque
3135 3402 3206 3456 ad
3247 3416 3343 3473 per
3384 3418 3547 3459 occa—

1961 3487 2169 3543 sionem
2196 3486 2413 3557 pEctatis
2434 3496 2621 3558 pateas
2649 3488 2937 3544 scandalis.
2970 3490 3177 3546 Bonum
3200 3493 3301 3547 tibi
3314 3501 3412 3559 est,
3436 3503 3545 3549 etc.

1961 3577 2152 3635 Melius
2198 3587 2285 3635 est
2309 3579 2478 3635 vitam
2506 3579 2809 3636 solitariam
2853 3581 3075 3648 ducere,
3127 3599 3292 3654 quam
3322 3584 3394 3641 ob
3424 3585 3552 3642 vita:

1960 3673 2248 3743 praesentis
2272 3673 2581 3730 necessaria
2610 3673 2778 3729 vitam
2806 3681 3068 3730 aeternam
3096 3678 3344 3747 perdere.

2036 3789 2196 3847 Vens.
2224 3790 2312 3846 10.
2334 3820 2406 3831 --
2442 3788 2623 3847 Videte
2670 3808 2733 3847 ne
2758 3793 3123 3848 contemnatis.
3173 3792 3266 3849 Sic
3292 3794 3550 3867 prmcipio

1960 3882 2118 3939 vobis
2151 3886 2495 3941 severitatem
2526 3883 2833 3940 dimittendi
2857 3900 3049 3942 omnes
3087 3886 3377 3951 amicitias,
3411 3896 3546 3954 etc.,

1961 3996 2124 4051 usque
2141 3978 2211 4033 ad
2232 3978 2462 4037 salutem
2490 3979 2829 4036 infirmorum
2855 3988 3115 4051 quantum
3138 3981 3383 4051 potestis.
3412 3982 3552 4048 Quia

1961 4070 2135 4142 angeli
2181 4087 2383 4126 eorum.
2410 4070 2523 4126 Cur
2552 4085 2658 4126 non
2687 4079 2815 4126 sunt
2846 4071 3268 4127 contemnendi?
3295 4073 3423 4144 quia
3451 4087 3553 4143 pro

1963 4161 2046 4217 eis
2074 4160 2318 4231 quotidie
2347 4160 2640 4216 mittuntur
2660 4159 2858 4232 angeli.
2879 4158 3085 4233 (Hiemi
3108 4160 3297 4234 Magna
3318 4162 3554 4234 dignitas

1962 4252 2287 4319 animarum,
2318 4261 2371 4307 ut
2403 4267 2742 4325 unaquaeque
2769 4252 2967 4309 habeat
2990 4253 3058 4312 ab
3094 4264 3218 4310 ortu
3249 4254 3552 4312 nativitatis

1963 4341 2019 4399 in
2069 4343 2372 4400 custodiam
2420 4343 2503 4400 sui
2552 4344 2804 4417 angelum
2832 4344 3162 4417 delegatum.
3218 4344 3434 4418 Semper
3478 4349 3553 4403 ei-

1961 4437 2109 4502 dent,
2145 4444 2250 4493 etc.
2282 4436 2502 4494 Visione
2533 4437 2630 4495 Dei
2671 4438 2960 4496 manifesta
2998 4439 3374 4513 perfruuntur,
3415 4450 3550 4510 etc.,

1964 4545 2123 4600 usque
2156 4527 2226 4583 ad
2262 4529 2408 4586 intra
2438 4530 2617 4602 ipsum
2640 4539 2865 4589 currunt
2896 4532 2991 4603 qui
3019 4531 3221 4605 ubique
3247 4540 3353 4589 est.

2034 4641 2198 4699 Vens.
2231 4642 2319 4699 12.
2343 4674 2414 4685 -
2445 4643 2508 4701 Si
2549 4645 2745 4716 fuerint
2779 4644 2941 4700 alicui
2966 4655 3196 4714 centum,
3226 4652 3333 4702 etc.
3366 4644 3551 4703 Domi-

1962 4749 2066 4789 nus
2092 4742 2312 4790 centum
2350 4749 2483 4791 oves
2513 4735 2719 4801 habuit,
2760 4744 2903 4804 etc.,,
2938 4753 3101 4809 usque
3143 4737 3214 4793 ad
3256 4737 3453 4808 quibus
3482 4738 3551 4794 ad

1961 4826 2352 4898 perfectionem
2405 4829 2586 4885 unitas
2635 4828 2809 4886 deest.
2861 4828 3053 4885 Nonne
3108 4829 3384 4903 relinquet,
3437 4840 3547 4888 etc.

1961 4918 2181 4993 (Gnec.)
2210 4920 2347 4989 Quia
2398 4923 2631 4994 seipsum
2674 4924 2977 4980 exinanivt't
3009 4926 3236 4993 {annum
3278 4926 3412 4981 servi
3460 4943 3551 4981 ac-

1958 5012 2178 5083 cipiens,
2200 5023 2330 5091 etc._,
2362 5029 2526 5087 usaue
2555 5015 2625 5069 ad
2665 5031 2790 5071 cum
2814 5025 3020 5075 tantum
3045 5017 3116 5075 sit
3151 5018 3365 5090 siquod
3410 5019 3551 5077 male

1960 5100 2128 5171 gessit
2149 5103 2372 5157 damnat
2406 5102 2657 5175 injustas.

2040 5211 2200 5267 Vens.
2232 5214 2317 5269 15.
2349 5246 2416 5255 -
2438 5200 2721 5284 ϐαυάἑὸἱι,
2752 5226 2857 5275 etc.
2907 5218 3079 5292 Magis
3123 5219 3383 5277 Dominus
3417 5236 3551 5291 gau-

1966 5308 2057 5363 det
2084 5309 2151 5365 de
2178 5320 2362 5367 nostra
2392 5314 2732 5383 reparatione
2777 5314 2926 5387 (quia
2957 5317 3128 5388 magis
3171 5331 3271 5372 nos
3313 5317 3550 5389 gaudere

1965 5402 2118 5474 facit)
2169 5419 2332 5472 quam
2388 5407 2456 5461 de
2502 5406 2819 5477 angelorum
2866 5408 3325 5465 immutabilitate.
3378 5408 3551 5479 Major

1963 5494 2108 5549 enim
2143 5496 2237 5550 Dei
2268 5497 2439 5553 virtus
2482 5505 2539 5553 et
2585 5498 2863 5556 humilitas
2891 5501 2942 5556 in
2977 5509 3160 5556 nostra
3205 5501 3550 5574 reparatione

1963 5590 2307 5660 cognoscitur
2332 5606 2494 5663 quam
2522 5592 2574 5649 in
2597 5605 2783 5652 nostra
2811 5597 3106 5654 creatione.

2039 5703 2202 5760 Vens.
2240 5706 2324 5761 l5.
2353 5738 2419 5747 —
2448 5705 2508 5762 Si
2555 5718 2729 5764 autent
2776 5712 3063 5782 peccaverit
3107 5713 3162 5767 in
3211 5721 3280 5775 te,
3329 5719 3435 5766 etc.
3486 5710 3551 5768 Si

1968 5797 2110 5852 enim
2155 5798 2207 5852 in
2237 5797 2425 5866 Deum,
2465 5815 2570 5856 non
2601 5808 2687 5857 est
2733 5802 2903 5858 nostri
2946 5801 3179 5858 arbitrii.
3221 5800 3333 5857 iloc
3356 5800 3548 5859 ordine

1967 5888 2220 5947 scandala
2248 5888 2419 5948 vitare
2456 5890 2710 5950 debetttus
2742 5908 2808 5948 ne
2841 5908 3000 5963 quem
3026 5892 3283 5950 laudamus
3308 5910 3321 5948 :
3349 5901 3408 5947 et
3424 5909 3547 5967 pec-
