4068 6344
530 389 633 446 M7

1028 385 1419 443 WALAFRIDI
1451 383 1698 442 STRABI
1733 384 1936 441 FULD.
1980 379 2143 437 ΜΟΝ.
2185 379 2337 436 OPP.
2378 379 2559 438 PARS
2596 381 2641 437 1.
2674 410 2749 425 —-
2784 379 3248 438 THEOLOGICA.

3677 386 3787 440 148

532 509 749 555 cantem
782 494 899 554 zelo
935 494 1158 565 iustitiae
1184 494 1562 565 corripiamus,
1592 501 1648 551 et
1674 494 1960 566 pmnitenti
2005 493 2112 549 mi-
2139 494 2190 558 Α
2216 494 2397 550 cunde
2421 504 2720 564 opponens,
2748 507 2872 563 qua:
2896 508 3006 548 non
3049 490 3326 548 voluntate
3371 489 3493 559 Dei,
3532 491 3631 549 sed
3658 509 3789 566 pec-

532 587 840 645 sericordim
868 586 1077 643 viscera
1105 584 1425 655 pandamus.
1454 582 1669 653 Corripe
1692 600 1833 651 eum,
1855 590 1960 639 etc.
1986 581 2104 637 Non

528 681 733 754 passim
755 680 909 752 iubet
935 676 1182 749 peceanti
1209 676 1520 742 dimittere;
1552 675 1648 732 sed
1689 676 1994 746 pmnitenti.
2025 675 2100 731 ιιι

531 781 725 843 peccat
767 770 858 841 qui
897 768 1089 823 videns
1116 765 1341 823 fratrem
1372 781 1603 838 peccare
1632 774 1814 823 tacet:
1843 765 1986 822 sicut
2010 764 2106 836 qui

530 860 955 934 pmnitenti‘non
990 856 1248 928 indulget.
1275 855 1410 912 Nam
1438 856 1581 927 quod
1602 855 1777 913 dixit:
1814 855 1859 911 si
1879 856 2106 927 pmnitet

436 951 447 964 ‘
532 951 764 1016 dimitte,
794 948 1074 1021 praemisit,
1125 947 1171 1005 si
1198 948 1504 1019 peccaverit
1532 947 1774 1019 increpa.
1820 945 1935 1005 Nec
1970 945 2107 1004 ditii—

530 1040 650 1096 cilis
670 1040 742 1095 sit
768 1038 926 1095 venia
951 1050 1054 1094 nec
1075 1037 1299 1094 remissa
1330 1034 1682 1109 indulgentia.

597 1132 761 1188 Vens.
786 1130 872 1187 l7.
904 1158 977 1172 -
1017 1128 1117 1186 Dic
1146 1127 1413 1187 Eodem.
1461 1129 1534 1187 Ut
1586 1130 1928 1188 detestationl
1973 1144 2101 1187 eum

525 1222 746 1290 habeat,
767 1230 897 1291 etc.,
923 1236 1085 1295 usque
1109 1220 1179 1277 ad
1204 1220 1528 1277 damnantur
1556 1221 1852 1277 humanam
1880 1230 2103 1278 sentcn-

524 1312 661 1367 tiam
710 1311 891 1368 divina
937 1311 1203 1367 sententia
1230 1309 1592 1366 corroborari.
1624 1308 1774 1366 Sicut
1821 1309 2101 1365 Ethnicus.

530 1402 913 1459 Detestabilior
939 1409 1025 1458 est
1052 1401 1145 1473 qui
1191 1400 1293 1456 sub
1335 1399 1553 1458 nomine
1593 1399 1769 1457 fidelis
1798 1399 1933 1473 agit,
1967 1407 2103 1467 etc.,

528 1507 694 1565 usque
718 1492 789 1549 ad
814 1508 914 1564 per
938 1490 1083 1548 furta
1102 1498 1159 1549 et
1181 1505 1279 1562 per
1305 1491 1565 1565 periuria.

601 1580 765 1639 Vens.
798 1582 885 1639 l8.
912 1611 984 1623 —
1010 1580 1177 1636 Amen
1206 1580 1347 1647 diro,
1374 1588 1481 1637 etc.
1507 1579 1658 1638 Adeo
1681 1588 1861 1638 vestra
1888 1588 2105 1637 senten-

531 1673 611 1729 tia
636 1672 986 1730 confirmatur
1019 1671 1201 1727 divina
1221 1671 1309 1728 vel
1350 1673 1421 1728 ad
1451 1671 1816 1744 recipiendum
1841 1672 2105 1743 pmniten-

529 1773 662 1829 tcm,
684 1762 771 1819 vel
790 1762 860 1818 ad
878 1758 1235 1831 abiiciendum
1256 1769 1647 1819 contumacem.
1800 1768 1808 1776 '

2204 586 2445 643 cautium
2472 584 2793 641 necessitate
2813 596 3073 641 concessa
3100 589 3205 639 est.

2274 674 2441 733 Vsus.
2464 673 2520 732 4.
2539 704 2612 717 --
2636 674 2708 730 Et
2731 674 2999 746 feminam.
3020 674 3138 730 Non
3164 673 3242 730 ait
3257 672 3513 741 feminas,
3534 664 3595 730 ut
3614 691 3781 732 unum

2206 764 2512 838 coniugium
2543 766 2615 823 sit
2647 780 2754 822 non
2791 767 2970 838 plura,
2994 765 3138 836 quod
3175 780 3245 823 ex
3286 765 3513 835 repudio
3537 767 3783 838 priorum

2204 855 2573 927 quaerebatur.
3148 896 3155 903 .

2278 945 2437 1002 Vsus.
2469 946 2523 1002 5.
2548 975 2619 986 ——
2643 945 2941 1003 Adhierebtt
2969 961 3146 1003 uxori.
3175 947 3237 1005 Si
3279 952 3481 1005 malum
3510 949 3783 1015 monbns,

2205 1034 2253 1090 si
2280 1034 2577 1103 luxuriosa,
2605 1052 2701 1092 seu
2744 1037 3007 1108 quidlibet
3030 1036 3332 1110 huiusmodi
3379 1041 3454 1097 sit
3485 1057 3649 1109 uxor,
3682 1056 3781 1098 ve-

2205 1126 2373 1185 limus
2396 1128 2633 1185 nolimus
2657 1130 2971 1186 sustinenda
2998 1138 3102 1188 est.
3142 1131 3276 1188 Cum
3314 1133 3459 1189 enim
3498 1134 3655 1191 liberi
3686 1149 3776 1191 es-

2204 1229 2410 1286 semus,
2442 1217 2689 1276 volentes
2709 1235 2810 1277 nos
2847 1219 3172 1291 subiecimus
3196 1223 3460 1280 servituti.
3492 1223 3552 1280 Si
3585 1226 3787 1283 ancilla

2204 1306 2400 1375 libero,
2423 1308 2515 1364 vel
2559 1324 2751 1366 servus
2774 1309 2959 1367 liberae
2988 1312 3331 1382 supponitur,
3356 1328 3467 1369 non
3494 1324 3783 1385 reputatur

2205 1396 2515 1469 coniugium
2552 1409 2837 1471 postquam
2859 1401 3129 1461 detectum
3153 1400 3318 1459 fuerit
3339 1420 3354 1458 :
3384 1404 3466 1460 sic
3483 1414 3540 1460 et
3564 1405 3631 1462 de
3654 1419 3785 1462 eone

2204 1488 2536 1559 sanguineis.
2567 1489 2638 1545 Et
2670 1500 2821 1546 erunt
2858 1491 2964 1548 duo
3008 1492 3067 1548 in
3113 1509 3288 1549 came.
3342 1493 3631 1551 Prtemium
3679 1513 3785 1553 nu-

2205 1577 2442 1648 ptiarum
2470 1588 2556 1636 est
2584 1595 2652 1636 ex
2674 1582 2881 1639 duobus
2908 1598 3018 1639 una
3042 1599 3171 1642 caro
3193 1604 3207 1641 :
3232 1586 3467 1646 Castitas
3491 1588 3786 1660 continuet:

2205 1668 2420 1739 spiritui
2450 1686 2591 1727 unus
2616 1672 2841 1742 spiritus
2878 1672 3123 1731 ellicitur.
3181 1675 3395 1733 Salubri
3423 1678 3650 1736 consilio
3684 1680 3786 1737 Dei

2204 1755 2407 1814 factum
2430 1769 2536 1828 est,
2558 1769 2620 1816 ut
2637 1762 2940 1832 portionem
2967 1764 3051 1820 sui
3079 1767 3327 1838 corporis
3360 1767 3446 1824 vir
3489 1769 3790 1841 amplecte-

602 1851 767 1909 Vcas.
795 1850 888 1908 20.
917 1881 987 1894 --
1013 1849 1077 1909 Si
1120 1851 1245 1907 duo.
1286 1851 1503 1925 Typice.
1536 1851 1638 1909 Ubi
1672 1852 1894 1925 spiritus
1920 1853 2105 1910 anima
2131 1850 2182 1914 B
2210 1860 2362 1909 retur
2389 1853 2445 1909 in
2486 1852 2711 1922 femina,
2740 1871 2808 1913 ne
2854 1871 2887 1913 a
2938 1872 2997 1915 se
3023 1867 3305 1930 putaretur
3336 1860 3610 1919 diversum
3634 1876 3789 1931 esse,

529 1950 585 2000 ct
604 1958 799 2015 corpus
821 1943 1221 2009 consenserint,
1246 1951 1307 1998 ut
1341 1958 1450 1999 non
1475 1943 1546 1999 sit
1582 1943 1726 2000 inter
1748 1956 1842 2002 eos
1878 1944 2099 2013 bellum,

532 2049 695 2092 carne
716 2034 965 2106 cupiente
988 2041 1178 2091 contra
1206 2033 1457 2103 spiritum
1481 2041 1538 2091 et
1561 2034 1759 2105 spiritu
1776 2042 1967 2092 contra
1989 2050 2106 2092 car-

528 2141 676 2193 nem,
705 2125 966 2197 quidquid
997 2132 1184 2196 petunt
1215 2124 1326 2180 lict.
1365 2124 1503 2193 Quia
1535 2126 1583 2182 si
1609 2141 1807 2197 corpus
1833 2128 1947 2184 vult
1981 2143 2104 2199 quae

530 2222 756 2294 spiritus
774 2220 908 2287 vult,
938 2228 1145 2277 tantum
1172 2219 1435 2276 bonarum
1460 2233 1642 2277 rerum
1668 2229 1754 2278 est
1770 2222 1981 2293 petitio.
2017 2223 2048 2277 ι
2053 2223 2103 2279 bi

529 2331 646 2369 sum
667 2314 722 2369 in
751 2330 848 2369 me.
881 2312 1070 2370 Omnis
1099 2327 1281 2369 sermo
1299 2312 1503 2370 scilicet
1528 2314 1594 2369 ad
1613 2316 1954 2372 concordiam
1972 2332 2102 2388 ρι’ου

531 2411 689 2460 vocat
727 2410 783 2459 et
824 2418 1014 2474 pacem
1056 2417 1218 2474 quam
1264 2403 1400 2459 adeo
1448 2405 1809 2471 commendat,
1855 2414 1916 2462 ut
1957 2407 2103 2463 dicat

531 2494 701 2551 Deum
742 2496 798 2551 in
842 2494 1022 2551 medio
1063 2509 1184 2552 esse
1227 2508 1436 2562 eorum,
1481 2495 1607 2567 quia
1640 2511 1756 2566 pax
1781 2504 1837 2553 et
1865 2496 2105 2555 charitas

530 2587 713 2643 sedem
740 2585 844 2643 sibi
869 2586 923 2641 in
950 2584 1194 2656 paciﬁcis
1220 2585 1515 2651 constituit,
1559 2597 1616 2642 et
1657 2586 1881 2642 unitatis
1906 2587 2103 2642 merito

529 2677 712 2733 omnia
741 2675 973 2747 petenda
1004 2674 1341 2745 impetranda
1366 2688 1485 2732 esse
1510 2674 1816 2732 conﬁrmat.

607 2769 768 2825 Vens.
792 2768 884 2825 23.
915 2798 987 2809 —
1009 2767 1139 2824 Ideo
1164 2768 1536 2826 assimilatum.
1592 2768 1663 2827 Ut
1706 2768 1890 2825 sciatis
1917 2769 2100 2826 dimit-

529 2860 749 2916 tendum
770 2874 890 2915 esse
909 2859 1206 2927 conservis,
1233 2861 1512 2916 ostendam
1544 2875 1640 2931 per
1671 2860 2097 2928 similitudinem,

527 2951 655 3021 quia
708 2950 752 3006 si
794 2949 887 3008 ille
930 2964 1027 3006 rex
1067 2958 1122 3007 et
1154 2949 1403 3007 dominus
1445 2950 1653 3006 dimisit
1698 2965 1874 3016 servo,
1925 2952 2098 3009 multo

527 3042 705 3111 magis
726 3042 887 3099 homo
909 3041 1185 3099 conservis
1207 3042 1339 3099 suis.

600 3132 764 3188 Vens.
787 3131 879 3188 25.
895 3162 965 3173 -—
980 3131 1046 3186 Et
1076 3147 1309 3186 uxorem.
1333 3129 1466 3185 Eum
1498 3147 1603 3188 non
1630 3145 1800 3188 sctum
1820 3132 2096 3203 populum,

2204 1944 2351 2015 quod
2377 1944 2446 2002 de
2472 1960 2532 2004 se
2558 1956 2907 2019 cognosceret
2930 1948 3274 2007 fabricatum.

2275 2035 2441 2091 Vens.
2470 2035 2526 2093 6.
2552 2067 2626 2077 —
2660 2036 2834 2093 Homo
2887 2054 2993 2094 non
3036 2050 3259 2111 reparet.
3312 2038 3488 2098 Homo
3532 2050 3787 2114 separat,

2204 2126 2420 2197 quando
2466 2142 2575 2200 pro
2609 2128 2878 2186 desiderio
2933 2132 3183 2187 secundae
3231 2134 3462 2201 primam
3509 2133 3730 2189 dimittit
3761 2152 3804 2188 ε.

2203 2217 2347 2274 Deus
2373 2226 2592 2289 separat
2619 2219 2733 2291 (qui
2760 2226 2817 2277 et
2847 2219 3141 2293 coniungit)
3173 2222 3388 2292 quando
3414 2236 3485 2278 ex
3509 2238 3789 2281 consensu

2201 2321 2424 2381 propter
2445 2311 2652 2368 cultum
2677 2312 2794 2381 Dei,
2821 2327 2887 2370 eo
2914 2313 3057 2383 quod
3080 2322 3293 2385 tempus
3321 2314 3378 2371 in
3406 2322 3558 2373 arcto
3582 2315 3674 2384 sit,
3699 2316 3787 2374 sie

2202 2401 2466 2459 habemus
2489 2417 2684 2459 uxores
2710 2403 2863 2474 quasi
2893 2420 2999 2459 non
3020 2405 3303 2462 habentes.

2272 2489 2436 2547 Vsus.
2468 2492 2519 2548 7.
2545 2523 2616 2536 —-
2642 2493 2782 2560 Quid
2818 2511 2939 2567 ergo
2963 2495 3191 2567 Moyses,
3222 2504 3328 2552 etc.
3383 2496 3629 2570 (Cnurs.)
3650 2498 3778 2555 Dis-

2200 2582 2366 2654 plicet
2417 2585 2799 2655 peccatoribus
2832 2586 3103 2653 doctrina,
3152 2595 3289 2655 etc.,
3317 2604 3479 2659 usque
3522 2590 3592 2643 ad
3635 2589 3785 2646 veri-

2200 2675 2325 2731 tatis
2350 2676 2721 2746 interpretatio
2742 2685 3002 2734 taceatur.

2274 2765 2435 2823 Vuus.
2468 2766 2522 2822 9.
2549 2796 2621 2809 —-
2656 2767 2725 2821 Et
2765 2767 2928 2823 aliam
2966 2768 3172 2824 duxerit
3217 2770 3519 2824 moechatur.
3565 2768 3635 2823 Et
3687 2771 3787 2841 qui

2200 2855 2495 2910 dimissam.
2526 2855 2663 2924 Quia
2692 2865 2905 2928 poterat
2932 2859 3198 2926 accidere,
3230 2867 3289 2914 ut
3329 2859 3524 2931 aliquis
3565 2860 3778 2914 calum-

2199 2947 2349 3019 niam
2379 2947 2585 3005 faceret
2615 2948 2915 3016 innocenti,
2938 2956 2995 3005 et
3024 2950 3095 3006 ob
3122 2951 3411 3007 secundam
3438 2951 3641 3006 crimen
3667 2952 3779 3007 im-

2196 3039 2447 3112 pingeret
2469 3040 2657 3112 primae
2682 3040 2837 3095 uxori
2862 3058 2878 3096 :
2922 3040 3006 3097 sic
3028 3041 3264 3113 priorem
3291 3041 3560 3097 dimittere
3597 3042 3787 3112 jubet,

2199 3140 2260 3187 ut
2292 3146 2355 3188 ea
2380 3130 2597 3188 vivente
2641 3132 2932 3188 secundam
2978 3147 3087 3188 non
3135 3132 3351 3188 habeat.
3406 3131 3473 3186 Et
3521 3146 3592 3186 ne
3636 3147 3787 3188 uxor

524 3222 622 3280 sed
636 3223 798 3280 etiam
820 3222 1075 3293 prmlatos
1091 3230 1148 3277 et
1165 3221 1411 3277 subditos
1432 3220 1593 3276 simul
1616 3237 1738 3277 cum
1764 3230 1874 3278 tota
1895 3222 2099 3278 familia
2127 3209 2172 3274 ε
2202 3222 2344 3278 idem
2370 3221 2535 3278 faciat
2556 3222 2674 3279 viro
2698 3223 2886 3280 eadem
2916 3222 3123 3278 cautela
3158 3222 3467 3293 praccipitur
3488 3236 3555 3276 ne
3582 3236 3780 3277 secun-

522 3315 609 3371 vel
628 3314 931 3372 substantia
950 3328 1136 3370 eorum
1156 3327 1257 3383 pro
1277 3313 1642 3384 magnitudine
1664 3313 1980 3371 delictorum
1997 3323 2102 3370 tra-

525 3393 663 3465 didit
705 3406 913 3463 exteris
958 3404 1270 3460 nationibus
1303 3420 1318 3459 :
1367 3411 1428 3459 ut
1463 3404 1603 3475 quod
1640 3404 1927 3459 noluerunt
1950 3404 2096 3470 voto,

524 3497 738 3559 solvant
763 3505 1048 3555 tormento.
1079 3493 1251 3553 iussit
1289 3510 1388 3566 pro
1432 3494 1723 3565 cupiditate
1751 3503 1808 3551 et
1844 3495 2099 3565 operibus

523 3589 679 3660 quasi
698 3603 868 3646 uxore
887 3596 943 3645 et
969 3585 1095 3643 ﬁliis
1123 3598 1313 3657 poenas
1340 3583 1569 3641 solvere.

596 3676 764 3735 Vens.
787 3676 876 3733 21.
904 3707 975 3718 —
1002 3676 1250 3731 Miserius
1279 3683 1469 3730 autem.
1506 3674 1811 3732 Misericors
1839 3674 2099 3732 Dominus

526 3782 637 3825 non
662 3767 835 3825 solum
855 3767 1219 3840 captivitatem
1240 3762 1517 3821 Iudaicam
1544 3765 1792 3834 absolvit,
1818 3765 1913 3822 sed
1932 3765 2097 3821 etiam

522 3870 869 3933 peccatorum
903 3861 1145 3917 omnium
1171 3856 1384 3913 veniam
1428 3859 1481 3913 in
1527 3858 1761 3913 adventu
1809 3858 2009 3914 Christi
2038 3873 2097 3916 se

526 3951 659 4008 dare
684 3950 955 4023 promisit,
980 3949 1026 4005 si
1055 3947 1407 4019 persisterent
1432 3948 1487 4002 in
1531 3947 1762 4019 incepto.
1794 3946 2006 4003 Dimisit
2024 3949 2092 4004 ei.

523 4041 583 4097 ιιι
608 4049 713 4107 εει,
735 4039 973 4112 pondere
995 4035 1295 4094 carnalium
1315 4037 1753 4093 Observationum
1778 4038 2028 4104 absolvit,
2042 4046 2098 4095 et

524 4136 765 4194 debitum
796 4134 1023 4202 dimisit,
1049 4132 1103 4189 id
1128 4138 1211 4189 est
1233 4131 1443 4203 priores
1478 4132 1951 4205 transgressiones.

595 4226 763 4282 Vens.
791 4225 881 4282 28.
921 4256 989 4265 —
1027 4222 1228 4279 Invenit
1269 4240 1453 4278 unum.
1503 4221 1770 4279 Gentilem
1814 4224 2093 4295 populum,

526 4316 680 4388 quasi
708 4315 809 4371 sibi
836 4314 1137 4371 debitorem
1177 4311 1473 4384 fatigabat:
1502 4312 1733 4383 gratiam
1757 4311 1956 4368 Christi
1987 4326 2095 4367 non

526 4421 647 4460 esse
666 4406 745 4459 cis
768 4402 835 4458 ad
865 4402 1089 4459 salutem
1113 4402 1321 4467 dicens,
1349 4400 1598 4456 carnales
1625 4401 1998 4455 observantias
2025 4401 2093 4457 ab

526 4498 607 4552 eis
629 4511 734 4551 non
768 4493 926 4551 modo
969 4493 1435 4565 persuasionibus,
1462 4492 1558 4549 sed
1597 4492 1761 4548 etiam
1811 4492 2092 4549 tormentis

524 4584 892 4657 exspectabat.

595 4678 761 4734 Vsus.
790 4676 881 4734 52.
910 4673 1160 4732 -—-Servc
1202 4690 1443 4745 nequam.
1492 4672 1648 4743 Saepe
1693 4670 1869 4727 debita
1913 4670 2097 4726 dimisi

525 4769 643 4836 tibi,
677 4767 892 4839 quando
920 4766 974 4821 in
999 4764 1264 4836 angustiis
1287 4764 1520 4834 rogasti;
1543 4763 1637 4819 sed
1664 4762 1925 4818 liberatus
1947 4775 2095 4817 com-

526 4861 832 4933 passionem
861 4872 968 4913 non
1009 4856 1267 4923 habuisti,
1317 4856 1448 4926 quin
1488 4856 1668 4927 potius
1713 4854 2008 4925 prophetas
2039 4861 2094 4909 et

526 4953 803 5025 apostolos
821 4952 1181 5023 persequeris,
1209 4959 1265 5006 et
1286 4952 1528 5023 ingratus
1548 4959 1602 5006 et
1631 4952 1698 5006 de
1714 4948 1923 5021 iustitia
1951 4965 2091 5019 prae-

526 5062 743 5104 sumens
791 5044 1000 5116 spernis
1048 5052 1260 5116 gentes,
1312 5043 1559 5115 indignas
1600 5051 1691 5098 tua
1728 5042 1988 5098 societate
2037 5043 2090 5096 in

525 5139 740 5194 Christo
754 5136 1022 5206 judicans.

1117 5222 1341 5281 CAPUT
1370 5223 1508 5279 XIX.

597 5340 759 5394 Vens.
782 5340 836 5394 ‘5.
861 5368 931 5379 -
960 5337 1026 5392 Et
1045 5314 1391 5392 accesserunt.
1425 5335 1585 5404 Quasi
1612 5334 1982 5404 complexione
2007 5347 2091 5388 ea-

523 5431 721 5501 piatur.
754 5427 810 5483 Si
843 5428 1082 5484 diceret:
1139 5427 1462 5484 Dimittenda
1509 5435 1594 5483 est
1639 5439 1962 5495 quacunque
2022 5440 2088 5479 ex

526 5533 711 5585 causa,
739 5527 791 5575 et
817 5518 1059 5575 ducenda
1091 5518 1196 5572 alia
1222 5531 1236 5571 :
1268 5516 1535 5587 pudicitiae
1560 5515 1882 5585 praedicator
1901 5523 2088 5571 contra

525 5625 584 5685 se
611 5609 761 5663 facit.
795 5608 850 5664 Si
875 5610 1005 5664 dicit
1035 5624 1140 5685 non
1168 5617 1251 5667 est
1295 5607 1629 5671 dimittenda,
1660 5614 1849 5662 contra
1894 5607 2092 5663 doctri-

527 5718 652 5757 nam
678 5700 842 5771 Moysi
874 5708 927 5777 ει
971 5699 1063 5754 Dei
1108 5698 1254 5753 facit.
1308 5698 1430 5752 Ideo
1473 5714 1787 5769 responsum
1830 5707 2094 5770 temperat

527 5792 828 5848 naturalem
878 5792 1068 5871 legem,
1118 5790 1453 5861 primamque
1490 5791 1580 5847 [lci
1633 5791 1956 5847 scnlenli;_m1
2007 5807 2090 5847 sc-

2199 3315 2325 3371 dum
2366 3315 2565 3371 habeat
2589 3314 2786 3370 virum.
2829 3314 2895 3369 Et
2919 3313 3045 3384 quia
3074 3312 3314 3368 adultera
3362 3327 3469 3367 non
3502 3311 3657 3366 timet
3685 3326 3783 3382 op-

2195 3405 2494 3475 probrium,
2521 3404 2641 3459 viro
2661 3404 2880 3470 dicitur,
2900 3403 3041 3474 quod
3062 3402 3294 3473 si‘talem
3315 3401 3482 3467 ducit,
3506 3401 3605 3456 sub
3628 3400 3777 3456 adul-

2198 3495 2319 3550 terii
2366 3495 2593 3551 crimine
2642 3496 2737 3561 sit,
2786 3495 2919 3550 dicit
2960 3493 3281 3565 Scriptura:
3321 3492 3425 3561 Qui
3477 3490 3781 3547 adulteram

2197 3596 2329 3643 tenet
2350 3587 2542 3643 stultus
2568 3595 2616 3643 et
2644 3587 2833 3659 impius
2859 3595 2935 3642 est
2961 3584 3145 3659 (Prov.
3169 3586 3346 3657 xvm).

2268 3678 2434 3736 Vsus.
2463 3679 2551 3736 10.
2579 3711 2650 3722 -
2673 3679 2798 3735 Non
2836 3679 3061 3751 expedit.
3087 3675 3355 3734 Videbunt
3377 3690 3538 3750 grave
3559 3675 3782 3747 pondus

2196 3787 2450 3840 uxorum,
2481 3772 2626 3845 quod
2645 3771 2934 3835 iracundae,
2960 3770 3185 3827 ebriosce
3219 3777 3276 3825 et
3293 3767 3623 3837 huiusmodi,
3651 3782 3774 3843 qua:

2196 3860 2409 3932 quidem
2444 3870 2573 3919 sunt
2611 3861 2961 3927 sustinendm,
2986 3859 3132 3931 quia,
3161 3874 3283 3916 cum
3311 3873 3563 3915 essemus.
3589 3857 3779 3925 liberi,

2196 3954 2520 4027 subiecimus
2548 3969 2647 4012 nos
2675 3954 2940 4011 servituti.

2265 4047 2429 4104 Vens.
2459 4045 2547 4101 l2.
2573 4077 2643 4087 -κ
2668 4044 2809 4102 Sunt
2850 4045 3006 4101 citius.
3038 4043 3165 4101 Tria
3209 4051 3336 4102 sunt
3375 4059 3574 4116 genera
3599 4057 3774 4100 eluu-

2194 4138 2445 4206 chorum,
2470 4137 2579 4197 duo
2602 4139 2858 4204 carnalia,
2882 4154 3067 4196 eorum
3096 4139 3187 4209 qui
3233 4139 3311 4194 sic
3356 4146 3676 4201 nascuntur,
3719 4142 3777 4191 et

2194 4231 2286 4302 qui
2306 4231 2615 4302 captivitate
2651 4239 2709 4287 et
2738 4230 2943 4287 deliciis
2976 4230 3313 4286 dominarum
3353 4227 3582 4285 abscissi
3623 4234 3773 4284 sunt.

2194 4320 2435 4379 Tertium
2460 4322 2760 4395 spirituale,
2783 4322 2896 4393 qui,
2925 4338 3048 4380 cum
3085 4329 3305 4396 possent
3328 4335 3449 4378 esse
3494 4320 3620 4385 viri,
3647 4333 3775 4390 pro-

2191 4424 2313 4487 pter
2339 4414 2609 4472 Christum
2639 4418 2932 4473 continent.
2981 4415 3087 4481 Qui
3122 4415 3247 4485 facti
3288 4422 3430 4468 sunt.
3482 4412 3627 4467 inter
3671 4411 3782 4466 bos

2195 4513 2573 4577 computantur
2594 4506 2755 4563 etiam
2779 4505 2835 4561 hi
2858 4505 2949 4574 qui
2978 4503 3156 4574 specie
3201 4500 3479 4573 religionis
3513 4497 3775 4555 simulant

2197 4595 2519 4652 castitatem.
2568 4596 2672 4663 Qui
2710 4603 2893 4667 potest.
2942 4595 3059 4651 Vox
3105 4602 3188 4649 est
3236 4592 3503 4649 hortantis
3539 4606 3645 4646 non
3682 4590 3774 4662 iu-

2194 4688 2392 4754 bentis,
2425 4686 2575 4758 quasi
2606 4686 2972 4757 unusquisque
3006 4685 3149 4741 vires
3175 4699 3301 4740 suas
3341 4682 3673 4743 consideret,
3702 4697 3773 4736 an

2194 4788 2357 4852 queat
2394 4778 2717 4850 virginitatis
2743 4784 2799 4833 et
2822 4777 3092 4847 pudicitia:
3123 4774 3346 4846 implere
3370 4781 3662 4845 praecepta.

2264 4872 2430 4928 Vens.
2462 4869 2549 4925 Η.
2582 4899 2653 4909 —
2678 4868 2845 4924 Sinite
2869 4866 3133 4938 parvulos.
3161 4865 3217 4921 Si
3239 4865 3413 4921 sancti
3433 4873 3559 4920 sunt
3580 4863 3772 4928 futuri,

2194 4978 2294 5020 cur
2327 4961 2527 5017 vetatis
2547 4958 2735 5014 venire
2765 4957 2832 5012 ad
2876 4957 3129 5027 patrem?
3160 4956 3217 5012 Si
3245 4955 3392 5022 mali,
3423 4970 3522 5010 cur
3552 4962 3772 5009 senten-

2195 5054 2328 5108 tiam
2358 5051 2612 5124 profertis
2655 5058 2778 5105 ante
2824 5049 3053 5119 culpam.
3110 5047 3338 5103 Talium.
3397 5047 3534 5102 Nam
3582 5044 3770 5118 quales

2194 5154 2319 5200 sunt
2341 5144 2519 5210 modo,
2541 5158 2719 5199 meum
2747 5141 2962 5212 quidem
2983 5149 3085 5209 est,
3105 5141 3246 5213 quod
3264 5140 3522 5196 honorate
3544 5156 3559 5191 :
3582 5137 3771 5209 quales

2192 5243 2316 5307 post
2340 5233 2505 5289 futuri
2531 5242 2674 5300 sunt,
2702 5233 2937 5304 ipsorum
2960 5240 3063 5299 est,
3089 5232 3231 5304 quod
3266 5227 3618 5286 miseremini.
3651 5227 3765 5284 Non

2197 5330 2274 5383 ait
2310 5329 2535 5384 istorum
2565 5329 2660 5384 sed
2704 5326 2933 5381 talium:
2983 5334 3039 5380 ut
3085 5325 3373 5380 ostendant
3417 5338 3524 5379 non
3553 5330 3766 5378 aetatem

2195 5435 2445 5491 regnare,
2488 5418 2582 5475 sed
2632 5433 2811 5474 mores
2849 5436 2861 5471 :
2910 5426 2968 5472 et
3000 5418 3087 5472 his
3134 5416 3227 5486 qui
3287 5414 3517 5471 similem
3566 5414 3769 5469 habent

2190 5511 2548 5568 innocentiam
2578 5518 2634 5565 et
2658 5508 3076 5579 simplicitatem,
3105 5506 3385 5577 prmmium
3409 5504 3694 5575 promittit.

2262 5601 2423 5657 Vens.
2455 5600 2542 5656 15⁸.
2574 5598 2731 5653 -Ει
2762 5614 2879 5652 cum
2910 5596 3255 5666 imposuisset.
3305 5595 3538 5666 lmponit
3572 5609 3766 5650 manus

2191 5692 2450 5765 parvulis,
2477 5691 2690 5761 quando
2718 5689 3009 5747 humilibus
3054 5688 3311 5745 auxilium
3340 5688 3526 5757 gratim
3557 5687 3766 5742 tribuit.

2266 5789 2427 5848 Vsus.
2472 5787 2551 5844 16.
2579 5786 2741 5841 -Ει
2787 5801 2901 5841 erce
2954 5800 3105 5840 tinus.
3155 5781 3333 5843 (Βεο.)
3382 5779 3643 5837 Audierat
3678 5779 3767 5835 ille
