4068 6344
326 418 434 471 119

1172 428 1183 434 '
1276 414 1544 470 GLUSSA
1580 412 1977 469 (mutuatus.
2011 435 2087 449 ·-
2118 410 2373 472 EVANG.
2414 415 2675 475 ΗΑΤΤΗ.

3470 417 3576 477 150

321 528 533 585 similes
554 528 778 599 parvulo
800 529 1096 600 condignas
1115 542 1234 584 esse
1255 543 1443 597 regno,
1465 528 1683 597 vultque
1701 526 1905 582 certius
1932 526 1979 583 Α
2006 542 2232 594 sorores,
2257 530 2383 586 etin
2407 531 2587 600 futuro
2609 534 2765 589 vitam
2792 542 3040 589 cateruam
3067 533 3262 607 (Marc.
3282 531 3361 605 ι),
3384 531 3439 591 id
3464 542 3570 601 est,

324 634 435 673 rion
466 633 563 689 per
588 619 871 689 parabolas
897 621 992 675 sed
1016 629 1203 691 aperte
1225 619 1441 688 exponi,
1471 619 1667 687 quibus
1691 616 1901 673 meritis

238 750 259 766 .
322 708 494 762 vitam
549 710 723 780 possit
766 712 1048 781 consequi.
1091 710 1297 784 (Ηιειι.)
1343 711 1449 767 lste
1481 711 1796 768 adolescens
1845 720 1899 769 et

249 786 260 795 ’
322 799 477 855 dives
515 808 571 854 et
595 802 858 872 superbus
875 813 1013 858 erat.
1035 804 1103 859 Et
1138 805 1432 860 secundum
1471 804 1637 859 alium
1659 820 1898 876 evange-

323 893 505 949 listam
517 907 640 948 eum
657 910 762 950 non
774 905 902 953 voto
914 897 1171 954 discentis
1184 899 1278 955 sed
1293 899 1548 955 tentantis
1576 900 1896 971 interrogat.

382 984 561 1040 ‘Vens.
593 983 679 1039 l7.
709 1015 780 1026 —
805 985 945 1053 Quid
972 1004 1053 1043 me
1101 990 1391 1060 interrogas
1438 990 1504 1046 de
1534 991 1714 1046 bono?
1760 992 1897 1058 Quia

322 1074 525 1130 bonum
551 1070 687 1132 dixit
722 1078 1066 1149 magistrum,
1094 1088 1281 1135 etnon
1318 1080 1508 1147 Deum,
1551 1081 1635 1136 vel
1679 1081 1773 1137 Dei
1810 1082 1899 1136 Fi-

323 1164 456 1220 lium
495 1164 780 1223 confessus
800 1176 923 1223 est:
958 1170 1090 1225 dicit
1112 1170 1411 1242 quemlibet
1444 1179 1690 1227 sanctum
1717 1171 1897 1226 homi-

321 1269 448 1311 nem
476 1258 880 1327 comparatione
929 1259 1025 1315 Dei
1056 1277 1161 1315 non
1199 1276 1321 1316 esse
1370 1262 1603 1317 bonum.
1644 1261 1897 1318 Christus

320 1355 507 1403 autem
534 1361 645 1403 non
676 1350 857 1404 renuit
901 1351 1579 1418 testimoniumbonitatis,
1601 1353 1697 1408 sed
1722 1351 1899 1423 magi-

320 1436 423 1491 stri
452 1437 661 1508 absque
685 1437 797 1494 Deo
822 1438 1057 1495 excludit
1076 1456 1340 1498 errorem.
1362 1440 1481 1497 Non
1501 1456 1560 1497 se
1579 1441 1898 1512 magistrum

322 1526 527 1582 bonum
556 1542 678 1584 esse
706 1537 885 1599 negat,
915 1531 1010 1586 sed
1054 1531 1371 1603 magistrum
1402 1533 1604 1601 absque
1644 1532 1754 1587 Deo
1781 1531 1900 1586 nul-

320 1618 433 1673 itan
450 1619 652 1674 bonum
686 1634 805 1676 esse
826 1619 976 1677 dicit.
1025 1619 1188 1677 Serva
1213 1621 1484 1676 mandata.
1530 1620 1633 1677 iste
1665 1620 1896 1691 quaesie-

318 1719 427 1777 rat,
449 1709 579 1781 quid
608 1709 846 1767 faciam?
872 1720 1069 1768 contra
1100 1729 1208 1769 non
1234 1713 1343 1780 ait,
1376 1714 1524 1770 disce
1548 1731 1563 1768 :
1599 1714 1725 1783 quia
1756 1714 1899 1768 Deus

316 1814 445 1855 eum
467 1799 731 1856 docuerat.
752 1799 929 1857 {actor
957 1802 1235 1859 rationalis
1265 1811 1562 1858 creaturae:
1598 1802 1897 1859 ostendens

2003 617 2057 672 in
2082 617 2187 674 hac
2210 620 2323 676 vita
2356 623 2823 689 persecutionibus
2846 624 3004 695 plena
3031 624 3287 695 gaudium
3312 623 3466 694 regni
3486 625 3576 680 de.

2001 715 2249 778 gustant,
2290 718 2349 765 et
2393 713 2635 768 omnium
2689 712 2984 770 electorum
3029 715 3243 773 sincera
3286 716 3577 776 dilectione

1999 797 2268 855 fruuntur.
2303 800 2410 857 Sed
2430 803 2559 871 quia
2591 804 2749 860 multi
2779 813 3059 876 tepescunt
3078 806 3165 863 vel
3205 809 3571 875 retrocedunt,

2000 890 2216 947 subdit:
2248 891 2405 949 Multi
2429 903 2605 951 autem
2628 905 2779 950 erunt
2803 898 2959 967 primi
2980 897 3131 968 (Luc.
3155 898 3406 973 xv).etc.

2578 984 2805 1043 CAPUT
2850 984 2968 1041 XX.

2069 1069 2232 1128 Vsus.
2258 1074 2313 1129 1.
2336 1103 2408 1115 -
2434 1072 2618 1132 Simile
2641 1084 2716 1131 est
2737 1091 2971 1147 regnum.
2996 1075 3242 1134 Ostendit
3276 1092 3375 1149 per
3411 1091 3573 1149 paras

1997 1162 2197 1230 nolam,
2210 1165 2336 1234 quia
2353 1165 2516 1237 primi
2537 1174 2695 1224 erunt
2714 1167 3013 1234 novissimi,
3030 1176 3085 1224 et
3097 1160 3573 1239 novissimiprimi.

1999 1251 2159 1310 Pater
2190 1255 2297 1310 iste
2319 1254 2553 1312 familias
2581 1257 2832 1315 conditor
2872 1265 3060 1313 noster
3104 1265 3211 1323 est,
3264 1258 3358 1328 qui
3411 1259 3578 1319 habet

1997 1346 2231 1415 vineam,
2278 1349 2638 1406 unive‘rsaiem
2666 1350 3141 1423 Ecelesiam,_qute
3189 1351 3257 1407 ab
3311 1349 3447 1407 Abel
3486 1366 3579 1406 us+

1996 1451 2103 1507 que
2122 1438 2191 1492 ad
2217 1438 2464 1494 ultimum
2481 1439 2713 1497 electum
2749 1440 2843 1511 qui
2870 1440 2927 1496 iu
2973 1439 3099 1496 line!
3132 1440 3442 1498 nasciturus
3491 1447 3576 1496 est

1997 1536 2263 1599 quotquot
2280 1539 2499 1587 sanctos
2525 1532 2769 1602 protulit,
2826 1540 2906 1589 tot
2955 1531 3206 1605 palmites
3257 1532 3427 1591 misit.
3474 1531 3577 1597 llic

1996 1628 2152 1690 pater
2172 1620 2309 1678 exiit
2337 1623 2407 1678 ad
2427 1622 2776 1681 excolendam
2804 1624 3020 1680 vineam
3051 1638 3211 1680 mane
3232 1623 3368 1680 liora
3389 1624 3574 1686 tertia;

1998 1718 2171 1776 sexta,
2203 1727 2367 1780 noua,
2399 1713 2695 1771 undecima
2712 1713 2993 1787 operarios
3038 1713 3301 1770 conduxit
3323 1728 3355 1773 a
3386 1714 3575 1777 mundi

1998 1802 2157 1872 huius
2180 1803 2338 1861 initio
2359 1820 2530 1877 usque
2577 1807 2647 1862 ad
2697 1805 2862 1862 linem
2891 1823 2906 1861 :
2938 1805 3006 1862 ad
3041 1804 3394 1863 erudiendum
3444 1803 3578 1861 ﬁde:

317 1891 450 1961 quia
472 1891 561 1947 ille
582 1907 688 1947 non
714 1901 796 1949 est
821 1894 996 1951 bonus
1026 1896 1117 1967 qui
1149 1896 1344 1967 quaerit
1372 1897 1441 1953 de
1476 1897 1640 1963 bono,
1669 1896 1764 1952 sed
1803 1911 1897 1967 qut
1923 1871 1976 1935 Β
1999 1871 2130 1950 lium
2148 1895 2367 1966 plebem
2391 1871 2773 1968 praedicatores
2805 1896 3021 1953 mittere
3050 1911 3157 1952 non
3201 1895 3432 1952 desistit.
3490 1892 3579 1948 Si.-

320 1981 458 2038 facit
487 1982 627 2053 quod
660 1984 983 2041 bonum-est.

338 2112 341 2115 η
393 2073 558 2129 Vsus.
588 2073 677 2128 20.
704 2073 932 2129 —Dicit
961 2077 1011 2131 ei
1052 2076 1371 2132 adolescens.
1421 2076 1598 2150 (Βευ.)
1638 2077 1756 2134 Non
1799 2093 1901 2149 pu-

320 2164 519 2220 tandus
540 2165 643 2222 istc
669 2164 752 2238 (ut
770 2167 986 2237 quidam
1014 2168 1188 2238 aiunt)
1218 2168 1302 2225 vel
1332 2168 1616 2225 Dominum
1641 2177 1891 2235 tentasse,

320 2256 413 2311 vel
438 2256 507 2312 de
554 2271 651 2313 sua
701 2257 813 2313 vita
861 2260 1116 2315 mentitus
1146 2275 1288 2325 esse,
1339 2262 1435 2317 sed
1485 2261 1802 2331 simpliciter
1837 2270 1899 2317 ut
1925 2318 1939 2332 ,

320 2346 479 2412 uixit,
512 2347 790 2405 confessus
828 2359 947 2415 est:
980 2351 1218 2422 alioquin
1269 2350 1349 2423 (ut
1386 2352 1529 2409 alius
1552 2352 1895 2426 Evangelista

321 2436 420 2508 ait)
452 2454 581 2505 non,
611 2440 835 2498 intuitus
873 2458 1073 2499 arcana
1113 2444 1293 2500 cordis
1328 2444 1465 2515 ejus,
1500 2445 1724 2517 diligere
1770 2460 1894 2501 eum

318 2528 595 2586 diceretur
615 2530 793 2588 Iesus.
842 2530 1023 2604 Diligit
1047 2532 1191 2589 enim
1219 2549 1313 2590 eos
1340 2536 1434 2605 qui
1481 2537 1738 2591 mandata
1764 2536 1897 2607 legis

317 2622 650 2690 custodiunt,
694 2624 789 2680 sed
819 2625 964 2696 quod
996 2624 1071 2680 ibi
1110 2626 1290 2682 minus
1319 2636 1402 2683 est
1431 2627 1519 2682 bis
1543 2628 1633 2699 qui
1668 2627 1897 2700 perfecti

317 2715 509 2772 volunt
525 2731 665 2785 esse,
687 2718 957 2791 adiungit;
985 2720 1126 2775 unde
1153 2720 1397 2790 sequitur
1418 2736 1437 2775 :
1471 2719 1532 2776 Si
1552 2721 1627 2776 vis
1638 2721 1896 2792 perfectus

314 2822 449 2861 esse.
489 2807 682 2863 Omnia
706 2810 834 2864 lateo.
860 2810 1066 2883 (Ηιεκ.)
1092 2810 1363 2866 Mentitur.
1393 2809 1450 2867 Si
1483 2811 1624 2866 enim
1649 2811 1899 2881 diligeret

314 2898 625 2968 proximum
663 2914 819 2956 suum
851 2901 994 2958 sicut
1040 2903 1300 2973 seipsum,
1331 2915 1495 2972 opere
1546 2900 1889 2972 complesset,

314 3006 426 3047 non
447 2999 591 3047 esset
619 2992 788 3048 tristis
812 3007 933 3048 cum
960 3009 1057 3049 sua
1085 2993 1411 3064 pauperibus
1445 2993 1574 3047 dare
1589 2990 1891 3063 iuberetur.

395 3080 555 3137 Vnus.
582 3082 675 3137 25.
705 3111 775 3123 -
802 3083 951 3137 Dives
976 3083 1436 3154 diﬁcileubivites
1457 3098 1565 3138 non
1591 3091 1890 3150 manentes,

1998 1983 2120 2040 mile
2146 1992 2223 2040 est
2241 1998 2478 2057 regnum.
2508 1985 2628 2043 Non
2652 1987 2861 2045 homini
2886 1986 3087 2052 solum,
3107 1985 3202 2042 sed
3226 1985 3576 2059 totinegotio

1996 2072 2066 2129 ab
2092 2072 2313 2131 homine
2345 2084 2519 2147 gesto,
2560 2084 2617 2134 et
2661 2077 2717 2133 in
2763 2076 3029 2135 similibus
3074 2075 3344 2132 similiter.
3394 2073 3577 2135 Priario

1994 2182 2168 2223 mane.
2188 2166 2472 2226 Manifesta
2490 2170 2655 2241 erepit
2682 2184 2715 2225 a
2738 2169 2911 2241 primo
2926 2168 3076 2243 justo
3095 2176 3299 2231 mterna
3328 2167 3577 2225 mercede

1994 2258 2376 2329 praedicatores
2410 2259 2479 2316 ad
2506 2260 2854 2332 plantandam
2881 2259 3183 2335 Eccl¢siam
3211 2258 3467 2317 invitare.

2065 2349 2230 2407 Vens.
2251 2350 2305 2406 2.
2334 2382 2406 2393 -—
2424 2350 2791 2408 Conventione.
2851 2351 2908 2407 Id
2930 2358 3034 2418 est,
3085 2349 3404 2408 conﬁrmata
3451 2365 3578 2420 pro»

1992 2443 2254 2503 missione
2277 2444 2420 2514 quod
2444 2445 2513 2500 ad
2540 2445 2832 2516 imaginem
2868 2444 2965 2500 Dei
3006 2442 3335 2501 reformandi
3370 2451 3575 2509 essent,

1993 2532 2041 2588 si
2055 2532 2349 2589 Ecclesiam
2374 2533 2687 2589 aediﬁcando
2699 2534 2965 2589 mandatis
2983 2532 3220 2605 decalogi
3242 2532 3573 2593 insisterent.

2064 2621 2155 2677 Ea;
2168 2622 2404 2679 denario.
2436 2623 2641 2696 (Ηιειι.)
2677 2623 2939 2681 Denarius
2964 2623 3126 2681 habet
3164 2622 3452 2705 imaginem
3492 2637 3579 2677 re-

1994 2712 2099 2786 gis,
2130 2722 2263 2781 etc.,
2286 2730 2447 2786 usque
2469 2716 2538 2771 ad
2567 2714 2650 2771 vel
2679 2716 2734 2773 in
2763 2715 2968 2772 ultimis
2990 2714 3317 2786 resipiscite.

2064 2808 2110 2860 A
2134 2808 2427 2863 novissimis
2450 2825 2632 2881 usque,
2661 2817 2768 2865 etc.
2795 2808 2932 2876 Quia
2974 2809 3069 2880 qui
3097 2808 3154 2863 in
3189 2809 3424 2868 adventu
3471 2806 3576 2869 D07

1994 2898 2129 2955 mini
2169 2899 2347 2955 vocati
2382 2908 2510 2956 sunt
2537 2900 2608 2955 ad
2628 2915 2872 2971 regnum,
2920 2900 3040 2957 sine
3079 2898 3259 2968 aliqua
3314 2897 3573 2953 tarditate

1993 2991 2339 3062 perveniunt,
2375 2991 2612 3062 aequales
2631 2992 2716 3049 bis
2743 2992 2835 3062 qui
2865 2991 2935 3048 ab
2969 2990 3126 3047 initio
3165 2990 3350 3049 mundi
3398 3004 3578 3059 caepe.-

1994 3090 2140 3147 runt,
2165 3098 2354 3140 omnes
2375 3084 2591 3153 quidem
2613 3084 2757 3140 idem
2777 3083 2999 3148 coelum,
3027 3081 3122 3138 sed
3148 3081 3305 3143 stella
3333 3080 3514 3137 diil'ert
3542 3096 3571 3147 a

309 3171 413 3227 sed
445 3170 543 3242 qui
564 3186 684 3227 esse
710 3173 987 3228 desierunt
1023 3174 1321 3228 intrabunt.
1349 3173 1425 3228 De
1445 3173 1698 3229 omnibus
1727 3172 1895 3227 tutius
1925 3226 1967 3246 η
1997 3175 2150 3231 stella
2175 3177 2230 3231 in
2254 3176 2521 3233 claritate.
2552 3177 2599 3231 Α
2620 3176 2931 3233 novissimis
2971 3175 3213 3246 inctepit,
3256 3174 3382 3230 dum
3425 3173 3576 3243 prius

309 3272 422 3328 est,
453 3278 556 3318 nec
589 3262 925 3319 habere-nec
949 3279 1135 3319 amare
1159 3264 1394 3318 divitias.

388 3355 551 3412 Vens.
576 3354 668 3411 24.
698 3385 771 3395 -
817 3355 988 3422 Quam
1034 3356 1263 3410 divitem.
1313 3353 1487 3428 (ism)
1529 3352 1716 3412 Nullus
1743 3354 1895 3411 dives

310 3446 573 3513 intrabit,
599 3444 652 3502 id
701 3452 805 3512 est,
849 3446 1125 3503 conlidens
1152 3446 1207 3501 in
1237 3445 1461 3511 divitiis,
1501 3453 1560 3500 ut
1604 3444 1763 3501 Jesus
1809 3459 1891 3500 se-

311 3536 553 3593 cundum
579 3536 817 3593 Marcum
847 3539 1087 3609 exponit.

390 3630 553 3686 Vnus.
571 3628 661 3684 25.
692 3660 761 3670 -
788 3629 1139 3686 Mirabantur.
1169 3628 1305 3697 Quia
1331 3629 1386 3684 in
1410 3643 1639 3686 numero
1667 3628 1894 3684 divitum

312 3721 643 3791 deputabunt
664 3735 852 3778 omnes
877 3721 969 3792 qui
998 3729 1184 3776 amant
1228 3720 1467 3785 divitias,
1520 3719 1624 3775 etsi
1648 3734 1755 3776 non
1789 3718 1892 3774 ha-

314 3814 504 3869 beant.
534 3811 705 3867 Aliter
742 3812 890 3868 enim
936 3826 1061 3868 cum
1086 3811 1159 3867 sit
1184 3806 1359 3880 maior
1384 3811 1542 3867 turba
1568 3824 1891 3882 pauperum,

312 3921 427 3961 non
451 3905 730 3962 dicerent:
754 3904 885 3971 Quis
909 3905 1097 3976 poterit
1125 3902 1301 3959 saltm
1324 3918 1435 3959 esse
1451 3903 1477 3956 .9

390 3996 553 4053 Vens.
578 3996 671 4053 26.
700 4025 773 4037 -
798 3995 986 4052 Deum.
1014 3995 1118 4063 Qui
1142 3995 1210 4051 ab
1238 4008 1423 4051 amore
1450 4001 1790 4051 terrenorum
1823 3994 1893 4050 ad

309 4089 639 4147 charitatem
678 4097 1000 4144 aeternorum
1026 4086 1333 4144 convertit:
1372 4099 1481 4144 non
1525 4084 1671 4157 quod
1710 4084 1899 4156 cupidi

312 4191 375 4238 et
402 4181 617 4251 superbi
642 4180 868 4236 intrent.

389 4272 555 4330 Vsus.
581 4270 671 4330 28.
701 4301 773 4312 -
798 4270 867 4326 In
887 4271 1291 4343 regeneratione.
1346 4270 1476 4325 Date
1509 4277 1639 4325 sunt
1675 4282 1896 4341 regene-

313 4363 579 4429 rationes,
604 4362 777 4433 prima
805 4376 872 4418 ex
899 4375 1040 4431 aqua
1080 4369 1137 4416 et
1171 4359 1380 4431 Spiritu
1417 4358 1895 4427 sancto,.secunda

316 4457 381 4511 in
411 4436 824 4510 rESurrectione.
867 4454 946 4508 Ita
974 4453 1095 4508 dure
1121 4452 1438 4523 adoptiones
1464 4460 1520 4508 et
1559 4452 1679 4508 dua:
1708 4465 1893 4509 resur-

314 4543 605 4601 rectiones.
649 4541 823 4598 Filius
853 4542 1096 4598 hominis.
1140 4542 1199 4597 ιιι
1225 4551 1331 4609 est,
1379 4557 1503 4598 cum
1545 4543 1687 4599 servi
1716 4543 1892 4600 forma

316 4652 441 4708 qua:
467 4636 705 4708 iudicata
732 4642 820 4692 est
841 4633 1183 4705 iudiciariam
1220 4634 1527 4690 exercuerit
1546 4642 1887 4705 potestatem,

314 4729 472 4786 eritis
497 4737 553 4784 et
574 4744 671 4784 vos
698 4743 907 4785 mecum
928 4726 1161 4799 iudices.
1212 4723 1382 4796 Super
1407 4725 1553 4781 sedes
1591 4727 1889 4782 duodecim.

313 4818 425 4874 Per
457 4817 739 4875 duodecim
782 4818 961 4884 sedes,
987 4816 1313 4872 universitas
1350 4815 1731 4887 iudicantium.
1784 4815 1891 4872 Per

315 4909 602 4968 duodecim
634 4908 825 4976 tribus,
869 4907 1195 4964 universitas
1233 4906 1653 4979 iudicandorum
1696 4905 1893 4964 intelli-

312 5002 485 5072 gitur.
651 4998 990 5069 reliqueruut
1029 4998 1233 5064 omnia,
1263 5005 1319 5053 et
1336 4997 1506 5053 secuti
1552 5005 1681 5053 sunt
1707 4998 1890 5054 Domi-

317 5109 470 5159 num,
494 5091 549 5147 hi
570 5090 782 5162 iudices
801 5097 998 5146 erunt:
1038 5089 1131 5160 qui
1162 5088 1307 5143 licita
1343 5088 1605 5144 habentes
1626 5097 1776 5145 recte
1802 5088 1887 5145 usi

315 5192 465 5250 sunt,
486 5182 894 5255 iudicabuntur,
916 5180 1111 5250 quibus
1145 5179 1391 5235 dicetur:
1445 5177 1646 5244 Venite,
1678 5179 1887 5245 benedi—

317 5279 390 5333 cti
416 5274 596 5331 Patris
622 5276 758 5329 mei:
778 5270 991 5327 Esurivi
1024 5271 1159 5326 enim
1199 5278 1247 5324 et
1267 5268 1482 5324 dedistis
1509 5269 1637 5324 mihi
1664 5270 1886 5325 mandu-

314 5386 460 5426 care.
484 5370 600 5424 Duo
620 5367 762 5423 enim
791 5373 919 5421 sunt
938 5363 1154 5418 ordines
1178 5362 1460 5416 bonorum.
1566 5420 1592 5439 .
1624 5344 1640 5362 ’

388 5461 554 5518 Vnus.
577 5459 669 5514 29.
691 5486 762 5498 --
788 5454 1118 5526 Centuplum.
1149 5452 1208 5507 ld
1238 5460 1346 5519 est,
1372 5452 1466 5522 qui
1509 5452 1746 5509 carnalia
1786 5465 1876 5522 pro

316 5553 549 5613 Domino
590 5549 875 5615 dimiserit,
907 5545 1209 5618 spiritualia
1254 5544 1483 5615 accipiet
1515 5558 1637 5614 quae
1677 5559 1891 5616 compa-

319 5648 531 5704 ratione
549 5653 607 5700 et
630 5644 836 5699 ‘m’erito
862 5641 946 5697 sui
966 5642 1040 5696 ita
1067 5649 1244 5705 erunt,
1273 5638 1428 5709 quasi
1470 5654 1636 5709 parvo
1660 5653 1889 5695 numero

317 5738 664 5796 centenarias
690 5741 1055 5807 comparetur.
1080 5731 1291 5787 Marcus
1310 5730 1386 5786 ait
1413 5747 1428 5785 :
1468 5729 1671 5786 Centies
1689 5740 1889 5787 tantum

322 5847 462 5887 nunc
502 5830 557 5886 in
597 5839 822 5901 tempore
863 5827 960 5883 hoc
1001 5841 1118 5881 cum
1148 5824 1601 5896 'pcrsectttionibus
1626 5823 1818 5893 fratres
1841 5832 1890 5880 et

1916 4588 1971 4652 D

1921 3226 1968 3288 Ω
1999 3266 2264 3321 latronem
2304 3281 2466 3336 quam
2502 3266 2722 3321 Petrum
2773 3266 2828 3321 in
2894 3226 3205 3335 paradisum
3258 3226 3570 3320 introduxit.

1998 3354 2133 3424 Quia
2164 3356 2315 3427 prius
2338 3356 2627 3427 aliquando
2659 3364 3072 3413 remunerantur
3100 3371 3222 3412 sero
3270 3357 3570 3420 venientes,

1996 3446 2121 3517 quia
2146 3446 2297 3515 prius
2318 3445 2385 3501 de
2404 3460 2628 3516 corpore
2647 3453 2869 3514 exeunt,
2900 3459 3064 3502 uuam
3108 3445 3199 3515 qui
3240 3443 3295 3499 in
3342 3445 3573 3515 pueritia

1993 3535 2171 3594 vocati
2203 3543 2347 3592 sunt.

2064 3627 2228 3685 Vens.
2256 3628 2343 3684 15.
2365 3658 2438 3670 --
2458 3627 2563 3683 Aut
2588 3644 2693 3684 non
2711 3626 2850 3684 licet.
2903 3625 3080 3683 Stulta
3111 3624 3337 3697 quaestio
3383 3632 3572 3681 contra

1991 3720 2294 3779 bonitatem
2314 3720 2431 3778 Dei.
2456 3721 2812 3789 Quaerendum
2833 3728 2996 3787 esset,
3038 3735 3144 3777 non
3170 3720 3217 3776 si
3252 3719 3407 3776 daret
3427 3719 3571 3789 quod

1993 3827 2101 3871 non
2138 3813 2358 3871 deberet
2384 3829 2402 3869 :
2428 3814 2524 3871 sed
2566 3814 2613 3870 si
2663 3829 2770 3870 non
2810 3813 2957 3883 quod
2999 3812 3238 3875 deberet.
3279 3810 3361 3873 An
3390 3809 3573 3869 oculus

1991 3915 2134 3976 tuus,
2175 3916 2280 3964 etc.
2309 3906 2623 3964 VereJuda'i
2640 3921 2860 3978 pravam
2878 3906 3232 3963 intentionem
3271 3905 3575 3960 habuerunt

1992 3998 2083 4068 qui
2108 3998 2500 4068 prohibuerunt
2523 3997 2793 4069 apostolos
2818 3996 3066 4068 gentibus
3091 3994 3257 4066 loqui,
3309 4002 3367 4049 ut
3414 3992 3575 4053 salvat

1991 4088 2205 4144 tierent.

2064 4178 2228 4235 Vens.
2252 4179 2338 4235 16.
2367 4209 2438 4220 -
2463 4177 2553 4235 Sic
2572 4186 2725 4234 erunt
2748 4176 3015 4232 novissimi
3049 4175 3226 4248 primi.
3277 4174 3461 4246 (Acad
3514 4173 3574 4229 ιιι

1992 4280 2104 4339 est,
2118 4270 2289 4328 Judaei
2322 4272 2391 4328 de
2413 4272 2590 4342 capite
2617 4276 2897 4326 vertentur
2921 4269 2981 4325 in
2999 4267 3229 4325 caudam
3259 4285 3272 4322 :
3303 4275 3360 4322 et
3385 4275 3574 4339 gentes

1993 4361 2060 4418 de
2081 4362 2258 4418 cauda
2286 4360 2341 4417 in
2365 4370 2543 4432 caput.
2594 4360 2744 4418 Unde
2771 4359 2985 4433 Moyses
3005 4359 3059 4417 in
3080 4358 3481 4415 Deuterenomii
3510 4357 3575 4413 li.-

1992 4450 2094 4507 bro
2124 4449 2376 4506 :Advena
2397 4452 2487 4523 qui
2519 4460 2688 4508 tecum
2732 4458 2990 4518 moratur,
3017 4449 3258 4506 ascendet
3286 4465 3443 4521 super
3476 4458 3569 4515 te;

1994 4541 2085 4598 ille
2107 4542 2204 4598 erit
2228 4543 2287 4598 in
2317 4552 2493 4616 caput,
2535 4554 2582 4601 et
2608 4553 2664 4600 tu
2692 4544 2794 4600 eris
2841 4544 2899 4597 in
2933 4542 3178 4598 caudam.
3236 4540 3343 4598 Sed
3390 4549 3570 4605 tamen

1997 4647 2101 4689 nec
2128 4647 2320 4691 omnes
2340 4633 2500 4705 primi
2524 4648 2627 4692 nec
2647 4647 2837 4691 omnes
2861 4631 3143 4690 novissimi
3180 4631 3252 4688 ad
3286 4646 3571 4699 numerum

1996 4722 2290 4780 electorum
2318 4723 2611 4795 pertinent.
2798 4756 2803 4761 -
3178 4742 3181 4745 λ
3438 4764 3443 4769 η
3549 4766 3561 4783 -,

2066 4811 2231 4870 Vnus.
2262 4814 2352 4871 18.
2378 4843 2451 4854 -
2475 4812 2610 4869 Ecce
2661 4813 3012 4880 ascendimus,
3058 4818 3164 4867 etc.
3216 4810 3420 4884 (Hii-3R.)
3461 4809 3573 4866 lioc

1992 4918 2141 4974 sape
2166 4904 2248 4961 eis
2275 4903 2504 4971 dixerat,
2525 4912 2657 4971 etc.,
2682 4920 2843 4975 usque
2878 4903 2947 4956 ad
2992 4908 3421 4959 resurrecturum
3464 4918 3569 4957 non

1993 4995 2258 5052 dubitent.

2064 5085 2229 5144 Vens.
2261 5088 2348 5145 19.
2373 5089 2540 5144 --Ad
2565 5086 2913 5154 illudendum,
2936 5095 3041 5143 etc.
3074 5087 3198 5143 ideo
3226 5087 3485 5143 Dominus
3515 5086 3567 5142 iu

1992 5181 2194 5238 mundo
2220 5183 2390 5239 noluit
2418 5181 2723 5252 pr05perari
2748 5180 2841 5236 sed
2863 5182 3045 5252 gravia
3075 5181 3212 5251 pati,
3237 5189 3299 5235 ut
3319 5180 3570 5249 ostende.-

1991 5284 2075 5331 ret
2102 5288 2200 5330 nos
2227 5275 2318 5345 qui
2341 5289 2438 5344 per
2478 5273 2905 5329 delectationem
2944 5273 3241 5330 cecidimus
3282 5288 3407 5328 cum
3456 5288 3561 5343 qua

1993 5364 2352 5419 amaritudine
2381 5362 2557 5423 redire
2591 5362 2903 5418 debeamus.

2065 5455 2227 5511 Vnus.
2253 5456 2344 5511 20.
2373 5484 2446 5495 ——
2466 5453 2612 5511 Tunc
2630 5455 2851 5511 accessit
2869 5453 2939 5508 ad
2962 5470 3099 5509 eum.
3159 5453 3355 5508 Audita
3383 5468 3565 5508 resurv
3594 5450 3607 5465 ’

1992 5549 2236 5606 rectione
2258 5548 2470 5618 putavit
2506 5560 2630 5604 eum
2654 5546 2798 5604 illico
2850 5545 3159 5618 (immemor
3206 5544 3426 5601 secundi
3474 5544 3569 5609 ad-

1993 5638 2208 5710 ventus)
2240 5646 2609 5708 regnaturum,
2634 5647 2691 5695 et
2710 5637 2965 5700 aviditate
3004 5635 3233 5693 fetuinea
3282 5634 3569 5707 praesentia

1996 5733 2165 5803 cupit,
2188 5731 2471 5787 immemor
2494 5730 2817 5787 futurorum.
3250 5748 3269 5763 ν

2070 5823 2230 5898 Vsus.
2261 5821 2349 5877 21.
2374 5853 2445 5863 -
2468 5821 2564 5876 Dic
2590 5829 2667 5888 ut,
2693 5831 2801 5875 etc.
2824 5818 3029 5874 Bonum
3078 5812 3424 5882 desiderium,
3474 5814 3568 5872 sed
