4068 6344
518 391 617 449 151

1010 389 1396 447 WALAFRIDI
1430 389 1676 447 STRABI
1712 390 1913 448 FULD.
1953 387 2118 446 ΜΘΝ.
2155 388 2304 446 ΟΡΡ.
2341 387 2518 446 PARS
2553 388 2594 444 l.
2627 415 2703 430 —-
2735 386 3188 446 THEOLOGICA.

3645 391 3754 446 152

513 501 912 560 inconsiderata
931 501 1138 571 petitio.
1164 501 1233 556 Et
1261 501 1382 557 ideo
1402 518 1508 559 non
1533 503 1800 570 voluntas,
1828 519 1934 558 non
1959 491 2082 572 pro-
2104 505 2156 566 A
2180 503 2314 566 ﬂeo;
2334 500 2689 557 misericordia
2710 500 3111 569 interpretatur.
3135 498 3248 556 Olei
3268 507 3461 555 natura
3490 499 3626 557 lucis
3646 503 3753 558 mi-

514 594 753 664 pesitum
783 593 1048 663 culpatur,
1074 592 1168 648 sed
1215 593 1516 663 ignorantia
1549 611 1562 648 :
1595 602 1651 650 et
1695 595 1742 650 si
1789 595 2082 664 impetrare

516 700 627 741 non
658 685 816 741 debet
842 683 1170 752 simplicitas,
1197 698 1303 738 non
1325 695 1563 741 meretur
1585 684 1860 741 confundi.

588 772 754 830 Vens.
781 773 869 827 22.
897 802 967 813 -
994 772 1238 828 Nescitis.
1261 774 1362 841 Qui
1390 776 1569 831 sedem
1599 776 1782 847 gloriae
1797 778 1981 848 petitis
1997 778 2084 834 vel

517 865 967 936 quasritis,quam
995 864 1231 919 nondum
1264 867 1560 934 meruistis,
1603 868 1832 924 delectat
1871 869 2083 926 culmen

515 956 738 1012 honoris
769 969 906 1025 quos
931 955 1169 1012 nondum
1200 959 1444 1014 exercuit
1468 960 1554 1014 via
1580 960 1797 1017 laboris.
1831 960 2079 1018 Potestis.

513 1043 585 1100 Et
615 1045 721 1101 hoc
752 1044 975 1112 sciebat,
1021 1048 1165 1118 quod
1192 1048 1308 1118 ejus
1335 1050 1638 1118 passionem
1683 1059 1934 1122 poterant
1966 1053 2084 1108 imi-

513 1137 649 1204 tari;
674 1138 770 1195 sed
792 1138 896 1194 hoc
918 1137 1067 1206 dicit,
1090 1148 1149 1194 ut
1169 1154 1234 1195 eo
1253 1141 1636 1214 interrogante,
1659 1151 1712 1198 et
1738 1143 1844 1199 illis
1865 1159 2088 1214 respon-

513 1225 784 1295 dentibus,
809 1242 996 1284 omnes
1015 1229 1297 1286 audiamus
1327 1246 1342 1284 :
1373 1232 1498 1302 quia
1534 1248 1693 1288 nemo
1734 1241 1912 1302 potest
1961 1247 2086 1290 cum

513 1315 730 1372 Christo
755 1331 1002 1387 regnare,
1023 1318 1138 1394 nisi
1161 1319 1464 1389 passionem
1497 1320 1614 1390 ejus
1635 1321 1708 1376 sit
1727 1322 1992 1378 imitatus.

506 1439 514 1458 .
583 1408 750 1465 Vens.
773 1408 864 1464 25.
889 1441 960 1450 --
982 1407 1226 1465 Calicem.
1253 1411 1324 1467 Ut
1352 1410 1582 1470 Jacobus
1605 1414 1672 1470 ab
1701 1413 1911 1470 Herode
1932 1424 2086 1470 trun-

513 1509 691 1568 catus,
723 1509 779 1558 et
805 1500 1038 1560 Joannes
1058 1501 1113 1557 in
1141 1501 1398 1560 ferventis
1427 1505 1530 1560 olei
1560 1506 1759 1562 dolium
1785 1507 2004 1573 missus,
2027 1515 2085 1563 et

512 1596 570 1651 in
606 1595 865 1651 Pathmos
894 1594 1182 1666 relegatus,
1205 1596 1390 1652 animo
1409 1612 1518 1652 non
1545 1596 1715 1653 defuit
1738 1599 2078 1669 martyrium.

514 1678 641 1740 Non
673 1696 749 1741 est
774 1702 943 1741 meum
963 1687 1108 1740 dare.
1159 1686 1272 1742 Hoc
1309 1696 1392 1744 est
1421 1704 1645 1761 regnum
1679 1689 1937 1745 caelorum
1975 1703 2082 1744 non

513 1785 599 1834 est
621 1779 799 1835 dantis
832 1779 926 1834 sed
952 1778 1284 1849 accipientis.
1315 1779 1439 1836 Non
1459 1782 1596 1836 enim
1621 1796 1968 1851 personarum
1993 1797 2083 1834 ac-

513 1870 680 1940 ceptio
706 1877 781 1925 est
804 1868 944 1940 apud
967 1846 1135 1923 Deum
1161 1887 1180 1924 :
1211 1871 1302 1927 sed
1323 1846 1631 1942 quicunque
1657 1871 1847 1942 dignus
1870 1879 1954 1927 est
1985 1887 2079 1926 ac-
2108 1846 2156 1906 Β

510 1958 663 2030 cipit,
683 1960 825 2029 quod
855 1974 962 2015 non
991 1970 1238 2030 paratum
1269 1974 1510 2031 personat
1534 1969 1636 2028 est,
1682 1962 1777 2016 sed
1820 1961 1962 2016 vitae.
2019 1960 2080 2016 Si

510 2050 696 2122 itaque
723 2051 859 2107 tales
877 2053 1010 2108 estis
1033 2052 1122 2122 qui
1145 2054 1567 2122 consequamini,
1605 2053 1747 2123 quod
1785 2053 2079 2110 victoribus

509 2149 666 2211 pater
691 2142 918 2212 paravit,
945 2143 1238 2212 accipietis.
1291 2143 1404 2211 Vel,
1452 2161 1558 2199 non
1597 2153 1680 2200 est
1727 2159 1906 2200 meum
1949 2144 2082 2200 dare

507 2232 780 2302 superbis,
806 2233 948 2303 quod
973 2233 1147 2289 adhuc
1178 2234 1330 2301 estis,
1361 2235 1455 2290 sed
1479 2235 1598 2291 aliis
1613 2235 1810 2306 quibus
1829 2243 2079 2306 paratum

509 2332 615 2379 est.
653 2323 799 2394 Ergo
818 2332 874 2380 et
898 2339 994 2381 vos
1022 2324 1186 2382 nolite
1211 2341 1333 2382 esse
1369 2327 1510 2397 quod
1548 2328 1702 2394 estis,
1754 2329 1851 2383 sed
1907 2335 2079 2383 estote

508 2414 628 2482 alii,
655 2415 708 2471 id
732 2423 836 2483 est,
859 2416 1214 2472 humiliamini
1240 2418 1332 2488 qui
1371 2416 1482 2487 jam
1523 2418 1686 2475 vultis
1722 2418 1972 2486 exaltari,
2025 2423 2080 2474 et

509 2514 593 2562 est
619 2515 866 2576 paratum
901 2509 1073 2565 vobis.

579 2598 742 2654 Vens.
767 2598 860 2654 24.
888 2629 961 2640 —
983 2599 1051 2654 Et
1074 2601 1342 2657 audientes
1361 2602 1556 2658 decem.
1587 2601 1658 2659 Ut
1682 2600 1756 2657 illi
1787 2601 2078 2658 carnaliter

505 2688 814 2760 petiverunt
835 2705 953 2747 esse
977 2706 1138 2762 super
1172 2708 1379 2761 omnes,
1429 2695 1509 2750 sic
1558 2704 1614 2750 et
1657 2694 1748 2750 isti
1791 2694 2079 2751 carnaliter

506 2782 810 2840 contristati
835 2791 959 2839 sunt
977 2799 1096 2840 esse
1118 2785 1351 2856 aliquem
1377 2796 1504 2844 ante
1529 2802 1608 2843 se.

579 2873 741 2929 Vens.
768 2873 859 2930 30.
885 2906 957 2916 —
983 2875 1050 2929 Et
1071 2891 1186 2932 ecce
1205 2877 1310 2932 duo
1336 2879 1481 2933 caeci.
1510 2879 1586 2933 De
1604 2878 1722 2934 istis
1742 2893 1908 2934 unum
1931 2894 2080 2935 com-

505 2974 774 3022 memorat
803 2965 1036 3034 Marcus,
1059 2967 1184 3037 quia
1205 2967 1380 3024 fuerat
1404 2969 1458 3022 in
1480 2967 1568 3023 illa
1591 2968 1806 3024 civitate
1829 2967 2078 3026 famosis-

504 3058 677 3114 simus
706 3074 721 3111 :
749 3057 840 3127 qui
863 3073 929 3112 ex
949 3073 1141 3129 magna
1158 3058 1411 3115 felicitate
1430 3057 1634 3128 ejectus
1654 3059 1947 3116 notissimae
1958 3069 2076 3116 erat

502 3147 758 3204 miseriae.
785 3147 971 3204 Caecus
991 3162 1184 3219 nempe
1202 3157 1258 3204 et
1285 3150 1580 3216 mendicus,
1602 3151 1744 3207 unde
1780 3159 1834 3207 et
1877 3165 2074 3206 nomen

503 3237 622 3308 ejus
652 3246 935 3305 memorat,
985 3247 1040 3308 et
1095 3255 1290 3297 nomen
1339 3242 1512 3312 patris
1558 3240 1675 3312 ejus
1715 3242 2074 3299 Barthimaeus

503 3329 730 3386 Thimtci
754 3331 931 3408 ﬁlius,
950 3332 1091 3401 quod
1117 3332 1170 3387 in
1196 3333 1318 3388 aliis
1341 3349 1449 3389 non
1481 3333 1638 3389 facile
1657 3336 1915 3402 occurrit,
1966 3334 2071 3390 nisi

500 3421 558 3477 in
591 3419 760 3487 Jairo,
787 3422 879 3492 qui
906 3409 961 3477 et
985 3422 1036 3476 in
1062 3421 1153 3476 illo
1197 3422 1316 3479 loco
1359 3424 1558 3481 nobilis
1594 3425 1714 3480 fuit.
1766 3425 2072 3482 Famositas

499 3524 684 3572 autem
713 3515 1021 3580 illuminati,
1062 3531 1312 3586 magnam
1333 3515 1531 3573 fumant
1558 3519 1821 3574 miraculo
1855 3535 2074 3590 compa-

499 3606 662 3662 ravit.
690 3606 924 3662 Veniens
947 3604 1164 3661 Jericho
1188 3622 1353 3661 unum
1400 3606 1665 3662 illuminat
1704 3608 1848 3678 quod
1898 3607 2074 3666 Lucas

501 3699 601 3764 ait,
633 3698 758 3768 quia
783 3698 942 3752 morti
970 3698 1338 3768 propinquans
1374 3697 1556 3755 lumen
1600 3700 1878 3772 Evangelii
1929 3717 2070 3772 pras-

499 3789 702 3846 dicavit
727 3787 950 3854 Iudaeis,
980 3787 1169 3844 exiens
1195 3791 1350 3856 duos,
1376 3791 1502 3860 quia
1541 3800 1664 3861 post
1718 3792 2073 3848 resurrectio-

497 3894 624 3937 nem
647 3877 865 3944 Judaeis,
895 3886 950 3934 et
974 3879 1242 3950 gentibus.
1283 3879 1358 3938 De
1390 3883 1595 3952 quibus.
1639 3882 1852 3940 Marcus
1905 3899 2073 3940 unum

496 3973 673 4043 ponit,
695 3973 788 4043 qui
817 3971 1067 4044 gentibus
1094 3973 1300 4028 scribit.

1081 4113 1307 4172 CAPUT
1353 4114 1493 4172 XXI.

563 4246 730 4305 Vens.
755 4249 780 4303 i
792 4249 972 4303 .—-Et
991 4265 1108 4304 cum
1143 4251 1661 4322 appropinquassent.
1715 4251 1816 4308 Hic
1845 4260 2071 4323 praeter-

493 4338 662 4394 mittit
682 4339 964 4395 Matthaeus
980 4355 1044 4395 ea
1079 4355 1200 4410 quae
1215 4340 1358 4396 facta
1384 4351 1510 4396 sunt
1529 4351 1818 4412 antequam
1842 4342 2071 4398 intraret

495 4429 910 4502 Jerosolymam,
965 4447 1086 4502 qua:
1121 4432 1210 4487 alii
1235 4432 1498 4503 prolixius
1528 4440 1784 4487 tractant.
1848 4431 1918 4486 Et
1951 4449 2070 4488 cum

2182 594 2354 649 nistra
2380 601 2482 657 est,
2507 600 2563 646 et
2587 591 2832 644 laborum
2848 598 2902 645 et
2923 590 3164 646 dolorum
3191 591 3454 656 solamen,
3487 601 3545 646 et
3570 592 3752 648 excel-

2182 681 2475 738 liteteteris
2501 680 2816 750 liquoribus.
2863 679 3034 734 Misit.-
3079 679 3213 746 Quia
3258 680 3535 736 lucernam
3584 696 3748 750 quam

2183 772 2407 842 accepit,
2437 785 2545 826 non
2571 769 2686 825 vult
2713 768 2813 824 sub
2832 769 3011 826 modio
3039 770 3311 826 abscondi.
3340 771 3484 826 Duos
3513 771 3750 841 discipu-
3837 780 3849 790 ‘

2183 858 2281 914 los.
2309 860 2424 915 Duo
2451 866 2669 929 propter
2696 857 2978 913 scientiam
3028 859 3274 914 veritatis
3319 869 3375 914 et
3425 861 3752 917 munditiam

2183 949 2382 1020 operis,
2405 957 2459 1003 et
2483 955 2880 1004 sacramentum
2908 949 3131 1020 geminae
3151 949 3453 1005 dilectionis
3489 953 3753 1021 praedica-

2183 1040 2313 1096 turi.
2346 1039 2572 1106 Quidam
2597 1039 2780 1094 dicunt
2808 1039 2908 1094 hos
2928 1040 3060 1094 duos
3082 1040 3300 1096 Petrum
3326 1048 3382 1096 et
3420 1031 3753 1112 Philippum,

2183 1130 2274 1200 qui
2307 1130 2542 1201 primum
2585 1129 2813 1200 gentiles
2836 1130 2904 1184 ad
2927 1127 3203 1185 Christum
3233 1129 3594 1198 adduxerunt,
3635 1130 3754 1185 Phi-

2184 1222 2358 1291 lippus
2389 1220 2688 1276 Samariam
2716 1235 2878 1289 quam
2901 1219 3104 1274 asinam
3159 1220 3605 1290 interpretantur,
3651 1219 3754 1276 Pe-

2183 1321 2300 1368 trus
2324 1311 2629 1368 Cornelium
2656 1311 2808 1382 quasi
2839 1310 3095 1365 Samariae
3121 1310 3344 1380 pullum.

2252 1403 2414 1459 Vens.
2446 1403 2500 1458 2.
2523 1434 2595 1444 —-
2623 1403 2690 1456 Et
2716 1402 2940 1474 pullum.
2990 1403 3174 1458 Pullus
3217 1412 3301 1460 est
3351 1403 3586 1474 populus
3616 1419 3753 1476 gen-

2185 1497 2318 1552 tium
2341 1494 2426 1551 cui
2457 1494 2634 1548 nullus
2657 1493 2937 1548 doctorum
2957 1491 3168 1548 frenum
3191 1493 3540 1548 correctionis
3569 1495 3744 1565 impo-

2183 1585 2310 1650 suit,
2335 1584 2470 1639 liber
2496 1593 2551 1638 et
2582 1582 2837 1650 lascivus,
2889 1582 2980 1652 qui
3009 1591 3061 1638 et
3082 1583 3196 1654 ipse
3239 1582 3468 1638 vinculis
3497 1593 3760 1653 peccato-

2182 1692 2304 1730 rum
2328 1675 2567 1729 irretitus
2599 1679 2737 1729 erat.
2771 1671 2962 1728 Omnes
2991 1674 3126 1728 enim
3146 1682 3486 1744 peccaverunt
3514 1683 3562 1728 et
3604 1683 3754 1745 egent

2181 1771 2352 1842 gratia
2376 1770 2473 1824 Dei
2496 1768 2672 1840 (Rom.
2697 1767 2801 1840 ιιι).
2834 1767 2938 1822 Alii
2985 1768 3050 1823 de
3089 1767 3205 1823 solo
3257 1766 3401 1838 pullo
3431 1786 3444 1822 :
3475 1766 3764 1824 Matthacus

2181 1861 2274 1932 qui
2309 1859 2548 1916 Hebrzeis
2572 1859 2780 1926 scribit,
2810 1866 2866 1914 et
2910 1859 2978 1915 de
3015 1859 3166 1914 asina
3209 1859 3339 1914 dicit
3389 1858 3592 1916 docens
3644 1877 3762 1916 non

2183 1952 2454 2023 desperari
2482 1951 2708 2007 salutem
2739 1949 2977 2008 Hebraeis
2999 1953 3044 2008 si
3066 1952 3383 2021 poeniteant.
3427 1952 3641 2008 Marcus
3669 1954 3758 2008 di-

2182 2044 2255 2099 cit
2274 2043 2475 2114 pullum
2504 2049 2631 2100 ante
2657 2041 2882 2112 januam
2930 2041 2985 2096 in
3033 2041 3178 2098 bivio
3233 2041 3531 2099 inventum.
3584 2041 3756 2098 Janua

2181 2135 2448 2200 Christus,
2479 2140 2633 2190 extra
2667 2146 2828 2203 quam
2850 2132 3077 2202 populus
3098 2133 3339 2204 gentium
3387 2133 3565 2189 stabat
3618 2133 3759 2205 liga-

2183 2233 2269 2281 tus
2298 2242 2313 2280 :
2341 2240 2449 2280 non
2477 2224 2529 2279 in
2556 2238 2663 2278 una
2689 2223 2774 2278 via
2799 2222 2942 2289 ﬁdei,
2969 2222 3062 2278 sed
3092 2223 3146 2277 in
3175 2222 3404 2279 diversis
3449 2223 3756 2279 erroribus.

2250 2315 2413 2371 Vens.
2440 2314 2493 2369 5.
2518 2345 2587 2356 —
2612 2313 2781 2368 Dicite
2799 2313 2924 2382 lilia:
2971 2313 3122 2369 Sion.
3147 2313 3280 2368 Filia
3307 2313 3460 2380 Sion,
3485 2325 3569 2370 cst
3595 2313 3756 2370 Jeru-

2180 2409 2346 2466 salem
2377 2407 2480 2462 sita
2513 2406 2568 2462 in
2595 2414 2780 2462 monte
2827 2403 2978 2461 Sion.
3010 2405 3267 2476 Mystice-
3294 2405 3533 2461 Ecclesia
3582 2406 3757 2476 perti-

2177 2515 2314 2558 nens
2352 2499 2420 2554 ad
2470 2513 2759 2570 supernam
2798 2496 3094 2554 Jerusalem
3138 2513 3258 2570 quae
3295 2507 3379 2556 est
3423 2507 3597 2554 mater
3641 2514 3759 2553 om-

2178 2592 2328 2648 nium
2353 2596 2618 2656 nostrum,
2650 2588 2806 2660 cujus
2832 2603 2942 2645 non
2971 2589 3194 2644 minima
3219 2604 3348 2659 pars
3379 2598 3508 2644 tunc
3549 2595 3669 2643 erat
3699 2588 3759 2644 in

2177 2683 2373 2756 populo
2392 2682 2582 2739 Israel.
2620 2680 2752 2737 Rex.
2793 2681 2873 2738 Ne
2923 2682 3162 2738 dicatis:
3201 2682 3325 2738 Non
3376 2683 3624 2738 habemus
3675 2698 3758 2736 re-

2177 2791 2313 2846 gem,
2352 2775 2453 2829 ηἰδὶ
2480 2773 2740 2830 Ccesarem
2766 2772 2948 2847 (Joan.
2974 2773 3114 2846 XIX).
3143 2773 3276 2828 Tibi.
3300 2773 3357 2829 Si
3386 2774 3592 2839 credis;
3622 2789 3756 2829 con-

2178 2876 2264 2922 tra
2287 2875 2339 2922 te
2368 2866 2411 2922 si
2439 2881 2548 2922 non
2585 2865 2782 2922 credis.
2846 2864 3019 2937 Super
3067 2867 3292 2932 asinam,
3339 2875 3448 2922 etc.
3516 2867 3634 2922 Non
3682 2868 3759 2921 ad

2176 2959 2409 3015 litteram
2462 2973 2623 3028 super
2671 2966 2962 3026 utrumque
3004 2958 3163 3024 sedit,
3206 2959 3301 3014 sed
3346 2958 3400 3013 in
3442 2959 3760 3030 praecordiis

2176 3053 2458 3122 utriusque
2498 3051 2701 3122 populi.
2739 3050 2923 3108 Potuit
2969 3052 3230 3109 Dominus
3272 3069 3434 3125 super
3466 3063 3756 3124 utrumque

2177 3145 2496 3213 ascendere,
2521 3144 2854 3203 descendens
2883 3145 2950 3202 de
2976 3160 3108 3214 uno,
3159 3155 3215 3202 et
3251 3147 3548 3204 ascendens
3594 3163 3758 3218 super

2177 3238 2362 3295 alium.

2243 3328 2408 3385 Vens.
2433 3327 2653 3385 7.--Et
2677 3329 3032 3386 adduxerunt.
3058 3328 3149 3387 Sic
3168 3338 3223 3387 et
3246 3329 3469 3402 apostoli
3495 3331 3755 3385 mundum

2173 3422 2374 3478 virtute
2395 3422 2594 3479 Christi
2619 3437 2650 3476 a
2677 3431 2944 3494 potestate
2971 3425 3170 3482 diaboli
3207 3424 3503 3488 solverunt,
3551 3432 3604 3477 et
3652 3423 3758 3476 im-

2172 3523 2468 3586 posuerunt
2486 3515 2806 3571 vestimenta
2832 3531 2994 3587 super
3021 3531 3165 3572 eum.
3195 3514 3302 3572 Sed
3325 3522 3522 3571 cratera
3571 3515 3757 3580 turba,

2174 3608 2230 3663 id
2261 3615 2364 3676 est,
2394 3605 2565 3664 Judaei
2589 3608 2927 3674 vestimenta,
2953 3609 3008 3665 id
3029 3617 3133 3677 est,
3155 3609 3289 3680 legis
3316 3609 3572 3664 mandata
3603 3616 3748 3663 ster-

2173 3708 2329 3767 nunt,
2355 3698 2482 3770 quia
2509 3715 2541 3754 a
2567 3699 2890 3757 Christianis
2911 3709 3070 3758 erant
3095 3700 3483 3766 conculcanda,
3535 3700 3590 3754 in
3639 3700 3758 3766 via,

2173 3789 2228 3844 id
2254 3796 2357 3855 est,
2389 3788 2446 3843 in
2480 3789 2716 3845 Christo.
2782 3788 2952 3862 Super
2989 3808 3098 3846 eos.
3148 3789 3339 3847 Vestes
3390 3789 3760 3860 apostolorum

2173 3889 2299 3936 sunt
2324 3888 2590 3952 praecepta
2619 3881 2822 3949 divina,
2865 3891 2921 3938 et
2965 3884 3140 3953 gratia
3189 3882 3500 3953 spiritualis,
3555 3882 3759 3952 quibus

2174 3974 2450 4044 turpitudo
2466 3974 2646 4030 carnis
2670 3983 2871 4031 nostra:
2899 3975 3126 4046 tegitur:
3152 3974 3248 4030 llis
3283 3974 3434 4045 prius
3479 3974 3610 4030 nudi
3657 3990 3760 4045 po-

2170 4063 2306 4135 puli,
2327 4064 2424 4120 sed
2449 4065 2609 4121 modo
2627 4079 2726 4134 per
2745 4064 3018 4135 apostolos
3038 4065 3216 4120 ornati
3246 4064 3518 4120 Christum
3552 4063 3763 4120 habent

2172 4167 2460 4211 sessorem.
2493 4156 2668 4210 Minor
2700 4157 2856 4212 turba
2885 4172 2991 4212 non
3020 4156 3172 4227 ponit
3207 4164 3385 4212 vestes
3430 4171 3594 4225 super
3640 4157 3754 4210 asi-

2171 4260 2320 4313 nam,
2345 4246 2439 4303 sed
2466 4247 2522 4301 in
2544 4246 2628 4301 via
2650 4259 2750 4302 nec
2779 4247 2871 4302 ubi
2899 4245 3138 4304 olfendat
3169 4265 3183 4301 :
3215 4246 3340 4317 quia
3384 4245 3558 4303 sancti
3608 4261 3759 4300 mar-

2174 4345 2324 4408 tyres
2386 4352 2606 4392 carnem
2656 4345 2936 4404 eruentes,
2990 4337 3410 4409 simplicioribus
3457 4337 3603 4392 viam
3657 4353 3758 4408 per

2172 4429 2477 4500 exemplum
2504 4443 2601 4484 suo
2629 4429 2889 4500 sanguine
2908 4438 3122 4498 parant.
3606 4430 3634 4456 ⁹

495 4523 1015 4593 apprOpinquassent.
1075 4523 1333 4580 Dominus
1372 4522 1726 4594 spiritualiter
1767 4521 2068 4580 Jerusalem
2095 4553 2148 4614 Β
2186 4612 2202 4614 ᾼ
2243 4521 2406 4614 Vens.
2444 4519 2498 4574 8.
2520 4549 2601 4614 ⁸-
2622 4519 2814 4614 Remos
2851 4522 2916 4575 de
2946 4519 3248 4614 arboribus,
3284 4530 3390 4577 etc.
3433 4522 3643 4614 Ramosr
3666 4523 3759 4576 vel

495 4613 943 4684 appropinquavit
959 4615 1176 4684 quando
1199 4615 1534 4679 incarnatus,
1558 4611 1858 4668 Ecelesiam
1881 4615 1936 4669 in
1959 4631 2065 4685 qua

493 4709 582 4758 est
605 4702 740 4758 visio
769 4703 917 4774 pacis
942 4704 1196 4771 visitavit,
1233 4719 1394 4773 quam
1422 4719 1520 4774 per
1547 4703 1939 4760 confessionem
1963 4706 2066 4760 sibi

491 4793 884 4850 reconciliavit.
906 4795 1221 4864 Bethphage
1241 4796 1385 4850 enim
1413 4795 1608 4852 domus
1627 4797 1811 4853 buccae
1845 4797 2060 4852 dicitur.

493 4883 811 4956 Bethphage.
864 4885 1172 4957 Bethphage
1211 4895 1331 4941 erat
1385 4887 1592 4944 viculus
1637 4890 1974 4946 sacerdotum
2011 4891 2066 4947 in

493 4983 677 5032 monte
722 4974 937 5041 Oliveti,
986 4975 1040 5029 in
1095 4973 1245 5045 cujus
1302 4977 1504 5032 montis
1555 4978 1726 5035 latere
1749 4989 1832 5035 est
1875 4979 2066 5037 civitas

493 5063 773 5121 Bethania.
799 5063 1130 5136 Bethphage,
1159 5068 1348 5123 domus
1385 5067 1588 5124 buccae.
1639 5070 1923 5138 Bethania,
1974 5073 2068 5128 do-

492 5173 616 5214 mus
636 5157 973 5214 obedientiam
1020 5159 1129 5214 Has
1173 5160 1430 5216 Dominus
1469 5177 1719 5234 pergens,
1767 5163 2066 5220 Jerusalem

493 5265 591 5307 sua
612 5251 896 5321 prmscntia
924 5250 1195 5316 sublimat,
1221 5253 1347 5323 quia
1378 5255 1576 5311 multos
1603 5264 1728 5311 ante
1757 5258 2065 5327 passionem

493 5340 738 5396 docendo
759 5341 912 5395 donis
941 5341 1042 5411 pia:
1072 5341 1426 5400 confessionis
1453 5353 1508 5401 et
1534 5346 1852 5404 obedientiae
1875 5348 2067 5418 imple-

491 5432 590 5486 vit.
623 5430 752 5487 Sitae
785 5439 963 5486 autem
988 5439 1114 5488 sunt
1155 5433 1258 5490 illa:
1299 5434 1549 5493 civitates
1576 5436 1631 5492 in
1670 5445 1854 5494 monte
1884 5436 2064 5493 Oliva-

497 5538 641 5588 rum,
682 5522 735 5578 id
761 5530 860 5588 est,
887 5523 941 5578 in
963 5523 1179 5580 Christo
1205 5525 1454 5592 Domino,
1477 5542 1507 5581 a
1535 5543 1643 5597 quo
1670 5527 1856 5584 unctio
1899 5537 1954 5582 et
1971 5527 2064 5582 lux

492 5612 743 5669 omnibus
761 5615 939 5680 venit;
988 5615 1172 5672 unde:
1207 5616 1331 5671 Non
1384 5626 1549 5687 potest
1607 5618 1786 5672 civitas
1815 5617 2066 5671 abscondi

495 5721 649 5775 super
697 5716 922 5762 montem
973 5708 1356 5779 posita.—Ad
1404 5719 1628 5763 montem
1679 5708 1867 5763 Oliveti
1895 5725 1913 5764 .'
1941 5719 2063 5764 tunc

495 5795 666 5866 Iesus,
703 5808 805 5857 etc.
839 5801 920 5858 Ad
941 5801 1323 5861 sublimitatem
1344 5800 1725 5859 misericordiae
1747 5801 2063 5873 respiciens,

2173 4610 2392 4665 frondes
2421 4610 2668 4677 caedunt,
2695 4610 2822 4681 quia
2857 4613 3021 4667 verba
3059 4620 3115 4667 et
3154 4615 3453 4668 sententias
3490 4615 3556 4670 de
3595 4613 3752 4670 libris

2171 4701 2391 4757 Patrum
2421 4710 2782 4772 excerperunt
2806 4703 2890 4758 vel
2916 4703 3184 4775 exempla.

2241 4812 2404 4870 Vens.
2435 4813 2488 4870 9.
2511 4845 2582 4854 —
2603 4813 2838 4868 Osanna.
2867 4815 3071 4889 (litem)
3096 4817 3211 4882 Osi,
3243 4817 3296 4874 id
3319 4827 3421 4885 est,
3454 4819 3619 4884 salva,
3649 4819 3755 4875 sal-

2170 4903 2350 4959 vilica.
2381 4904 2536 4959 Anna
2563 4903 2868 4972 interjectio
2899 4907 3258 4977 deprecantis,
3293 4910 3449 4978 quasi
3480 4911 3628 4965 salva
3657 4913 3752 4966 ob-

2171 5009 2345 5050 secro.
2383 4994 2599 5050 Osanna
2642 5002 2810 5050 totum
2859 4995 3183 5054 Hebraicnm
3225 5008 3338 5066 est,
3389 5009 3443 5056 et
3485 5002 3754 5072 signiﬁcat

2168 5087 2311 5155 quod
2331 5086 2591 5141 adventus
2618 5084 2820 5141 Christi
2852 5086 2998 5144 salus
3027 5092 3215 5146 mundi
3246 5091 3316 5146 sit
3346 5108 3361 5146 :
3395 5092 3535 5147 unde
3563 5093 3747 5164 sequi—

2167 5182 2299 5229 tur:
2338 5173 2667 5229 Benedictus.
2705 5173 2954 5243 Osanna,
2996 5177 3048 5233 id
3078 5189 3166 5234 cst
3201 5181 3366 5234 salva.
3405 5180 3474 5234 In
3511 5181 3745 5236 excelsis.

2169 5265 2304 5332 Quia
2335 5266 2596 5321 adventus
2622 5265 2823 5322 Christi
2855 5283 2960 5324 non
2993 5278 3200 5325 tantum
3230 5271 3505 5326 hominum
3540 5273 3634 5327 sed
3665 5281 3747 5328 to-

2168 5355 2275 5409 tius
2300 5355 2484 5420 mundj
2512 5355 2656 5410 salus
2685 5364 2786 5418 est,
2817 5364 3026 5413 terrena
3061 5358 3388 5430 conjungens
3415 5359 3745 5425 ccelestibus,

2167 5455 2223 5498 ut
2250 5445 2307 5498 in
2330 5446 2537 5501 nomine
2559 5445 2685 5500 Iesu
2699 5463 2850 5502 omne
2883 5466 3014 5519 genu
3044 5452 3286 5520 ﬂectatur
3314 5450 3618 5518 cwlestium,
3644 5460 3748 5506 ter-

2166 5537 2408 5589 restrium
2431 5545 2479 5590 et
2507 5536 2829 5605 infernarum
2857 5537 3024 5609 (Phil.
3056 5539 3138 5610 ιι).
3170 5540 3236 5594 In
3265 5541 3498 5596 excelsis.
3526 5541 3665 5609 Quia
3694 5551 3750 5600 et

2167 5627 2478 5700 angelorum
2505 5629 2649 5685 salus
2673 5645 2902 5700 quorum
2933 5648 3213 5688 numerum
3241 5635 3451 5704 implet.

2240 5717 2402 5774 Vens.
2433 5719 2518 5773 l0.
2547 5749 2618 5758 —
2640 5717 2772 5773 Cum
2805 5720 3068 5775 intrasset.
3110 5722 3443 5792 Frequenter
3473 5725 3746 5794 ingressus

2168 5815 2251 5866 est
2281 5807 2554 5866 civitatem
2591 5804 2910 5878 Jerusalem,
2947 5811 3042 5868 sed
3062 5826 3172 5869 non
3197 5826 3320 5870 cum
3347 5813 3432 5872 his
3447 5811 3704 5871 laudibus
3729 5832 3744 5872 :
