4068 6344
306 420 413 479 155
909 430 940 457 ⁸

1217 417 1484 477 GLOSSA
1517 414 1913 474 cumnam.
1946 384 2017 455 ᾁ-
2053 411 2306 471 manu.
2352 413 2614 471 nuru.

3450 416 3557 473 154

301 551 414 592 non
457 548 556 591 rex
577 540 833 599 vocatur,
863 531 1004 602 quod
1038 547 1251 604 semper
1288 533 1529 603 fugerat,
1570 531 1676 587 nisi
1718 530 1878 586 modo
1904 531 1953 593 Α
1980 530 2296 600 possidenti,
2323 530 2368 587 si
2391 539 2638 586 creatura
2660 545 2759 586 sua
2783 530 2853 586 ad
2873 530 3157 587 arbitrium
3179 547 3335 589 suum
3362 532 3554 600 utitur,

230 644 235 651 ’
304 640 430 684 cum
469 623 713 680 ascendit
749 638 1027 693 passurus.
1069 623 1224 691 Quod
1266 623 1388 679 ideo
1434 622 1635 678 factum
1672 630 1785 685 est,
1822 628 1884 675 ut

304 714 540 786 amplius
582 712 797 768 illorum
841 713 1129 768 adversum
1175 727 1236 768 se
1284 713 1547 768 excitaret
1590 710 1877 778 invidiam,

305 805 437 876 quia
464 802 577 873 jam
608 810 817 872 tempus
849 802 1116 871 passionis
1143 803 1398 858 instabat.

376 892 541 949 Vens.
566 892 657 947 12.
683 890 844 947 -Ει
867 891 1124 961 ejiciebat.
1157 891 1339 963 (Auc.)
1372 892 1619 962 Ejecerat
1657 900 1714 948 et
1755 900 1882 947 ante

304 983 415 1040 alia
440 984 591 1047 vice,
620 982 763 1052 quod
789 980 1025 1038 Joannes
1050 982 1196 1039 solus
1221 982 1353 1038 dicit
1381 999 1395 1037 :
1429 983 1524 1038 sed
1560 984 1627 1038 de
1662 983 1763 1038 hac
1800 983 1884 1036 ul-

305 1078 440 1134 tima
468 1077 731 1147 ejectione
754 1077 941 1133 dicunt
964 1085 1017 1133 et
1044 1077 1154 1133 alii.
1192 1076 1406 1134 Mensas
1439 1079 1877 1134 numulari‘orum.

304 1167 443 1235 Quia
476 1168 545 1223 de
589 1166 839 1228 omnibus
889 1166 1134 1237 partibus
1183 1167 1250 1223 ad
1286 1168 1541 1237 templum
1570 1167 1879 1233 veniebant,

300 1257 610 1315 vendebant
641 1256 947 1313 sacerdotes
973 1271 1081 1311 non
1107 1256 1428 1313 habentibus
1456 1257 1640 1312 omnia
1674 1258 1880 1312 anima—

300 1348 399 1415 lia,
427 1347 591 1404 etiam
612 1345 889 1403 columbas
914 1360 1053 1416 quas
1068 1360 1332 1416 pauperes
1361 1344 1642 1412 oil‘errent,
1660 1354 1720 1401 ut
1743 1362 1877 1402 ven-

301 1440 418 1496 dita
462 1447 652 1510 postea
702 1439 1005 1510 reciperent
1046 1438 1368 1495 oblationes.
1405 1436 1513 1494 Sed
1549 1438 1676 1507 quia
1715 1438 1879 1509 aliqui

299 1529 439 1586 nihil
465 1530 737 1586 habebant
757 1529 899 1584 unde
921 1536 1183 1594 emerent,
1208 1536 1501 1598 posuerunt
1525 1527 1880 1596 numularios,

300 1622 393 1691 qui
421 1628 607 1676 mutuo
631 1620 822 1676 darent
848 1635 863 1673 :
889 1626 947 1675 et
972 1619 1098 1689 quia
1125 1617 1212 1674 lex
1236 1626 1385 1673 vetat
1414 1633 1656 1684 usuram,
1685 1633 1787 1688 pro
1814 1632 1879 1672 ea

298 1708 484 1765 varias
522 1709 748 1779 species,
790 1707 846 1763 id
885 1716 992 1774 est,
1034 1722 1211 1778 poma,
1249 1722 1383 1763 uvas
1418 1714 1475 1761 et
1512 1706 1879 1776 hujuscemodi

299 1801 667 1871 accipiebant;
707 1801 809 1856 hos
841 1798 1008 1869 ejicit.
1051 1799 1144 1856 Sic
1178 1808 1234 1855 et
1272 1804 1497 1871 mystice
1533 1800 1772 1869 quotidie
1812 1800 1879 1855 de

1979 630 2036 677 et
2061 619 2127 675 ad
2150 620 2436 677 utilitatem
2459 621 2707 675 aliorum.
3364 680 3377 690 ,

2056 709 2216 765 Vens.
2259 710 2350 766 20.
2379 742 2446 752 -—
2470 709 2540 765 Et
2588 711 2837 766 videntes.
2881 712 3149 770 Passurus
3198 715 3455 770 Dominus
3501 721 3557 770 et

1979 801 2294 858 scandalum
2333 801 2513 857 crucis
2533 808 2870 871 portaturus,
2919 802 3300 873 disciptuurum
3345 804 3556 860 animos

1981 896 2168 952 debuit
2187 895 2327 965 signi
2356 894 2735 965 anticipatione
2768 894 3002 965 signare,
3034 893 3179 948 unde
3204 902 3258 948 et
3280 894 3554 948 miraban-

1982 1001 2089 1046 tur.
2119 988 2262 1057 quod
2289 986 2424 1042 licus
2447 987 2625 1042 aruit:
2660 986 2836 1057 potuit
2858 986 3049 1041 eadem
3085 986 3285 1040 virtute
3311 985 3554 1077 inimicos

1980 1081 2190 1135 siccare
2226 1079 2328 1134 nisi
2361 1093 2460 1149 per
2494 1079 2807 1149 patientiam
2847 1092 3035 1133 eorum
3068 1082 3430 1148 exspectasset
3468 1091 3555 1130 sa-

1981 1170 2168 1225 lutem.

2053 1260 2216 1315 Vens.
2264 1257 2353 1319 2i.
2384 1290 2457 1300 —
2492 1258 2701 1314 Fidem.
2731 1258 3035 1315 Perfectum
3068 1257 3226 1311 iidem
3250 1256 3431 1321 habet,
3460 1255 3553 1324 qui

1978 1366 2079 1424 per
2101 1352 2439 1407 dilectionem
2477 1358 2734 1421 operatur
2766 1368 2779 1403 :
2817 1349 2906 1405 hic
2931 1356 3109 1418 pctest
3144 1358 3353 1402 montes
3381 1354 3556 1400 trans-

1981 1441 2145 1497 ferre.
2175 1441 2280 1497 Alii
2311 1443 2377 1498 de
2402 1448 2624 1511 peccato
2649 1439 2863 1496 veniam
2905 1438 3152 1495 obtinent
3192 1438 3239 1494 si
3287 1437 3390 1508 ipsi
3435 1436 3556 1492 aliis

1979 1531 2282 1588 dimittunt.

1984 1678 1989 1681 .
2052 1623 2216 1679 Vens.
2240 1622 2419 1677 21——
2442 1621 2737 1694 Accipietis.
2763 1622 2831 1678 Et
2860 1621 2906 1677 si
2945 1618 3224 1677 diﬂ’eratur
3251 1618 3319 1673 ad
3345 1627 3555 1689 tempus

1980 1725 2364 1788 opportunum,
2393 1724 2450 1771 et
2474 1716 2520 1772 si
2542 1730 2650 1773 non
2679 1715 2763 1772 bis
2786 1714 2983 1786 quibus
3024 1714 3225 1785 petitur
3255 1720 3432 1766 tamen
3461 1710 3555 1780 qui

1982 1810 2145 1880 digne
2169 1817 2378 1878 petunt.

299 1890 543 1946 Ecclesia
573 1888 740 1959 ejicit.
766 1890 833 1944 Et
858 1890 1019 1945 habet
1044 1890 1203 1945 unius
1224 1889 1468 1946 criminis
1494 1905 1615 1945 reos
1641 1890 1875 1946 venden-
1904 1877 1953 1937 Β
2046 1877 2213 1954 ῙῙειιέ,
2242 1898 2334 1953 24.
2357 1930 2427 1939 -
2452 1898 2813 1970 Interrogatio,
2834 1905 2939 1954 etc.
2976 1897 3198 1953 Poterat
3222 1902 3406 1966 aperte
3428 1908 3556 1949 con-

303 1994 390 2038 tes
416 1990 470 2039 et
495 1990 732 2038 ementes
757 1981 1122 2038 ecclesiastica
1148 1980 1343 2037 oiiicia.
1369 1981 1439 2035 Et
1463 1981 1736 2037 cathedras
1756 1998 1879 2037 ven-

300 2078 552 2132 dentium.
583 2075 714 2143 Quae
728 2077 1106 2147 magistrorum
1135 2082 1275 2139 sum,
1308 2075 1361 2131 id
1384 2082 1485 2138 est,
1516 2074 1875 2130 sacerdotium

299 2183 489 2224 eurum
523 2166 751 2222 destruit
774 2166 866 2235 qui
884 2182 887 2183 ν
902 2166 968 2220 de
996 2166 1338 2237 impositione
1360 2181 1569 2232 manus,
1596 2180 1694 2236 per
1713 2181 1875 2235 quam

300 2260 537 2330 Spiritus
574 2267 793 2315 sanctus
829 2259 1006 2322 datur,
1028 2259 1258 2327 pretium
1292 2257 1578 2326 accipiunt.
1608 2257 1744 2312 Hine
1769 2265 1875 2324 est,

298 2351 444 2420 quod
471 2349 693 2405 haeresis
717 2347 952 2403 Simonis
977 2348 1282 2402 damnatur.
1314 2347 1395 2402 Ad
1426 2347 1662 2403 litteram
1694 2356 1877 2402 autem

299 2442 589 2497 absurdum
610 2447 694 2496 est
712 2440 891 2495 dicere
920 2440 1195 2496 institores
1216 2440 1585 2496 columbarum
1611 2440 1665 2495 in
1692 2442 1877 2497 cathe-

298 2533 413 2589 dris
439 2533 651 2589 sedere.

365 2642 530 2698 Vens.
561 2642 649 2698 15.
675 2673 748 2684 -
769 2641 1075 2698 Latronum.
1102 2642 1267 2699 Latro
1291 2650 1375 2699 est
1404 2643 1494 2715 qui
1520 2642 1672 2700 lucra
1703 2654 1877 2700 secta-

295 2742 389 2789 tur
404 2767 425 2797 ,ι
441 2734 533 2803 qui
567 2742 623 2788 et
661 2748 766 2788 non
804 2735 993 2788 dantes
1019 2735 1371 2804 corporaliter
1407 2735 1782 2805 persequitur,
1819 2743 1876 2790 et

518 2834 673 2883 necat
695 2826 1063 2897 spirituaiiter,
1092 2837 1146 2884 et
1173 2827 1297 2884 dum
1337 2827 1606 2884 lzcsionem
1637 2827 1870 2900 proximi

292 2920 518 2988 cogitat,
546 2918 700 2989 quasi
726 2918 867 2974 latro
893 2920 1042 2974 sedet
1070 2919 1124 2973 in
1152 2918 1425 2989 spelunca.

364 3030 530 3086 Vens.
548 3028 779 3085 11.-Ει
807 3039 1151 3084 accesserunt.
1171 3030 1413 3102 Mystice.
1439 3029 1724 3102 Simplices
1747 3046 1872 3103 pec-

288 3130 507 3179 catores
523 3121 588 3177 ad
604 3136 662 3177 se
680 3137 776 3191 per
787 3122 1154 3189 ptenitcntiam
1173 3123 1508 3184 accedentes,
1527 3123 1678 3193 prius
1697 3138 1870 3178 caecos

287 3211 347 3266 in
373 3211 682 3281 cognitione
706 3218 761 3265 et
774 3208 993 3264 claudos
1006 3209 1060 3262 in
1079 3210 1389 3279 operatione
1415 3210 1784 3278 illuminando,
1815 3220 1869 3266 et
1899 3222 1944 3284 ρ

288 3302 349 3357 in
374 3301 542 3355 vitam
568 3299 910 3357 rectitudinis
939 3294 1215 3370 dirigendo
1239 3300 1477 3370 quotidie
1514 3308 1690 3355 sanat.

371 3411 532 3466 Vens.
562 3410 648 3467 15.
678 3442 749 3451 -
772 3408 1041 3466 Mirabilia
1068 3427 1215 3481 quw,
1237 3418 1343 3467 etc.
1378 3410 1445 3467 Ut
1479 3409 1687 3483 ﬂagello
1713 3411 1870 3467 unius

288 3513 352 3562 et
374 3503 491 3560 vilis
519 3511 598 3560 tot
623 3503 766 3573 ejici,
795 3518 1013 3559 mensas
1053 3503 1313 3570 subverti,
1337 3520 1443 3575 quo
1469 3504 1603 3560 nihil
1644 3505 1867 3560 mirabi-

287 3597 399 3651 lius
420 3598 545 3669 egit.
576 3596 795 3668 Igneum
828 3603 885 3651 et
921 3596 1190 3652 sidereum
1214 3596 1417 3667 aliquid
1455 3598 1629 3654 radiat
1657 3612 1725 3653 ex
1754 3599 1871 3670 ejus

287 3688 487 3754 oculis,
512 3686 659 3744 lucet
681 3686 738 3743 in
761 3685 901 3743 facie
927 3685 1185 3758 majestas
1208 3688 1441 3747 deitatis.

366 3799 527 3855 Vens.
573 3799 657 3854 16.
697 3798 930 3854 —Dia:it
962 3801 1058 3856 eis.
1088 3799 1207 3857 Non
1232 3809 1379 3873 patet
1406 3801 1706 3869 calumniae,
1735 3818 1868 3870 non,

290 3889 391 3955 ait,
415 3888 555 3951 bene
579 3888 784 3946 faciunt
799 3889 886 3945 vel
906 3889 1067 3957 male,
1089 3891 1174 3947 vel
1194 3892 1336 3948 aetati
1366 3894 1594 3964 parcite,
1620 3894 1715 3951 sed
1739 3905 1866 3950 tem-

287 3985 468 4052 perat,
493 3987 549 4035 et
569 3993 629 4035 se
652 3986 864 4035 tacente
890 3981 1052 4036 verba
1075 3994 1365 4050 puerorum
1388 3983 1694 4038 testimonio
1722 3981 1870 4039 Scri-

287 4076 467 4140 pturte
494 4068 799 4124 conﬁrmat.
832 4067 1129 4139 Infantiam
1152 4079 1201 4126 et
1223 4071 1328 4127 lac.
1355 4071 1544 4128 Testes
1581 4073 1869 4129 miraculo-

289 4171 415 4213 rum
441 4156 642 4213 Christi
671 4157 902 4214 infantes
923 4159 1194 4227 dicuntur,
1216 4176 1322 4216 non
1347 4168 1526 4230 aetate,
1549 4163 1642 4219 sed
1663 4163 1869 4236 simpli-

287 4247 478 4302 citate.
526 4246 813 4303 Lactentes
846 4248 997 4318 quasi
1048 4248 1203 4316 lacte,
1250 4249 1302 4306 id
1341 4258 1443 4317 est,
1483 4251 1867 4308 miraculorum

286 4336 561 4392 suavitate
606 4336 878 4404 delectati,
924 4354 1044 4409 qua:
1089 4339 1340 4395 dicuntur
1382 4340 1488 4411 lac,
1528 4342 1686 4411 panis
1738 4359 1868 4400 vero

287 4428 536 4485 doctrina
569 4428 826 4498 perfecta.

365 4521 531 4575 Vens.
570 4520 655 4574 l7.
690 4548 763 4561 —
799 4520 934 4575 Abiit
979 4521 1141 4591 foras.
1183 4520 1316 4589 Quia
1362 4536 1582 4594 pauper,
1629 4523 1865 4594 nullique

288 4612 561 4678 adulatus,
591 4611 794 4667 nullum
824 4610 880 4666 in
924 4621 1070 4666 tanta
1119 4615 1252 4668 urbe
1301 4614 1507 4669 invenit
1562 4615 1861 4686 hOSpitcm,

288 4704 388 4759 sed
443 4703 584 4774 apud
634 4701 898 4757 Lazarum
944 4712 1192 4773 receptus
1219 4712 1340 4773 ρει..

367 4794 532 4849 Vens.
556 4793 882 4851 i9.—Fici
918 4794 1174 4849 arborem.
1226 4796 1378 4852 Sicut
1418 4797 1582 4853 multa
1631 4799 1767 4855 dixit
1810 4801 1865 4857 in

285 4884 586 4956 parabolis,
637 4884 712 4939 ita
753 4893 811 4939 et
836 4882 983 4939 fecit.
1025 4882 1135 4939 Cur
1183 4886 1326 4940 enim
1376 4887 1429 4942 in
1481 4888 1584 4943 ficu
1631 4887 1865 4947 fructum

286 4984 582 5048 quaereret,
612 4974 765 5045 cujus
785 4984 993 5046 tempus
1028 4976 1262 5031 nondum
1283 4992 1403 5034 esse
1427 4979 1650 5048 quilibet
1677 4980 1862 5050 sciret,

288 5076 348 5124 et
372 5068 442 5124 ob
474 5067 531 5123 id
562 5076 778 5123 aeternas
798 5066 1067 5122 sterilitati
1112 5068 1410 5136 damnaret,
1446 5070 1549 5124 nisi
1595 5070 1718 5139 quia
1751 5070 1865 5142 ple-

289 5158 418 5215 bem
442 5172 603 5227 quam
648 5154 872 5212 docebat
896 5154 1062 5211 verbo
1095 5157 1288 5211 terruit
1314 5157 1402 5213 hic
1430 5157 1604 5224 facto;
1633 5173 1701 5214 ne
1742 5162 1864 5230 quis

290 5253 501 5309 habens
527 5250 676 5316 folia,
712 5248 767 5305 id
788 5258 871 5305 est
894 5249 1056 5305 verba
1089 5249 1312 5319 justitite
1350 5250 1467 5305 sine
1512 5250 1687 5306 fructu
1739 5268 1864 5322 ope-

288 5361 440 5410 rum,
468 5352 742 5398 mercatur
769 5340 966 5398 excidi.
990 5339 1167 5395 Folia.
1197 5340 1538 5399 Traditiones
1562 5342 1863 5401 Pharisaeo-

289 5453 412 5492 rum
439 5437 555 5493 sine
585 5434 763 5490 {metu
813 5434 1076 5498 veritatis,
1134 5434 1274 5489 unde
1312 5434 1450 5490 alius
1488 5420 1813 5507 evangelista
1843 5453 1858 5491 :

291 5530 532 5585 nondum
558 5536 676 5584 erat
705 5536 912 5599 tempus
948 5526 1257 5582 salvationis
1294 5527 1475 5595 Israel,
1507 5544 1571 5586 eo
1597 5532 1740 5600 quod
1762 5547 1861 5602 ρο.

291 5623 451 5695 pulus
468 5622 706 5694 gentium
730 5622 965 5677 nondum
989 5622 1362 5688 subintrasset,
1392 5621 1476 5678 vel
1497 5622 1621 5693 quia
1648 5633 1865 5694 prseter-

290 5716 358 5771 tit
400 5724 613 5785 tempus
650 5712 801 5778 ﬁdei,
855 5728 976 5771 cum
1023 5722 1239 5782 spretus
1282 5714 1351 5769 ad
1395 5723 1584 5784 gentes
1633 5716 1863 5771 transiit.

296 5804 581 5867 Nunquam
612 5820 675 5862 ea:
699 5812 747 5861 te
769 5803 984 5859 fructus.
1016 5802 1132 5862 Non
1182 5804 1312 5862 facit
1354 5803 1606 5872 iniuriam
1653 5814 1866 5873 creator
1889 5876 1937 5900 ό

1979 1985 2156 2041 {utare
2178 2002 2274 2042 eos
2302 2005 2315 2041 :
2341 1988 2436 2042 sed
2463 1987 2584 2043 ideo
2613 1987 2926 2057 interrogat,
2962 1994 3022 2043 ut
3071 2000 3170 2041 suo
3215 1984 3300 2039 vel
3337 1983 3552 2039 silentio

1978 2075 2065 2131 vel
2098 2076 2363 2133 sententia
2401 2077 2744 2142 damnentur,
2766 2087 2821 2131 et
2840 2077 2893 2131 in
2915 2090 3020 2146 qua
3047 2082 3316 2145 potestate
3340 2074 3440 2128 hoc
3466 2072 3549 2126 fa-

1979 2167 2053 2224 cit
2082 2177 2411 2239 cognoscant
2438 2184 2535 2238 per
2562 2184 2642 2234 se,
2667 2169 2962 2225 secundum
2990 2168 3120 2223 illud
3152 2182 3167 2222 :
3191 2167 3336 2221 Deus
3373 2177 3550 2221 conte-

1978 2269 2053 2316 ret
2087 2261 2467 2317 denteseorum
2503 2262 2559 2317 in
2581 2278 2670 2316 ore
2693 2262 2941 2332 ipsorum.

2049 2353 2214 2408 Vens.
2242 2352 2331 2408 97.
2354 2384 2425 2393 —
2447 2353 2558 2408 Nec
2591 2369 2685 2423 ego
2705 2353 2821 2407 dico
2847 2352 3004 2408 uobis.
3034 2350 3252 2407 Duabus
3279 2349 3346 2405 de
3374 2348 3553 2404 causis

1975 2444 2276 2501 occultatur
2310 2446 2531 2510 veritas,
2558 2445 2643 2500 vel
2668 2445 2790 2515 quia
2816 2460 2919 2500 non
2944 2452 3070 2499 sunt
3096 2458 3323 2514 capaces
3344 2443 3553 2497 audito-

1977 2551 2087 2602 res,
2119 2537 2260 2591 unde
2294 2550 2309 2590 :
2337 2535 2520 2590 Habeo
2555 2534 2721 2590 multa
2750 2536 2891 2590 nobis
2931 2535 3124 2600 dicere,
3149 2534 3240 2607 sed
3271 2549 3373 2589 non
3403 2541 3549 2602 pote-

1975 2628 2068 2683 stis
2090 2636 2300 2697 portare
2326 2625 2515 2691 modo;
2541 2626 2626 2681 vel
2647 2626 2773 2695 quia
2797 2634 2922 2681 sunt
2962 2632 3379 2693 contemptores.
3405 2623 3549 2678 unde

1977 2717 2157 2773 Nolite
2193 2726 2434 2772 sanctum
2459 2716 2587 2771 dare
2614 2716 2852 2771 canibus.

2047 2808 2211 2864 Vens.
2234 2807 2324 2863 28.
2346 2836 2418 2846 ——
2441 2805 2614 2861 Homo
2650 2807 2863 2878 quidam
2900 2806 3119 2862 habebat
3141 2805 3272 2860 duos
3301 2804 3461 2874 ﬁlios,
3497 2813 3545 2859 et

1971 2902 2242 2965 accedens,
2267 2906 2375 2957 etc.
2406 2899 2570 2954 Facta
2589 2897 2960 2956 sacerdotibus
2981 2905 3138 2955 cauta
3168 2895 3545 2966 responsione,

1970 2993 2154 3051 statim
2184 2990 2350 3046 infert
2384 2988 2715 3059 parabolam,
2746 3002 2866 3058 qua:
2900 2995 2955 3044 et
2984 2987 3104 3043 illos
3136 2986 3426 3055 impietatis
3451 3000 3542 3040 ar—

1970 3091 2118 3155 guat,
2170 3090 2228 3136 et
2258 3081 2324 3134 ad
2352 3089 2541 3151 gentes
2568 3092 2793 3151 regnum
2833 3079 2928 3136 Dei
2969 3077 3400 3136 transferendum
3445 3077 3544 3133 do-

1973 3182 2113 3230 ceat.

2045 3266 2207 3319 Vens.
2235 3263 2607 3319 ὄιν-Βίωνα
2629 3264 2696 3317 ei.
2714 3261 2772 3316 In
2797 3260 3114 3332 quibusdam
3155 3258 3429 3316 codicibus
3451 3257 3546 3312 lia-

1971 3356 2150 3420 betur,
2189 3372 2284 3427 pro
2304 3354 2530 3426 primus,
2554 3353 2898 3409 novissimus.
2916 3352 3223 3423 lntelligunt
3245 3351 3388 3406 enim
3412 3349 3547 3405 veri-

1970 3459 2156 3517 tatem,
2180 3451 2273 3507 sed
2298 3449 2696 3522 tetgiversando
2716 3448 2904 3504 nolunt
2925 3447 3107 3507 dicere
3120 3445 3263 3516 quod
3283 3443 3542 3510 sentiunt,

1969 3551 2026 3600 ut
2064 3543 2133 3597 de
2166 3540 2432 3611 baptismo
2464 3539 2708 3595 Joannis.

2039 3638 2209 3695 Vens.
2232 3636 2322 3692 52.
2337 3665 2409 3676 -—
2420 3634 2654 3690 Joannes
2673 3634 2729 3689 in
2746 3632 2830 3689 uia
2841 3632 3086 3704 justitiat.
3099 3628 3360 3688 Joannem
3373 3628 3542 3685 Judaei

1969 3734 2398 3793 contemnentes,
2423 3739 2524 3780 nec
2551 3724 2693 3780 viam
2739 3723 2964 3795 iustitiae
2992 3720 3538 3793 comprehenderunt,

1967 3831 2071 3875 nec
2093 3818 2161 3874 de
2179 3817 2432 3888 operibus
2463 3815 2618 3871 malis
2636 3814 3010 3886 paenitentiam
3037 3820 3287 3883 egerunt.
3323 3811 3427 3867 Vos
3449 3828 3544 3869 au-

1968 3917 2091 3964 tem.
2112 3906 2329 3979 ((ὶιιιιὶὒ.)
2346 3906 2483 3975 Quia
2508 3917 2692 3978 aperte
2706 3904 2959 3962 nolebant
2979 3903 3304 3975 respondere
3321 3901 3540 3973 sapien-

1968 3997 2078 4064 tiae,
2113 3997 2169 4052 in
2188 3996 2462 4068 parabolis
2494 3996 2800 4066 capiuntur.
3511 4024 3514 4027 η

2038 4106 2203 4164 Vens.
2231 4107 2321 4163 '55.
2358 4137 2431 4148 —
2481 4105 2721 4160 Vineam.
2756 4105 2833 4160 De
2879 4118 2984 4175 qua
3026 4102 3196 4160 Isaias
3246 4102 3384 4174 (cap.
3440 4103 3537 4174 Iv).

1976 4201 2138 4257 Vinea
2167 4199 2374 4253 Domini
2398 4197 2547 4264 saba,
2577 4207 2682 4253 etc.
2712 4193 2872 4250 Fodit
2899 4197 2954 4249 in
2979 4211 3040 4249 ea
3068 4192 3323 4248 torcular.
3352 4193 3410 4246 In
3433 4191 3540 4247 fos-

1968 4288 2120 4345 sione
2146 4287 2307 4342 timor
2333 4294 2568 4351 notatur,
2598 4284 2724 4356 quia
2756 4291 3036 4354 praecepta
3067 4282 3155 4338 illa
3202 4280 3390 4353 legalis
3428 4297 3536 4336 non

1967 4392 2153 4434 amore
2178 4378 2274 4434 sed
2314 4376 2505 4432 timore
2532 4376 2843 4443 servabant.

2038 4485 2201 4541 Vens.
2238 4485 2328 4541 54.
2370 4516 2442 4526 -
2472 4483 2692 4555 Tempus
2735 4483 3003 4555 fructuum
3052 4483 3536 4556 appropinquasset,

1894 4571 1945 4631 Ι)
1966 4586 2071 4635 etc.
2102 4577 2246 4634 Bene
2272 4585 2481 4648 tempus
2507 4575 2798 4642 fructuum,
2824 4593 2932 4632 non
2956 4574 3164 4634 fructus
3193 4594 3207 4631 :
3238 4577 3364 4647 quia
3421 4576 3537 4630 nul-

1966 4668 2053 4724 lus
2086 4666 2188 4724 fuit
2214 4667 2268 4723 in
2300 4666 2390 4722 illo
2413 4667 2717 4722 contumaci
2743 4665 2962 4737 populo.

2037 4777 2203 4835 Vens.
2233 4778 2321 4832 '57.
2351 4808 2422 4818 —
2450 4775 2764 4842 Novissime,
2817 4784 2924 4832 etc.
2962 4776 3095 4832 Vide
3135 4775 3537 4847 patrisfamilias

1966 4869 2281 4943 patientiam
2303 4867 2392 4939 qui
2421 4876 2700 4937 exspectat
2727 4867 2795 4921 ad
2844 4865 3234 4937 paenitentiam.
3272 4862 3535 4920 Vereban-

1966 4969 2069 5015 tur.
2099 4958 2264 5027 Quasi
2297 4956 2492 5013 faciam
2526 4957 2669 5028 quod
2695 4970 2874 5011 meum
2902 4962 3005 5022 est,
3029 4955 3129 5026 ipsi
3149 4955 3366 5010 videant
3393 4955 3534 5025 quod

1963 5068 2121 5112 suum
2166 5061 2268 5110 est.

2034 5169 2201 5225 Vens.
2223 5168 2396 5225 58.—
2423 5167 2526 5223 Hic
2566 5177 2641 5223 est
2664 5167 2847 5223 lateres.
2871 5167 3029 5225 Patet
3056 5167 3327 5239 principes
3352 5179 3531 5223 sacer-

1963 5259 2145 5317 dotum
2175 5274 2281 5314 non
2316 5274 2412 5330 per
2437 5257 2814 5330 ignorantiam,
2839 5258 2932 5315 sed
2958 5273 3055 5330 per
3080 5258 3338 5315 invidiam
3384 5258 3530 5315 occi-

1961 5352 2105 5409 disse
2128 5350 2330 5417 Jesum,
2359 5366 2481 5407 cum
2499 5351 2702 5407 scirent
2719 5365 2843 5407 eum
2872 5368 3014 5419 esse,
3040 5353 3126 5409 cui
3154 5354 3353 5410 dicitur
3375 5369 3390 5407 :
3414 5349 3529 5407 Ρο-

1960 5446 2101 5501 stulo
2153 5464 2186 5500 a
2233 5462 2336 5512 me,
2384 5455 2433 5500 et
2465 5445 2602 5500 dabo
2630 5446 2724 5500 tibi
2768 5457 2943 5517 gentes
2990 5447 3346 5515 hwreditatem
3386 5455 3530 5501 tuam

1965 5533 2136 5607 (Psal.
2168 5533 2228 5603 ιι)
2259 5551 2274 5601 ;
2303 5534 2444 5591 unde
2470 5543 2524 5591 et
2543 5535 2883 5592 consulentes
2915 5537 3017 5592 sibi
3047 5537 3265 5591 aiebant
3297 5554 3309 5590 :
3342 5535 3403 5595 Si
3448 5537 3532 5590 di-

1963 5624 2216 5681 mittimus
2237 5639 2354 5678 cam
2377 5623 2452 5678 sic
2485 5623 2667 5697 (Joan.
2700 5627 2780 5697 ιι),
2809 5634 2915 5681 etc.
2962 5625 3280 5682 Habebimus
3312 5627 3532 5682 harndi-

1961 5725 2141 5771 tatem.
2172 5716 2471 5772 litereditas
2499 5716 2701 5773 Christi
2747 5734 2906 5787 quam
2946 5734 3234 5789 resurgens
3268 5718 3528 5789 possedit,

1965 5807 2204 5868 Ecclesia
2230 5817 2333 5874 est.
2380 5825 2542 5879 quam
2583 5809 2940 5871 moliebantur
2977 5811 3263 5871 νικήσετε
3309 5808 3527 5867 Judaei:
