4068 6344
281 417 385 476 i5?

1205 410 1472 472 GLOSSA
1506 407 1902 470 ORDINARIA.
1942 438 2013 449 —
2048 403 2303 464 EVANG.
2345 402 2609 461 MATTH.

3416 408 3522 467 158

281 532 465 593 monia
492 531 878 605 prophetarum
913 529 1082 588 dare:
1113 527 1210 586 sed
1234 502 1528 601 prophetas
1565 522 1848 582 Sadducazi
1874 524 1926 586 Α
1950 498 2127 592 potest
2148 519 2292 575 enim
2318 517 2534 574 Christo
2554 515 2805 591 ccelestia
2820 516 3138 589 praedicanti
3164 517 3404 589 credere,
3430 502 3522 594 qui

280 642 392 685 non
419 624 708 696 recipiunt.

351 685 651 774 Vens-52.
674 741 747 752 —
772 710 911 768 Dens
940 710 1229 777 Abraham,
1256 716 1363 767 etc.
1388 706 1491 776 Qui
1513 685 1630 777 iam
1651 703 1856 760 mortui

282 818 460 876 erant,
495 805 709 879 quando
751 805 871 862 haec
909 802 1141 868 dicebat,
1188 814 1317 872 ergo
1357 813 1458 870 per
1498 798 1602 854 hoc
1647 795 1858 850 animas

281 899 478 974 probat
502 909 820 969 permanere
842 900 965 964 post
991 899 1223 947 mortem
1260 903 1276 944 :
1311 903 1419 944 non
1458 885 1601 944 enim
1648 882 1859 939 dicere-

283 970 375 1051 tur
418 992 558 1047 Deus
594 1002 703 1046 non
732 983 1126 1042 exsistentium.
1179 981 1246 1036 Et
1288 978 1367 1037 sic
1404 974 1764 1034 introducitur
1802 983 1859 1029 et
1930 970 1935 974 ’

284 1096 575 1155 corporum
596 1076 942 1143 resurrectio,
975 1089 1095 1146 quae
1135 1087 1257 1129 cum
1294 1068 1580 1126 animabus
1601 1067 1745 1123 bona
1767 1063 1858 1120 vel

285 1174 428 1231 mala
458 1177 741 1246 gesserunt
765 1185 779 1224 :
802 1167 944 1225 Deus
970 1165 1256 1231 Abraham,
1282 1162 1422 1217 Deus
1450 1159 1609 1216 Isaac
1637 1167 1685 1214 et
1715 1156 1858 1212 Deus

282 1265 474 1323 Iacob.
516 1263 623 1321 Per
666 1261 771 1318 hoc
809 1259 1005 1331 probat
1038 1255 1397 1312 aeternitatem
1450 1249 1778 1316 animarum,
1804 1252 1861 1304 et

284 1356 470 1413 statim
491 1352 654 1410 infert
680 1366 697 1407 :
720 1349 845 1407 Non
865 1356 939 1405 est
957 1347 1099 1415 Deus
1124 1354 1473 1409 mortuorum,
1494 1349 1627 1407 etc.,
1650 1345 1709 1395 ut
1732 1353 1861 1395 cum

285 1445 603 1521 probaverit
625 1443 832 1502 animas
856 1454 1175 1513 permanere
1201 1445 1327 1510 post
1367 1445 1627 1502 mortem,
1667 1447 1859 1489 conse-

286 1546 518 1613 quenter
557 1533 993 1592 introduceretur
1010 1530 1174 1586 ctiam
1195 1542 1483 1599 corporum
1507 1523 1859 1593 resurrectio,

285 1643 410 1703 quae
433 1641 557 1685 cum
582 1621 869 1680 animabus
886 1620 1027 1675 bona
1044 1617 1131 1673 vel
1150 1617 1292 1673 mala
1325 1621 1623 1688 gesserunt.

360 1720 519 1778 Vens.
550 1717 641 1773 3t.
668 1746 741 1758 —
768 1710 1063 1770 Silentium.
1101 1706 1239 1765 Nota
1268 1722 1474 1764 venena
1514 1703 1731 1762 invidia:
1766 1716 1863 1759 su-

286 1814 468 1889 perari
489 1825 675 1883 posse,
701 1808 797 1866 sed
817 1803 1028 1862 diﬂicile
1049 1802 1451 1874 conquiescere.
1475 1798 1860 1855 Convenerunt.

1954 609 2181 684 gloriam
2212 617 2484 665 terrenam
2510 609 2680 679 cupit.

2024 701 2187 757 Vens.
2228 699 2281 756 8x
2330 729 2403 740 —
2453 697 2553 754 Vos
2587 707 2784 755 autem.
2828 696 3039 770 Duplici
3078 699 3286 756 ratione
3331 700 3400 757 ab
3439 701 3526 758 his

1955 791 2232 848 attendere
2263 788 2435 859 jubet,
2461 803 2532 845 ne
2555 802 2743 845 eorum
2787 788 3134 845 simulatione
3179 778 3525 857 seddcamur,

1954 880 2040 938 vel
2067 897 2132 938 ne
2160 881 2501 937 aemulatione
2522 878 2942 936 inﬂammemur.

2026 973 2191 1053 Vens.
2238 972 2291 1029 9.
2332 969 2576 1026 ——Unus
2618 979 2714 1027 est.
2765 969 2867 1038 Qui
2919 970 3186 1042 illuminat
3226 971 3523 1040 hominem,

1957 1064 2097 1136 quod
2123 1080 2229 1120 non
2255 1062 2392 1119 alius
2425 1063 2610 1131 homo,
2652 1062 2745 1120 sed
2779 1070 2992 1118 tantum
3021 1071 3260 1129 exercet,
3284 1063 3529 1119 docendo

1957 1169 2066 1211 non
2092 1154 2419 1211 intellectum
2445 1160 2685 1226 praestat.
2735 1151 2899 1208 Pater
2930 1161 3117 1208 vester.
3166 1152 3309 1209 Deus
3335 1152 3534 1208 dicitur

1958 1248 2117 1306 Pater
2142 1258 2197 1305 et
2224 1247 2475 1321 Magister
2512 1257 2725 1317 natura,
2746 1248 2908 1305 homo
2950 1247 3304 1320 indulgentia.
3347 1247 3532 1315 Pater,

1958 1349 2019 1398 ut
2055 1343 2233 1397 honor
2252 1341 2398 1396 aetati
2427 1338 2717 1407 deferatur,
2750 1355 2859 1396 non
2885 1346 2945 1395 ut
2974 1346 3163 1394 auctor
3186 1338 3309 1394 vitze
3328 1339 3534 1395 habea-

1960 1442 2069 1490 tur.
2116 1431 2477 1504 Magister,ex
2505 1432 2782 1490 consortio
2825 1434 2938 1488 veri
2990 1431 3235 1504 magistri
3277 1439 3536 1503 tanquam

1960 1524 2077 1596 ejus
2117 1525 2340 1582 nuntius
2367 1539 2383 1579 :
2414 1531 2469 1580 et
2494 1538 2594 1597 pro
2613 1532 2916 1580 reverentia
2939 1521 3061 1594 ejus
3082 1539 3113 1578 a
3139 1538 3246 1594 quo
3275 1522 3529 1590 mittitur,

1962 1616 2283 1674 honoratur.

2033 1707 2197 1764 Vens.
2248 1708 2332 1763 l5.
2367 1738 2440 1747 —
2476 1705 2755 1763 Clauditis.
2803 1706 2902 1764 Vel
2948 1705 3090 1762 malo
3144 1703 3425 1776 exemplo,
3452 1702 3540 1758 vel

1962 1800 2219 1872 mysteria
2258 1798 2656 1870 Scripturarum
2683 1797 2934 1853 tollendo.
2980 1796 3239 1866 Exemplo
3284 1794 3430 1850 enim
3480 1802 3541 1848 et

290 1884 367 1966 'Ut
388 1902 730 1963 multitudine
748 1899 1029 1954 vincerent
1048 1909 1208 1967 quem
1228 1908 1337 1950 non
1359 1897 1609 1964 poterant
1628 1889 1856 1944 ratione.
1887 1892 1941 1953 B
1964 1890 2205 1948 doctrina
2238 1904 2421 1945 eorum
2450 1890 2543 1959 qui
2572 1888 2815 1961 magistri
2841 1895 2986 1956 sunt,
3018 1887 3111 1942 alii
3138 1884 3355 1956 quidem
3382 1884 3540 1941 Chri~

286 1997 355 2054 1n
401 1990 658 2052 tentando
702 1986 1028 2046 conveniunt
1074 1983 1169 2056 qui
1222 1983 1279 2039 in
1323 1981 1567 2039 doctrina
1604 1978 1864 2035 contrarii

294 2093 444 2147 sunt.
467 2084 586 2142 Jam
611 2079 875 2140 confutati
908 2084 1065 2135 erant
1085 2077 1140 2132 in
1155 2073 1466 2131 ostensione
1494 2071 1724 2136 denarii,
1748 2067 1866 2141 jam

287 2181 542 2239 viderant
565 2176 729 2235 etiam
757 2173 1083 2240 Saddueaeos
1109 2172 1507 2234 obmutescere,
1552 2165 1647 2223 sed
1683 2172 1871 2221 tamen

292 2270 673 2331 malevolentia
695 2276 750 2324 et
767 2266 904 2322 livor
928 2264 1099 2321 nutrit
1121 2260 1527 2333 impudentiam.

362 2363 529 2420 Vens.
556 2360 647 2417 35.
671 2389 743 2401 -—-
769 2357 994 2412 Tentans
1016 2371 1153 2411 eum.
1178 2351 1395 2408 Marcus
1418 2352 1516 2419 ait,
1538 2349 1682 2422 quod
1704 2348 1753 2406 ei
1779 2364 1862 2405 sa-

292 2458 507 2533 pienter
531 2447 876 2525 respondenti
906 2447 1168 2504 Dominus
1202 2443 1400 2500 dixerit
1435 2460 1453 2498 :
1489 2442 1614 2497 Non
1633 2439 1783 2512 longe
1817 2454 1871 2493 es

293 2530 333 2606 ἆ
352 2564 510 2621 regno
531 2546 651 2601 Dei.
677 2541 861 2600 Potuit
884 2539 1030 2595 enim
1072 2536 1210 2602 ﬁeri,
1245 2542 1309 2591 ut
1328 2533 1423 2605 qui
1459 2539 1675 2588 tentans
1702 2530 1871 2597 venit,

297 2620 564 2712 responso
599 2631 881 2691 Dominico
922 2640 1216 2684 conversus
1249 2624 1340 2680 sit.
1383 2620 1481 2679 Vel
1507 2621 1736 2676 tentatio
1765 2634 1874 2674 non

295 2709 555 2789 est'mala
578 2724 735 2798 quasi
758 2720 986 2779 volentis
1028 2717 1304 2790 decipere,
1330 2712 1427 2770 sed
1449 2726 1615 2770 causa
1643 2709 1875 2767 volentis

295 2823 531 2896 amplius
551 2817 789 2892 experiri
815 2815 1093 2887 ignotum.’

372 2915 538 2973 Vens.
558 2911 649 2968 37.
672 2939 743 2951 ——
761 2907 957 2979 Diliges
977 2905 1263 2960 Dominum
1282 2900 1451 2957 Deum
1470 2908 1639 2955 tuum.
1664 2895 1874 2952 Fictam

295 3000 689 3063 conscientiam
707 2993 1090 3068 interrogantis
1117 2990 1378 3048 Dominus
1406 2988 1585 3061 primo
1611 3000 1878 3056 responso

293 3096 554 3173 percutit.
577 3093 722 3150 Deus
742 3100 862 3146 tuus
887 3104 1023 3143 unus
1049 3095 1142 3142 est.
1175 3085 1301 3140 Non
1327 3097 1557 3138 assumes
1576 3095 1758 3133 nomen
1782 3076 1881 3131 Dei

296 3166 381 3244 ius
402 3188 460 3241 in
486 3198 701 3241 uanum.
729 3178 955 3235 Observa
976 3176 1113 3231 diem
1138 3172 1359 3231 sabbati.
1389 3170 1516 3226 Haec
1544 3168 1648 3224 tria
1670 3167 1737 3222 ad
1758 3166 1885 3222 dile-

298 3281 542 3337 ctionem
580 3274 675 3330 Dei
705 3270 975 3344 pertinent
998 3287 1011 3324 :
1034 3267 1199 3339 Cujus
1242 3265 1446 3336 cogites
1473 3263 1759 3326 unitatem,
1784 3274 1877 3315 ve-
1903 3252 1949 3316 C

299 3372 549 3435 ritatem,
588 3365 940 3422 voluntatem.
969 3360 1056 3415 Ea:
1092 3366 1200 3414 toto
1235 3355 1408 3412 corde.
1438 3352 1726 3424 lntegritas
1757 3350 1879 3405 lidci

302 3457 646 3532 exprimitur.
682 3453 740 3510 In
770 3459 884 3509 tota
906 3450 1110 3516 anima,
1135 3446 1374 3519 perlecta
1397 3441 1729 3507 obedientia,
1755 3439 1875 3495 exi-

304 3553 474 3629 gitur.
497 3547 556 3605 ln
584 3554 697 3602 tota
728 3555 928 3607 mente,
952 3537 1356 3614 perseverantia
1386 3534 1713 3592 ostenditur.

382 3638 546 3697 Vens.
584 3637 673 3693 42.
701 3665 774 3676 -
805 3634 883 3691 De
908 3632 1129 3690 Christo.
1161 3630 1287 3687 Sive
1314 3626 1612 3693 venit,sive
1641 3623 1882 3679 futurum

306 3730 552 3797 creditis,
579 3742 740 3799 quem
766 3739 961 3798 purum
985 3722 1259 3780 hominem
1281 3716 1546 3776 aSSeritis.

382 3819 546 3877 Vens.
585 3816 675 3872 44.
707 3846 779 3856 -
801 3813 969 3869 Dixit.
1000 3811 1149 3868 Istud
1168 3811 1348 3868 dicere
1377 3816 1463 3866 est
1489 3805 1752 3879 mqualem
1781 3804 1886 3862 sibi

307 3910 485 3969 ﬁlium
503 3920 783 3982 generare.
811 3903 1053 3959 Domino.
1089 3899 1206 3958 Non
1232 3899 1525 3956 secundum
1550 3897 1694 3968 quod
1725 3896 1792 3952 dc
1820 3908 1886 3951 eo

308 4008 498 4066 natus,
526 3997 623 4055 sed
644 3995 790 4069 quod
813 3994 879 4050 de
904 4002 1059 4065 patre
1085 4005 1300 4065 semper
1326 3989 1450 4046 fuit.

387 4091 551 4149 Vens.
600 4087 692 4144 65.
738 4116 810 4126 -
845 4082 1138 4152 Quomodo.
1174 4076 1553 4153 Repugnantia
1595 4083 1721 4134 sunt
1769 4076 1888 4133 haec

309 4181 612 4243 secundum
641 4184 882 4233 vestrum
913 4171 1261 4229 intellectum.

386 4272 551 4329 Vens.
591 4267 680 4324 46.
722 4296 791 4308 -—
833 4263 900 4319 Et
929 4278 1077 4318 nemo
1102 4269 1326 4334 poterat,
1352 4265 1457 4315 etc.
1500 4255 1641 4313 Nota
1683 4269 1892 4312 venena

311 4364 532 4425 invidiae
555 4357 799 4432 superari
820 4370 996 4430 posse,
1027 4353 1124 4410 sed
1152 4350 1364 4411 dillicilc
1390 4350 1800 4423 conquiescere.

879 4489 1105 4550 CAPUT
1143 4489 1332 4547 XXIII.

1963 1988 2078 2036 tum
2102 1980 2221 2035 non
2240 1980 2523 2051 rccipiunt.

2034 2070 2200 2126 Vens.
2248 2069 2333 2125 15.
2366 2101 2435 2110 -
2463 2069 2782 2125 Circamitis.
2835 2070 2891 2124 In
2929 2076 3040 2125 toto
3083 2068 3213 2123 orbe
3250 2065 3541 2138 Evangelia

1967 2162 2252 2219 detrahitis
2288 2179 2307 2216 ι
2344 2161 2467 2217 etsi
2514 2160 2635 2231 quis
2676 2160 2830 2216 vobis
2868 2160 3131 2225 adhaeret,
3160 2157 3333 2227 duplae
3367 2172 3543 2227 pcenze

1969 2250 2112 2307 [ilius
2149 2258 2233 2307 est
2264 2269 2278 2305 :
2314 2252 2441 2322 quia
2470 2265 2642 2321 neque
2665 2250 3037 2305 remissionem
3060 2256 3407 2319 peccatorum
3449 2262 3540 2303 ac-

1970 2343 2129 2414 cipit,
2162 2350 2220 2398 et
2260 2343 2315 2398 in
2339 2357 2523 2398 eorum
2558 2342 2869 2397 societatem
2912 2339 3100 2396 incidit
3128 2339 3220 2411 qui
3269 2338 3545 2395 Christum

1972 2441 2097 2491 sunt
2138 2432 2427 2503 persecuti.
2478 2431 2732 2502 Quisquis
2767 2431 2884 2501 ejus
2933 2428 3102 2486 Filius
3149 2429 3347 2485 dicitur
3392 2428 3550 2499 cujus

1973 2540 2138 2596 opera
2182 2525 2309 2597 agit.
2360 2521 2697 2595 proselytum.
2740 2522 3008 2594 Proselyti
3037 2530 3165 2577 sunt
3192 2521 3257 2577 de
3299 2521 3549 2592 gentibus

1975 2618 2029 2673 in
2077 2616 2413 2688 Synagogam
2456 2614 2679 2684 recepti,
2722 2630 2953 2685 quorum
3000 2614 3195 2670 raritas
3240 2629 3340 2686 per
3381 2629 3549 2669 unum

1977 2709 2333 2781 significatur,
2363 2708 2493 2779 quia
2523 2708 2613 2763 vix
2638 2707 2834 2779 aliquis
2861 2716 2983 2780 post
3011 2707 3306 2763 Christum.

2047 2821 2211 2878 Vens.
2245 2818 2332 2874 16.
2361 2846 2431 2860 -—
2450 2816 2776 2888 Quicunque.
2807 2816 3067 2873 Pharisaei
3090 2816 3182 2886 qui
3204 2814 3385 2872 omnia
3409 2813 3569 2885 fece-_

1979 2922 2106 2970 runt
2131 2918 2354 2985 propter
2396 2909 2605 2966 lucrum
2646 2908 2898 2965 dicebant
2924 2923 3044 2965 esse
3073 2907 3238 2965 etiam
3280 2906 3552 2963 sanctiora

1979 3006 2158 3064 oblata
2194 3018 2356 3074 quam
2385 3000 2643 3072 templum
2666 2999 2752 3059 vel
2776 2999 2945 3056 altare
2975 3017 2988 3055 :
3019 3008 3076 3076 ut
3095 2998 3340 3055 homines
3365 3012 3556 3068 prom-

1981 3101 2188 3172 ptiores
2210 3104 2393 3153 essent
2432 3094 2500 3150 ad
2541 3093 2816 3151 oﬂ‘erenda
2858 3093 3020 3158 dona,
3055 3106 3217 3163 quam
3247 3090 3317 3146 ad
3364 3104 3561 3160 preces

1986 3191 2285 3248 fundendas
2326 3189 2382 3244 in
2408 3186 2605 3257 templo
2628 3186 2715 3241 vel
2750 3184 2990 3256 justitias
3019 3181 3316 3239 faciendas.
3364 3179 3422 3236 In
3448 3194 3563 3251 quo

1982 3299 2089 3340 non
2142 3283 2238 3337 Det
2286 3282 2556 3343 timorem,
2587 3278 2680 3332 sed
2723 3292 2878 3333 suam
2907 3276 3265 3347 cupiditatem
3301 3275 3553 3330 attende-

1982 3375 2134 3431 bant.
2178 3373 2304 3429 Ideo
2326 3369 2505 3440 arguit
2536 3384 2631 3424 eos
2672 3368 2931 3424 Dominus
2974 3365 3218 3423 stultitiae
3250 3372 3305 3420 et
3332 3363 3556 3427 fraudu-

1981 3464 2179 3521 lentiae.

2054 3575 2216 3632 Vens.
2254 3573 2346 3628 2'2.
2390 3602 2462 3613 -—
2490 3570 2557 3626 In
2602 3570 2748 3626 creto.
2780 3569 2883 3625 Per
2926 3575 3280 3624 creaturam:
3307 3565 3399 3622 ubi
3441 3580 3554 3624 non

1982 3667 2185 3741 putatis
2218 3663 2516 3737 periurium
2563 3676 2707 3729 esse,
2742 3659 2892 3731 iurat
2936 3660 2991 3715 in
3036 3659 3195 3725 caelo,
3232 3657 3285 3713 id
3329 3665 3434 3724 est,
3463 3670 3569 3728 per

1984 3757 2282 3829 subiectam
2305 3765 2613 3814 creaturam
2631 3754 2802 3826 jurat,
2830 3760 2886 3809 et
2911 3766 3014 3823 per
3052 3750 3395 3808 divinitatem
3418 3764 3563 3821 prte-

1985 3852 2250 3909 sidentem
2273 3857 2555 3906 creaturre.
2900 3862 2904 3866 Α

2058 3964 2226 4020 Vens.
2262 3961 2355 4016 23.
2387 3986 2457 3999 -—-
2492 3956 2583 4012 Vie
2609 3954 2771 4012 vobis.
2816 3955 2884 4009 Et
2916 3955 3007 4011 hic
3035 3952 3216 4025 arguit
3242 3966 3338 4009 eos
3386 3949 3565 4025 avari-

1988 4058 2078 4114 tiae
2109 4072 2125 4109 :
2157 4051 2285 4124 quia
2329 4048 2464 4105 nihil
2491 4047 2911 4119 praetermittunt
2951 4044 3019 4100 de
3052 4022 3137 4101 bis
3174 4058 3295 4115 quae
3322 4042 3392 4099 ad
3415 4022 3569 4099 com-

1988 4149 2208 4207 modum
2228 4162 2383 4204 suum
2411 4153 2557 4201 sunt.
2587 4143 2690 4210 Qui
2716 4142 3005 4197 decimatis.
3033 4140 3169 4209 Quia
3198 4141 3339 4195 Deus
3361 4153 3564 4210 praece-

1989 4247 2147 4313 perat
2168 4238 2409 4295 omnium
2441 4248 2623 4291 rerum
2653 4231 2893 4289 decimas
2915 4229 3097 4287 oll‘erri
3126 4238 3347 4302 propter
3372 4229 3564 4286 alimo-

1992 4333 2141 4389 niam
2195 4328 2559 4387 sacerdotum.
2606 4324 2757 4381 Nota
2820 4325 2962 4394 quod
3015 4337 3116 4394 per
3165 4321 3566 4395 eleemosynam

1993 4426 2175 4496 aliqua
2222 4422 2519 4495 impunitas
2541 4433 2650 4476 non
2698 4417 2899 4475 emitur
2926 4416 2982 4473 in
3012 4415 3297 4488 iniquitate
3338 4428 3570 4472 manen-

1996 4515 2164 4573 tibus.
3294 4514 3295 4519 ‘

389 4636 558 4692 Vens.
599 4633 652 4689 I.
689 4661 762 4675 —
790 4626 1163 4685 Tunclocutus
1207 4632 1301 4680 est.
1344 4622 1457 4679 Illis
1481 4620 1773 4679 confutatis
1798 4620 1889 4691 qui
1921 4626 1972 4689 Ι)
2070 4606 2202 4663 Πωσ
2245 4604 2494 4678 ορονειιῑι-
2563 4601 2644 4658 ΝΘ
2689 4600 3060 4692 eleemosynas
3117 4600 3367 4656 .ructum'
3410 4606 3577 4655 terrae

318 4730 492 4790 dolosi
516 4733 665 4794 sunt,
690 4722 909 4782 instruit
932 4735 1027 4777 eos
1049 4719 1141 4791 qui
1164 4717 1340 4774 idonei
1366 4723 1514 4780 sunt,
1536 4714 1891 4771 nihilominus

318 4824 548 4881 hortans
588 4831 683 4874 eos
726 4813 919 4885 subjici
967 4811 1073 4867 illis
1135 4817 1358 4881 propter
1412 4807 1777 4865 sacerdotium
1839 4812 1894 4862 et

320 4912 559 4973 nominis
583 4908 896 4983 dignitatem
920 4923 936 4962 ε
964 4920 1073 4961 non
1097 4918 1282 4975 opera,
1309 4902 1403 4958 sed
1432 4900 1735 4957 doctrinam
1766 4913 1896 4955 con-

323 5009 503 5067 sidera
511 5025 543 5062 n
551 5016 650 5062 tes.

394 5099 561 5156 Vens.
600 5096 654 5153 4.
680 5125 752 5138 —
774 5092 950 5150 Onera
984 5089 1185 5162 gravia.
1216 5086 1377 5158 chis
1420 5084 1670 5141 mandata
1698 5082 1899 5154 permi-

325 5194 429 5252 stis
471 5191 586 5249 suis
612 5184 1014 5250 traditionibus,
1060 5179 1353 5237 secundum
1382 5193 1447 5234 ea
1496 5176 1785 5232 suadentes
1819 5174 1901 5229 vi-

325 5298 498 5341 vere:
527 5289 711 5336 etnon
738 5276 923 5333 venire
952 5273 1021 5329 ad
1060 5268 1272 5328 facilem
1301 5275 1356 5325 et
1377 5266 1746 5325 delectabilem
1777 5280 1898 5338 gra-

330 5374 462 5431 tiam
489 5371 722 5435 Christi;
748 5366 888 5423 undc
911 5379 1074 5438 supra
1103 5379 1120 5417 :
1157 5360 1335 5417 Venite
1364 5357 1433 5415 ad
1463 5374 1545 5413 me
1572 5358 1661 5429 qui
1691 5356 1899 5411 labora-

328 5466 400 5520 tis
422 5472 472 5519 et
497 5460 701 5518 onerati
730 5458 872 5513 estis.
1166 5516 1175 5521 ξ

403 5553 568 5609 Vens.
609 5550 664 5606 5.
697 5580 766 5591 —-
793 5546 986 5603 Omnia
1013 5560 1152 5601 vero.
1185 5540 1333 5598 Dixit
1362 5539 1500 5596 tales
1523 5537 1776 5594 doctores
1802 5550 1903 5591 atl-

334 5645 559 5702 dicndos
582 5655 723 5708 esse,
749 5655 851 5695 non
890 5637 1215 5694 imitandos:
1247 5648 1390 5690 nunc
1411 5631 1648 5690 ostendit
1684 5642 1904 5686 causam

1996 4698 2271 4754 videretur
2297 4707 2573 4766 respuere,
2602 4692 2719 4749 haec
2739 4690 2963 4747 addidit.

2069 4808 2232 4866 Vens.
2269 4808 2361 4863 24.
2388 4837 2459 4848 -
2489 4805 2656 4861 Duces
2701 4803 2848 4860 caci.
2890 4801 3159 4873 Opinione
3201 4797 3481 4873 religionis
3512 4799 3575 4857 in

2002 4901 2244 4960 minimis
2272 4915 2390 4972 qua:
2418 4900 2627 4955 lucrum
2659 4897 2860 4952 habent
2884 4892 3215 4967 diligentiam
3243 4893 3529 4951 ostenditis
3554 4911 3570 4949 :

2003 4994 2099 5051 scd
2122 5008 2316 5065 magna
2343 4997 2614 5062 praecepta
2644 4988 2711 5044 de
2734 4985 2959 5056 judicio,
2992 4985 3096 5042 ﬁde
3120 4993 3175 5042 et
3200 4983 3578 5041 misericordia

2004 5085 2276 5143 devoratis
2302 5091 2358 5139 et
2393 5081 2685 5154 negligitis.
2723 5075 3060 5133 Excolantes.
3093 5076 3338 5150 Mystiee.
3377 5075 3584 5133 Culicis

2000 5177 2221 5233 nomine
2241 5174 2526 5231 seditiosus
2548 5170 2818 5227 homicida
2845 5168 3121 5226 Barabbas
3141 5168 3385 5240 signatur
3410 5183 3425 5222 :
3449 5165 3581 5237 quia

2003 5270 2109 5327 hoe
2132 5266 2331 5325 animal
2364 5265 2654 5336 strependo
2683 5260 2950 5332 inquietat
2975 5270 3031 5318 et
3054 5260 3317 5332 sanguine
3348 5258 3584 5316 delecta-

2005 5371 2112 5419 tur.
2141 5357 2345 5415 Cameli
2374 5355 2593 5412 nomine
2606 5352 3198 5424 propterhumilitatem
3221 5350 3288 5407 ad
3303 5349 3585 5406 subeunda

2006 5464 2197 5514 onera,
2225 5445 2487 5503 Dominus
2515 5441 2851 5514 intelligitur.
2877 5440 3071 5497 Colunt
3093 5455 3224 5523 ergo
3250 5438 3419 5495 Judari
3444 5438 3589 5495 culi—

2008 5555 2147 5607 cem,
2172 5539 2226 5594 in
2255 5545 2357 5603 est,
2392 5532 2616 5591 minima
2660 5533 2970 5599 observant,
2997 5519 3122 5602 quia
3150 5519 3448 5585 Barabham
3494 5527 3591 5597 qui

2014 5644 2123 5687 non
2170 5626 2404 5684 solverat
2447 5623 2766 5687 sabbatum,
2817 5619 3184 5685 dimiserunt,
3215 5625 3271 5673 et
3320 5614 3589 5672 camelum

337 5743 559 5809 propter
584 5702 747 5806 quam
786 5746 889 5787 non
936 5736 1162 5801 possunt
1204 5725 1427 5784 credere
1468 5724 1703 5788 Christo,
1738 5723 1790 5779 id
1825 5726 1911 5780 eet
2016 5718 2271 5794 glutiunt,
2291 5714 2346 5772 id
2372 5722 2479 5781 est,
2504 5712 2710 5785 majora
2737 5717 3091 5767 contemnunt
3122 5724 3137 5763 :
3164 5708 3290 5779 quia
3312 5702 3592 5761 Christum

338 5829 463 5898 quia
487 5827 672 5887 omnia
694 5824 897 5883 faciunt
929 5830 989 5880 ut
1012 5820 1296 5878 vidcantur
1325 5817 1394 5876 ab
1430 5814 1760 5876 hominibus.
1789 5814 1907 5872 Non

2016 5811 2366 5884 spiritualitcr
2403 5809 2690 5868 sabbatum
2733 5807 3095 5867 insinuantem
3124 5800 3506 5898 ner'iudicium
3534 5805 3594 5855 et
