  <div class='ocr_page' id='page_1' title='image "/cluster/home/n/w/nwhite01/storage/ocr_20150623/114/hvd.32044018909580/085.png"; bbox 0 0 4068 6344; ppageno 0'>
   <div class='ocr_carea' id='block_1_1' title="bbox 487 412 592 470">
    <p class='ocr_par' dir='ltr' id='par_1_1' title="bbox 487 412 592 470">
     <span class='ocr_line' id='line_1_1' title="bbox 487 412 592 470; baseline 0.019 -2"><span class='ocrx_word' id='word_1_1' title='bbox 487 412 592 470; x_wconf 71' lang='grc'><strong>159</strong></span> 
     </span>
    </p>
   </div>
   <div class='ocr_carea' id='block_1_2' title="bbox 986 382 3205 478">
    <p class='ocr_par' dir='ltr' id='par_1_2' title="bbox 986 382 3205 478">
     <span class='ocr_line' id='line_1_2' title="bbox 986 382 3205 478; baseline 0.002 -6"><span class='ocrx_word' id='word_1_2' title='bbox 986 413 1378 473; x_wconf 76' lang='lat' dir='ltr'><strong>WALAFRIDI</strong></span> <span class='ocrx_word' id='word_1_3' title='bbox 1419 416 1666 473; x_wconf 79' lang='lat' dir='ltr'><strong>STRABI</strong></span> <span class='ocrx_word' id='word_1_4' title='bbox 1708 419 1909 475; x_wconf 74' lang='lat' dir='ltr'><strong>rem).</strong></span> <span class='ocrx_word' id='word_1_5' title='bbox 1950 417 2113 475; x_wconf 68' lang='lat' dir='ltr'><strong>non.</strong></span> <span class='ocrx_word' id='word_1_6' title='bbox 2154 418 2304 476; x_wconf 74' lang='lat' dir='ltr'><strong>ore.</strong></span> <span class='ocrx_word' id='word_1_7' title='bbox 2347 382 2527 477; x_wconf 65' lang='lat' dir='ltr'><strong>rans</strong></span> <span class='ocrx_word' id='word_1_8' title='bbox 2562 420 2603 476; x_wconf 87' lang='lat'><strong>1.</strong></span> <span class='ocrx_word' id='word_1_9' title='bbox 2641 453 2707 462; x_wconf 86' lang='lat'>—</span> <span class='ocrx_word' id='word_1_10' title='bbox 2746 417 3205 478; x_wconf 77' lang='lat' dir='ltr'><strong>THEOLOGICA.</strong></span> 
     </span>
    </p>
   </div>
   <div class='ocr_carea' id='block_1_3' title="bbox 3651 414 3757 473">
    <p class='ocr_par' dir='ltr' id='par_1_3' title="bbox 3651 414 3757 473">
     <span class='ocr_line' id='line_1_3' title="bbox 3651 414 3757 473; baseline 0.019 -2"><span class='ocrx_word' id='word_1_11' title='bbox 3651 414 3757 473; x_wconf 74' lang='grc'><strong>160</strong></span> 
     </span>
    </p>
   </div>
   <div class='ocr_carea' id='block_1_4' title="bbox 484 530 3759 617">
    <p class='ocr_par' dir='ltr' id='par_1_4' title="bbox 484 530 3759 617">
     <span class='ocr_line' id='line_1_4' title="bbox 484 530 3759 617; baseline 0 -31"><span class='ocrx_word' id='word_1_12' title='bbox 484 531 915 588; x_wconf 77' lang='lat' dir='ltr'><strong>miscricordiam</strong></span> <span class='ocrx_word' id='word_1_13' title='bbox 942 543 997 588; x_wconf 88' lang='lat' dir='ltr'><strong>et</strong></span> <span class='ocrx_word' id='word_1_14' title='bbox 1036 533 1195 589; x_wconf 87' lang='lat' dir='ltr'><strong>ﬁdem</strong></span> <span class='ocrx_word' id='word_1_15' title='bbox 1225 535 1369 605; x_wconf 76' lang='lat' dir='ltr'><strong>(qua:</strong></span> <span class='ocrx_word' id='word_1_16' title='bbox 1404 533 1479 590; x_wconf 85' lang='lat' dir='ltr'>illi</span> <span class='ocrx_word' id='word_1_17' title='bbox 1508 537 1884 608; x_wconf 85' lang='lat' dir='ltr'><strong>contemnunt)</strong></span> <span class='ocrx_word' id='word_1_18' title='bbox 1920 536 2065 617; x_wconf 84' lang='lat' dir='ltr'><strong>occi-</strong></span> <span class='ocrx_word' id='word_1_19' title='bbox 2092 536 2144 596; x_wconf 81' lang='grc' dir='ltr'><strong>Α</strong></span> <span class='ocrx_word' id='word_1_20' title='bbox 2238 531 2405 589; x_wconf 96' lang='lat' dir='ltr'><strong>Vens.</strong></span> <span class='ocrx_word' id='word_1_21' title='bbox 2455 533 2545 589; x_wconf 78' lang='grc'><strong>56.</strong></span> <span class='ocrx_word' id='word_1_22' title='bbox 2586 564 2650 574; x_wconf 90' lang='grc'><strong><em>-</em></strong></span> <span class='ocrx_word' id='word_1_23' title='bbox 2685 532 2856 605; x_wconf 82' lang='lat' dir='ltr'><strong><em>Super</em></strong></span> <span class='ocrx_word' id='word_1_24' title='bbox 2885 533 3289 605; x_wconf 75' lang='lat' dir='ltr'><strong>generationem.</strong></span> <span class='ocrx_word' id='word_1_25' title='bbox 3322 531 3453 601; x_wconf 68' lang='lat' dir='ltr'><strong>Quae</strong></span> <span class='ocrx_word' id='word_1_26' title='bbox 3497 546 3528 586; x_wconf 84' lang='lat' dir='ltr'><strong>a</strong></span> <span class='ocrx_word' id='word_1_27' title='bbox 3579 530 3759 601; x_wconf 87' lang='lat' dir='ltr'><strong>primo</strong></span> 
     </span>
    </p>
   </div>
   <div class='ocr_carea' id='block_1_5' title="bbox 484 625 701 681">
    <p class='ocr_par' dir='ltr' id='par_1_5' title="bbox 484 625 701 681">
     <span class='ocr_line' id='line_1_5' title="bbox 484 625 701 681; baseline -0.005 0"><span class='ocrx_word' id='word_1_28' title='bbox 484 625 701 681; x_wconf 89' lang='lat' dir='ltr'><strong>derunt.</strong></span> 
     </span>
    </p>
   </div>
   <div class='ocr_carea' id='block_1_6' title="bbox 558 713 2068 777">
    <p class='ocr_par' dir='ltr' id='par_1_6' title="bbox 558 713 2068 777">
     <span class='ocr_line' id='line_1_6' title="bbox 558 713 2068 777; baseline 0.005 -7"><span class='ocrx_word' id='word_1_29' title='bbox 558 713 723 772; x_wconf 86' lang='lat' dir='ltr'><strong>Vens.</strong></span> <span class='ocrx_word' id='word_1_30' title='bbox 760 716 852 773; x_wconf 87' lang='lat'><strong>25.</strong></span> <span class='ocrx_word' id='word_1_31' title='bbox 889 747 959 757; x_wconf 88' lang='lat'><strong>—-</strong></span> <span class='ocrx_word' id='word_1_32' title='bbox 1000 716 1093 773; x_wconf 80' lang='lat' dir='ltr'><strong>Va:</strong></span> <span class='ocrx_word' id='word_1_33' title='bbox 1130 720 1295 774; x_wconf 78' lang='lat' dir='ltr'><strong>vobis.</strong></span> <span class='ocrx_word' id='word_1_34' title='bbox 1340 719 1582 776; x_wconf 81' lang='lat' dir='ltr'><strong>Diversis</strong></span> <span class='ocrx_word' id='word_1_35' title='bbox 1624 718 2068 777; x_wconf 71' lang='lat' dir='ltr'><strong>similitudinibus</strong></span> 
     </span>
    </p>
   </div>
   <div class='ocr_carea' id='block_1_7' title="bbox 486 809 2069 887">
    <p class='ocr_par' dir='ltr' id='par_1_7' title="bbox 486 809 2069 887">
     <span class='ocr_line' id='line_1_7' title="bbox 486 809 2069 887; baseline 0.004 -22"><span class='ocrx_word' id='word_1_36' title='bbox 486 809 849 867; x_wconf 76' lang='lat' dir='ltr'><strong>simulationis</strong></span> <span class='ocrx_word' id='word_1_37' title='bbox 880 818 935 865; x_wconf 89' lang='lat' dir='ltr'><strong>et</strong></span> <span class='ocrx_word' id='word_1_38' title='bbox 958 813 1224 868; x_wconf 90' lang='lat' dir='ltr'><strong>mendacii</strong></span> <span class='ocrx_word' id='word_1_39' title='bbox 1255 815 1435 887; x_wconf 77' lang='lat' dir='ltr'><strong>arguit</strong></span> <span class='ocrx_word' id='word_1_40' title='bbox 1460 816 1760 885; x_wconf 59' lang='lat' dir='ltr'><strong>pharisaeos</strong></span> <span class='ocrx_word' id='word_1_41' title='bbox 1786 817 1876 886; x_wconf 86' lang='lat' dir='ltr'><strong>qui</strong></span> <span class='ocrx_word' id='word_1_42' title='bbox 1919 815 2069 871; x_wconf 85' lang='lat' dir='ltr'><strong>aliud</strong></span> 
     </span>
    </p>
   </div>
   <div class='ocr_carea' id='block_1_8' title="bbox 487 899 2069 978">
    <p class='ocr_par' dir='ltr' id='par_1_8' title="bbox 487 899 2069 978">
     <span class='ocr_line' id='line_1_8' title="bbox 487 899 2069 978; baseline 0.004 -22"><span class='ocrx_word' id='word_1_43' title='bbox 487 899 795 956; x_wconf 87' lang='lat' dir='ltr'><strong>hominibus</strong></span> <span class='ocrx_word' id='word_1_44' title='bbox 813 903 1125 969; x_wconf 86' lang='lat' dir='ltr'><strong>ostendunt,</strong></span> <span class='ocrx_word' id='word_1_45' title='bbox 1151 903 1298 962; x_wconf 83' lang='lat' dir='ltr'><strong>aliud</strong></span> <span class='ocrx_word' id='word_1_46' title='bbox 1324 906 1467 961; x_wconf 91' lang='lat' dir='ltr'><strong>domi</strong></span> <span class='ocrx_word' id='word_1_47' title='bbox 1492 916 1677 978; x_wconf 87' lang='lat' dir='ltr'><strong>agunt.</strong></span> <span class='ocrx_word' id='word_1_48' title='bbox 1718 907 1824 974; x_wconf 78' lang='lat' dir='ltr'><strong>Qui</strong></span> <span class='ocrx_word' id='word_1_49' title='bbox 1845 908 2069 962; x_wconf 86' lang='lat' dir='ltr'><strong>munda-</strong></span> 
     </span>
    </p>
   </div>
   <div class='ocr_carea' id='block_1_9' title="bbox 485 989 2069 1069">
    <p class='ocr_par' dir='ltr' id='par_1_9' title="bbox 485 989 2069 1069">
     <span class='ocr_line' id='line_1_9' title="bbox 485 989 2069 1069; baseline 0.005 -25"><span class='ocrx_word' id='word_1_50' title='bbox 485 989 571 1044; x_wconf 84' lang='lat' dir='ltr'><strong>tis.</strong></span> <span class='ocrx_word' id='word_1_51' title='bbox 607 989 832 1045; x_wconf 76' lang='lat' dir='ltr'><strong>Frustra</strong></span> <span class='ocrx_word' id='word_1_52' title='bbox 880 993 1227 1064; x_wconf 63' lang='lat' dir='ltr'><strong>sanctitatem</strong></span> <span class='ocrx_word' id='word_1_53' title='bbox 1257 998 1497 1053; x_wconf 80' lang='lat' dir='ltr'><strong>exterius</strong></span> <span class='ocrx_word' id='word_1_54' title='bbox 1538 997 1897 1069; x_wconf 68' lang='lat' dir='ltr'><strong>prattenditis,</strong></span> <span class='ocrx_word' id='word_1_55' title='bbox 1928 1000 2069 1054; x_wconf 88' lang='lat' dir='ltr'><strong>sicut</strong></span> 
     </span>
    </p>
   </div>
   <div class='ocr_carea' id='block_1_10' title="bbox 484 1081 2067 1155">
    <p class='ocr_par' dir='ltr' id='par_1_10' title="bbox 484 1081 2067 1155">
     <span class='ocr_line' id='line_1_10' title="bbox 484 1081 2067 1155; baseline 0.006 -18"><span class='ocrx_word' id='word_1_56' title='bbox 484 1081 533 1137; x_wconf 92' lang='lat' dir='ltr'><strong>si</strong></span> <span class='ocrx_word' id='word_1_57' title='bbox 554 1081 676 1151; x_wconf 89' lang='lat' dir='ltr'><strong>quis</strong></span> <span class='ocrx_word' id='word_1_58' title='bbox 698 1084 922 1140; x_wconf 83' lang='lat' dir='ltr'><strong>calicem</strong></span> <span class='ocrx_word' id='word_1_59' title='bbox 958 1087 1183 1143; x_wconf 90' lang='lat' dir='ltr'><strong>mundet</strong></span> <span class='ocrx_word' id='word_1_60' title='bbox 1214 1088 1481 1155; x_wconf 76' lang='lat' dir='ltr'><strong>exterius,</strong></span> <span class='ocrx_word' id='word_1_61' title='bbox 1514 1090 1659 1146; x_wconf 90' lang='lat' dir='ltr'><strong>intus</strong></span> <span class='ocrx_word' id='word_1_62' title='bbox 1691 1100 1870 1147; x_wconf 87' lang='lat' dir='ltr'><strong>autem</strong></span> <span class='ocrx_word' id='word_1_63' title='bbox 1902 1093 2067 1147; x_wconf 86' lang='lat' dir='ltr'><strong>relin-</strong></span> 
     </span>
    </p>
   </div>
   <div class='ocr_carea' id='block_1_11' title="bbox 484 1172 2066 1245">
    <p class='ocr_par' dir='ltr' id='par_1_11' title="bbox 484 1172 2066 1245">
     <span class='ocr_line' id='line_1_11' title="bbox 484 1172 2066 1245; baseline 0.009 -23"><span class='ocrx_word' id='word_1_64' title='bbox 484 1178 615 1239; x_wconf 85' lang='lat' dir='ltr'><strong>quat</strong></span> <span class='ocrx_word' id='word_1_65' title='bbox 643 1172 831 1229; x_wconf 88' lang='lat' dir='ltr'><strong>sordes</strong></span> <span class='ocrx_word' id='word_1_66' title='bbox 864 1191 878 1228; x_wconf 88' lang='lat'><strong>:</strong></span> <span class='ocrx_word' id='word_1_67' title='bbox 909 1190 1034 1231; x_wconf 91' lang='lat' dir='ltr'><strong>cum</strong></span> <span class='ocrx_word' id='word_1_68' title='bbox 1072 1176 1187 1245; x_wconf 86' lang='lat' dir='ltr'><strong>ejus</strong></span> <span class='ocrx_word' id='word_1_69' title='bbox 1216 1194 1348 1235; x_wconf 89' lang='lat' dir='ltr'><strong>usus</strong></span> <span class='ocrx_word' id='word_1_70' title='bbox 1374 1179 1445 1235; x_wconf 89' lang='lat' dir='ltr'><strong>sit</strong></span> <span class='ocrx_word' id='word_1_71' title='bbox 1467 1180 1711 1235; x_wconf 90' lang='lat' dir='ltr'><strong>interior.</strong></span> <span class='ocrx_word' id='word_1_72' title='bbox 1754 1181 1929 1239; x_wconf 85' lang='lat' dir='ltr'><strong>Lucas</strong></span> <span class='ocrx_word' id='word_1_73' title='bbox 1970 1183 2066 1239; x_wconf 90' lang='lat' dir='ltr'><strong>ita.</strong></span> 
     </span>
    </p>
   </div>
   <div class='ocr_carea' id='block_1_12' title="bbox 486 1261 2069 1347">
    <p class='ocr_par' dir='ltr' id='par_1_12' title="bbox 486 1261 2069 1347">
     <span class='ocr_line' id='line_1_12' title="bbox 486 1261 2069 1347; baseline 0.008 -29"><span class='ocrx_word' id='word_1_74' title='bbox 486 1261 676 1329; x_wconf 81' lang='lat' dir='ltr'><strong>Stulte,</strong></span> <span class='ocrx_word' id='word_1_75' title='bbox 707 1266 796 1338; x_wconf 87' lang='lat' dir='ltr'><strong>qui</strong></span> <span class='ocrx_word' id='word_1_76' title='bbox 821 1266 942 1336; x_wconf 80' lang='lat' dir='ltr'><strong>fecit</strong></span> <span class='ocrx_word' id='word_1_77' title='bbox 973 1266 1112 1340; x_wconf 80' lang='lat' dir='ltr'><strong>quod</strong></span> <span class='ocrx_word' id='word_1_78' title='bbox 1150 1269 1351 1341; x_wconf 78' lang='lat' dir='ltr'><strong>deforis</strong></span> <span class='ocrx_word' id='word_1_79' title='bbox 1368 1281 1443 1327; x_wconf 84' lang='lat' dir='ltr'><strong>est</strong></span> <span class='ocrx_word' id='word_1_80' title='bbox 1466 1273 1624 1326; x_wconf 86' lang='lat' dir='ltr'><strong>etiam</strong></span> <span class='ocrx_word' id='word_1_81' title='bbox 1665 1273 1718 1327; x_wconf 87' lang='lat' dir='ltr'><strong>id</strong></span> <span class='ocrx_word' id='word_1_82' title='bbox 1746 1273 1884 1347; x_wconf 80' lang='lat' dir='ltr'><strong>quod</strong></span> <span class='ocrx_word' id='word_1_83' title='bbox 1928 1276 2069 1330; x_wconf 85' lang='lat' dir='ltr'><strong>intus</strong></span> 
     </span>
    </p>
   </div>
   <div class='ocr_carea' id='block_1_13' title="bbox 483 1356 2070 1436">
    <p class='ocr_par' dir='ltr' id='par_1_13' title="bbox 483 1356 2070 1436">
     <span class='ocr_line' id='line_1_13' title="bbox 483 1356 2070 1436; baseline 0.008 -28"><span class='ocrx_word' id='word_1_84' title='bbox 483 1365 592 1421; x_wconf 86' lang='lat' dir='ltr'><strong>est,</strong></span> <span class='ocrx_word' id='word_1_85' title='bbox 626 1356 747 1425; x_wconf 80' lang='lat' dir='ltr'><strong>fecit</strong></span> <span class='ocrx_word' id='word_1_86' title='bbox 787 1356 939 1429; x_wconf 87' lang='lat' dir='ltr'><strong>(Luc.</strong></span> <span class='ocrx_word' id='word_1_87' title='bbox 986 1360 1087 1433; x_wconf 71' lang='grc' dir='ltr'>χι),</span> <span class='ocrx_word' id='word_1_88' title='bbox 1119 1362 1173 1418; x_wconf 89' lang='lat' dir='ltr'><strong>id</strong></span> <span class='ocrx_word' id='word_1_89' title='bbox 1213 1372 1326 1430; x_wconf 88' lang='lat' dir='ltr'><strong>est,</strong></span> <span class='ocrx_word' id='word_1_90' title='bbox 1356 1366 1449 1434; x_wconf 88' lang='lat' dir='ltr'><strong>qui</strong></span> <span class='ocrx_word' id='word_1_91' title='bbox 1494 1378 1779 1436; x_wconf 87' lang='lat' dir='ltr'><strong>utramque</strong></span> <span class='ocrx_word' id='word_1_92' title='bbox 1822 1376 2070 1422; x_wconf 89' lang='lat' dir='ltr'><strong>naturam</strong></span> 
     </span>
    </p>
   </div>
   <div class='ocr_carea' id='block_1_14' title="bbox 484 1445 2074 1529">
    <p class='ocr_par' dir='ltr' id='par_1_14' title="bbox 484 1445 2074 1529">
     <span class='ocr_line' id='line_1_14' title="bbox 484 1445 2074 1529; baseline 0.006 -29"><span class='ocrx_word' id='word_1_93' title='bbox 484 1445 724 1504; x_wconf 86' lang='lat' dir='ltr'><strong>hominis</strong></span> <span class='ocrx_word' id='word_1_94' title='bbox 752 1447 898 1515; x_wconf 83' lang='lat' dir='ltr'><strong>fecit,</strong></span> <span class='ocrx_word' id='word_1_95' title='bbox 935 1459 1222 1523; x_wconf 89' lang='lat' dir='ltr'><strong>utramque</strong></span> <span class='ocrx_word' id='word_1_96' title='bbox 1269 1454 1516 1509; x_wconf 88' lang='lat' dir='ltr'><strong>mundari</strong></span> <span class='ocrx_word' id='word_1_97' title='bbox 1544 1455 1730 1512; x_wconf 88' lang='lat' dir='ltr'><strong>voluit.</strong></span> <span class='ocrx_word' id='word_1_98' title='bbox 1779 1455 1948 1512; x_wconf 82' lang='lat' dir='ltr'><strong>Nemo</strong></span> <span class='ocrx_word' id='word_1_99' title='bbox 1975 1457 2074 1529; x_wconf 82' lang='lat' dir='ltr'><strong>igi-</strong></span> 
     </span>
    </p>
   </div>
   <div class='ocr_carea' id='block_1_15' title="bbox 486 1539 2073 1618">
    <p class='ocr_par' dir='ltr' id='par_1_15' title="bbox 486 1539 2073 1618">
     <span class='ocr_line' id='line_1_15' title="bbox 486 1539 2073 1618; baseline 0.008 -28"><span class='ocrx_word' id='word_1_100' title='bbox 486 1546 575 1591; x_wconf 88' lang='lat' dir='ltr'><strong>tur</strong></span> <span class='ocrx_word' id='word_1_101' title='bbox 591 1546 746 1609; x_wconf 90' lang='lat' dir='ltr'><strong>putet</strong></span> <span class='ocrx_word' id='word_1_102' title='bbox 767 1539 1179 1600; x_wconf 81' lang='lat' dir='ltr'><strong>fornicationem</strong></span> <span class='ocrx_word' id='word_1_103' title='bbox 1206 1554 1262 1601; x_wconf 90' lang='lat' dir='ltr'><strong>et</strong></span> <span class='ocrx_word' id='word_1_104' title='bbox 1288 1545 1594 1617; x_wconf 75' lang='lat' dir='ltr'><strong>huiusmodi</strong></span> <span class='ocrx_word' id='word_1_105' title='bbox 1617 1546 1917 1618; x_wconf 81' lang='lat' dir='ltr'><strong>corporalia</strong></span> <span class='ocrx_word' id='word_1_106' title='bbox 1942 1548 2073 1603; x_wconf 89' lang='lat' dir='ltr'><strong>vitia</strong></span> 
     </span>
    </p>
   </div>
   <div class='ocr_carea' id='block_1_16' title="bbox 485 1630 2071 1712">
    <p class='ocr_par' dir='ltr' id='par_1_16' title="bbox 485 1630 2071 1712">
     <span class='ocr_line' id='line_1_16' title="bbox 485 1630 2071 1712; baseline 0.007 -27"><span class='ocrx_word' id='word_1_107' title='bbox 485 1630 825 1689; x_wconf 87' lang='lat' dir='ltr'><strong>solummodo</strong></span> <span class='ocrx_word' id='word_1_108' title='bbox 849 1635 1037 1704; x_wconf 79' lang='lat' dir='ltr'><strong>gravia</strong></span> <span class='ocrx_word' id='word_1_109' title='bbox 1072 1651 1210 1703; x_wconf 86' lang='lat' dir='ltr'><strong>esse,</strong></span> <span class='ocrx_word' id='word_1_110' title='bbox 1243 1644 1295 1695; x_wconf 89' lang='lat' dir='ltr'><strong>et</strong></span> <span class='ocrx_word' id='word_1_111' title='bbox 1322 1637 1632 1707; x_wconf 83' lang='lat' dir='ltr'><strong>avaritiam,</strong></span> <span class='ocrx_word' id='word_1_112' title='bbox 1661 1647 1717 1694; x_wconf 92' lang='lat' dir='ltr'><strong>et</strong></span> <span class='ocrx_word' id='word_1_113' title='bbox 1738 1639 2071 1712; x_wconf 84' lang='lat' dir='ltr'><strong>superbiam,</strong></span> 
     </span>
    </p>
   </div>
   <div class='ocr_carea' id='block_1_17' title="bbox 484 1723 1675 1800">
    <p class='ocr_par' dir='ltr' id='par_1_17' title="bbox 484 1723 1675 1800">
     <span class='ocr_line' id='line_1_17' title="bbox 484 1723 1675 1800; baseline 0.007 -22"><span class='ocrx_word' id='word_1_114' title='bbox 484 1731 541 1779; x_wconf 89' lang='lat' dir='ltr'><strong>et</strong></span> <span class='ocrx_word' id='word_1_115' title='bbox 564 1723 724 1791; x_wconf 88' lang='lat' dir='ltr'><strong>iram,</strong></span> <span class='ocrx_word' id='word_1_116' title='bbox 751 1735 805 1781; x_wconf 90' lang='lat' dir='ltr'><strong>et</strong></span> <span class='ocrx_word' id='word_1_117' title='bbox 827 1736 1021 1783; x_wconf 65' lang='lat' dir='ltr'><strong>caetera</strong></span> <span class='ocrx_word' id='word_1_118' title='bbox 1044 1729 1343 1800; x_wconf 89' lang='lat' dir='ltr'><strong>spiritualia</strong></span> <span class='ocrx_word' id='word_1_119' title='bbox 1373 1730 1511 1787; x_wconf 88' lang='lat' dir='ltr'><strong>levia</strong></span> <span class='ocrx_word' id='word_1_120' title='bbox 1534 1745 1675 1788; x_wconf 88' lang='lat' dir='ltr'><strong>esse.</strong></span> 
     </span>
    </p>
   </div>
   <div class='ocr_carea' id='block_1_18' title="bbox 556 1814 2072 1896">
    <p class='ocr_par' dir='ltr' id='par_1_18' title="bbox 556 1814 2072 1896">
     <span class='ocr_line' id='line_1_18' title="bbox 556 1814 2072 1896; baseline 0.007 -27"><span class='ocrx_word' id='word_1_121' title='bbox 556 1814 723 1871; x_wconf 87' lang='lat' dir='ltr'><strong>Vens.</strong></span> <span class='ocrx_word' id='word_1_122' title='bbox 759 1816 850 1872; x_wconf 87' lang='lat'><strong>26.</strong></span> <span class='ocrx_word' id='word_1_123' title='bbox 876 1848 946 1858; x_wconf 88' lang='lat'><em>—</em></span> <span class='ocrx_word' id='word_1_124' title='bbox 964 1817 1182 1876; x_wconf 83' lang='lat' dir='ltr'><strong>Culicis.</strong></span> <span class='ocrx_word' id='word_1_125' title='bbox 1210 1820 1316 1877; x_wconf 91' lang='lat' dir='ltr'><strong>Per</strong></span> <span class='ocrx_word' id='word_1_126' title='bbox 1340 1821 1898 1889; x_wconf 85' lang='lat' dir='ltr'><strong>similitudinem,non</strong></span> <span class='ocrx_word' id='word_1_127' title='bbox 1925 1824 2072 1896; x_wconf 89' lang='lat' dir='ltr'><strong>quod</strong></span> 
     </span>
    </p>
   </div>
   <div class='ocr_carea' id='block_1_19' title="bbox 484 1905 1818 1984">
    <p class='ocr_par' dir='ltr' id='par_1_19' title="bbox 484 1905 1818 1984">
     <span class='ocr_line' id='line_1_19' title="bbox 484 1905 1818 1984; baseline 0.005 -23"><span class='ocrx_word' id='word_1_128' title='bbox 484 1905 540 1961; x_wconf 91' lang='lat' dir='ltr'><strong>in</strong></span> <span class='ocrx_word' id='word_1_129' title='bbox 569 1906 737 1963; x_wconf 85' lang='lat' dir='ltr'><strong>calice</strong></span> <span class='ocrx_word' id='word_1_130' title='bbox 764 1917 819 1965; x_wconf 91' lang='lat' dir='ltr'><strong>et</strong></span> <span class='ocrx_word' id='word_1_131' title='bbox 844 1911 1130 1982; x_wconf 81' lang='lat' dir='ltr'><strong>paropside</strong></span> <span class='ocrx_word' id='word_1_132' title='bbox 1158 1912 1231 1968; x_wconf 89' lang='lat' dir='ltr'><strong>sit</strong></span> <span class='ocrx_word' id='word_1_133' title='bbox 1261 1925 1448 1967; x_wconf 87' lang='lat' dir='ltr'><strong>eorum</strong></span> <span class='ocrx_word' id='word_1_134' title='bbox 1480 1914 1818 1984; x_wconf 90' lang='lat' dir='ltr'><strong>superstitio.</strong></span> 
     </span>
    </p>
   </div>
   <div class='ocr_carea' id='block_1_20' title="bbox 565 1996 2069 2075">
    <p class='ocr_par' dir='ltr' id='par_1_20' title="bbox 565 1996 2069 2075">
     <span class='ocr_line' id='line_1_20' title="bbox 565 1996 2069 2075; baseline 0.007 -22"><span class='ocrx_word' id='word_1_135' title='bbox 565 1996 721 2055; x_wconf 80' lang='lat' dir='ltr'><strong>Vens.</strong></span> <span class='ocrx_word' id='word_1_136' title='bbox 750 2000 838 2057; x_wconf 86' lang='lat'><strong>29.</strong></span> <span class='ocrx_word' id='word_1_137' title='bbox 866 2033 937 2043; x_wconf 94' lang='lat'><strong>—</strong></span> <span class='ocrx_word' id='word_1_138' title='bbox 963 2001 1068 2069; x_wconf 85' lang='lat' dir='ltr'><strong>Qui</strong></span> <span class='ocrx_word' id='word_1_139' title='bbox 1108 2004 1403 2075; x_wconf 66' lang='lat' dir='ltr'><strong>aediﬁcetis.</strong></span> <span class='ocrx_word' id='word_1_140' title='bbox 1446 2005 1713 2062; x_wconf 78' lang='lat' dir='ltr'><strong>Extruitis</strong></span> <span class='ocrx_word' id='word_1_141' title='bbox 1750 2007 2069 2063; x_wconf 84' lang='lat' dir='ltr'><strong>memoriam</strong></span> 
     </span>
    </p>
   </div>
   <div class='ocr_carea' id='block_1_21' title="bbox 484 2088 2074 2167">
    <p class='ocr_par' dir='ltr' id='par_1_21' title="bbox 484 2088 2074 2167">
     <span class='ocr_line' id='line_1_21' title="bbox 484 2088 2074 2167; baseline 0.006 -25"><span class='ocrx_word' id='word_1_142' title='bbox 484 2088 789 2145; x_wconf 90' lang='lat' dir='ltr'><strong>occisorum</strong></span> <span class='ocrx_word' id='word_1_143' title='bbox 816 2103 1040 2162; x_wconf 87' lang='lat' dir='ltr'><strong>propter</strong></span> <span class='ocrx_word' id='word_1_144' title='bbox 1066 2091 1308 2150; x_wconf 79' lang='lat' dir='ltr'><strong>favorem</strong></span> <span class='ocrx_word' id='word_1_145' title='bbox 1326 2094 1491 2167; x_wconf 86' lang='lat' dir='ltr'><strong>vulgi,</strong></span> <span class='ocrx_word' id='word_1_146' title='bbox 1520 2103 1583 2150; x_wconf 89' lang='lat' dir='ltr'><strong>ut</strong></span> <span class='ocrx_word' id='word_1_147' title='bbox 1602 2095 1737 2166; x_wconf 86' lang='lat' dir='ltr'><strong>justi</strong></span> <span class='ocrx_word' id='word_1_148' title='bbox 1757 2096 2074 2164; x_wconf 84' lang='lat' dir='ltr'><strong>videamini,</strong></span> 
     </span>
    </p>
   </div>
   <div class='ocr_carea' id='block_1_22' title="bbox 485 2181 1782 2258">
    <p class='ocr_par' dir='ltr' id='par_1_22' title="bbox 485 2181 1782 2258">
     <span class='ocr_line' id='line_1_22' title="bbox 485 2181 1782 2258; baseline 0.008 -25"><span class='ocrx_word' id='word_1_149' title='bbox 485 2181 715 2251; x_wconf 89' lang='lat' dir='ltr'><strong>arguitis</strong></span> <span class='ocrx_word' id='word_1_150' title='bbox 737 2182 901 2239; x_wconf 89' lang='lat' dir='ltr'><strong>etiam</strong></span> <span class='ocrx_word' id='word_1_151' title='bbox 936 2183 1179 2241; x_wconf 81' lang='lat' dir='ltr'><strong>facinora</strong></span> <span class='ocrx_word' id='word_1_152' title='bbox 1210 2196 1423 2258; x_wconf 83' lang='lat' dir='ltr'><strong>patrum</strong></span> <span class='ocrx_word' id='word_1_153' title='bbox 1454 2198 1782 2245; x_wconf 89' lang='lat' dir='ltr'><strong>vestrorum.</strong></span> 
     </span>
    </p>
   </div>
   <div class='ocr_carea' id='block_1_23' title="bbox 558 2272 2072 2353">
    <p class='ocr_par' dir='ltr' id='par_1_23' title="bbox 558 2272 2072 2353">
     <span class='ocr_line' id='line_1_23' title="bbox 558 2272 2072 2353; baseline 0.007 -25"><span class='ocrx_word' id='word_1_154' title='bbox 558 2272 721 2329; x_wconf 90' lang='lat' dir='ltr'><strong>Vens.</strong></span> <span class='ocrx_word' id='word_1_155' title='bbox 752 2275 842 2330; x_wconf 75' lang='lat'><strong>&#39;51.</strong></span> <span class='ocrx_word' id='word_1_156' title='bbox 865 2306 936 2316; x_wconf 90' lang='lat'><strong>—</strong></span> <span class='ocrx_word' id='word_1_157' title='bbox 958 2276 1162 2350; x_wconf 84' lang='lat' dir='ltr'><strong>Itaque.</strong></span> <span class='ocrx_word' id='word_1_158' title='bbox 1190 2277 1326 2346; x_wconf 84' lang='lat' dir='ltr'><strong>Quia</strong></span> <span class='ocrx_word' id='word_1_159' title='bbox 1349 2279 1557 2335; x_wconf 87' lang='lat' dir='ltr'><strong>scelera</strong></span> <span class='ocrx_word' id='word_1_160' title='bbox 1582 2289 1801 2353; x_wconf 89' lang='lat' dir='ltr'><strong>patrum</strong></span> <span class='ocrx_word' id='word_1_161' title='bbox 1830 2282 2072 2338; x_wconf 86' lang='lat' dir='ltr'><strong>detesta-</strong></span> 
     </span>
    </p>
   </div>
   <div class='ocr_carea' id='block_1_24' title="bbox 488 2365 2073 2440">
    <p class='ocr_par' dir='ltr' id='par_1_24' title="bbox 488 2365 2073 2440">
     <span class='ocr_line' id='line_1_24' title="bbox 488 2365 2073 2440; baseline 0.008 -20"><span class='ocrx_word' id='word_1_162' title='bbox 488 2365 621 2421; x_wconf 90' lang='lat' dir='ltr'><strong>mini</strong></span> <span class='ocrx_word' id='word_1_163' title='bbox 649 2382 747 2437; x_wconf 87' lang='lat' dir='ltr'><strong>pro</strong></span> <span class='ocrx_word' id='word_1_164' title='bbox 774 2368 956 2439; x_wconf 88' lang='lat' dir='ltr'><strong>specie</strong></span> <span class='ocrx_word' id='word_1_165' title='bbox 1001 2370 1218 2440; x_wconf 85' lang='lat' dir='ltr'><strong>quidem</strong></span> <span class='ocrx_word' id='word_1_166' title='bbox 1246 2374 1595 2439; x_wconf 84' lang='lat' dir='ltr'><strong>sanctitatis;</strong></span> <span class='ocrx_word' id='word_1_167' title='bbox 1628 2375 1754 2430; x_wconf 90' lang='lat' dir='ltr'><strong>dum</strong></span> <span class='ocrx_word' id='word_1_168' title='bbox 1797 2375 2073 2433; x_wconf 86' lang='lat' dir='ltr'><strong>Christum</strong></span> 
     </span>
    </p>
   </div>
   <div class='ocr_carea' id='block_1_25' title="bbox 484 2460 2073 2539">
    <p class='ocr_par' dir='ltr' id='par_1_25' title="bbox 484 2460 2073 2539">
     <span class='ocr_line' id='line_1_25' title="bbox 484 2460 2073 2539; baseline 0.007 -27"><span class='ocrx_word' id='word_1_169' title='bbox 484 2460 862 2529; x_wconf 88' lang='lat' dir='ltr'><strong>persequendo</strong></span> <span class='ocrx_word' id='word_1_170' title='bbox 890 2469 945 2516; x_wconf 93' lang='lat' dir='ltr'><strong>ct</strong></span> <span class='ocrx_word' id='word_1_171' title='bbox 975 2462 1245 2533; x_wconf 88' lang='lat' dir='ltr'><strong>apostolos</strong></span> <span class='ocrx_word' id='word_1_172' title='bbox 1288 2464 1476 2519; x_wconf 88' lang='lat' dir='ltr'><strong>eadem</strong></span> <span class='ocrx_word' id='word_1_173' title='bbox 1526 2464 1729 2531; x_wconf 84' lang='lat' dir='ltr'><strong>facitis,</strong></span> <span class='ocrx_word' id='word_1_174' title='bbox 1774 2467 1915 2523; x_wconf 89' lang='lat' dir='ltr'><strong>facto</strong></span> <span class='ocrx_word' id='word_1_175' title='bbox 1941 2484 2073 2539; x_wconf 87' lang='lat' dir='ltr'><strong>pro-</strong></span> 
     </span>
    </p>
   </div>
   <div class='ocr_carea' id='block_1_26' title="bbox 484 2546 2079 2623">
    <p class='ocr_par' dir='ltr' id='par_1_26' title="bbox 484 2546 2079 2623">
     <span class='ocr_line' id='line_1_26' title="bbox 484 2546 2079 2623; baseline 0.009 -21"><span class='ocrx_word' id='word_1_176' title='bbox 484 2546 627 2603; x_wconf 87' lang='lat' dir='ltr'><strong>batis</strong></span> <span class='ocrx_word' id='word_1_177' title='bbox 656 2564 751 2603; x_wconf 85' lang='lat' dir='ltr'><strong>vos</strong></span> <span class='ocrx_word' id='word_1_178' title='bbox 778 2564 898 2606; x_wconf 90' lang='lat' dir='ltr'><strong>esse</strong></span> <span class='ocrx_word' id='word_1_179' title='bbox 940 2552 1076 2609; x_wconf 90' lang='lat' dir='ltr'><strong>ﬁlios</strong></span> <span class='ocrx_word' id='word_1_180' title='bbox 1102 2569 1210 2609; x_wconf 88' lang='lat' dir='ltr'><strong>non</strong></span> <span class='ocrx_word' id='word_1_181' title='bbox 1237 2553 1414 2610; x_wconf 89' lang='lat' dir='ltr'><strong>solum</strong></span> <span class='ocrx_word' id='word_1_182' title='bbox 1440 2571 1624 2623; x_wconf 86' lang='lat' dir='ltr'><strong>carne,</strong></span> <span class='ocrx_word' id='word_1_183' title='bbox 1655 2558 1750 2613; x_wconf 90' lang='lat' dir='ltr'><strong>sed</strong></span> <span class='ocrx_word' id='word_1_184' title='bbox 1774 2557 2079 2617; x_wconf 86' lang='lat' dir='ltr'><strong>imitatione</strong></span> 
     </span>
    </p>
   </div>
   <div class='ocr_carea' id='block_1_27' title="bbox 486 2641 2073 2719">
    <p class='ocr_par' dir='ltr' id='par_1_27' title="bbox 486 2641 2073 2719">
     <span class='ocr_line' id='line_1_27' title="bbox 486 2641 2073 2719; baseline 0.008 -23"><span class='ocrx_word' id='word_1_185' title='bbox 486 2641 673 2714; x_wconf 85' lang='lat' dir='ltr'><strong>iniqua</strong></span> <span class='ocrx_word' id='word_1_186' title='bbox 703 2659 717 2698; x_wconf 89' lang='lat'><strong>:</strong></span> <span class='ocrx_word' id='word_1_187' title='bbox 749 2651 805 2699; x_wconf 91' lang='lat' dir='ltr'><strong>et</strong></span> <span class='ocrx_word' id='word_1_188' title='bbox 838 2652 986 2717; x_wconf 90' lang='lat' dir='ltr'><strong>patet</strong></span> <span class='ocrx_word' id='word_1_189' title='bbox 1019 2661 1114 2703; x_wconf 87' lang='lat' dir='ltr'><strong>eos</strong></span> <span class='ocrx_word' id='word_1_190' title='bbox 1142 2647 1380 2704; x_wconf 89' lang='lat' dir='ltr'><strong>scientes</strong></span> <span class='ocrx_word' id='word_1_191' title='bbox 1406 2664 1655 2719; x_wconf 89' lang='lat' dir='ltr'><strong>peccare.</strong></span> <span class='ocrx_word' id='word_1_192' title='bbox 1682 2651 1740 2707; x_wconf 93' lang='lat' dir='ltr'><strong>ld</strong></span> <span class='ocrx_word' id='word_1_193' title='bbox 1772 2659 1856 2706; x_wconf 91' lang='lat' dir='ltr'><strong>est</strong></span> <span class='ocrx_word' id='word_1_194' title='bbox 1881 2663 2073 2709; x_wconf 91' lang='lat' dir='ltr'><strong>contra</strong></span> 
     </span>
    </p>
   </div>
   <div class='ocr_carea' id='block_1_28' title="bbox 486 2734 2073 2810">
    <p class='ocr_par' dir='ltr' id='par_1_28' title="bbox 486 2734 2073 2810">
     <span class='ocr_line' id='line_1_28' title="bbox 486 2734 2073 2810; baseline 0.006 -22"><span class='ocrx_word' id='word_1_195' title='bbox 486 2749 585 2790; x_wconf 85' lang='lat' dir='ltr'><strong>vos</strong></span> <span class='ocrx_word' id='word_1_196' title='bbox 614 2734 897 2806; x_wconf 89' lang='lat' dir='ltr'><strong>loquimini</strong></span> <span class='ocrx_word' id='word_1_197' title='bbox 929 2737 1053 2793; x_wconf 90' lang='lat' dir='ltr'><strong>dum</strong></span> <span class='ocrx_word' id='word_1_198' title='bbox 1081 2746 1265 2810; x_wconf 88' lang='lat' dir='ltr'><strong>patres</strong></span> <span class='ocrx_word' id='word_1_199' title='bbox 1296 2739 1568 2796; x_wconf 89' lang='lat' dir='ltr'><strong>damnatis</strong></span> <span class='ocrx_word' id='word_1_200' title='bbox 1598 2757 1612 2795; x_wconf 90' lang='lat'><strong>:</strong></span> <span class='ocrx_word' id='word_1_201' title='bbox 1651 2739 1903 2798; x_wconf 84' lang='lat' dir='ltr'><strong>similiter</strong></span> <span class='ocrx_word' id='word_1_202' title='bbox 1928 2742 2073 2798; x_wconf 87' lang='lat' dir='ltr'><strong>enim</strong></span> 
     </span>
    </p>
   </div>
   <div class='ocr_carea' id='block_1_29' title="bbox 490 2825 691 2884">
    <p class='ocr_par' dir='ltr' id='par_1_29' title="bbox 490 2825 691 2884">
     <span class='ocr_line' id='line_1_29' title="bbox 490 2825 691 2884; baseline 0.01 -4"><span class='ocrx_word' id='word_1_203' title='bbox 490 2825 691 2884; x_wconf 80' lang='lat' dir='ltr'><strong>facitis.</strong></span> 
     </span>
    </p>
   </div>
   <div class='ocr_carea' id='block_1_30' title="bbox 562 2918 2076 2994">
    <p class='ocr_par' dir='ltr' id='par_1_30' title="bbox 562 2918 2076 2994">
     <span class='ocr_line' id='line_1_30' title="bbox 562 2918 2076 2994; baseline 0.007 -21"><span class='ocrx_word' id='word_1_204' title='bbox 562 2919 724 2975; x_wconf 90' lang='lat' dir='ltr'><strong>Vens.</strong></span> <span class='ocrx_word' id='word_1_205' title='bbox 757 2918 847 2975; x_wconf 75' lang='lat'><strong>32.</strong></span> <span class='ocrx_word' id='word_1_206' title='bbox 886 2920 1053 2976; x_wconf 43' lang='lat' dir='ltr'><strong>«Et</strong></span> <span class='ocrx_word' id='word_1_207' title='bbox 1087 2938 1193 2978; x_wconf 76' lang='lat' dir='ltr'><strong>vos.</strong></span> <span class='ocrx_word' id='word_1_208' title='bbox 1227 2921 1465 2978; x_wconf 78' lang='lat' dir='ltr'><strong>Probata</strong></span> <span class='ocrx_word' id='word_1_209' title='bbox 1496 2923 1640 2994; x_wconf 88' lang='lat' dir='ltr'><strong>quod</strong></span> <span class='ocrx_word' id='word_1_210' title='bbox 1680 2922 1774 2979; x_wconf 85' lang='lat' dir='ltr'><strong>ﬁlii</strong></span> <span class='ocrx_word' id='word_1_211' title='bbox 1805 2932 1933 2980; x_wconf 90' lang='lat' dir='ltr'><strong>sunt</strong></span> <span class='ocrx_word' id='word_1_212' title='bbox 1976 2925 2076 2983; x_wconf 90' lang='lat' dir='ltr'><strong>ho-</strong></span> 
     </span>
    </p>
   </div>
   <div class='ocr_carea' id='block_1_31' title="bbox 487 3008 2074 3084">
    <p class='ocr_par' dir='ltr' id='par_1_31' title="bbox 487 3008 2074 3084">
     <span class='ocr_line' id='line_1_31' title="bbox 487 3008 2074 3084; baseline 0.006 -21"><span class='ocrx_word' id='word_1_213' title='bbox 487 3008 833 3076; x_wconf 87' lang='lat' dir='ltr'><strong>micidarum,</strong></span> <span class='ocrx_word' id='word_1_214' title='bbox 875 3013 1030 3082; x_wconf 91' lang='lat' dir='ltr'><strong>ponit</strong></span> <span class='ocrx_word' id='word_1_215' title='bbox 1060 3013 1112 3068; x_wconf 91' lang='lat' dir='ltr'><strong>id</strong></span> <span class='ocrx_word' id='word_1_216' title='bbox 1143 3013 1212 3069; x_wconf 91' lang='lat' dir='ltr'><strong>ad</strong></span> <span class='ocrx_word' id='word_1_217' title='bbox 1238 3014 1381 3084; x_wconf 86' lang='lat' dir='ltr'><strong>quod</strong></span> <span class='ocrx_word' id='word_1_218' title='bbox 1412 3015 1670 3071; x_wconf 84' lang='lat' dir='ltr'><strong>tendebat</strong></span> <span class='ocrx_word' id='word_1_219' title='bbox 1698 3034 1712 3072; x_wconf 88' lang='lat'><strong>:</strong></span> <span class='ocrx_word' id='word_1_220' title='bbox 1750 3015 1818 3071; x_wconf 81' lang='lat' dir='ltr'><strong>Et</strong></span> <span class='ocrx_word' id='word_1_221' title='bbox 1853 3031 1943 3072; x_wconf 81' lang='lat' dir='ltr'><strong>vos</strong></span> <span class='ocrx_word' id='word_1_222' title='bbox 1971 3020 2074 3073; x_wconf 89' lang='lat' dir='ltr'><strong>im-</strong></span> 
     </span>
    </p>
   </div>
   <div class='ocr_carea' id='block_1_32' title="bbox 486 3098 2078 3178">
    <p class='ocr_par' dir='ltr' id='par_1_32' title="bbox 486 3098 2078 3178">
     <span class='ocr_line' id='line_1_32' title="bbox 486 3098 2078 3178; baseline 0.009 -26"><span class='ocrx_word' id='word_1_223' title='bbox 486 3098 638 3169; x_wconf 85' lang='lat' dir='ltr'><strong>plete,</strong></span> <span class='ocrx_word' id='word_1_224' title='bbox 671 3101 813 3173; x_wconf 92' lang='lat' dir='ltr'><strong>quod</strong></span> <span class='ocrx_word' id='word_1_225' title='bbox 857 3102 965 3158; x_wconf 88' lang='lat' dir='ltr'><strong>illis</strong></span> <span class='ocrx_word' id='word_1_226' title='bbox 990 3103 1160 3159; x_wconf 85' lang='lat' dir='ltr'><strong>defuit</strong></span> <span class='ocrx_word' id='word_1_227' title='bbox 1196 3104 1438 3175; x_wconf 84' lang='lat' dir='ltr'><strong>implete,</strong></span> <span class='ocrx_word' id='word_1_228' title='bbox 1485 3104 1561 3161; x_wconf 90' lang='lat' dir='ltr'><strong>illi</strong></span> <span class='ocrx_word' id='word_1_229' title='bbox 1607 3106 1937 3178; x_wconf 84' lang='lat' dir='ltr'><strong>prophetas,</strong></span> <span class='ocrx_word' id='word_1_230' title='bbox 1979 3125 2078 3167; x_wconf 90' lang='lat' dir='ltr'><strong>vos</strong></span> 
     </span>
    </p>
   </div>
   <div class='ocr_carea' id='block_1_33' title="bbox 487 3192 2077 3273">
    <p class='ocr_par' dir='ltr' id='par_1_33' title="bbox 487 3192 2077 3273">
     <span class='ocr_line' id='line_1_33' title="bbox 487 3192 2077 3273; baseline 0.008 -27"><span class='ocrx_word' id='word_1_231' title='bbox 487 3192 776 3248; x_wconf 90' lang='lat' dir='ltr'><strong>Dominum</strong></span> <span class='ocrx_word' id='word_1_232' title='bbox 800 3196 1186 3267; x_wconf 86' lang='lat' dir='ltr'><strong>prophetarum</strong></span> <span class='ocrx_word' id='word_1_233' title='bbox 1205 3197 1456 3254; x_wconf 87' lang='lat' dir='ltr'><strong>occidite.</strong></span> <span class='ocrx_word' id='word_1_234' title='bbox 1482 3196 1599 3254; x_wconf 89' lang='lat' dir='ltr'><strong>Non</strong></span> <span class='ocrx_word' id='word_1_235' title='bbox 1625 3196 1792 3267; x_wconf 82' lang='lat' dir='ltr'><strong>iubet,</strong></span> <span class='ocrx_word' id='word_1_236' title='bbox 1814 3203 1908 3258; x_wconf 88' lang='lat' dir='ltr'><strong>scd</strong></span> <span class='ocrx_word' id='word_1_237' title='bbox 1930 3203 2077 3273; x_wconf 76' lang='grc' dir='ltr'>(ιιιοά</span> 
     </span>
    </p>
   </div>
   <div class='ocr_carea' id='block_1_34' title="bbox 486 3284 1119 3345">
    <p class='ocr_par' dir='ltr' id='par_1_34' title="bbox 486 3284 1119 3345">
     <span class='ocr_line' id='line_1_34' title="bbox 486 3284 1119 3345; baseline 0.008 -6"><span class='ocrx_word' id='word_1_238' title='bbox 486 3284 683 3341; x_wconf 88' lang='lat' dir='ltr'><strong>facturi</strong></span> <span class='ocrx_word' id='word_1_239' title='bbox 716 3294 841 3341; x_wconf 90' lang='lat' dir='ltr'><strong>sunt</strong></span> <span class='ocrx_word' id='word_1_240' title='bbox 862 3288 1119 3345; x_wconf 86' lang='lat' dir='ltr'><strong>ostendit.</strong></span> 
     </span>
    </p>
   </div>
   <div class='ocr_carea' id='block_1_35' title="bbox 557 3374 2076 3455">
    <p class='ocr_par' dir='ltr' id='par_1_35' title="bbox 557 3374 2076 3455">
     <span class='ocr_line' id='line_1_35' title="bbox 557 3374 2076 3455; baseline 0.005 -23"><span class='ocrx_word' id='word_1_241' title='bbox 557 3374 724 3433; x_wconf 90' lang='lat' dir='ltr'><strong>Vens.</strong></span> <span class='ocrx_word' id='word_1_242' title='bbox 753 3376 843 3434; x_wconf 77' lang='lat'><strong>35.</strong></span> <span class='ocrx_word' id='word_1_243' title='bbox 867 3409 935 3420; x_wconf 85' lang='lat'><strong>--</strong></span> <span class='ocrx_word' id='word_1_244' title='bbox 969 3377 1246 3445; x_wconf 89' lang='lat' dir='ltr'><strong>Quomodo</strong></span> <span class='ocrx_word' id='word_1_245' title='bbox 1293 3380 1523 3453; x_wconf 78' lang='lat' dir='ltr'><strong>fugietis.</strong></span> <span class='ocrx_word' id='word_1_246' title='bbox 1558 3379 1768 3454; x_wconf 79' lang='grc' dir='ltr'>(Ηιειι.)</span> <span class='ocrx_word' id='word_1_247' title='bbox 1816 3383 2076 3455; x_wconf 89' lang='lat' dir='ltr'><strong>Sepulcra</strong></span> 
     </span>
    </p>
   </div>
   <div class='ocr_carea' id='block_1_36' title="bbox 486 3468 2078 3542">
    <p class='ocr_par' dir='ltr' id='par_1_36' title="bbox 486 3468 2078 3542">
     <span class='ocr_line' id='line_1_36' title="bbox 486 3468 2078 3542; baseline 0.004 -19"><span class='ocrx_word' id='word_1_248' title='bbox 486 3476 798 3523; x_wconf 80' lang='lat' dir='ltr'><strong>sanctorum</strong></span> <span class='ocrx_word' id='word_1_249' title='bbox 848 3468 1183 3534; x_wconf 68' lang='lat' dir='ltr'><strong>aediﬁcando,</strong></span> <span class='ocrx_word' id='word_1_250' title='bbox 1236 3486 1305 3526; x_wconf 89' lang='lat' dir='ltr'><strong>an</strong></span> <span class='ocrx_word' id='word_1_251' title='bbox 1348 3472 1530 3542; x_wconf 89' lang='lat' dir='ltr'><strong>potius</strong></span> <span class='ocrx_word' id='word_1_252' title='bbox 1571 3474 1737 3529; x_wconf 90' lang='lat' dir='ltr'><strong>corda</strong></span> <span class='ocrx_word' id='word_1_253' title='bbox 1788 3489 1820 3529; x_wconf 91' lang='lat' dir='ltr'><strong>a</strong></span> <span class='ocrx_word' id='word_1_254' title='bbox 1870 3474 2078 3530; x_wconf 86' lang='lat' dir='ltr'><strong>malitia</strong></span> 
     </span>
    </p>
   </div>
   <div class='ocr_carea' id='block_1_37' title="bbox 487 3557 2079 3637">
    <p class='ocr_par' dir='ltr' id='par_1_37' title="bbox 487 3557 2079 3637">
     <span class='ocr_line' id='line_1_37' title="bbox 487 3557 2079 3637; baseline 0.007 -25"><span class='ocrx_word' id='word_1_255' title='bbox 487 3558 819 3614; x_wconf 84' lang='lat' dir='ltr'><strong>mundando.</strong></span> <span class='ocrx_word' id='word_1_256' title='bbox 842 3557 1179 3617; x_wconf 87' lang='lat' dir='ltr'><strong>Liberabunt</strong></span> <span class='ocrx_word' id='word_1_257' title='bbox 1211 3577 1308 3618; x_wconf 93' lang='lat' dir='ltr'><strong>vos</strong></span> <span class='ocrx_word' id='word_1_258' title='bbox 1336 3564 1533 3629; x_wconf 89' lang='lat' dir='ltr'><strong>sancti,</strong></span> <span class='ocrx_word' id='word_1_259' title='bbox 1570 3580 1801 3635; x_wconf 88' lang='lat' dir='ltr'><strong>quorum</strong></span> <span class='ocrx_word' id='word_1_260' title='bbox 1833 3566 2079 3637; x_wconf 83' lang='lat' dir='ltr'><strong>sepulcra</strong></span> 
     </span>
    </p>
   </div>
   <div class='ocr_carea' id='block_1_38' title="bbox 486 3649 2080 3716">
    <p class='ocr_par' dir='ltr' id='par_1_38' title="bbox 486 3649 2080 3716">
     <span class='ocr_line' id='line_1_38' title="bbox 486 3649 2080 3716; baseline 0.008 -12"><span class='ocrx_word' id='word_1_261' title='bbox 486 3649 747 3705; x_wconf 84' lang='lat' dir='ltr'><strong>ornatis?</strong></span> <span class='ocrx_word' id='word_1_262' title='bbox 778 3649 896 3705; x_wconf 88' lang='lat' dir='ltr'><strong>Non</strong></span> <span class='ocrx_word' id='word_1_263' title='bbox 923 3658 1091 3708; x_wconf 89' lang='lat' dir='ltr'><strong>certe.</strong></span> <span class='ocrx_word' id='word_1_264' title='bbox 1125 3652 1309 3709; x_wconf 87' lang='lat' dir='ltr'><strong>Sancti</strong></span> <span class='ocrx_word' id='word_1_265' title='bbox 1351 3661 1467 3711; x_wconf 80' lang='lat' dir='ltr'><strong>non‘</strong></span> <span class='ocrx_word' id='word_1_266' title='bbox 1483 3666 1609 3712; x_wconf 88' lang='lat' dir='ltr'><strong>sunt</strong></span> <span class='ocrx_word' id='word_1_267' title='bbox 1651 3659 1810 3714; x_wconf 87' lang='lat' dir='ltr'><strong>amici</strong></span> <span class='ocrx_word' id='word_1_268' title='bbox 1843 3659 2080 3716; x_wconf 89' lang='lat' dir='ltr'><strong>inimicis</strong></span> 
     </span>
    </p>
   </div>
   <div class='ocr_carea' id='block_1_39' title="bbox 490 3742 2080 3822">
    <p class='ocr_par' dir='ltr' id='par_1_39' title="bbox 490 3742 2080 3822">
     <span class='ocr_line' id='line_1_39' title="bbox 490 3742 2080 3822; baseline 0.008 -26"><span class='ocrx_word' id='word_1_269' title='bbox 490 3742 614 3797; x_wconf 88' lang='lat' dir='ltr'><strong>Dei:</strong></span> <span class='ocrx_word' id='word_1_270' title='bbox 638 3742 845 3799; x_wconf 89' lang='lat' dir='ltr'><strong>frustra</strong></span> <span class='ocrx_word' id='word_1_271' title='bbox 873 3752 1093 3801; x_wconf 87' lang='lat' dir='ltr'><strong>sanctos</strong></span> <span class='ocrx_word' id='word_1_272' title='bbox 1118 3746 1405 3816; x_wconf 86' lang='lat' dir='ltr'><strong>honorant,</strong></span> <span class='ocrx_word' id='word_1_273' title='bbox 1432 3750 1523 3819; x_wconf 89' lang='lat' dir='ltr'><strong>qui</strong></span> <span class='ocrx_word' id='word_1_274' title='bbox 1555 3750 1900 3806; x_wconf 82' lang='lat' dir='ltr'><strong>sanctitatem</strong></span> <span class='ocrx_word' id='word_1_275' title='bbox 1921 3766 2080 3822; x_wconf 87' lang='lat' dir='ltr'><strong>sper-</strong></span> 
     </span>
    </p>
   </div>
   <div class='ocr_carea' id='block_1_40' title="bbox 490 3843 650 3889">
    <p class='ocr_par' dir='ltr' id='par_1_40' title="bbox 490 3843 650 3889">
     <span class='ocr_line' id='line_1_40' title="bbox 490 3843 650 3889; baseline -0.006 0"><span class='ocrx_word' id='word_1_276' title='bbox 490 3843 650 3889; x_wconf 80' lang='lat' dir='ltr'><strong>nunt.</strong></span> 
     </span>
    </p>
   </div>
   <div class='ocr_carea' id='block_1_41' title="bbox 561 3926 2082 4006">
    <p class='ocr_par' dir='ltr' id='par_1_41' title="bbox 561 3926 2082 4006">
     <span class='ocr_line' id='line_1_41' title="bbox 561 3926 2082 4006; baseline 0.005 -23"><span class='ocrx_word' id='word_1_277' title='bbox 561 3926 727 3985; x_wconf 77' lang='lat' dir='ltr'><strong>Vens.</strong></span> <span class='ocrx_word' id='word_1_278' title='bbox 757 3929 847 3986; x_wconf 68' lang='grc'><strong>54.</strong></span> <span class='ocrx_word' id='word_1_279' title='bbox 869 3960 944 3971; x_wconf 92' lang='grc'><strong>-</strong></span> <span class='ocrx_word' id='word_1_280' title='bbox 971 3929 1261 4003; x_wconf 74' lang='lat' dir='ltr'><strong>Sapientes.</strong></span> <span class='ocrx_word' id='word_1_281' title='bbox 1282 3932 1386 4001; x_wconf 90' lang='lat' dir='ltr'><strong>Qui</strong></span> <span class='ocrx_word' id='word_1_282' title='bbox 1411 3934 1590 3991; x_wconf 90' lang='lat' dir='ltr'><strong>sciunt</strong></span> <span class='ocrx_word' id='word_1_283' title='bbox 1610 3949 1772 4005; x_wconf 88' lang='lat' dir='ltr'><strong>quem</strong></span> <span class='ocrx_word' id='word_1_284' title='bbox 1798 3934 2082 4006; x_wconf 81' lang='lat' dir='ltr'><strong>proferant</strong></span> 
     </span>
    </p>
   </div>
   <div class='ocr_carea' id='block_1_42' title="bbox 490 4021 1581 4097">
    <p class='ocr_par' dir='ltr' id='par_1_42' title="bbox 490 4021 1581 4097">
     <span class='ocr_line' id='line_1_42' title="bbox 490 4021 1581 4097; baseline 0.004 -21"><span class='ocrx_word' id='word_1_285' title='bbox 490 4035 821 4077; x_wconf 89' lang='lat' dir='ltr'><strong>sermonem.</strong></span> <span class='ocrx_word' id='word_1_286' title='bbox 857 4021 1095 4079; x_wconf 85' lang='lat' dir='ltr'><strong>Scribas.</strong></span> <span class='ocrx_word' id='word_1_287' title='bbox 1130 4024 1188 4080; x_wconf 90' lang='lat' dir='ltr'><strong>ln</strong></span> <span class='ocrx_word' id='word_1_288' title='bbox 1211 4025 1329 4096; x_wconf 89' lang='lat' dir='ltr'><strong>lege</strong></span> <span class='ocrx_word' id='word_1_289' title='bbox 1353 4026 1581 4097; x_wconf 89' lang='lat' dir='ltr'><strong>peritos.</strong></span> 
     </span>
    </p>
   </div>
   <div class='ocr_carea' id='block_1_43' title="bbox 560 4109 2079 4191">
    <p class='ocr_par' dir='ltr' id='par_1_43' title="bbox 560 4109 2079 4191">
     <span class='ocr_line' id='line_1_43' title="bbox 560 4109 2079 4191; baseline 0.007 -26"><span class='ocrx_word' id='word_1_290' title='bbox 560 4109 722 4168; x_wconf 84' lang='lat' dir='ltr'><strong>Vens.</strong></span> <span class='ocrx_word' id='word_1_291' title='bbox 756 4112 843 4168; x_wconf 78' lang='lat'><strong>55.</strong></span> <span class='ocrx_word' id='word_1_292' title='bbox 872 4144 943 4155; x_wconf 89' lang='lat'><strong><em>—</em></strong></span> <span class='ocrx_word' id='word_1_293' title='bbox 976 4113 1045 4170; x_wconf 88' lang='lat' dir='ltr'><strong>Ut</strong></span> <span class='ocrx_word' id='word_1_294' title='bbox 1065 4117 1234 4191; x_wconf 78' lang='lat' dir='ltr'><strong>veniat</strong></span> <span class='ocrx_word' id='word_1_295' title='bbox 1258 4134 1414 4188; x_wconf 83' lang='lat' dir='ltr'><strong>super</strong></span> <span class='ocrx_word' id='word_1_296' title='bbox 1433 4133 1544 4172; x_wconf 81' lang='lat' dir='ltr'><strong>vos.</strong></span> <span class='ocrx_word' id='word_1_297' title='bbox 1572 4117 1690 4173; x_wconf 84' lang='lat' dir='ltr'><strong>Non</strong></span> <span class='ocrx_word' id='word_1_298' title='bbox 1728 4118 1827 4175; x_wconf 89' lang='lat' dir='ltr'><strong>hos</strong></span> <span class='ocrx_word' id='word_1_299' title='bbox 1871 4127 2079 4175; x_wconf 88' lang='lat' dir='ltr'><strong>tantum</strong></span> 
     </span>
    </p>
   </div>
   <div class='ocr_carea' id='block_1_44' title="bbox 487 4205 2079 4279">
    <p class='ocr_par' dir='ltr' id='par_1_44' title="bbox 487 4205 2079 4279">
     <span class='ocr_line' id='line_1_44' title="bbox 487 4205 2079 4279; baseline 0.006 -20"><span class='ocrx_word' id='word_1_300' title='bbox 487 4213 785 4273; x_wconf 74' lang='lat' dir='ltr'><strong>przesentes</strong></span> <span class='ocrx_word' id='word_1_301' title='bbox 807 4205 958 4273; x_wconf 89' lang='lat' dir='ltr'><strong>dicit,</strong></span> <span class='ocrx_word' id='word_1_302' title='bbox 1001 4207 1096 4263; x_wconf 88' lang='lat' dir='ltr'><strong>sed</strong></span> <span class='ocrx_word' id='word_1_303' title='bbox 1120 4222 1335 4264; x_wconf 89' lang='lat' dir='ltr'><strong>omnem</strong></span> <span class='ocrx_word' id='word_1_304' title='bbox 1365 4211 1771 4279; x_wconf 74' lang='lat' dir='ltr'><strong>generationem</strong></span> <span class='ocrx_word' id='word_1_305' title='bbox 1815 4212 2079 4269; x_wconf 88' lang='lat' dir='ltr'><strong>malorum</strong></span> 
     </span>
    </p>
   </div>
   <div class='ocr_carea' id='block_1_45' title="bbox 488 4294 2082 4369">
    <p class='ocr_par' dir='ltr' id='par_1_45' title="bbox 488 4294 2082 4369">
     <span class='ocr_line' id='line_1_45' title="bbox 488 4294 2082 4369; baseline 0.008 -22"><span class='ocrx_word' id='word_1_306' title='bbox 488 4294 882 4363; x_wconf 74' lang='lat' dir='ltr'><strong>pnecedentem</strong></span> <span class='ocrx_word' id='word_1_307' title='bbox 911 4304 967 4352; x_wconf 91' lang='lat' dir='ltr'><strong>et</strong></span> <span class='ocrx_word' id='word_1_308' title='bbox 1012 4296 1252 4355; x_wconf 87' lang='lat' dir='ltr'><strong>futuram</strong></span> <span class='ocrx_word' id='word_1_309' title='bbox 1285 4315 1299 4351; x_wconf 91' lang='lat'><strong>:</strong></span> <span class='ocrx_word' id='word_1_310' title='bbox 1345 4299 1472 4369; x_wconf 90' lang='lat' dir='ltr'><strong>quia</strong></span> <span class='ocrx_word' id='word_1_311' title='bbox 1502 4314 1694 4358; x_wconf 88' lang='lat' dir='ltr'><strong>omnes</strong></span> <span class='ocrx_word' id='word_1_312' title='bbox 1738 4318 1845 4358; x_wconf 78' lang='lat' dir='ltr'><strong>una</strong></span> <span class='ocrx_word' id='word_1_313' title='bbox 1885 4304 2082 4360; x_wconf 88' lang='lat' dir='ltr'><strong>civitas</strong></span> 
     </span>
    </p>
   </div>
   <div class='ocr_carea' id='block_1_46' title="bbox 490 4386 2082 4459">
    <p class='ocr_par' dir='ltr' id='par_1_46' title="bbox 490 4386 2082 4459">
     <span class='ocr_line' id='line_1_46' title="bbox 490 4386 2082 4459; baseline 0.004 -18"><span class='ocrx_word' id='word_1_314' title='bbox 490 4392 635 4453; x_wconf 89' lang='lat' dir='ltr'><strong>sunt,</strong></span> <span class='ocrx_word' id='word_1_315' title='bbox 668 4400 837 4441; x_wconf 89' lang='lat' dir='ltr'><strong>unum</strong></span> <span class='ocrx_word' id='word_1_316' title='bbox 864 4401 1061 4458; x_wconf 87' lang='lat' dir='ltr'><strong>corpus</strong></span> <span class='ocrx_word' id='word_1_317' title='bbox 1090 4386 1314 4445; x_wconf 88' lang='lat' dir='ltr'><strong>diaboli.</strong></span> <span class='ocrx_word' id='word_1_318' title='bbox 1360 4388 1489 4442; x_wconf 81' lang='lat' dir='ltr'><strong>Abel</strong></span> <span class='ocrx_word' id='word_1_319' title='bbox 1507 4389 1664 4459; x_wconf 84' lang='lat' dir='ltr'><strong>justi.</strong></span> <span class='ocrx_word' id='word_1_320' title='bbox 1695 4390 1914 4449; x_wconf 88' lang='lat' dir='ltr'><strong>Justitia</strong></span> <span class='ocrx_word' id='word_1_321' title='bbox 1946 4392 2082 4449; x_wconf 87' lang='lat' dir='ltr'><strong>Abel</strong></span> 
     </span>
    </p>
   </div>
   <div class='ocr_carea' id='block_1_47' title="bbox 490 4478 2081 4558">
    <p class='ocr_par' dir='ltr' id='par_1_47' title="bbox 490 4478 2081 4558">
     <span class='ocr_line' id='line_1_47' title="bbox 490 4478 2081 4558; baseline 0.008 -27"><span class='ocrx_word' id='word_1_322' title='bbox 490 4478 788 4550; x_wconf 89' lang='lat' dir='ltr'><strong>approbata</strong></span> <span class='ocrx_word' id='word_1_323' title='bbox 833 4488 919 4537; x_wconf 90' lang='lat' dir='ltr'><strong>est</strong></span> <span class='ocrx_word' id='word_1_324' title='bbox 947 4496 1044 4552; x_wconf 89' lang='lat' dir='ltr'><strong>per</strong></span> <span class='ocrx_word' id='word_1_325' title='bbox 1068 4498 1354 4539; x_wconf 90' lang='lat' dir='ltr'><strong>munerum</strong></span> <span class='ocrx_word' id='word_1_326' title='bbox 1383 4485 1770 4554; x_wconf 89' lang='lat' dir='ltr'><strong>acccptionem.</strong></span> <span class='ocrx_word' id='word_1_327' title='bbox 1800 4484 1973 4558; x_wconf 84' lang='lat' dir='ltr'><strong>Usque</strong></span> <span class='ocrx_word' id='word_1_328' title='bbox 2010 4488 2081 4543; x_wconf 87' lang='lat' dir='ltr'><strong>ad</strong></span> 
     </span>
    </p>
   </div>
   <div class='ocr_carea' id='block_1_48' title="bbox 489 4572 2083 4648">
    <p class='ocr_par' dir='ltr' id='par_1_48' title="bbox 489 4572 2083 4648">
     <span class='ocr_line' id='line_1_48' title="bbox 489 4572 2083 4648; baseline 0.004 -22"><span class='ocrx_word' id='word_1_329' title='bbox 489 4572 820 4643; x_wconf 83' lang='lat' dir='ltr'><strong>sanguinem.</strong></span> <span class='ocrx_word' id='word_1_330' title='bbox 852 4572 961 4630; x_wconf 89' lang='lat' dir='ltr'><strong>Cur</strong></span> <span class='ocrx_word' id='word_1_331' title='bbox 988 4589 1161 4645; x_wconf 90' lang='lat' dir='ltr'><strong>usque</strong></span> <span class='ocrx_word' id='word_1_332' title='bbox 1189 4575 1388 4643; x_wconf 87' lang='lat' dir='ltr'><strong>adhuc,</strong></span> <span class='ocrx_word' id='word_1_333' title='bbox 1431 4592 1553 4631; x_wconf 90' lang='lat' dir='ltr'><strong>cum</strong></span> <span class='ocrx_word' id='word_1_334' title='bbox 1584 4575 1743 4632; x_wconf 87' lang='lat' dir='ltr'><strong>multi</strong></span> <span class='ocrx_word' id='word_1_335' title='bbox 1785 4585 1911 4648; x_wconf 82' lang='lat' dir='ltr'><strong>post</strong></span> <span class='ocrx_word' id='word_1_336' title='bbox 1937 4578 2083 4634; x_wconf 89' lang='lat' dir='ltr'><strong>hunc</strong></span> 
     </span>
    </p>
   </div>
   <div class='ocr_carea' id='block_1_49' title="bbox 489 4665 2079 4735">
    <p class='ocr_par' dir='ltr' id='par_1_49' title="bbox 489 4665 2079 4735">
     <span class='ocr_line' id='line_1_49' title="bbox 489 4665 2079 4735; baseline 0.004 -14"><span class='ocrx_word' id='word_1_337' title='bbox 489 4665 657 4722; x_wconf 89' lang='lat' dir='ltr'><strong>occisi</strong></span> <span class='ocrx_word' id='word_1_338' title='bbox 707 4675 832 4723; x_wconf 90' lang='lat' dir='ltr'><strong>ante</strong></span> <span class='ocrx_word' id='word_1_339' title='bbox 868 4667 1105 4724; x_wconf 87' lang='lat' dir='ltr'><strong>natalem</strong></span> <span class='ocrx_word' id='word_1_340' title='bbox 1147 4668 1371 4735; x_wconf 84' lang='lat' dir='ltr'><strong>Christi,</strong></span> <span class='ocrx_word' id='word_1_341' title='bbox 1421 4678 1478 4727; x_wconf 89' lang='lat' dir='ltr'><strong>et</strong></span> <span class='ocrx_word' id='word_1_342' title='bbox 1525 4668 1745 4726; x_wconf 88' lang='lat' dir='ltr'><strong>Christo</strong></span> <span class='ocrx_word' id='word_1_343' title='bbox 1795 4679 1926 4727; x_wconf 89' lang='lat' dir='ltr'><strong>nato</strong></span> <span class='ocrx_word' id='word_1_344' title='bbox 1950 4686 2079 4727; x_wconf 78' lang='lat' dir='ltr'><strong>mox</strong></span> 
     </span>
    </p>
   </div>
   <div class='ocr_carea' id='block_1_50' title="bbox 490 4758 2077 4835">
    <p class='ocr_par' dir='ltr' id='par_1_50' title="bbox 490 4758 2077 4835">
     <span class='ocr_line' id='line_1_50' title="bbox 490 4758 2077 4835; baseline 0.005 -23"><span class='ocrx_word' id='word_1_345' title='bbox 490 4758 643 4830; x_wconf 89' lang='lat' dir='ltr'><strong>pueri</strong></span> <span class='ocrx_word' id='word_1_346' title='bbox 669 4758 737 4815; x_wconf 91' lang='lat' dir='ltr'><strong>ab</strong></span> <span class='ocrx_word' id='word_1_347' title='bbox 767 4760 871 4817; x_wconf 90' lang='lat' dir='ltr'><strong>hac</strong></span> <span class='ocrx_word' id='word_1_348' title='bbox 908 4762 1257 4833; x_wconf 87' lang='lat' dir='ltr'><strong>generatione</strong></span> <span class='ocrx_word' id='word_1_349' title='bbox 1292 4770 1419 4819; x_wconf 90' lang='lat' dir='ltr'><strong>sunt</strong></span> <span class='ocrx_word' id='word_1_350' title='bbox 1446 4764 1707 4835; x_wconf 87' lang='lat' dir='ltr'><strong>perempti</strong></span> <span class='ocrx_word' id='word_1_351' title='bbox 1736 4762 1761 4819; x_wconf 84' lang='lat' dir='ltr'><strong>‘l</strong></span> <span class='ocrx_word' id='word_1_352' title='bbox 1799 4762 1908 4820; x_wconf 84' lang='lat' dir='ltr'><strong>Sed</strong></span> <span class='ocrx_word' id='word_1_353' title='bbox 1951 4766 2077 4835; x_wconf 89' lang='lat' dir='ltr'><strong>quia</strong></span> 
     </span>
    </p>
   </div>
   <div class='ocr_carea' id='block_1_51' title="bbox 489 4848 2080 4926">
    <p class='ocr_par' dir='ltr' id='par_1_51' title="bbox 489 4848 2080 4926">
     <span class='ocr_line' id='line_1_51' title="bbox 489 4848 2080 4926; baseline 0.004 -22"><span class='ocrx_word' id='word_1_354' title='bbox 489 4848 625 4905; x_wconf 82' lang='lat' dir='ltr'><strong>Abel</strong></span> <span class='ocrx_word' id='word_1_355' title='bbox 644 4857 833 4921; x_wconf 86' lang='lat' dir='ltr'><strong>pastor</strong></span> <span class='ocrx_word' id='word_1_356' title='bbox 852 4852 1032 4908; x_wconf 75' lang='lat' dir='ltr'><strong>ovium</strong></span> <span class='ocrx_word' id='word_1_357' title='bbox 1052 4851 1153 4907; x_wconf 82' lang='lat' dir='ltr'><strong>fuit</strong></span> <span class='ocrx_word' id='word_1_358' title='bbox 1167 4861 1501 4923; x_wconf 87' lang='lat' dir='ltr'><strong>necatusque</strong></span> <span class='ocrx_word' id='word_1_359' title='bbox 1523 4854 1577 4908; x_wconf 92' lang='lat' dir='ltr'><strong>in</strong></span> <span class='ocrx_word' id='word_1_360' title='bbox 1600 4861 1733 4926; x_wconf 80' lang='lat' dir='ltr'><strong>agro</strong></span> <span class='ocrx_word' id='word_1_361' title='bbox 1753 4873 1765 4910; x_wconf 90' lang='lat'><strong>:</strong></span> <span class='ocrx_word' id='word_1_362' title='bbox 1784 4854 2080 4911; x_wconf 83' lang='lat' dir='ltr'><strong>Zacharias</strong></span> 
     </span>
    </p>
   </div>
   <div class='ocr_carea' id='block_1_52' title="bbox 492 4941 2079 5014">
    <p class='ocr_par' dir='ltr' id='par_1_52' title="bbox 492 4941 2079 5014">
     <span class='ocr_line' id='line_1_52' title="bbox 492 4941 2079 5014; baseline 0.003 -19"><span class='ocrx_word' id='word_1_363' title='bbox 492 4941 751 4998; x_wconf 85' lang='lat' dir='ltr'><strong>sacerdos</strong></span> <span class='ocrx_word' id='word_1_364' title='bbox 808 4950 1032 4998; x_wconf 90' lang='lat' dir='ltr'><strong>necatus</strong></span> <span class='ocrx_word' id='word_1_365' title='bbox 1078 4952 1162 4997; x_wconf 86' lang='lat' dir='ltr'><strong>cst</strong></span> <span class='ocrx_word' id='word_1_366' title='bbox 1206 4942 1261 4997; x_wconf 89' lang='lat' dir='ltr'><strong>in</strong></span> <span class='ocrx_word' id='word_1_367' title='bbox 1304 4943 1446 4998; x_wconf 90' lang='lat' dir='ltr'><strong>atrio</strong></span> <span class='ocrx_word' id='word_1_368' title='bbox 1493 4944 1676 5014; x_wconf 86' lang='lat' dir='ltr'><strong>templi</strong></span> <span class='ocrx_word' id='word_1_369' title='bbox 1730 4962 1745 4998; x_wconf 88' lang='lat'><strong>:</strong></span> <span class='ocrx_word' id='word_1_370' title='bbox 1796 4944 2079 5014; x_wconf 84' lang='lat' dir='ltr'><strong>utriusque</strong></span> 
     </span>
    </p>
   </div>
   <div class='ocr_carea' id='block_1_53' title="bbox 491 5034 2081 5107">
    <p class='ocr_par' dir='ltr' id='par_1_53' title="bbox 491 5034 2081 5107">
     <span class='ocr_line' id='line_1_53' title="bbox 491 5034 2081 5107; baseline 0.003 -20"><span class='ocrx_word' id='word_1_371' title='bbox 491 5034 694 5105; x_wconf 85' lang='lat' dir='ltr'><strong>gradus</strong></span> <span class='ocrx_word' id='word_1_372' title='bbox 721 5043 988 5105; x_wconf 89' lang='lat' dir='ltr'><strong>martyres</strong></span> <span class='ocrx_word' id='word_1_373' title='bbox 1021 5043 1077 5089; x_wconf 87' lang='lat' dir='ltr'><strong>et</strong></span> <span class='ocrx_word' id='word_1_374' title='bbox 1102 5034 1272 5092; x_wconf 85' lang='lat' dir='ltr'><strong>laicos</strong></span> <span class='ocrx_word' id='word_1_375' title='bbox 1295 5043 1350 5091; x_wconf 91' lang='lat' dir='ltr'><strong>et</strong></span> <span class='ocrx_word' id='word_1_376' title='bbox 1373 5034 1550 5091; x_wconf 75' lang='lat' dir='ltr'><strong>cilicio</strong></span> <span class='ocrx_word' id='word_1_377' title='bbox 1579 5035 1766 5092; x_wconf 86' lang='lat' dir='ltr'><strong>altaris</strong></span> <span class='ocrx_word' id='word_1_378' title='bbox 1807 5036 2081 5107; x_wconf 86' lang='lat' dir='ltr'><strong>mancipa-</strong></span> 
     </span>
    </p>
   </div>
   <div class='ocr_carea' id='block_1_54' title="bbox 493 5128 2079 5195">
    <p class='ocr_par' dir='ltr' id='par_1_54' title="bbox 493 5128 2079 5195">
     <span class='ocr_line' id='line_1_54' title="bbox 493 5128 2079 5195; baseline 0.001 -10"><span class='ocrx_word' id='word_1_379' title='bbox 493 5138 599 5195; x_wconf 86' lang='lat' dir='ltr'><strong>tos,</strong></span> <span class='ocrx_word' id='word_1_380' title='bbox 631 5129 732 5185; x_wconf 88' lang='lat' dir='ltr'><strong>sub</strong></span> <span class='ocrx_word' id='word_1_381' title='bbox 755 5144 942 5185; x_wconf 90' lang='lat' dir='ltr'><strong>eorum</strong></span> <span class='ocrx_word' id='word_1_382' title='bbox 979 5128 1149 5184; x_wconf 86' lang='lat' dir='ltr'><strong>voluit</strong></span> <span class='ocrx_word' id='word_1_383' title='bbox 1173 5129 1425 5185; x_wconf 88' lang='lat' dir='ltr'><strong>intimare</strong></span> <span class='ocrx_word' id='word_1_384' title='bbox 1450 5130 1747 5187; x_wconf 88' lang='lat' dir='ltr'><strong>vocabulis.</strong></span> <span class='ocrx_word' id='word_1_385' title='bbox 1783 5130 2079 5187; x_wconf 84' lang='lat' dir='ltr'><strong>Zacharias</strong></span> 
     </span>
    </p>
   </div>
   <div class='ocr_carea' id='block_1_55' title="bbox 492 5219 2076 5295">
    <p class='ocr_par' dir='ltr' id='par_1_55' title="bbox 492 5219 2076 5295">
     <span class='ocr_line' id='line_1_55' title="bbox 492 5219 2076 5295; baseline 0.003 -19"><span class='ocrx_word' id='word_1_386' title='bbox 492 5221 585 5292; x_wconf 90' lang='lat' dir='ltr'><strong>qui</strong></span> <span class='ocrx_word' id='word_1_387' title='bbox 605 5220 821 5277; x_wconf 89' lang='lat' dir='ltr'><strong>occisus</strong></span> <span class='ocrx_word' id='word_1_388' title='bbox 844 5227 928 5276; x_wconf 90' lang='lat' dir='ltr'><strong>cst</strong></span> <span class='ocrx_word' id='word_1_389' title='bbox 957 5235 989 5274; x_wconf 93' lang='lat' dir='ltr'><strong>a</strong></span> <span class='ocrx_word' id='word_1_390' title='bbox 1016 5234 1141 5291; x_wconf 88' lang='lat' dir='ltr'><strong>rege</strong></span> <span class='ocrx_word' id='word_1_391' title='bbox 1164 5219 1293 5277; x_wconf 91' lang='lat' dir='ltr'><strong>Joas</strong></span> <span class='ocrx_word' id='word_1_392' title='bbox 1320 5222 1463 5277; x_wconf 89' lang='lat' dir='ltr'><strong>inter</strong></span> <span class='ocrx_word' id='word_1_393' title='bbox 1492 5221 1747 5295; x_wconf 88' lang='lat' dir='ltr'><strong>templum</strong></span> <span class='ocrx_word' id='word_1_394' title='bbox 1789 5231 1845 5279; x_wconf 91' lang='lat' dir='ltr'><strong>et</strong></span> <span class='ocrx_word' id='word_1_395' title='bbox 1884 5223 2076 5291; x_wconf 86' lang='lat' dir='ltr'><strong>altare,</strong></span> 
     </span>
    </p>
   </div>
   <div class='ocr_carea' id='block_1_56' title="bbox 492 5310 2075 5383">
    <p class='ocr_par' dir='ltr' id='par_1_56' title="bbox 492 5310 2075 5383">
     <span class='ocr_line' id='line_1_56' title="bbox 492 5310 2075 5383; baseline 0.001 -16"><span class='ocrx_word' id='word_1_396' title='bbox 492 5322 553 5367; x_wconf 88' lang='lat' dir='ltr'><strong>ut</strong></span> <span class='ocrx_word' id='word_1_397' title='bbox 580 5311 805 5367; x_wconf 87' lang='lat' dir='ltr'><strong>historia</strong></span> <span class='ocrx_word' id='word_1_398' title='bbox 841 5310 1048 5383; x_wconf 81' lang='lat' dir='ltr'><strong>Regum</strong></span> <span class='ocrx_word' id='word_1_399' title='bbox 1088 5320 1297 5377; x_wconf 89' lang='lat' dir='ltr'><strong>narrat,</strong></span> <span class='ocrx_word' id='word_1_400' title='bbox 1342 5312 1484 5369; x_wconf 83' lang='lat' dir='ltr'><strong>ﬁlius</strong></span> <span class='ocrx_word' id='word_1_401' title='bbox 1528 5313 1631 5369; x_wconf 90' lang='lat' dir='ltr'><strong>fuit</strong></span> <span class='ocrx_word' id='word_1_402' title='bbox 1656 5312 1878 5381; x_wconf 68' lang='lat' dir='ltr'><strong>Joiadaa,</strong></span> <span class='ocrx_word' id='word_1_403' title='bbox 1926 5323 1982 5369; x_wconf 92' lang='lat' dir='ltr'><strong>et</strong></span> <span class='ocrx_word' id='word_1_404' title='bbox 2022 5314 2075 5369; x_wconf 89' lang='lat' dir='ltr'><strong>in</strong></span> 
     </span>
    </p>
   </div>
   <div class='ocr_carea' id='block_1_57' title="bbox 494 5401 2079 5474">
    <p class='ocr_par' dir='ltr' id='par_1_57' title="bbox 494 5401 2079 5474">
     <span class='ocr_line' id='line_1_57' title="bbox 494 5401 2079 5474; baseline 0.003 -17"><span class='ocrx_word' id='word_1_405' title='bbox 494 5401 787 5473; x_wconf 78' lang='lat' dir='ltr'><strong>Evangelio</strong></span> <span class='ocrx_word' id='word_1_406' title='bbox 811 5416 921 5472; x_wconf 90' lang='lat' dir='ltr'><strong>quo</strong></span> <span class='ocrx_word' id='word_1_407' title='bbox 949 5409 1172 5458; x_wconf 88' lang='lat' dir='ltr'><strong>utuntur</strong></span> <span class='ocrx_word' id='word_1_408' title='bbox 1197 5401 1462 5470; x_wconf 68' lang='lat' dir='ltr'><strong>Nazami,</strong></span> <span class='ocrx_word' id='word_1_409' title='bbox 1511 5418 1610 5474; x_wconf 89' lang='lat' dir='ltr'><strong>pro</strong></span> <span class='ocrx_word' id='word_1_410' title='bbox 1649 5404 1759 5461; x_wconf 89' lang='lat' dir='ltr'><strong>tilio</strong></span> <span class='ocrx_word' id='word_1_411' title='bbox 1800 5405 2079 5462; x_wconf 64' lang='lat' dir='ltr'><strong>Barachite</strong></span> 
     </span>
    </p>
   </div>
   <div class='ocr_carea' id='block_1_58' title="bbox 494 5493 2079 5567">
    <p class='ocr_par' dir='ltr' id='par_1_58' title="bbox 494 5493 2079 5567">
     <span class='ocr_line' id='line_1_58' title="bbox 494 5493 2079 5567; baseline 0.002 -17"><span class='ocrx_word' id='word_1_412' title='bbox 494 5496 693 5567; x_wconf 80' lang='lat' dir='ltr'><strong>legitur</strong></span> <span class='ocrx_word' id='word_1_413' title='bbox 717 5494 861 5552; x_wconf 91' lang='lat' dir='ltr'><strong>ﬁlius</strong></span> <span class='ocrx_word' id='word_1_414' title='bbox 882 5493 1108 5552; x_wconf 72' lang='lat' dir='ltr'><strong>Joi‘adac.</strong></span> <span class='ocrx_word' id='word_1_415' title='bbox 1135 5495 1244 5553; x_wconf 84' lang='lat' dir='ltr'><strong>Sed</strong></span> <span class='ocrx_word' id='word_1_416' title='bbox 1273 5505 1333 5552; x_wconf 89' lang='lat' dir='ltr'><strong>ut</strong></span> <span class='ocrx_word' id='word_1_417' title='bbox 1359 5495 1572 5567; x_wconf 72' lang='lat' dir='ltr'><strong>iustitia</strong></span> <span class='ocrx_word' id='word_1_418' title='bbox 1598 5494 1802 5553; x_wconf 68' lang='lat' dir='ltr'><strong>Joiadze</strong></span> <span class='ocrx_word' id='word_1_419' title='bbox 1826 5496 2079 5554; x_wconf 83' lang='lat' dir='ltr'><strong>sacerdo-</strong></span> 
     </span>
    </p>
   </div>
   <div class='ocr_carea' id='block_1_59' title="bbox 495 5589 2078 5663">
    <p class='ocr_par' dir='ltr' id='par_1_59' title="bbox 495 5589 2078 5663">
     <span class='ocr_line' id='line_1_59' title="bbox 495 5589 2078 5663; baseline 0.002 -17"><span class='ocrx_word' id='word_1_420' title='bbox 495 5593 567 5646; x_wconf 89' lang='lat' dir='ltr'><strong>tis</strong></span> <span class='ocrx_word' id='word_1_421' title='bbox 594 5589 936 5661; x_wconf 58' lang='lat' dir='ltr'><strong>pradicetur,</strong></span> <span class='ocrx_word' id='word_1_422' title='bbox 962 5592 1076 5663; x_wconf 87' lang='lat' dir='ltr'><strong>ipse</strong></span> <span class='ocrx_word' id='word_1_423' title='bbox 1104 5592 1395 5650; x_wconf 85' lang='lat' dir='ltr'><strong>Barachias</strong></span> <span class='ocrx_word' id='word_1_424' title='bbox 1425 5600 1670 5659; x_wconf 75' lang='lat' dir='ltr'><strong>vocatur,</strong></span> <span class='ocrx_word' id='word_1_425' title='bbox 1696 5592 1751 5648; x_wconf 90' lang='lat' dir='ltr'><strong>id</strong></span> <span class='ocrx_word' id='word_1_426' title='bbox 1777 5599 1883 5660; x_wconf 89' lang='lat' dir='ltr'><strong>est,</strong></span> <span class='ocrx_word' id='word_1_427' title='bbox 1912 5593 2078 5649; x_wconf 82' lang='lat' dir='ltr'><strong>bene-</strong></span> 
     </span>
    </p>
   </div>
   <div class='ocr_carea' id='block_1_60' title="bbox 491 5682 2080 5757">
    <p class='ocr_par' dir='ltr' id='par_1_60' title="bbox 491 5682 2080 5757">
     <span class='ocr_line' id='line_1_60' title="bbox 491 5682 2080 5757; baseline 0 -17"><span class='ocrx_word' id='word_1_428' title='bbox 491 5684 675 5740; x_wconf 82' lang='lat' dir='ltr'><strong>dictus</strong></span> <span class='ocrx_word' id='word_1_429' title='bbox 699 5682 934 5740; x_wconf 88' lang='lat' dir='ltr'><strong>Domini.</strong></span> <span class='ocrx_word' id='word_1_430' title='bbox 967 5684 1072 5741; x_wconf 86' lang='lat' dir='ltr'><strong>lste</strong></span> <span class='ocrx_word' id='word_1_431' title='bbox 1095 5685 1391 5744; x_wconf 85' lang='lat' dir='ltr'><strong>Zacharias</strong></span> <span class='ocrx_word' id='word_1_432' title='bbox 1418 5687 1486 5744; x_wconf 89' lang='lat' dir='ltr'><strong>de</strong></span> <span class='ocrx_word' id='word_1_433' title='bbox 1515 5685 1799 5742; x_wconf 89' lang='lat' dir='ltr'><strong>duodecim</strong></span> <span class='ocrx_word' id='word_1_434' title='bbox 1840 5686 2080 5757; x_wconf 83' lang='lat' dir='ltr'><strong>prophe—</strong></span> 
     </span>
    </p>
   </div>
   <div class='ocr_carea' id='block_1_61' title="bbox 494 5777 2086 5853">
    <p class='ocr_par' dir='ltr' id='par_1_61' title="bbox 494 5777 2086 5853">
     <span class='ocr_line' id='line_1_61' title="bbox 494 5777 2086 5853; baseline 0.003 -22"><span class='ocrx_word' id='word_1_435' title='bbox 494 5777 567 5831; x_wconf 79' lang='lat' dir='ltr'><strong>tis</strong></span> <span class='ocrx_word' id='word_1_436' title='bbox 588 5792 726 5833; x_wconf 88' lang='lat' dir='ltr'><strong>unus</strong></span> <span class='ocrx_word' id='word_1_437' title='bbox 746 5785 886 5847; x_wconf 82' lang='lat' dir='ltr'><strong>erat,</strong></span> <span class='ocrx_word' id='word_1_438' title='bbox 918 5778 1057 5837; x_wconf 87' lang='lat' dir='ltr'><strong>sicut</strong></span> <span class='ocrx_word' id='word_1_439' title='bbox 1085 5788 1239 5853; x_wconf 87' lang='lat' dir='ltr'><strong>pater</strong></span> <span class='ocrx_word' id='word_1_440' title='bbox 1276 5780 1498 5838; x_wconf 76' lang='lat' dir='ltr'><strong>Joannis</strong></span> <span class='ocrx_word' id='word_1_441' title='bbox 1526 5780 1593 5837; x_wconf 87' lang='lat' dir='ltr'><strong>de</strong></span> <span class='ocrx_word' id='word_1_442' title='bbox 1634 5779 1915 5851; x_wconf 82' lang='lat' dir='ltr'><strong>prophetis</strong></span> <span class='ocrx_word' id='word_1_443' title='bbox 1941 5794 2086 5835; x_wconf 86' lang='lat' dir='ltr'><strong>unus</strong></span> 
     </span>
    </p>
   </div>
   <div class='ocr_carea' id='block_1_62' title="bbox 495 5876 633 5925">
    <p class='ocr_par' dir='ltr' id='par_1_62' title="bbox 495 5876 633 5925">
     <span class='ocr_line' id='line_1_62' title="bbox 495 5876 633 5925; baseline -0.014 0"><span class='ocrx_word' id='word_1_444' title='bbox 495 5876 633 5925; x_wconf 80' lang='lat' dir='ltr'><strong>erat.</strong></span> 
     </span>
    </p>
   </div>
   <div class='ocr_carea' id='block_1_63' title="bbox 2099 1901 2147 1961">
    <p class='ocr_par' dir='ltr' id='par_1_63' title="bbox 2099 1901 2147 1961">
     <span class='ocr_line' id='line_1_63' title="bbox 2099 1901 2147 1961; baseline 0 0"><span class='ocrx_word' id='word_1_445' title='bbox 2099 1901 2147 1961; x_wconf 89' lang='lat' dir='ltr'><strong>B</strong></span> 
     </span>
    </p>
   </div>
   <div class='ocr_carea' id='block_1_64' title="bbox 2167 624 3764 697">
    <p class='ocr_par' dir='ltr' id='par_1_64' title="bbox 2167 624 3764 697">
     <span class='ocr_line' id='line_1_64' title="bbox 2167 624 3764 697; baseline 0 -18"><span class='ocrx_word' id='word_1_446' title='bbox 2167 626 2440 694; x_wconf 90' lang='lat' dir='ltr'><strong>parricida</strong></span> <span class='ocrx_word' id='word_1_447' title='bbox 2467 642 2640 696; x_wconf 89' lang='lat' dir='ltr'><strong>usque</strong></span> <span class='ocrx_word' id='word_1_448' title='bbox 2668 627 2735 681; x_wconf 92' lang='lat' dir='ltr'><strong>ad</strong></span> <span class='ocrx_word' id='word_1_449' title='bbox 2766 626 3013 682; x_wconf 88' lang='lat' dir='ltr'><strong>ultimum</strong></span> <span class='ocrx_word' id='word_1_450' title='bbox 3048 625 3367 697; x_wconf 84' lang='lat' dir='ltr'><strong>perditionis</strong></span> <span class='ocrx_word' id='word_1_451' title='bbox 3412 624 3581 680; x_wconf 83' lang='lat' dir='ltr'><strong>lilium</strong></span> <span class='ocrx_word' id='word_1_452' title='bbox 3612 638 3764 680; x_wconf 85' lang='lat' dir='ltr'><strong>com-</strong></span> 
     </span>
    </p>
   </div>
   <div class='ocr_carea' id='block_1_65' title="bbox 2167 717 3766 791">
    <p class='ocr_par' dir='ltr' id='par_1_65' title="bbox 2167 717 3766 791">
     <span class='ocr_line' id='line_1_65' title="bbox 2167 717 3766 791; baseline -0.001 -18"><span class='ocrx_word' id='word_1_453' title='bbox 2167 727 2392 789; x_wconf 89' lang='lat' dir='ltr'><strong>putatur</strong></span> <span class='ocrx_word' id='word_1_454' title='bbox 2419 733 2433 772; x_wconf 89' lang='lat'><strong>:</strong></span> <span class='ocrx_word' id='word_1_455' title='bbox 2462 719 2653 791; x_wconf 91' lang='lat' dir='ltr'><strong>quasi,</strong></span> <span class='ocrx_word' id='word_1_456' title='bbox 2677 719 2882 775; x_wconf 87' lang='lat' dir='ltr'><strong>similes</strong></span> <span class='ocrx_word' id='word_1_457' title='bbox 2925 726 3088 775; x_wconf 89' lang='lat' dir='ltr'><strong>erunt</strong></span> <span class='ocrx_word' id='word_1_458' title='bbox 3114 719 3169 774; x_wconf 91' lang='lat' dir='ltr'><strong>in</strong></span> <span class='ocrx_word' id='word_1_459' title='bbox 3194 732 3355 790; x_wconf 73' lang='lat' dir='ltr'><strong>pmna</strong></span> <span class='ocrx_word' id='word_1_460' title='bbox 3381 717 3524 774; x_wconf 88' lang='lat' dir='ltr'><strong>sicut</strong></span> <span class='ocrx_word' id='word_1_461' title='bbox 3553 724 3682 772; x_wconf 88' lang='lat' dir='ltr'><strong>sunt</strong></span> <span class='ocrx_word' id='word_1_462' title='bbox 3705 723 3766 771; x_wconf 91' lang='lat' dir='ltr'><strong>et</strong></span> 
     </span>
    </p>
   </div>
   <div class='ocr_carea' id='block_1_66' title="bbox 2169 812 2423 884">
    <p class='ocr_par' dir='ltr' id='par_1_66' title="bbox 2169 812 2423 884">
     <span class='ocr_line' id='line_1_66' title="bbox 2169 812 2423 884; baseline 0 -17"><span class='ocrx_word' id='word_1_463' title='bbox 2169 812 2224 868; x_wconf 88' lang='lat' dir='ltr'><strong>in</strong></span> <span class='ocrx_word' id='word_1_464' title='bbox 2246 812 2423 884; x_wconf 87' lang='lat' dir='ltr'><strong>culpa.</strong></span> 
     </span>
    </p>
   </div>
   <div class='ocr_carea' id='block_1_67' title="bbox 2241 900 3766 972">
    <p class='ocr_par' dir='ltr' id='par_1_67' title="bbox 2241 900 3766 972">
     <span class='ocr_line' id='line_1_67' title="bbox 2241 900 3766 972; baseline -0.005 -10"><span class='ocrx_word' id='word_1_465' title='bbox 2241 906 2408 962; x_wconf 84' lang='lat' dir='ltr'><strong>Vens.</strong></span> <span class='ocrx_word' id='word_1_466' title='bbox 2453 903 2543 962; x_wconf 81' lang='lat'><strong>37.</strong></span> <span class='ocrx_word' id='word_1_467' title='bbox 2577 936 2649 947; x_wconf 91' lang='lat'><strong>-—</strong></span> <span class='ocrx_word' id='word_1_468' title='bbox 2684 905 3001 962; x_wconf 83' lang='lat' dir='ltr'><strong>Jerusalem.</strong></span> <span class='ocrx_word' id='word_1_469' title='bbox 3048 903 3218 972; x_wconf 71' lang='lat' dir='ltr'><strong>Quasn</strong></span> <span class='ocrx_word' id='word_1_470' title='bbox 3266 903 3457 958; x_wconf 84' lang='lat' dir='ltr'><strong>dicat:</strong></span> <span class='ocrx_word' id='word_1_471' title='bbox 3497 901 3595 957; x_wconf 80' lang='lat' dir='ltr'><strong>Rei</strong></span> <span class='ocrx_word' id='word_1_472' title='bbox 3628 900 3766 956; x_wconf 86' lang='lat' dir='ltr'><strong>estis</strong></span> 
     </span>
    </p>
   </div>
   <div class='ocr_carea' id='block_1_68' title="bbox 2170 993 3766 1071">
    <p class='ocr_par' dir='ltr' id='par_1_68' title="bbox 2170 993 3766 1071">
     <span class='ocr_line' id='line_1_68' title="bbox 2170 993 3766 1071; baseline -0.004 -17"><span class='ocrx_word' id='word_1_473' title='bbox 2170 998 2469 1071; x_wconf 87' lang='lat' dir='ltr'><strong>sanguinis,</strong></span> <span class='ocrx_word' id='word_1_474' title='bbox 2514 1008 2572 1055; x_wconf 91' lang='lat' dir='ltr'><strong>et</strong></span> <span class='ocrx_word' id='word_1_475' title='bbox 2616 999 2832 1065; x_wconf 88' lang='lat' dir='ltr'><strong>merito,</strong></span> <span class='ocrx_word' id='word_1_476' title='bbox 2885 998 3014 1068; x_wconf 90' lang='lat' dir='ltr'><strong>quia</strong></span> <span class='ocrx_word' id='word_1_477' title='bbox 3058 996 3337 1053; x_wconf 90' lang='lat' dir='ltr'><strong>multoties</strong></span> <span class='ocrx_word' id='word_1_478' title='bbox 3387 993 3512 1050; x_wconf 86' lang='lat' dir='ltr'><strong>misi</strong></span> <span class='ocrx_word' id='word_1_479' title='bbox 3555 993 3623 1048; x_wconf 86' lang='lat' dir='ltr'><strong>ad</strong></span> <span class='ocrx_word' id='word_1_480' title='bbox 3666 1007 3766 1048; x_wconf 89' lang='lat' dir='ltr'><strong>vos</strong></span> 
     </span>
    </p>
   </div>
   <div class='ocr_carea' id='block_1_69' title="bbox 2169 1086 3761 1164">
    <p class='ocr_par' dir='ltr' id='par_1_69' title="bbox 2169 1086 3761 1164">
     <span class='ocr_line' id='line_1_69' title="bbox 2169 1086 3761 1164; baseline -0.005 -17"><span class='ocrx_word' id='word_1_481' title='bbox 2169 1091 2609 1164; x_wconf 90' lang='lat' dir='ltr'><strong>congregandos,</strong></span> <span class='ocrx_word' id='word_1_482' title='bbox 2655 1099 2710 1147; x_wconf 89' lang='lat' dir='ltr'><strong>et</strong></span> <span class='ocrx_word' id='word_1_483' title='bbox 2760 1090 3029 1147; x_wconf 88' lang='lat' dir='ltr'><strong>noluistis.</strong></span> <span class='ocrx_word' id='word_1_484' title='bbox 3071 1088 3309 1156; x_wconf 81' lang='lat' dir='ltr'><strong>Quoties.</strong></span> <span class='ocrx_word' id='word_1_485' title='bbox 3356 1087 3436 1143; x_wconf 88' lang='lat' dir='ltr'><strong>Ac</strong></span> <span class='ocrx_word' id='word_1_486' title='bbox 3482 1086 3528 1142; x_wconf 87' lang='lat' dir='ltr'><strong>si</strong></span> <span class='ocrx_word' id='word_1_487' title='bbox 3569 1086 3761 1141; x_wconf 89' lang='lat' dir='ltr'><strong>dicat:</strong></span> 
     </span>
    </p>
   </div>
   <div class='ocr_carea' id='block_1_70' title="bbox 2171 1178 3764 1254">
    <p class='ocr_par' dir='ltr' id='par_1_70' title="bbox 2171 1178 3764 1254">
     <span class='ocr_line' id='line_1_70' title="bbox 2171 1178 3764 1254; baseline -0.004 -17"><span class='ocrx_word' id='word_1_488' title='bbox 2171 1181 2284 1254; x_wconf 85' lang='lat' dir='ltr'><strong>Ego</strong></span> <span class='ocrx_word' id='word_1_489' title='bbox 2304 1182 2468 1249; x_wconf 90' lang='lat' dir='ltr'><strong>volui,</strong></span> <span class='ocrx_word' id='word_1_490' title='bbox 2491 1190 2547 1237; x_wconf 90' lang='lat' dir='ltr'><strong>et</strong></span> <span class='ocrx_word' id='word_1_491' title='bbox 2576 1190 2633 1237; x_wconf 90' lang='lat' dir='ltr'><strong>tu</strong></span> <span class='ocrx_word' id='word_1_492' title='bbox 2659 1181 2898 1247; x_wconf 89' lang='lat' dir='ltr'><strong>noluisti,</strong></span> <span class='ocrx_word' id='word_1_493' title='bbox 2930 1188 2984 1237; x_wconf 93' lang='lat' dir='ltr'><strong>et</strong></span> <span class='ocrx_word' id='word_1_494' title='bbox 3002 1187 3271 1251; x_wconf 87' lang='lat' dir='ltr'><strong>quotquot</strong></span> <span class='ocrx_word' id='word_1_495' title='bbox 3293 1178 3616 1251; x_wconf 83' lang='lat' dir='ltr'><strong>congregavi</strong></span> <span class='ocrx_word' id='word_1_496' title='bbox 3640 1191 3764 1232; x_wconf 89' lang='lat' dir='ltr'><strong>mea</strong></span> 
     </span>
    </p>
   </div>
   <div class='ocr_carea' id='block_1_71' title="bbox 2171 1274 3768 1346">
    <p class='ocr_par' dir='ltr' id='par_1_71' title="bbox 2171 1274 3768 1346">
     <span class='ocr_line' id='line_1_71' title="bbox 2171 1274 3768 1346; baseline -0.001 -16"><span class='ocrx_word' id='word_1_497' title='bbox 2171 1276 2444 1333; x_wconf 86' lang='lat' dir='ltr'><strong>voluntate</strong></span> <span class='ocrx_word' id='word_1_498' title='bbox 2472 1291 2687 1346; x_wconf 90' lang='lat' dir='ltr'><strong>semper</strong></span> <span class='ocrx_word' id='word_1_499' title='bbox 2715 1274 2921 1333; x_wconf 81' lang='lat' dir='ltr'><strong>eﬁicaci</strong></span> <span class='ocrx_word' id='word_1_500' title='bbox 2957 1284 3009 1332; x_wconf 91' lang='lat' dir='ltr'><strong>te</strong></span> <span class='ocrx_word' id='word_1_501' title='bbox 3038 1274 3255 1333; x_wconf 90' lang='lat' dir='ltr'><strong>nolente</strong></span> <span class='ocrx_word' id='word_1_502' title='bbox 3284 1274 3423 1342; x_wconf 88' lang='lat' dir='ltr'><strong>feci,</strong></span> <span class='ocrx_word' id='word_1_503' title='bbox 3452 1274 3579 1344; x_wconf 86' lang='lat' dir='ltr'><strong>quia</strong></span> <span class='ocrx_word' id='word_1_504' title='bbox 3621 1289 3768 1329; x_wconf 90' lang='lat' dir='ltr'><strong>sem-</strong></span> 
     </span>
    </p>
   </div>
   <div class='ocr_carea' id='block_1_72' title="bbox 2171 1364 3766 1438">
    <p class='ocr_par' dir='ltr' id='par_1_72' title="bbox 2171 1364 3766 1438">
     <span class='ocr_line' id='line_1_72' title="bbox 2171 1364 3766 1438; baseline -0.004 -15"><span class='ocrx_word' id='word_1_505' title='bbox 2171 1383 2271 1438; x_wconf 88' lang='lat' dir='ltr'><strong>per</strong></span> <span class='ocrx_word' id='word_1_506' title='bbox 2319 1368 2532 1438; x_wconf 88' lang='lat' dir='ltr'><strong>ingrata</strong></span> <span class='ocrx_word' id='word_1_507' title='bbox 2575 1364 2750 1423; x_wconf 82' lang='lat' dir='ltr'><strong>fuisti.</strong></span> <span class='ocrx_word' id='word_1_508' title='bbox 2798 1365 3035 1423; x_wconf 82' lang='lat' dir='ltr'><strong>Gallina.</strong></span> <span class='ocrx_word' id='word_1_509' title='bbox 3098 1366 3213 1423; x_wconf 86' lang='lat' dir='ltr'><strong>Hoc</strong></span> <span class='ocrx_word' id='word_1_510' title='bbox 3258 1365 3460 1423; x_wconf 88' lang='lat' dir='ltr'><strong>animal</strong></span> <span class='ocrx_word' id='word_1_511' title='bbox 3507 1379 3766 1435; x_wconf 87' lang='lat' dir='ltr'><strong>magnum</strong></span> 
     </span>
    </p>
   </div>
   <div class='ocr_carea' id='block_1_73' title="bbox 2173 1457 3768 1541">
    <p class='ocr_par' dir='ltr' id='par_1_73' title="bbox 2173 1457 3768 1541">
     <span class='ocr_line' id='line_1_73' title="bbox 2173 1457 3768 1541; baseline -0.006 -23"><span class='ocrx_word' id='word_1_512' title='bbox 2173 1463 2426 1518; x_wconf 78' lang='lat' dir='ltr'><strong>allectum</strong></span> <span class='ocrx_word' id='word_1_513' title='bbox 2471 1461 2635 1518; x_wconf 88' lang='lat' dir='ltr'><strong>habet</strong></span> <span class='ocrx_word' id='word_1_514' title='bbox 2680 1461 2736 1517; x_wconf 90' lang='lat' dir='ltr'><strong>in</strong></span> <span class='ocrx_word' id='word_1_515' title='bbox 2782 1461 2945 1527; x_wconf 89' lang='lat' dir='ltr'><strong>ﬁlios,</strong></span> <span class='ocrx_word' id='word_1_516' title='bbox 2980 1460 3057 1516; x_wconf 89' lang='lat' dir='ltr'><strong>ita</strong></span> <span class='ocrx_word' id='word_1_517' title='bbox 3113 1467 3176 1515; x_wconf 89' lang='lat' dir='ltr'><strong>ut</strong></span> <span class='ocrx_word' id='word_1_518' title='bbox 3214 1474 3402 1516; x_wconf 90' lang='lat' dir='ltr'><strong>eorum</strong></span> <span class='ocrx_word' id='word_1_519' title='bbox 3445 1457 3768 1541; x_wconf 81' lang='lat' dir='ltr'><strong>inﬁrmitate</strong></span> 
     </span>
    </p>
   </div>
   <div class='ocr_carea' id='block_1_74' title="bbox 2173 1550 3767 1622">
    <p class='ocr_par' dir='ltr' id='par_1_74' title="bbox 2173 1550 3767 1622">
     <span class='ocr_line' id='line_1_74' title="bbox 2173 1550 3767 1622; baseline -0.005 -11"><span class='ocrx_word' id='word_1_520' title='bbox 2173 1554 2367 1611; x_wconf 80' lang='lat' dir='ltr'><strong>aﬂ‘ecta</strong></span> <span class='ocrx_word' id='word_1_521' title='bbox 2395 1554 2721 1619; x_wconf 87' lang='lat' dir='ltr'><strong>inﬁrmetur,</strong></span> <span class='ocrx_word' id='word_1_522' title='bbox 2754 1562 2811 1611; x_wconf 91' lang='lat' dir='ltr'><strong>et</strong></span> <span class='ocrx_word' id='word_1_523' title='bbox 2846 1569 2942 1611; x_wconf 91' lang='lat' dir='ltr'><strong>eos</strong></span> <span class='ocrx_word' id='word_1_524' title='bbox 2972 1553 3073 1609; x_wconf 90' lang='lat' dir='ltr'><strong>alis</strong></span> <span class='ocrx_word' id='word_1_525' title='bbox 3102 1560 3393 1622; x_wconf 82' lang='lat' dir='ltr'><strong>protegens</strong></span> <span class='ocrx_word' id='word_1_526' title='bbox 3418 1559 3609 1605; x_wconf 89' lang='lat' dir='ltr'><strong>contra</strong></span> <span class='ocrx_word' id='word_1_527' title='bbox 3640 1550 3767 1604; x_wconf 89' lang='lat' dir='ltr'><strong>mil-</strong></span> 
     </span>
    </p>
   </div>
   <div class='ocr_carea' id='block_1_75' title="bbox 2172 1642 3764 1719">
    <p class='ocr_par' dir='ltr' id='par_1_75' title="bbox 2172 1642 3764 1719">
     <span class='ocr_line' id='line_1_75' title="bbox 2172 1642 3764 1719; baseline -0.003 -17"><span class='ocrx_word' id='word_1_528' title='bbox 2172 1664 2298 1703; x_wconf 86' lang='lat' dir='ltr'><strong>vum</strong></span> <span class='ocrx_word' id='word_1_529' title='bbox 2329 1656 2548 1719; x_wconf 87' lang='lat' dir='ltr'><strong>pugnet.</strong></span> <span class='ocrx_word' id='word_1_530' title='bbox 2584 1646 2675 1704; x_wconf 90' lang='lat' dir='ltr'><strong>Sic</strong></span> <span class='ocrx_word' id='word_1_531' title='bbox 2696 1648 2791 1704; x_wconf 89' lang='lat' dir='ltr'><strong>Dei</strong></span> <span class='ocrx_word' id='word_1_532' title='bbox 2807 1647 3069 1719; x_wconf 89' lang='lat' dir='ltr'><strong>sapientia</strong></span> <span class='ocrx_word' id='word_1_533' title='bbox 3094 1662 3192 1718; x_wconf 89' lang='lat' dir='ltr'><strong>per</strong></span> <span class='ocrx_word' id='word_1_534' title='bbox 3218 1660 3439 1702; x_wconf 89' lang='lat' dir='ltr'><strong>carnem</strong></span> <span class='ocrx_word' id='word_1_535' title='bbox 3464 1642 3764 1710; x_wconf 88' lang='lat' dir='ltr'><strong>inﬁrmata,</strong></span> 
     </span>
    </p>
   </div>
   <div class='ocr_carea' id='block_1_76' title="bbox 2173 1740 3439 1819">
    <p class='ocr_par' dir='ltr' id='par_1_76' title="bbox 2173 1740 3439 1819">
     <span class='ocr_line' id='line_1_76' title="bbox 2173 1740 3439 1819; baseline -0.004 -22"><span class='ocrx_word' id='word_1_536' title='bbox 2173 1741 2408 1813; x_wconf 76' lang='lat' dir='ltr'><strong>protegit</strong></span> <span class='ocrx_word' id='word_1_537' title='bbox 2439 1756 2538 1799; x_wconf 90' lang='lat' dir='ltr'><strong>nos</strong></span> <span class='ocrx_word' id='word_1_538' title='bbox 2561 1750 2616 1798; x_wconf 90' lang='lat' dir='ltr'><strong>et</strong></span> <span class='ocrx_word' id='word_1_539' title='bbox 2645 1741 2886 1798; x_wconf 90' lang='lat' dir='ltr'><strong>defendit</strong></span> <span class='ocrx_word' id='word_1_540' title='bbox 2910 1757 2940 1796; x_wconf 89' lang='lat' dir='ltr'><strong>a</strong></span> <span class='ocrx_word' id='word_1_541' title='bbox 2968 1740 3203 1797; x_wconf 89' lang='lat' dir='ltr'><strong>diabolo.</strong></span> <span class='ocrx_word' id='word_1_542' title='bbox 3434 1812 3439 1819; x_wconf 28' lang='grc'><strong><em>⁸</em></strong></span> 
     </span>
    </p>
   </div>
   <div class='ocr_carea' id='block_1_77' title="bbox 2248 1829 3768 1906">
    <p class='ocr_par' dir='ltr' id='par_1_77' title="bbox 2248 1829 3768 1906">
     <span class='ocr_line' id='line_1_77' title="bbox 2248 1829 3768 1906; baseline -0.005 -17"><span class='ocrx_word' id='word_1_543' title='bbox 2248 1834 2410 1892; x_wconf 86' lang='lat' dir='ltr'><strong>Vens.</strong></span> <span class='ocrx_word' id='word_1_544' title='bbox 2441 1835 2531 1891; x_wconf 77' lang='lat'><strong>58.</strong></span> <span class='ocrx_word' id='word_1_545' title='bbox 2563 1866 2635 1876; x_wconf 90' lang='lat'><strong><em>—</em></strong></span> <span class='ocrx_word' id='word_1_546' title='bbox 2660 1834 3020 1906; x_wconf 86' lang='lat' dir='ltr'><strong>Relinquetur.</strong></span> <span class='ocrx_word' id='word_1_547' title='bbox 3065 1832 3271 1890; x_wconf 90' lang='lat' dir='ltr'><strong>Civitas</strong></span> <span class='ocrx_word' id='word_1_548' title='bbox 3306 1831 3506 1887; x_wconf 79' lang='lat' dir='ltr'><strong>auxilio</strong></span> <span class='ocrx_word' id='word_1_549' title='bbox 3536 1829 3633 1886; x_wconf 86' lang='lat' dir='ltr'><strong>Dei</strong></span> <span class='ocrx_word' id='word_1_550' title='bbox 3664 1846 3768 1883; x_wconf 90' lang='lat' dir='ltr'><strong>nu-</strong></span> 
     </span>
    </p>
   </div>
   <div class='ocr_carea' id='block_1_78' title="bbox 2176 1923 3768 1997">
    <p class='ocr_par' dir='ltr' id='par_1_78' title="bbox 2176 1923 3768 1997">
     <span class='ocr_line' id='line_1_78' title="bbox 2176 1923 3768 1997; baseline -0.006 -13"><span class='ocrx_word' id='word_1_551' title='bbox 2176 1931 2301 1984; x_wconf 87' lang='lat' dir='ltr'><strong>data</strong></span> <span class='ocrx_word' id='word_1_552' title='bbox 2328 1943 2440 1984; x_wconf 71' lang='lat' dir='ltr'><strong>sua:</strong></span> <span class='ocrx_word' id='word_1_553' title='bbox 2458 1927 2650 1983; x_wconf 91' lang='lat' dir='ltr'><strong>ditioni</strong></span> <span class='ocrx_word' id='word_1_554' title='bbox 2685 1927 3037 1997; x_wconf 81' lang='lat' dir='ltr'><strong>relinquetur,</strong></span> <span class='ocrx_word' id='word_1_555' title='bbox 3064 1940 3184 1996; x_wconf 85' lang='lat' dir='ltr'><strong>quae</strong></span> <span class='ocrx_word' id='word_1_556' title='bbox 3209 1925 3348 1982; x_wconf 89' lang='lat' dir='ltr'><strong>bene</strong></span> <span class='ocrx_word' id='word_1_557' title='bbox 3370 1923 3626 1980; x_wconf 89' lang='lat' dir='ltr'><strong>derelicta</strong></span> <span class='ocrx_word' id='word_1_558' title='bbox 3656 1929 3768 1986; x_wconf 88' lang='lat' dir='ltr'><strong>est,</strong></span> 
     </span>
    </p>
   </div>
   <div class='ocr_carea' id='block_1_79' title="bbox 2175 2016 2938 2086">
    <p class='ocr_par' dir='ltr' id='par_1_79' title="bbox 2175 2016 2938 2086">
     <span class='ocr_line' id='line_1_79' title="bbox 2175 2016 2938 2086; baseline -0.004 -12"><span class='ocrx_word' id='word_1_559' title='bbox 2175 2034 2301 2075; x_wconf 89' lang='lat' dir='ltr'><strong>cum</strong></span> <span class='ocrx_word' id='word_1_560' title='bbox 2329 2034 2360 2072; x_wconf 94' lang='lat' dir='ltr'><strong>a</strong></span> <span class='ocrx_word' id='word_1_561' title='bbox 2386 2017 2498 2073; x_wconf 90' lang='lat' dir='ltr'><strong>Deo</strong></span> <span class='ocrx_word' id='word_1_562' title='bbox 2524 2016 2938 2086; x_wconf 87' lang='lat' dir='ltr'><strong>dcrelinquitur.</strong></span> 
     </span>
    </p>
   </div>
   <div class='ocr_carea' id='block_1_80' title="bbox 2250 2094 3763 2180">
    <p class='ocr_par' dir='ltr' id='par_1_80' title="bbox 2250 2094 3763 2180">
     <span class='ocr_line' id='line_1_80' title="bbox 2250 2094 3763 2180; baseline -0.002 -16"><span class='ocrx_word' id='word_1_563' title='bbox 2250 2109 2410 2165; x_wconf 78' lang='lat' dir='ltr'><strong>Vens.</strong></span> <span class='ocrx_word' id='word_1_564' title='bbox 2439 2109 2527 2167; x_wconf 78' lang='lat'><strong>59.</strong></span> <span class='ocrx_word' id='word_1_565' title='bbox 2559 2139 2629 2149; x_wconf 91' lang='grc'><strong>--</strong></span> <span class='ocrx_word' id='word_1_566' title='bbox 2657 2107 2969 2163; x_wconf 85' lang='lat' dir='ltr'><strong>Benedictus</strong></span> <span class='ocrx_word' id='word_1_567' title='bbox 3007 2108 3098 2180; x_wconf 87' lang='lat' dir='ltr'><strong>qui</strong></span> <span class='ocrx_word' id='word_1_568' title='bbox 3126 2109 3283 2162; x_wconf 85' lang='lat' dir='ltr'><strong>venit.</strong></span> <span class='ocrx_word' id='word_1_569' title='bbox 3310 2094 3441 2163; x_wconf 31' lang='lat' dir='ltr'><strong>Hoc.</strong></span> <span class='ocrx_word' id='word_1_570' title='bbox 3462 2105 3635 2160; x_wconf 67' lang='lat' dir='ltr'><strong>turba:</strong></span> <span class='ocrx_word' id='word_1_571' title='bbox 3675 2105 3763 2161; x_wconf 82' lang='lat' dir='ltr'><strong>di-</strong></span> 
     </span>
    </p>
   </div>
   <div class='ocr_carea' id='block_1_81' title="bbox 2175 2195 3773 2265">
    <p class='ocr_par' dir='ltr' id='par_1_81' title="bbox 2175 2195 3773 2265">
     <span class='ocr_line' id='line_1_81' title="bbox 2175 2195 3773 2265; baseline -0.003 -9"><span class='ocrx_word' id='word_1_572' title='bbox 2175 2206 2374 2256; x_wconf 77' lang='lat' dir='ltr'><strong>xerunt</strong></span> <span class='ocrx_word' id='word_1_573' title='bbox 2394 2199 2623 2254; x_wconf 91' lang='lat' dir='ltr'><strong>Domino</strong></span> <span class='ocrx_word' id='word_1_574' title='bbox 2652 2198 2887 2253; x_wconf 89' lang='lat' dir='ltr'><strong>venienti</strong></span> <span class='ocrx_word' id='word_1_575' title='bbox 2915 2197 3237 2254; x_wconf 84' lang='lat' dir='ltr'><strong>Jerusalem.</strong></span> <span class='ocrx_word' id='word_1_576' title='bbox 3274 2196 3426 2265; x_wconf 85' lang='lat' dir='ltr'><strong>Quod</strong></span> <span class='ocrx_word' id='word_1_577' title='bbox 3468 2205 3650 2251; x_wconf 88' lang='lat' dir='ltr'><strong>autem</strong></span> <span class='ocrx_word' id='word_1_578' title='bbox 3683 2195 3773 2252; x_wconf 86' lang='lat' dir='ltr'><strong>his</strong></span> 
     </span>
    </p>
   </div>
   <div class='ocr_carea' id='block_1_82' title="bbox 2176 2285 3768 2359">
    <p class='ocr_par' dir='ltr' id='par_1_82' title="bbox 2176 2285 3768 2359">
     <span class='ocr_line' id='line_1_82' title="bbox 2176 2285 3768 2359; baseline -0.003 -15"><span class='ocrx_word' id='word_1_579' title='bbox 2176 2289 2466 2345; x_wconf 89' lang='lat' dir='ltr'><strong>transactis</strong></span> <span class='ocrx_word' id='word_1_580' title='bbox 2488 2288 2577 2342; x_wconf 93' lang='lat' dir='ltr'><strong>hic</strong></span> <span class='ocrx_word' id='word_1_581' title='bbox 2604 2287 2867 2343; x_wconf 91' lang='lat' dir='ltr'><strong>Dominus</strong></span> <span class='ocrx_word' id='word_1_582' title='bbox 2901 2287 3050 2353; x_wconf 88' lang='lat' dir='ltr'><strong>dicit,</strong></span> <span class='ocrx_word' id='word_1_583' title='bbox 3096 2288 3239 2359; x_wconf 83' lang='lat' dir='ltr'><strong>cogit</strong></span> <span class='ocrx_word' id='word_1_584' title='bbox 3277 2287 3506 2358; x_wconf 85' lang='lat' dir='ltr'><strong>mystice</strong></span> <span class='ocrx_word' id='word_1_585' title='bbox 3536 2285 3768 2356; x_wconf 82' lang='lat' dir='ltr'><strong>intelligi</strong></span> 
     </span>
    </p>
   </div>
   <div class='ocr_carea' id='block_1_83' title="bbox 2176 2376 3767 2446">
    <p class='ocr_par' dir='ltr' id='par_1_83' title="bbox 2176 2376 3767 2446">
     <span class='ocr_line' id='line_1_83' title="bbox 2176 2376 3767 2446; baseline -0.004 -8"><span class='ocrx_word' id='word_1_586' title='bbox 2176 2382 2243 2438; x_wconf 89' lang='lat' dir='ltr'><strong>de</strong></span> <span class='ocrx_word' id='word_1_587' title='bbox 2268 2382 2501 2437; x_wconf 90' lang='lat' dir='ltr'><strong>adventu</strong></span> <span class='ocrx_word' id='word_1_588' title='bbox 2531 2379 2821 2435; x_wconf 89' lang='lat' dir='ltr'><strong>charitatis</strong></span> <span class='ocrx_word' id='word_1_589' title='bbox 2843 2394 2976 2446; x_wconf 75' lang='lat' dir='ltr'><strong>snze,</strong></span> <span class='ocrx_word' id='word_1_590' title='bbox 3014 2379 3105 2435; x_wconf 90' lang='lat' dir='ltr'><strong>ubi</strong></span> <span class='ocrx_word' id='word_1_591' title='bbox 3135 2378 3537 2435; x_wconf 89' lang='lat' dir='ltr'><strong>conﬁtebuntur</strong></span> <span class='ocrx_word' id='word_1_592' title='bbox 3564 2376 3767 2433; x_wconf 82' lang='lat' dir='ltr'><strong>Filium</strong></span> 
     </span>
    </p>
   </div>
   <div class='ocr_carea' id='block_1_84' title="bbox 2176 2468 2782 2543">
    <p class='ocr_par' dir='ltr' id='par_1_84' title="bbox 2176 2468 2782 2543">
     <span class='ocr_line' id='line_1_84' title="bbox 2176 2468 2782 2543; baseline -0.002 -18"><span class='ocrx_word' id='word_1_593' title='bbox 2176 2486 2341 2543; x_wconf 88' lang='lat' dir='ltr'><strong>quem</strong></span> <span class='ocrx_word' id='word_1_594' title='bbox 2374 2468 2782 2526; x_wconf 73' lang='lat' dir='ltr'><strong>cruciﬁxcrunt.</strong></span> 
     </span>
    </p>
   </div>
   <div class='ocr_carea' id='block_1_85' title="bbox 2737 2598 3206 2658">
    <p class='ocr_par' dir='ltr' id='par_1_85' title="bbox 2737 2598 3206 2658">
     <span class='ocr_line' id='line_1_85' title="bbox 2737 2598 3206 2658; baseline -0.009 0"><span class='ocrx_word' id='word_1_595' title='bbox 2737 2599 2966 2658; x_wconf 87' lang='lat' dir='ltr'><strong>CAPUT</strong></span> <span class='ocrx_word' id='word_1_596' title='bbox 3013 2598 3206 2655; x_wconf 77' lang='lat' dir='ltr'><strong>XXIV.</strong></span> 
     </span>
    </p>
   </div>
   <div class='ocr_carea' id='block_1_86' title="bbox 2248 2728 3773 2801">
    <p class='ocr_par' dir='ltr' id='par_1_86' title="bbox 2248 2728 3773 2801">
     <span class='ocr_line' id='line_1_86' title="bbox 2248 2728 3773 2801; baseline -0.004 -12"><span class='ocrx_word' id='word_1_597' title='bbox 2248 2732 2412 2790; x_wconf 79' lang='lat' dir='ltr'><strong>Vens.</strong></span> <span class='ocrx_word' id='word_1_598' title='bbox 2443 2732 2499 2787; x_wconf 90' lang='lat'><strong>2.</strong></span> <span class='ocrx_word' id='word_1_599' title='bbox 2528 2762 2600 2772; x_wconf 96' lang='lat'><strong>—</strong></span> <span class='ocrx_word' id='word_1_600' title='bbox 2629 2730 2755 2785; x_wconf 85' lang='lat' dir='ltr'><strong>Non</strong></span> <span class='ocrx_word' id='word_1_601' title='bbox 2790 2729 3113 2799; x_wconf 83' lang='lat' dir='ltr'><strong>relinquetur</strong></span> <span class='ocrx_word' id='word_1_602' title='bbox 3141 2730 3226 2784; x_wconf 78' lang='lat' dir='ltr'><strong>Itic</strong></span> <span class='ocrx_word' id='word_1_603' title='bbox 3265 2728 3402 2801; x_wconf 84' lang='lat' dir='ltr'><strong>lapis</strong></span> <span class='ocrx_word' id='word_1_604' title='bbox 3437 2745 3595 2800; x_wconf 81' lang='lat' dir='ltr'><strong>super</strong></span> <span class='ocrx_word' id='word_1_605' title='bbox 3635 2728 3773 2799; x_wconf 82' lang='lat' dir='ltr'><strong>lapi-</strong></span> 
     </span>
    </p>
   </div>
   <div class='ocr_carea' id='block_1_87' title="bbox 2177 2821 3771 2894">
    <p class='ocr_par' dir='ltr' id='par_1_87' title="bbox 2177 2821 3771 2894">
     <span class='ocr_line' id='line_1_87' title="bbox 2177 2821 3771 2894; baseline -0.002 -14"><span class='ocrx_word' id='word_1_606' title='bbox 2177 2827 2316 2880; x_wconf 88' lang='lat' dir='ltr'><strong>dem.</strong></span> <span class='ocrx_word' id='word_1_607' title='bbox 2361 2822 2607 2894; x_wconf 75' lang='lat' dir='ltr'><strong>Mystice.</strong></span> <span class='ocrx_word' id='word_1_608' title='bbox 2659 2821 2971 2878; x_wconf 83' lang='lat' dir='ltr'><strong>Recedente</strong></span> <span class='ocrx_word' id='word_1_609' title='bbox 2992 2822 3230 2878; x_wconf 80' lang='lat' dir='ltr'><strong>‘Domino</strong></span> <span class='ocrx_word' id='word_1_610' title='bbox 3259 2821 3326 2877; x_wconf 92' lang='lat' dir='ltr'><strong>de</strong></span> <span class='ocrx_word' id='word_1_611' title='bbox 3358 2821 3558 2892; x_wconf 88' lang='lat' dir='ltr'><strong>templo</strong></span> <span class='ocrx_word' id='word_1_612' title='bbox 3582 2821 3771 2877; x_wconf 90' lang='lat' dir='ltr'><strong>omnia</strong></span> 
     </span>
    </p>
   </div>
   <div class='ocr_carea' id='block_1_88' title="bbox 2176 2912 3771 2986">
    <p class='ocr_par' dir='ltr' id='par_1_88' title="bbox 2176 2912 3771 2986">
     <span class='ocr_line' id='line_1_88' title="bbox 2176 2912 3771 2986; baseline 0 -17"><span class='ocrx_word' id='word_1_613' title='bbox 2176 2914 2315 2986; x_wconf 88' lang='lat' dir='ltr'><strong>legis</strong></span> <span class='ocrx_word' id='word_1_614' title='bbox 2352 2913 2581 2970; x_wconf 65' lang='lat' dir='ltr'><strong>aediﬁcia</strong></span> <span class='ocrx_word' id='word_1_615' title='bbox 2623 2921 2679 2969; x_wconf 90' lang='lat' dir='ltr'><strong>et</strong></span> <span class='ocrx_word' id='word_1_616' title='bbox 2733 2912 3058 2983; x_wconf 87' lang='lat' dir='ltr'><strong>compositio</strong></span> <span class='ocrx_word' id='word_1_617' title='bbox 3098 2917 3479 2968; x_wconf 88' lang='lat' dir='ltr'><strong>mandatorum</strong></span> <span class='ocrx_word' id='word_1_618' title='bbox 3527 2913 3634 2968; x_wconf 91' lang='lat' dir='ltr'><strong>ista</strong></span> <span class='ocrx_word' id='word_1_619' title='bbox 3669 2912 3771 2969; x_wconf 88' lang='lat' dir='ltr'><strong>de-</strong></span> 
     </span>
    </p>
   </div>
   <div class='ocr_carea' id='block_1_89' title="bbox 2177 3002 3772 3075">
    <p class='ocr_par' dir='ltr' id='par_1_89' title="bbox 2177 3002 3772 3075">
     <span class='ocr_line' id='line_1_89' title="bbox 2177 3002 3772 3075; baseline -0.001 -13"><span class='ocrx_word' id='word_1_620' title='bbox 2177 3014 2386 3064; x_wconf 88' lang='lat' dir='ltr'><strong>structa</strong></span> <span class='ocrx_word' id='word_1_621' title='bbox 2411 3013 2513 3068; x_wconf 87' lang='lat' dir='ltr'><strong>est,</strong></span> <span class='ocrx_word' id='word_1_622' title='bbox 2540 3012 2599 3059; x_wconf 90' lang='lat' dir='ltr'><strong>ut</strong></span> <span class='ocrx_word' id='word_1_623' title='bbox 2621 3004 2760 3060; x_wconf 85' lang='lat' dir='ltr'><strong>nihil</strong></span> <span class='ocrx_word' id='word_1_624' title='bbox 2779 3006 2952 3075; x_wconf 89' lang='lat' dir='ltr'><strong>possit</strong></span> <span class='ocrx_word' id='word_1_625' title='bbox 2974 3019 3003 3059; x_wconf 91' lang='lat' dir='ltr'><strong>a</strong></span> <span class='ocrx_word' id='word_1_626' title='bbox 3027 3002 3227 3060; x_wconf 76' lang='lat' dir='ltr'><strong>Judzcis</strong></span> <span class='ocrx_word' id='word_1_627' title='bbox 3250 3004 3479 3075; x_wconf 86' lang='lat' dir='ltr'><strong>impleri.</strong></span> <span class='ocrx_word' id='word_1_628' title='bbox 3497 3003 3772 3060; x_wconf 87' lang='lat' dir='ltr'><strong>Divinitns</strong></span> 
     </span>
    </p>
   </div>
   <div class='ocr_carea' id='block_1_90' title="bbox 2179 3095 3771 3168">
    <p class='ocr_par' dir='ltr' id='par_1_90' title="bbox 2179 3095 3771 3168">
     <span class='ocr_line' id='line_1_90' title="bbox 2179 3095 3771 3168; baseline -0.002 -14"><span class='ocrx_word' id='word_1_629' title='bbox 2179 3106 2360 3154; x_wconf 89' lang='lat' dir='ltr'><strong>autem</strong></span> <span class='ocrx_word' id='word_1_630' title='bbox 2403 3097 2679 3167; x_wconf 85' lang='lat' dir='ltr'><strong>provisum</strong></span> <span class='ocrx_word' id='word_1_631' title='bbox 2719 3105 2833 3163; x_wconf 89' lang='lat' dir='ltr'><strong>est,</strong></span> <span class='ocrx_word' id='word_1_632' title='bbox 2865 3105 2924 3151; x_wconf 86' lang='lat' dir='ltr'><strong>ut</strong></span> <span class='ocrx_word' id='word_1_633' title='bbox 2972 3104 3255 3152; x_wconf 82' lang='lat' dir='ltr'><strong>crescente</strong></span> <span class='ocrx_word' id='word_1_634' title='bbox 3284 3095 3561 3167; x_wconf 83' lang='lat' dir='ltr'><strong>Evangelii</strong></span> <span class='ocrx_word' id='word_1_635' title='bbox 3594 3096 3771 3168; x_wconf 84' lang='lat' dir='ltr'><strong>gratia</strong></span> 
     </span>
    </p>
   </div>
   <div class='ocr_carea' id='block_1_91' title="bbox 2181 3187 3772 3262">
    <p class='ocr_par' dir='ltr' id='par_1_91' title="bbox 2181 3187 3772 3262">
     <span class='ocr_line' id='line_1_91' title="bbox 2181 3187 3772 3262; baseline -0.003 -14"><span class='ocrx_word' id='word_1_636' title='bbox 2181 3190 2438 3262; x_wconf 82' lang='lat' dir='ltr'><strong>templum</strong></span> <span class='ocrx_word' id='word_1_637' title='bbox 2469 3190 2604 3246; x_wconf 90' lang='lat' dir='ltr'><strong>illud</strong></span> <span class='ocrx_word' id='word_1_638' title='bbox 2644 3205 2766 3245; x_wconf 91' lang='lat' dir='ltr'><strong>cum</strong></span> <span class='ocrx_word' id='word_1_639' title='bbox 2822 3190 2938 3246; x_wconf 90' lang='lat' dir='ltr'><strong>suis</strong></span> <span class='ocrx_word' id='word_1_640' title='bbox 2967 3188 3306 3245; x_wconf 81' lang='lat' dir='ltr'><strong>caeremoniis</strong></span> <span class='ocrx_word' id='word_1_641' title='bbox 3338 3187 3650 3255; x_wconf 89' lang='lat' dir='ltr'><strong>tolleretur,</strong></span> <span class='ocrx_word' id='word_1_642' title='bbox 3700 3203 3772 3244; x_wconf 89' lang='lat' dir='ltr'><strong>ne</strong></span> 
     </span>
    </p>
   </div>
   <div class='ocr_carea' id='block_1_92' title="bbox 2105 3278 3771 3356">
    <p class='ocr_par' dir='ltr' id='par_1_92' title="bbox 2105 3278 3771 3356">
     <span class='ocr_line' id='line_1_92' title="bbox 2105 3278 3771 3356; baseline -0.003 -14"><span class='ocrx_word' id='word_1_643' title='bbox 2105 3278 2151 3342; x_wconf 86' lang='lat' dir='ltr'><strong>C</strong></span> <span class='ocrx_word' id='word_1_644' title='bbox 2181 3285 2303 3356; x_wconf 89' lang='lat' dir='ltr'><strong>quis</strong></span> <span class='ocrx_word' id='word_1_645' title='bbox 2325 3284 2574 3340; x_wconf 89' lang='lat' dir='ltr'><strong>inﬁrmus</strong></span> <span class='ocrx_word' id='word_1_646' title='bbox 2612 3285 2667 3339; x_wconf 92' lang='lat' dir='ltr'><strong>in</strong></span> <span class='ocrx_word' id='word_1_647' title='bbox 2700 3282 2806 3338; x_wconf 64' lang='lat' dir='ltr'><strong>ﬁle</strong></span> <span class='ocrx_word' id='word_1_648' title='bbox 2850 3282 2959 3339; x_wconf 90' lang='lat' dir='ltr'><strong>illis</strong></span> <span class='ocrx_word' id='word_1_649' title='bbox 2994 3281 3262 3337; x_wconf 88' lang='lat' dir='ltr'><strong>stantibus</strong></span> <span class='ocrx_word' id='word_1_650' title='bbox 3301 3279 3567 3335; x_wconf 89' lang='lat' dir='ltr'><strong>Judaismi</strong></span> <span class='ocrx_word' id='word_1_651' title='bbox 3604 3294 3771 3337; x_wconf 86' lang='lat' dir='ltr'><strong>occa-</strong></span> 
     </span>
    </p>
   </div>
   <div class='ocr_carea' id='block_1_93' title="bbox 2179 3373 3768 3444">
    <p class='ocr_par' dir='ltr' id='par_1_93' title="bbox 2179 3373 3768 3444">
     <span class='ocr_line' id='line_1_93' title="bbox 2179 3373 3768 3444; baseline -0.003 -12"><span class='ocrx_word' id='word_1_652' title='bbox 2179 3377 2386 3433; x_wconf 88' lang='lat' dir='ltr'><strong>sionem</strong></span> <span class='ocrx_word' id='word_1_653' title='bbox 2429 3376 2674 3432; x_wconf 91' lang='lat' dir='ltr'><strong>haberet.</strong></span> <span class='ocrx_word' id='word_1_654' title='bbox 2708 3374 2856 3430; x_wconf 86' lang='lat' dir='ltr'><strong>ldem</strong></span> <span class='ocrx_word' id='word_1_655' title='bbox 2915 3374 3005 3444; x_wconf 86' lang='lat' dir='ltr'><strong>qui</strong></span> <span class='ocrx_word' id='word_1_656' title='bbox 3047 3373 3413 3428; x_wconf 91' lang='lat' dir='ltr'><strong>comminatus</strong></span> <span class='ocrx_word' id='word_1_657' title='bbox 3449 3379 3534 3427; x_wconf 86' lang='lat' dir='ltr'><strong>est</strong></span> <span class='ocrx_word' id='word_1_658' title='bbox 3575 3373 3768 3435; x_wconf 83' lang='lat' dir='ltr'><strong>verbo,</strong></span> 
     </span>
    </p>
   </div>
   <div class='ocr_carea' id='block_1_94' title="bbox 2177 3460 3772 3537">
    <p class='ocr_par' dir='ltr' id='par_1_94' title="bbox 2177 3460 3772 3537">
     <span class='ocr_line' id='line_1_94' title="bbox 2177 3460 3772 3537; baseline -0.005 -13"><span class='ocrx_word' id='word_1_659' title='bbox 2177 3467 2419 3524; x_wconf 90' lang='lat' dir='ltr'><strong>ostendit</strong></span> <span class='ocrx_word' id='word_1_660' title='bbox 2459 3466 2634 3537; x_wconf 90' lang='lat' dir='ltr'><strong>signo,</strong></span> <span class='ocrx_word' id='word_1_661' title='bbox 2675 3465 2804 3521; x_wconf 89' lang='lat' dir='ltr'><strong>dum</strong></span> <span class='ocrx_word' id='word_1_662' title='bbox 2853 3463 3130 3536; x_wconf 87' lang='lat' dir='ltr'><strong>egreditur</strong></span> <span class='ocrx_word' id='word_1_663' title='bbox 3165 3464 3234 3519; x_wconf 92' lang='lat' dir='ltr'><strong>ab</strong></span> <span class='ocrx_word' id='word_1_664' title='bbox 3279 3462 3386 3518; x_wconf 89' lang='lat' dir='ltr'><strong>illis</strong></span> <span class='ocrx_word' id='word_1_665' title='bbox 3430 3460 3576 3516; x_wconf 85' lang='lat' dir='ltr'><strong>facta</strong></span> <span class='ocrx_word' id='word_1_666' title='bbox 3620 3477 3772 3517; x_wconf 79' lang='lat' dir='ltr'><strong>com-</strong></span> 
     </span>
    </p>
   </div>
   <div class='ocr_carea' id='block_1_95' title="bbox 2179 3557 2495 3612">
    <p class='ocr_par' dir='ltr' id='par_1_95' title="bbox 2179 3557 2495 3612">
     <span class='ocr_line' id='line_1_95' title="bbox 2179 3557 2495 3612; baseline -0.003 -1"><span class='ocrx_word' id='word_1_667' title='bbox 2179 3557 2495 3612; x_wconf 73' lang='lat' dir='ltr'><strong>nﬁnaﬁone.</strong></span> 
     </span>
    </p>
   </div>
   <div class='ocr_carea' id='block_1_96' title="bbox 2252 3646 3769 3712">
    <p class='ocr_par' dir='ltr' id='par_1_96' title="bbox 2252 3646 3769 3712">
     <span class='ocr_line' id='line_1_96' title="bbox 2252 3646 3769 3712; baseline -0.002 -8"><span class='ocrx_word' id='word_1_668' title='bbox 2252 3648 2415 3705; x_wconf 84' lang='lat' dir='ltr'><strong>Vens.</strong></span> <span class='ocrx_word' id='word_1_669' title='bbox 2437 3647 2493 3703; x_wconf 79' lang='lat'><strong>3.</strong></span> <span class='ocrx_word' id='word_1_670' title='bbox 2525 3680 2587 3691; x_wconf 90' lang='lat'>—</span> <span class='ocrx_word' id='word_1_671' title='bbox 2621 3647 2841 3705; x_wconf 86' lang='lat' dir='ltr'><strong>Sedente</strong></span> <span class='ocrx_word' id='word_1_672' title='bbox 2864 3657 3059 3703; x_wconf 89' lang='lat' dir='ltr'><strong>autem.</strong></span> <span class='ocrx_word' id='word_1_673' title='bbox 3109 3647 3211 3703; x_wconf 84' lang='lat' dir='ltr'><strong>Ubi</strong></span> <span class='ocrx_word' id='word_1_674' title='bbox 3250 3646 3461 3703; x_wconf 82' lang='lat' dir='ltr'><strong>Marcus</strong></span> <span class='ocrx_word' id='word_1_675' title='bbox 3497 3647 3610 3712; x_wconf 88' lang='lat' dir='ltr'><strong>ait,</strong></span> <span class='ocrx_word' id='word_1_676' title='bbox 3637 3662 3769 3702; x_wconf 80' lang='lat' dir='ltr'><strong>con-</strong></span> 
     </span>
    </p>
   </div>
   <div class='ocr_carea' id='block_1_97' title="bbox 2179 3739 3770 3814">
    <p class='ocr_par' dir='ltr' id='par_1_97' title="bbox 2179 3739 3770 3814">
     <span class='ocr_line' id='line_1_97' title="bbox 2179 3739 3770 3814; baseline -0.004 -15"><span class='ocrx_word' id='word_1_677' title='bbox 2179 3753 2263 3800; x_wconf 89' lang='lat' dir='ltr'><strong>tra</strong></span> <span class='ocrx_word' id='word_1_678' title='bbox 2293 3742 2564 3814; x_wconf 82' lang='lat' dir='ltr'><strong>templum.</strong></span> <span class='ocrx_word' id='word_1_679' title='bbox 2616 3742 2782 3798; x_wconf 85' lang='lat' dir='ltr'><strong>Sedet</strong></span> <span class='ocrx_word' id='word_1_680' title='bbox 2817 3750 3005 3797; x_wconf 88' lang='lat' dir='ltr'><strong>contra</strong></span> <span class='ocrx_word' id='word_1_681' title='bbox 3055 3740 3311 3813; x_wconf 89' lang='lat' dir='ltr'><strong>templum</strong></span> <span class='ocrx_word' id='word_1_682' title='bbox 3347 3756 3471 3795; x_wconf 90' lang='lat' dir='ltr'><strong>cum</strong></span> <span class='ocrx_word' id='word_1_683' title='bbox 3505 3741 3571 3795; x_wconf 85' lang='lat' dir='ltr'><strong>de</strong></span> <span class='ocrx_word' id='word_1_684' title='bbox 3611 3739 3770 3794; x_wconf 83' lang='lat' dir='ltr'><strong>ruina</strong></span> 
     </span>
    </p>
   </div>
   <div class='ocr_carea' id='block_1_98' title="bbox 2180 3831 3773 3907">
    <p class='ocr_par' dir='ltr' id='par_1_98' title="bbox 2180 3831 3773 3907">
     <span class='ocr_line' id='line_1_98' title="bbox 2180 3831 3773 3907; baseline -0.004 -14"><span class='ocrx_word' id='word_1_685' title='bbox 2180 3835 2297 3906; x_wconf 87' lang='lat' dir='ltr'><strong>ejus</strong></span> <span class='ocrx_word' id='word_1_686' title='bbox 2326 3847 2383 3891; x_wconf 90' lang='lat' dir='ltr'><strong>et</strong></span> <span class='ocrx_word' id='word_1_687' title='bbox 2408 3835 2620 3891; x_wconf 79' lang='lat' dir='ltr'><strong>excidio</strong></span> <span class='ocrx_word' id='word_1_688' title='bbox 2651 3834 2829 3907; x_wconf 80' lang='lat' dir='ltr'><strong>gentis</strong></span> <span class='ocrx_word' id='word_1_689' title='bbox 2871 3833 3114 3904; x_wconf 85' lang='lat' dir='ltr'><strong>disputat</strong></span> <span class='ocrx_word' id='word_1_690' title='bbox 3154 3841 3213 3886; x_wconf 90' lang='lat' dir='ltr'><strong>ut</strong></span> <span class='ocrx_word' id='word_1_691' title='bbox 3246 3840 3300 3886; x_wconf 91' lang='lat' dir='ltr'><strong>et</strong></span> <span class='ocrx_word' id='word_1_692' title='bbox 3344 3831 3590 3903; x_wconf 85' lang='lat' dir='ltr'><strong>corporis</strong></span> <span class='ocrx_word' id='word_1_693' title='bbox 3633 3831 3773 3887; x_wconf 86' lang='lat' dir='ltr'><strong>situs</strong></span> 
     </span>
    </p>
   </div>
   <div class='ocr_carea' id='block_1_99' title="bbox 2179 3921 3775 4000">
    <p class='ocr_par' dir='ltr' id='par_1_99' title="bbox 2179 3921 3775 4000">
     <span class='ocr_line' id='line_1_99' title="bbox 2179 3921 3775 4000; baseline -0.005 -16"><span class='ocrx_word' id='word_1_694' title='bbox 2179 3928 2362 3984; x_wconf 87' lang='lat' dir='ltr'><strong>verbis</strong></span> <span class='ocrx_word' id='word_1_695' title='bbox 2399 3927 2513 3984; x_wconf 89' lang='lat' dir='ltr'><strong>suis</strong></span> <span class='ocrx_word' id='word_1_696' title='bbox 2546 3936 2834 4000; x_wconf 76' lang='lat' dir='ltr'><strong>congruat.</strong></span> <span class='ocrx_word' id='word_1_697' title='bbox 2858 3924 3106 3997; x_wconf 78' lang='lat' dir='ltr'><strong>Mystice.</strong></span> <span class='ocrx_word' id='word_1_698' title='bbox 3150 3923 3316 3980; x_wconf 88' lang='lat' dir='ltr'><strong>Sedet</strong></span> <span class='ocrx_word' id='word_1_699' title='bbox 3358 3924 3413 3978; x_wconf 91' lang='lat' dir='ltr'><strong>in</strong></span> <span class='ocrx_word' id='word_1_700' title='bbox 3457 3930 3639 3978; x_wconf 88' lang='lat' dir='ltr'><strong>monte</strong></span> <span class='ocrx_word' id='word_1_701' title='bbox 3660 3921 3775 3978; x_wconf 89' lang='lat' dir='ltr'><strong>Oli-</strong></span> 
     </span>
    </p>
   </div>
   <div class='ocr_carea' id='block_1_100' title="bbox 2178 4015 3773 4087">
    <p class='ocr_par' dir='ltr' id='par_1_100' title="bbox 2178 4015 3773 4087">
     <span class='ocr_line' id='line_1_100' title="bbox 2178 4015 3773 4087; baseline -0.003 -9"><span class='ocrx_word' id='word_1_702' title='bbox 2178 4020 2313 4087; x_wconf 81' lang='lat' dir='ltr'><strong>veli,</strong></span> <span class='ocrx_word' id='word_1_703' title='bbox 2340 4020 2394 4075; x_wconf 88' lang='lat' dir='ltr'><strong>id</strong></span> <span class='ocrx_word' id='word_1_704' title='bbox 2417 4028 2502 4075; x_wconf 91' lang='lat' dir='ltr'><strong>est</strong></span> <span class='ocrx_word' id='word_1_705' title='bbox 2526 4019 2581 4076; x_wconf 92' lang='lat' dir='ltr'><strong>in</strong></span> <span class='ocrx_word' id='word_1_706' title='bbox 2621 4017 2862 4075; x_wconf 87' lang='lat' dir='ltr'><strong>Ecclesia</strong></span> <span class='ocrx_word' id='word_1_707' title='bbox 2890 4019 3108 4087; x_wconf 90' lang='lat' dir='ltr'><strong>quietus</strong></span> <span class='ocrx_word' id='word_1_708' title='bbox 3148 4031 3373 4071; x_wconf 91' lang='lat' dir='ltr'><strong>manens</strong></span> <span class='ocrx_word' id='word_1_709' title='bbox 3410 4015 3773 4086; x_wconf 86' lang='lat' dir='ltr'><strong>superborum</strong></span> 
     </span>
    </p>
   </div>
   <div class='ocr_carea' id='block_1_101' title="bbox 2180 4108 3774 4185">
    <p class='ocr_par' dir='ltr' id='par_1_101' title="bbox 2180 4108 3774 4185">
     <span class='ocr_line' id='line_1_101' title="bbox 2180 4108 3774 4185; baseline -0.004 -16"><span class='ocrx_word' id='word_1_710' title='bbox 2180 4114 2479 4169; x_wconf 91' lang='lat' dir='ltr'><strong>detestatur</strong></span> <span class='ocrx_word' id='word_1_711' title='bbox 2503 4111 2887 4185; x_wconf 84' lang='lat' dir='ltr'><strong>arrogantiam.</strong></span> <span class='ocrx_word' id='word_1_712' title='bbox 2928 4110 3024 4165; x_wconf 86' lang='lat' dir='ltr'><strong>Dic</strong></span> <span class='ocrx_word' id='word_1_713' title='bbox 3052 4109 3217 4164; x_wconf 82' lang='lat' dir='ltr'><strong>nobis.</strong></span> <span class='ocrx_word' id='word_1_714' title='bbox 3255 4108 3390 4178; x_wconf 90' lang='lat' dir='ltr'><strong>Quia</strong></span> <span class='ocrx_word' id='word_1_715' title='bbox 3419 4108 3556 4164; x_wconf 80' lang='lat' dir='ltr'><strong>dixit</strong></span> <span class='ocrx_word' id='word_1_716' title='bbox 3587 4108 3774 4164; x_wconf 89' lang='lat' dir='ltr'><strong>omnia</strong></span> 
     </span>
    </p>
   </div>
   <div class='ocr_carea' id='block_1_102' title="bbox 2182 4202 3770 4277">
    <p class='ocr_par' dir='ltr' id='par_1_102' title="bbox 2182 4202 3770 4277">
     <span class='ocr_line' id='line_1_102' title="bbox 2182 4202 3770 4277; baseline -0.006 -12"><span class='ocrx_word' id='word_1_717' title='bbox 2182 4208 2527 4274; x_wconf 83' lang='lat' dir='ltr'><strong>destruenda,</strong></span> <span class='ocrx_word' id='word_1_718' title='bbox 2558 4215 2769 4277; x_wconf 87' lang='lat' dir='ltr'><strong>tempus</strong></span> <span class='ocrx_word' id='word_1_719' title='bbox 2805 4213 2860 4262; x_wconf 90' lang='lat' dir='ltr'><strong>et</strong></span> <span class='ocrx_word' id='word_1_720' title='bbox 2893 4204 3051 4276; x_wconf 89' lang='lat' dir='ltr'><strong>signa</strong></span> <span class='ocrx_word' id='word_1_721' title='bbox 3085 4202 3471 4259; x_wconf 88' lang='lat' dir='ltr'><strong>destructionis</strong></span> <span class='ocrx_word' id='word_1_722' title='bbox 3496 4209 3770 4272; x_wconf 74' lang='lat' dir='ltr'><strong>quterttnt.</strong></span> 
     </span>
    </p>
   </div>
   <div class='ocr_carea' id='block_1_103' title="bbox 2183 4292 3770 4373">
    <p class='ocr_par' dir='ltr' id='par_1_103' title="bbox 2183 4292 3770 4373">
     <span class='ocr_line' id='line_1_103' title="bbox 2183 4292 3770 4373; baseline -0.005 -16"><span class='ocrx_word' id='word_1_723' title='bbox 2183 4302 2308 4357; x_wconf 88' lang='lat' dir='ltr'><strong>&#39;l&#39;ria</strong></span> <span class='ocrx_word' id='word_1_724' title='bbox 2339 4310 2628 4373; x_wconf 62' lang='lat' dir='ltr'><strong>quierunt:</strong></span> <span class='ocrx_word' id='word_1_725' title='bbox 2664 4314 2772 4370; x_wconf 89' lang='lat' dir='ltr'><strong>quo</strong></span> <span class='ocrx_word' id='word_1_726' title='bbox 2821 4308 3063 4368; x_wconf 89' lang='lat' dir='ltr'><strong>tempore</strong></span> <span class='ocrx_word' id='word_1_727' title='bbox 3100 4295 3425 4363; x_wconf 85' lang='lat' dir='ltr'><strong>destruenda</strong></span> <span class='ocrx_word' id='word_1_728' title='bbox 3463 4292 3770 4351; x_wconf 83' lang='lat' dir='ltr'><strong>Jerusalem</strong></span> 
     </span>
    </p>
   </div>
   <div class='ocr_carea' id='block_1_104' title="bbox 2182 4387 3778 4466">
    <p class='ocr_par' dir='ltr' id='par_1_104' title="bbox 2182 4387 3778 4466">
     <span class='ocr_line' id='line_1_104' title="bbox 2182 4387 3778 4466; baseline -0.005 -15"><span class='ocrx_word' id='word_1_729' title='bbox 2182 4395 2297 4451; x_wconf 82' lang='lat' dir='ltr'><strong>sit?</strong></span> <span class='ocrx_word' id='word_1_730' title='bbox 2323 4409 2430 4466; x_wconf 90' lang='lat' dir='ltr'><strong>quo</strong></span> <span class='ocrx_word' id='word_1_731' title='bbox 2454 4402 2713 4449; x_wconf 85' lang='lat' dir='ltr'><strong>venturus</strong></span> <span class='ocrx_word' id='word_1_732' title='bbox 2729 4392 2977 4448; x_wconf 83' lang='lat' dir='ltr'><strong>Christus</strong></span> <span class='ocrx_word' id='word_1_733' title='bbox 2996 4391 3019 4445; x_wconf 61' lang='grc' dir='ltr'>ἲ</span> <span class='ocrx_word' id='word_1_734' title='bbox 3039 4405 3147 4462; x_wconf 88' lang='lat' dir='ltr'><strong>quo</strong></span> <span class='ocrx_word' id='word_1_735' title='bbox 3168 4388 3568 4447; x_wconf 86' lang='lat' dir='ltr'><strong>consummatio</strong></span> <span class='ocrx_word' id='word_1_736' title='bbox 3590 4387 3778 4445; x_wconf 66' lang='lat' dir='ltr'><strong>saeculi</strong></span> 
     </span>
    </p>
   </div>
   <div class='ocr_carea' id='block_1_105' title="bbox 2182 4485 2548 4543">
    <p class='ocr_par' dir='ltr' id='par_1_105' title="bbox 2182 4485 2548 4543">
     <span class='ocr_line' id='line_1_105' title="bbox 2182 4485 2548 4543; baseline -0.011 0"><span class='ocrx_word' id='word_1_737' title='bbox 2182 4495 2410 4543; x_wconf 86' lang='lat' dir='ltr'><strong>ventura</strong></span> <span class='ocrx_word' id='word_1_738' title='bbox 2438 4485 2548 4541; x_wconf 85' lang='lat' dir='ltr'><strong>sit?</strong></span> 
     </span>
    </p>
   </div>
   <div class='ocr_carea' id='block_1_106' title="bbox 2232 4570 3780 4661">
    <p class='ocr_par' dir='ltr' id='par_1_106' title="bbox 2232 4570 3780 4661">
     <span class='ocr_line' id='line_1_106' title="bbox 2232 4570 3780 4661; baseline -0.002 -32"><span class='ocrx_word' id='word_1_739' title='bbox 2232 4575 2420 4632; x_wconf 81' lang='lat' dir='ltr'><strong>Vens.</strong></span> <span class='ocrx_word' id='word_1_740' title='bbox 2454 4574 2509 4629; x_wconf 73' lang='grc'><strong>4.</strong></span> <span class='ocrx_word' id='word_1_741' title='bbox 2546 4605 2619 4617; x_wconf 88' lang='grc'><strong>--</strong></span> <span class='ocrx_word' id='word_1_742' title='bbox 2665 4571 2866 4630; x_wconf 79' lang='lat' dir='ltr'><strong>Videte.</strong></span> <span class='ocrx_word' id='word_1_743' title='bbox 2895 4571 3028 4631; x_wconf 89' lang='lat' dir='ltr'><strong>Cum</strong></span> <span class='ocrx_word' id='word_1_744' title='bbox 3060 4572 3177 4629; x_wconf 70' lang='lat' dir='ltr'><strong>haec</strong></span> <span class='ocrx_word' id='word_1_745' title='bbox 3216 4570 3380 4638; x_wconf 81' lang='lat' dir='ltr'><strong>ﬁent,</strong></span> <span class='ocrx_word' id='word_1_746' title='bbox 3425 4585 3493 4625; x_wconf 87' lang='lat' dir='ltr'><strong>ne</strong></span> <span class='ocrx_word' id='word_1_747' title='bbox 3521 4577 3780 4661; x_wconf 74' lang='lat' dir='ltr'><strong>putemus</strong></span> 
     </span>
    </p>
   </div>
   <div class='ocr_carea' id='block_1_107' title="bbox 2106 4656 3781 4737">
    <p class='ocr_par' dir='ltr' id='par_1_107' title="bbox 2106 4656 3781 4737">
     <span class='ocr_line' id='line_1_107' title="bbox 2106 4656 3781 4737; baseline -0.005 -14"><span class='ocrx_word' id='word_1_748' title='bbox 2106 4656 2157 4718; x_wconf 81' lang='grc' dir='ltr'><strong>Ι)</strong></span> <span class='ocrx_word' id='word_1_749' title='bbox 2183 4668 2391 4725; x_wconf 87' lang='lat' dir='ltr'><strong>instare</strong></span> <span class='ocrx_word' id='word_1_750' title='bbox 2418 4666 2562 4723; x_wconf 88' lang='lat' dir='ltr'><strong>diem</strong></span> <span class='ocrx_word' id='word_1_751' title='bbox 2589 4665 2828 4733; x_wconf 89' lang='lat' dir='ltr'><strong>Domini,</strong></span> <span class='ocrx_word' id='word_1_752' title='bbox 2858 4662 3015 4734; x_wconf 82' lang='lat' dir='ltr'><strong>cujus</strong></span> <span class='ocrx_word' id='word_1_753' title='bbox 3045 4664 3260 4737; x_wconf 89' lang='lat' dir='ltr'><strong>signum</strong></span> <span class='ocrx_word' id='word_1_754' title='bbox 3298 4662 3586 4734; x_wconf 84' lang='lat' dir='ltr'><strong>perspicue</strong></span> <span class='ocrx_word' id='word_1_755' title='bbox 3617 4656 3781 4733; x_wconf 81' lang='lat' dir='ltr'><strong>poni-</strong></span> 
     </span>
    </p>
   </div>
   <div class='ocr_carea' id='block_1_108' title="bbox 2181 4758 3782 4835">
    <p class='ocr_par' dir='ltr' id='par_1_108' title="bbox 2181 4758 3782 4835">
     <span class='ocr_line' id='line_1_108' title="bbox 2181 4758 3782 4835; baseline -0.004 -15"><span class='ocrx_word' id='word_1_756' title='bbox 2181 4772 2272 4820; x_wconf 87' lang='lat' dir='ltr'><strong>tur</strong></span> <span class='ocrx_word' id='word_1_757' title='bbox 2298 4764 2352 4821; x_wconf 92' lang='lat' dir='ltr'><strong>in</strong></span> <span class='ocrx_word' id='word_1_758' title='bbox 2380 4764 2751 4835; x_wconf 89' lang='lat' dir='ltr'><strong>sequentibus.</strong></span> <span class='ocrx_word' id='word_1_759' title='bbox 2775 4762 3071 4818; x_wconf 76' lang='lat' dir='ltr'><strong>Prannunit</strong></span> <span class='ocrx_word' id='word_1_760' title='bbox 3091 4777 3159 4817; x_wconf 92' lang='lat' dir='ltr'><strong>ne</strong></span> <span class='ocrx_word' id='word_1_761' title='bbox 3189 4760 3475 4816; x_wconf 91' lang='lat' dir='ltr'><strong>turbentur</strong></span> <span class='ocrx_word' id='word_1_762' title='bbox 3524 4760 3610 4815; x_wconf 90' lang='lat' dir='ltr'><strong>vel</strong></span> <span class='ocrx_word' id='word_1_763' title='bbox 3641 4758 3782 4815; x_wconf 86' lang='lat' dir='ltr'><strong>deli-</strong></span> 
     </span>
    </p>
   </div>
   <div class='ocr_carea' id='block_1_109' title="bbox 2182 4856 3779 4929">
    <p class='ocr_par' dir='ltr' id='par_1_109' title="bbox 2182 4856 3779 4929">
     <span class='ocr_line' id='line_1_109' title="bbox 2182 4856 3779 4929; baseline -0.003 -14"><span class='ocrx_word' id='word_1_764' title='bbox 2182 4859 2329 4915; x_wconf 88' lang='lat' dir='ltr'><strong>ciant</strong></span> <span class='ocrx_word' id='word_1_765' title='bbox 2360 4872 2457 4928; x_wconf 78' lang='lat' dir='ltr'><strong>per</strong></span> <span class='ocrx_word' id='word_1_766' title='bbox 2482 4858 2874 4928; x_wconf 87' lang='lat' dir='ltr'><strong>deceptionem,</strong></span> <span class='ocrx_word' id='word_1_767' title='bbox 2907 4865 2966 4911; x_wconf 92' lang='lat' dir='ltr'><strong>ut</strong></span> <span class='ocrx_word' id='word_1_768' title='bbox 2989 4872 3086 4927; x_wconf 88' lang='lat' dir='ltr'><strong>per</strong></span> <span class='ocrx_word' id='word_1_769' title='bbox 3113 4856 3393 4913; x_wconf 88' lang='lat' dir='ltr'><strong>Simonem</strong></span> <span class='ocrx_word' id='word_1_770' title='bbox 3424 4856 3657 4929; x_wconf 81' lang='lat' dir='ltr'><strong>Magum,</strong></span> <span class='ocrx_word' id='word_1_771' title='bbox 3682 4857 3779 4914; x_wconf 86' lang='lat' dir='ltr'><strong>vel</strong></span> 
     </span>
    </p>
   </div>
   <div class='ocr_carea' id='block_1_110' title="bbox 2180 4947 3772 5023">
    <p class='ocr_par' dir='ltr' id='par_1_110' title="bbox 2180 4947 3772 5023">
     <span class='ocr_line' id='line_1_110' title="bbox 2180 4947 3772 5023; baseline -0.002 -18"><span class='ocrx_word' id='word_1_772' title='bbox 2180 4965 2279 5023; x_wconf 89' lang='lat' dir='ltr'><strong>per</strong></span> <span class='ocrx_word' id='word_1_773' title='bbox 2308 4948 2712 5004; x_wconf 86' lang='lat' dir='ltr'><strong>tribulationem</strong></span> <span class='ocrx_word' id='word_1_774' title='bbox 2756 4957 2811 5003; x_wconf 92' lang='lat' dir='ltr'><strong>et</strong></span> <span class='ocrx_word' id='word_1_775' title='bbox 2843 4947 3310 5017; x_wconf 87' lang='lat' dir='ltr'><strong>persecutionem,</strong></span> <span class='ocrx_word' id='word_1_776' title='bbox 3349 4956 3410 5003; x_wconf 90' lang='lat' dir='ltr'><strong>ut</strong></span> <span class='ocrx_word' id='word_1_777' title='bbox 3452 4964 3551 5018; x_wconf 87' lang='lat' dir='ltr'><strong>per</strong></span> <span class='ocrx_word' id='word_1_778' title='bbox 3593 4947 3772 5002; x_wconf 77' lang='lat' dir='ltr'><strong>Nero-</strong></span> 
     </span>
    </p>
   </div>
   <div class='ocr_carea' id='block_1_111' title="bbox 2187 5041 3778 5103">
    <p class='ocr_par' dir='ltr' id='par_1_111' title="bbox 2187 5041 3778 5103">
     <span class='ocr_line' id='line_1_111' title="bbox 2187 5041 3778 5103; baseline -0.004 0"><span class='ocrx_word' id='word_1_779' title='bbox 2187 5063 2335 5103; x_wconf 88' lang='lat' dir='ltr'><strong>nem.</strong></span> <span class='ocrx_word' id='word_1_780' title='bbox 2368 5044 2504 5101; x_wconf 85' lang='lat' dir='ltr'><strong>Nota</strong></span> <span class='ocrx_word' id='word_1_781' title='bbox 2550 5045 2665 5100; x_wconf 61' lang='lat' dir='ltr'><strong>haec</strong></span> <span class='ocrx_word' id='word_1_782' title='bbox 2696 5043 2964 5100; x_wconf 88' lang='lat' dir='ltr'><strong>venientia</strong></span> <span class='ocrx_word' id='word_1_783' title='bbox 3006 5052 3135 5098; x_wconf 90' lang='lat' dir='ltr'><strong>ante</strong></span> <span class='ocrx_word' id='word_1_784' title='bbox 3161 5043 3432 5099; x_wconf 72' lang='lat' dir='ltr'><strong>excidium</strong></span> <span class='ocrx_word' id='word_1_785' title='bbox 3465 5041 3778 5099; x_wconf 82' lang='lat' dir='ltr'><strong>Jerusalem</strong></span> 
     </span>
    </p>
   </div>
   <div class='ocr_carea' id='block_1_112' title="bbox 2182 5135 3780 5207">
    <p class='ocr_par' dir='ltr' id='par_1_112' title="bbox 2182 5135 3780 5207">
     <span class='ocr_line' id='line_1_112' title="bbox 2182 5135 3780 5207; baseline -0.005 -9"><span class='ocrx_word' id='word_1_786' title='bbox 2182 5140 2384 5200; x_wconf 88' lang='lat' dir='ltr'><strong>similia</strong></span> <span class='ocrx_word' id='word_1_787' title='bbox 2416 5145 2543 5194; x_wconf 89' lang='lat' dir='ltr'><strong>sunt</strong></span> <span class='ocrx_word' id='word_1_788' title='bbox 2568 5146 2625 5193; x_wconf 88' lang='lat' dir='ltr'><strong>et</strong></span> <span class='ocrx_word' id='word_1_789' title='bbox 2653 5137 2840 5192; x_wconf 90' lang='lat' dir='ltr'><strong>eadem</strong></span> <span class='ocrx_word' id='word_1_790' title='bbox 2863 5136 2978 5192; x_wconf 87' lang='lat' dir='ltr'><strong>fere</strong></span> <span class='ocrx_word' id='word_1_791' title='bbox 2997 5152 3121 5191; x_wconf 90' lang='lat' dir='ltr'><strong>cum</strong></span> <span class='ocrx_word' id='word_1_792' title='bbox 3144 5136 3231 5192; x_wconf 92' lang='lat' dir='ltr'><strong>his</strong></span> <span class='ocrx_word' id='word_1_793' title='bbox 3258 5150 3379 5207; x_wconf 65' lang='lat' dir='ltr'><strong>qua:</strong></span> <span class='ocrx_word' id='word_1_794' title='bbox 3407 5135 3538 5189; x_wconf 89' lang='lat' dir='ltr'><strong>ﬁent</strong></span> <span class='ocrx_word' id='word_1_795' title='bbox 3564 5135 3618 5190; x_wconf 90' lang='lat' dir='ltr'><strong>in</strong></span> <span class='ocrx_word' id='word_1_796' title='bbox 3644 5149 3780 5191; x_wconf 84' lang='lat' dir='ltr'><strong>con-</strong></span> 
     </span>
    </p>
   </div>
   <div class='ocr_carea' id='block_1_113' title="bbox 2184 5225 3781 5299">
    <p class='ocr_par' dir='ltr' id='par_1_113' title="bbox 2184 5225 3781 5299">
     <span class='ocr_line' id='line_1_113' title="bbox 2184 5225 3781 5299; baseline -0.004 -13"><span class='ocrx_word' id='word_1_797' title='bbox 2184 5229 2544 5287; x_wconf 88' lang='lat' dir='ltr'><strong>summatione</strong></span> <span class='ocrx_word' id='word_1_798' title='bbox 2574 5226 2775 5295; x_wconf 75' lang='lat' dir='ltr'><strong>szeculi,</strong></span> <span class='ocrx_word' id='word_1_799' title='bbox 2806 5237 2865 5283; x_wconf 91' lang='lat' dir='ltr'><strong>et</strong></span> <span class='ocrx_word' id='word_1_800' title='bbox 2896 5226 3135 5299; x_wconf 88' lang='lat' dir='ltr'><strong>loquitur</strong></span> <span class='ocrx_word' id='word_1_801' title='bbox 3168 5227 3244 5282; x_wconf 82' lang='lat' dir='ltr'><strong>ita</strong></span> <span class='ocrx_word' id='word_1_802' title='bbox 3282 5226 3349 5282; x_wconf 92' lang='lat' dir='ltr'><strong>de</strong></span> <span class='ocrx_word' id='word_1_803' title='bbox 3375 5241 3482 5281; x_wconf 91' lang='lat' dir='ltr'><strong>uno</strong></span> <span class='ocrx_word' id='word_1_804' title='bbox 3507 5226 3665 5296; x_wconf 85' lang='lat' dir='ltr'><strong>quasi</strong></span> <span class='ocrx_word' id='word_1_805' title='bbox 3709 5225 3781 5281; x_wconf 89' lang='lat' dir='ltr'><strong>de</strong></span> 
     </span>
    </p>
   </div>
   <div class='ocr_carea' id='block_1_114' title="bbox 2184 5324 2309 5380">
    <p class='ocr_par' dir='ltr' id='par_1_114' title="bbox 2184 5324 2309 5380">
     <span class='ocr_line' id='line_1_114' title="bbox 2184 5324 2309 5380; baseline -0.016 0"><span class='ocrx_word' id='word_1_806' title='bbox 2184 5324 2309 5380; x_wconf 91' lang='lat' dir='ltr'><strong>alio.</strong></span> 
     </span>
    </p>
   </div>
   <div class='ocr_carea' id='block_1_115' title="bbox 2258 5394 3781 5470">
    <p class='ocr_par' dir='ltr' id='par_1_115' title="bbox 2258 5394 3781 5470">
     <span class='ocr_line' id='line_1_115' title="bbox 2258 5394 3781 5470; baseline -0.005 -1"><span class='ocrx_word' id='word_1_807' title='bbox 2258 5414 2422 5470; x_wconf 83' lang='lat' dir='ltr'><strong>Vens.</strong></span> <span class='ocrx_word' id='word_1_808' title='bbox 2452 5412 2506 5467; x_wconf 71' lang='lat' dir='ltr'><strong>ti.</strong></span> <span class='ocrx_word' id='word_1_809' title='bbox 2529 5440 2600 5452; x_wconf 90' lang='lat'><strong>—-</strong></span> <span class='ocrx_word' id='word_1_810' title='bbox 2636 5411 2808 5467; x_wconf 82' lang='lat' dir='ltr'><strong>multi.</strong></span> <span class='ocrx_word' id='word_1_811' title='bbox 2840 5408 3162 5466; x_wconf 87' lang='lat' dir='ltr'><strong>lmminente</strong></span> <span class='ocrx_word' id='word_1_812' title='bbox 3212 5394 3512 5465; x_wconf 80' lang='lat' dir='ltr'><strong>Jerusalem</strong></span> <span class='ocrx_word' id='word_1_813' title='bbox 3561 5406 3781 5463; x_wconf 80' lang='lat' dir='ltr'><strong>excidio</strong></span> 
     </span>
    </p>
   </div>
   <div class='ocr_carea' id='block_1_116' title="bbox 2182 5497 3778 5574">
    <p class='ocr_par' dir='ltr' id='par_1_116' title="bbox 2182 5497 3778 5574">
     <span class='ocr_line' id='line_1_116' title="bbox 2182 5497 3778 5574; baseline -0.006 -12"><span class='ocrx_word' id='word_1_814' title='bbox 2182 5505 2341 5562; x_wconf 86' lang='lat' dir='ltr'><strong>multi</strong></span> <span class='ocrx_word' id='word_1_815' title='bbox 2370 5502 2589 5559; x_wconf 85' lang='lat' dir='ltr'><strong>fuerunt</strong></span> <span class='ocrx_word' id='word_1_816' title='bbox 2609 5503 2880 5574; x_wconf 88' lang='lat' dir='ltr'><strong>principes</strong></span> <span class='ocrx_word' id='word_1_817' title='bbox 2906 5501 3074 5573; x_wconf 86' lang='lat' dir='ltr'><strong>quise</strong></span> <span class='ocrx_word' id='word_1_818' title='bbox 3095 5501 3336 5557; x_wconf 90' lang='lat' dir='ltr'><strong>dicerent</strong></span> <span class='ocrx_word' id='word_1_819' title='bbox 3362 5515 3481 5555; x_wconf 88' lang='lat' dir='ltr'><strong>esse</strong></span> <span class='ocrx_word' id='word_1_820' title='bbox 3505 5497 3778 5564; x_wconf 89' lang='lat' dir='ltr'><strong>Christos,</strong></span> 
     </span>
    </p>
   </div>
   <div class='ocr_carea' id='block_1_117' title="bbox 2186 5591 3780 5669">
    <p class='ocr_par' dir='ltr' id='par_1_117' title="bbox 2186 5591 3780 5669">
     <span class='ocr_line' id='line_1_117' title="bbox 2186 5591 3780 5669; baseline -0.008 -13"><span class='ocrx_word' id='word_1_821' title='bbox 2186 5609 2243 5656; x_wconf 92' lang='lat' dir='ltr'><strong>et</strong></span> <span class='ocrx_word' id='word_1_822' title='bbox 2274 5608 2485 5669; x_wconf 88' lang='lat' dir='ltr'><strong>tempus</strong></span> <span class='ocrx_word' id='word_1_823' title='bbox 2528 5597 2793 5653; x_wconf 87' lang='lat' dir='ltr'><strong>libertatis</strong></span> <span class='ocrx_word' id='word_1_824' title='bbox 2834 5610 3004 5668; x_wconf 86' lang='lat' dir='ltr'><strong>prope</strong></span> <span class='ocrx_word' id='word_1_825' title='bbox 3045 5608 3186 5651; x_wconf 88' lang='lat' dir='ltr'><strong>esse.</strong></span> <span class='ocrx_word' id='word_1_826' title='bbox 3237 5593 3387 5648; x_wconf 83' lang='lat' dir='ltr'><strong>Multi</strong></span> <span class='ocrx_word' id='word_1_827' title='bbox 3432 5593 3485 5647; x_wconf 91' lang='lat' dir='ltr'><strong>in</strong></span> <span class='ocrx_word' id='word_1_828' title='bbox 3532 5591 3780 5647; x_wconf 86' lang='lat' dir='ltr'><strong>Ecclesia</strong></span> 
     </span>
    </p>
   </div>
   <div class='ocr_carea' id='block_1_118' title="bbox 2188 5682 3779 5763">
    <p class='ocr_par' dir='ltr' id='par_1_118' title="bbox 2188 5682 3779 5763">
     <span class='ocr_line' id='line_1_118' title="bbox 2188 5682 3779 5763; baseline -0.006 -16"><span class='ocrx_word' id='word_1_829' title='bbox 2188 5689 2525 5763; x_wconf 87' lang='lat' dir='ltr'><strong>temporibus</strong></span> <span class='ocrx_word' id='word_1_830' title='bbox 2551 5687 2939 5757; x_wconf 79' lang='lat' dir='ltr'><strong>apostolorum,</strong></span> <span class='ocrx_word' id='word_1_831' title='bbox 2963 5686 3056 5756; x_wconf 91' lang='lat' dir='ltr'><strong>qui</strong></span> <span class='ocrx_word' id='word_1_832' title='bbox 3081 5693 3280 5756; x_wconf 56' lang='lat' dir='ltr'><strong>praeter</strong></span> <span class='ocrx_word' id='word_1_833' title='bbox 3317 5685 3422 5741; x_wconf 85' lang='lat' dir='ltr'><strong>alia</strong></span> <span class='ocrx_word' id='word_1_834' title='bbox 3463 5683 3597 5738; x_wconf 85' lang='lat' dir='ltr'><strong>falsa</strong></span> <span class='ocrx_word' id='word_1_835' title='bbox 3624 5682 3779 5738; x_wconf 79' lang='lat' dir='ltr'><strong>dice-</strong></span> 
     </span>
    </p>
   </div>
   <div class='ocr_carea' id='block_1_119' title="bbox 2190 5777 2985 5839">
    <p class='ocr_par' dir='ltr' id='par_1_119' title="bbox 2190 5777 2985 5839">
     <span class='ocr_line' id='line_1_119' title="bbox 2190 5777 2985 5839; baseline -0.01 0"><span class='ocrx_word' id='word_1_836' title='bbox 2190 5791 2311 5839; x_wconf 83' lang='lat' dir='ltr'><strong>rent</strong></span> <span class='ocrx_word' id='word_1_837' title='bbox 2342 5781 2546 5837; x_wconf 87' lang='lat' dir='ltr'><strong>instare</strong></span> <span class='ocrx_word' id='word_1_838' title='bbox 2583 5778 2724 5834; x_wconf 89' lang='lat' dir='ltr'><strong>diem</strong></span> <span class='ocrx_word' id='word_1_839' title='bbox 2753 5777 2985 5833; x_wconf 88' lang='lat' dir='ltr'><strong>Domini.</strong></span> 
     </span>
    </p>
   </div>
   <div class='ocr_carea' id='block_1_120' title="bbox 2266 5868 3780 5939">
    <p class='ocr_par' dir='ltr' id='par_1_120' title="bbox 2266 5868 3780 5939">
     <span class='ocr_line' id='line_1_120' title="bbox 2266 5868 3780 5939; baseline -0.002 -12"><span class='ocrx_word' id='word_1_840' title='bbox 2266 5872 2429 5927; x_wconf 70' lang='lat' dir='ltr'><strong>Vens.</strong></span> <span class='ocrx_word' id='word_1_841' title='bbox 2457 5872 2507 5927; x_wconf 81' lang='lat' dir='ltr'><strong>li.</strong></span> <span class='ocrx_word' id='word_1_842' title='bbox 2532 5902 2601 5911; x_wconf 57' lang='grc' dir='ltr'><strong>απτ</strong></span> <span class='ocrx_word' id='word_1_843' title='bbox 2628 5870 2893 5927; x_wconf 76' lang='lat' dir='ltr'><strong>.lttdiluri.</strong></span> <span class='ocrx_word' id='word_1_844' title='bbox 2924 5869 3044 5927; x_wconf 62' lang='lat' dir='ltr'><strong>llaec</strong></span> <span class='ocrx_word' id='word_1_845' title='bbox 3065 5870 3117 5926; x_wconf 88' lang='lat' dir='ltr'><strong>in</strong></span> <span class='ocrx_word' id='word_1_846' title='bbox 3139 5869 3320 5928; x_wconf 68' lang='lat' dir='ltr'><strong>Juda‘a</strong></span> <span class='ocrx_word' id='word_1_847' title='bbox 3349 5886 3376 5925; x_wconf 89' lang='lat' dir='ltr'><strong>a</strong></span> <span class='ocrx_word' id='word_1_848' title='bbox 3398 5869 3651 5939; x_wconf 77' lang='lat' dir='ltr'><strong>passione</strong></span> <span class='ocrx_word' id='word_1_849' title='bbox 3681 5868 3780 5924; x_wconf 80' lang='lat' dir='ltr'><strong>Do-</strong></span> 
     </span>
    </p>
   </div>
  </div>
