4068 6344
284 385 386 442 161

1247 388 1516 447 GLOSSA
1555 365 1951 449 ORDINARIA.
1992 427 2062 436 —
2097 395 2350 454 evauc.
2393 396 2654 453 manu.

3440 396 3551 456 162

282 498 418 554 mini
444 498 851 554 abundaverunt
882 517 897 551 :
933 500 1128 570 quibus
1153 516 1220 556 ne
1249 503 1421 558 territi
1458 505 1682 574 apostoli
1704 505 1861 560 Jeru-
1890 512 1935 572 Α
1963 508 2086 562 vina
2115 509 2308 565 electio
2331 510 2644 578 frustretur,
2689 511 2781 568 sed
2822 510 2912 582 qui
2945 509 3151 582 judicio
3199 512 3438 572 humano
3464 517 3548 572 vi-

282 589 455 644 salem
502 597 559 645 et
601 587 839 644 Judteam
881 589 1133 645 deserant
1169 592 1559 662 admonentur,
1589 595 1715 665 quia
1758 610 1867 651 non

282 676 473 732 statim
499 676 655 744 ﬁnis,
685 677 780 732 sed
815 687 938 748 post
964 679 1319 751 quadraginta
1350 691 1484 738 duos
1509 698 1702 740 annos.

357 766 525 823 Vens.
557 767 611 824 8.
638 767 860 823 —Hcec
901 779 1098 824 autem.
1135 771 1260 826 Haec
1301 783 1481 828 autem
1518 777 1700 831 omnia
1743 783 1869 830 sunt

283 859 463 924 initia,
494 875 600 914 non
626 862 1020 916 consummatio
1047 863 1200 931 quasi
1227 865 1490 930 przeconia
1524 865 1867 933 Antichristi,

283 951 372 1006 vel
404 952 606 1007 excidii
631 953 799 1008 urbis.
836 952 962 1009 Haac
980 955 1176 1024 partim
1201 954 1269 1009 ad
1291 957 1626 1012 eversionem
1653 957 1868 1014 Judan-

284 1058 442 1109 rum,
473 1043 672 1112 partim
720 1043 789 1096 ad
835 1043 977 1098 diem
1021 1043 1208 1114 judicii
1256 1045 1572 1115 pertinent,
1624 1046 1751 1118 quia
1795 1046 1869 1102 ita

285 1133 520 1204 apostoli
569 1133 1044 1205 interrogaverunt
1067 1136 1132 1190 de
1160 1143 1410 1206 utroque.

359 1245 525 1302 Vens.
563 1245 618 1303 9.
646 1278 717 1286 —
748 1246 893 1301 Tunc
920 1247 1145 1301 tradent.
1179 1246 1296 1314 Quo
1316 1248 1509 1305 merito
1531 1250 1647 1306 haec
1672 1248 1872 1310 Iudaeis

285 1338 545 1394 eveniant
585 1337 786 1405 subdit,
817 1338 909 1408 qui
934 1345 1060 1410 post
1085 1339 1412 1396 occisionem
1440 1339 1662 1408 Christi,
1692 1342 1869 1397 nomi-

287 1434 377 1489 nis
406 1442 461 1488 et
488 1433 616 1489 ﬁdei
641 1432 761 1504 ejus
787 1450 1067 1506 prwcones
1095 1435 1372 1505 persecuti
1400 1444 1546 1492 sunt.

362 1547 528 1603 Vens.
566 1549 655 1603 11.
686 1579 760 1588 -
803 1547 874 1602 Et
915 1547 1068 1603 multi
1117 1549 1598 1620 pseudoprophetw.
1640 1549 1871 1618 Quidam

286 1643 394 1697 hoc
438 1640 507 1694 ad
549 1641 886 1696 eversionem
932 1639 1239 1697 Iudaeorum
1277 1641 1538 1699 referunt.
1592 1643 1700 1699 Sed
1745 1654 1874 1701 tunc

287 1732 433 1788 inter
477 1746 593 1799 eos,
642 1733 770 1802 quia
815 1731 992 1788 nullus
1034 1741 1156 1788 erat
1196 1732 1389 1794 ﬁdelis.
1427 1735 1495 1790 ad
1525 1750 1683 1805 quem
1715 1735 1874 1792 ﬁeret

289 1822 628 1888 exhortatio;
657 1822 850 1878 melius
877 1823 980 1878 hoc
1017 1823 1282 1894 accipitur
1311 1826 1378 1880 de
1411 1825 1703 1893 haereticis,
1734 1842 1871 1897 quo-

286 1929 408 1968 rum
433 1913 640 1983 primus
663 1912 852 1969 Simon
876 1913 1060 1984 Magus
1087 1914 1205 1968 fuit.
1244 1915 1532 1972 Extremus
1554 1916 1726 1986 major
1749 1933 1865 1973 om-

284 2004 479 2069 nibus,
504 2003 869 2059 Autichristus
907 2013 1011 2060 est.
1054 2003 1353 2075 Diligenter
1393 2006 1709 2062 intuendum
1746 2016 1859 2072 est,

283 2097 430 2166 quod
468 2097 745 2167 signorum
784 2097 851 2151 ad
877 2096 1146 2152 excidium
1190 2096 1371 2163 urbis,
1421 2097 1565 2168 quod
1609 2099 1678 2154 ad
1719 2099 1863 2154 diem

279 2185 500 2242 Domini
522 2185 807 2242 referatur.
835 2187 1134 2257 Respondit
1158 2188 1302 2243 enim
1327 2188 1610 2254 Dominus,
1643 2205 1763 2260 qua:
1794 2206 1863 2247 ex

278 2275 376 2331 illo
406 2285 646 2347 tempore
670 2285 828 2332 erant
859 2287 1113 2333 secutura
1140 2279 1254 2333 sive
1281 2277 1346 2334 de
1393 2278 1606 2335 excidio
1637 2277 1859 2337 Jerusa-

277 2366 384 2422 lem
408 2367 522 2424 sive
543 2368 611 2424 de
647 2369 874 2424 adventu
910 2367 1027 2424 su'o.

354 2482 514 2538 Vens.
545 2482 631 2536 M.
662 2512 734 2522 --
763 2482 832 2537 Et
862 2482 1256 2552 prwdicabitur.
1305 2483 1442 2551 Quia
1489 2500 1718 2542 noverat
1751 2485 1862 2542 Do-

273 2574 458 2630 minus
484 2575 649 2630 corda
688 2575 1073 2645 discipulorum
1119 2576 1186 2631 de
1213 2576 1424 2632 excidio
1463 2586 1517 2633 et
1561 2579 1864 2648 perditione

275 2680 390 2721 suzc
424 2667 600 2735 gentis
628 2666 1021 2732 contristanda,
1051 2667 1166 2722 hmc
1210 2667 1400 2722 solatio
1430 2668 1635 2724 relevat
1672 2679 1731 2723 ut
1757 2669 1862 2724 sci-

273 2764 399 2810 rent
425 2755 593 2811 multo
622 2757 803 2826 plures
831 2758 1008 2813 socios
1045 2757 1228 2828 gaudii
1267 2759 1455 2812 :etcrni
1491 2760 1555 2814 de
1585 2767 1697 2814 toto
1726 2761 1861 2814 orbe

181 2843 190 2850 ’
272 2848 624 2919 colligendos.
669 2848 858 2904 Adhuc
905 2858 1085 2904 tenete
1129 2851 1231 2904 hoc
1277 2850 1526 2919 signum,
1573 2852 1716 2922 quod
1752 2866 1860 2906 non

270 2938 439 2993 instet
461 2939 578 2994 dies
609 2940 819 2994 Domini
843 2940 928 2995 vel
954 2939 1220 2996 desolatio
1245 2938 1544 2995 Jerusalem
1571 2950 1858 3012 antequam

271 3030 502 3098 apostoli
528 3040 638 3086 toto
663 3033 795 3086 orbe
816 3032 1040 3101 dispersi
1074 3033 1200 3093 sint.
1234 3040 1430 3101 praeter
1449 3032 1582 3087 duos
1608 3030 1856 3098 Jacobos,

266 3124 361 3194 qui
397 3125 650 3194 primitus
694 3125 747 3178 in
783 3124 965 3179 Iudaea
1009 3125 1278 3179 interfecti
1303 3133 1448 3179 sunt.
1479 3125 1740 3195 Dispersi,
1771 3127 1858 3180 in-

1972 598 2170 654 dcntur
2191 600 2372 655 electi.

2041 690 2204 747 Vens.
2237 691 2327 746 26.
2356 692 2584 747 —Ecce
2609 693 2664 746 in
2698 693 2920 748 deserto.
2955 693 3104 750 Multi
3131 696 3290 751 etiam
3323 697 3550 754 credunt

1969 797 2077 836 non
2107 783 2294 838 venire
2323 784 2374 838 in
2406 785 2700 855 publicum,
2745 785 2836 839 sed
2876 785 2928 839 in
2971 785 3200 843 deserto.
3237 787 3384 844 Multi
3426 795 3547 846 εἰοε-

1970 859 2387 928 duntChristum
2411 875 2621 930 dedisse
2644 876 2934 930 secretiora
2956 888 3219 949 prmcepta
3258 879 3380 935 ﬁdei
3403 881 3545 944 aliis,

1971 978 2077 1019 non
2103 965 2372 1030 omnibus,
2409 966 2552 1021 unde
2595 966 2812 1032 dicitur,
2849 968 2903 1020 in
2950 969 3317 1038 penetralibus.
3369 971 3549 1026 Nolite

1971 1053 2197 1118 credere,
2220 1055 2362 1124 quod
2391 1054 2639 1111 Christus
2661 1055 2714 1110 in
2743 1057 2956 1111 deserto
2979 1057 3059 1112 vel
3082 1059 3135 1113 in
3157 1061 3546 1130 penetralibus,

1970 1142 2065 1198 sed
2095 1144 2236 1214 quod
2267 1145 2399 1199 ﬁdes
2424 1144 2541 1216 ejus
2567 1144 2634 1200 ab
2655 1144 2875 1201 Oriente
2901 1145 2954 1200 in
2994 1145 3336 1204 Occidentem
3377 1150 3432 1205 in
3460 1165 3550 1205 ca-

1971 1233 2188 1289 tholicis
2218 1232 2386 1304 fulget
2411 1234 2558 1290 clara
2597 1243 2654 1290 et
2684 1235 2991 1292 manifesta.
3021 1235 3100 1293 Ne
3135 1252 3264 1310 ergo
3295 1240 3551 1295 credatur

1971 1326 2353 1382 schismaticis.
2400 1327 2630 1384 Nomine
2667 1326 2905 1384 Orientis
2945 1337 3000 1385 et
3027 1328 3338 1388 Occidentis
3377 1340 3550 1388 totum

1970 1415 2157 1471 orbem
2187 1417 2450 1488 designat.

2042 1504 2207 1560 Vens.
2236 1505 2323 1560 51.
2363 1536 2434 1546 -
2456 1506 2496 1561 Α
2529 1507 2744 1562 summis
2771 1507 3033 1563 caelorum.
3065 1508 3144 1565 Ne
3169 1511 3291 1581 quis
3325 1521 3546 1584 putaret

1972 1610 2003 1650 a
2029 1603 2263 1666 quatuor
2289 1595 2461 1668 plagis
2487 1605 2665 1665 terrae,
2687 1607 2742 1655 et
2763 1616 2871 1655 non
2897 1616 2927 1655 a
2954 1602 3164 1658 cunctis
3185 1601 3382 1660 ﬁnibus
3404 1605 3546 1677 ejus,

1973 1687 2132 1743 simul
2197 1695 2252 1742 et
2312 1690 2722 1747 mediterraneis
2788 1693 3097 1765 regionibus
3159 1695 3361 1754 electos
3427 1715 3552 1758 esse

1974 1778 2408 1848 congregandos,
2447 1780 2696 1836 subditur
2725 1799 2738 1835 :
2771 1786 2813 1836 A
2857 1799 3060 1838 suntme
3098 1793 3252 1842 terra:
3280 1804 3441 1860 usque
3476 1788 3548 1845 ad

1897 1887 1944 1947 Β
1973 1885 2233 1923 summum
2260 1870 2372 1924 caeli
2391 1913 2405 1938 ,
2440 1872 2492 1926 id
2519 1881 2632 1940 est,
2662 1874 2729 1928 ab
2755 1876 3015 1932 extremis
3045 1875 3202 1934 terrae
3229 1879 3425 1936 ﬁnibus
3449 1898 3550 1953 per

1969 1957 2236 2013 directum
2293 1975 2462 2031 usque
2523 1961 2591 2016 ad
2653 1962 2869 2019 ultimos
2926 1966 3187 2023 terminos
3235 1969 3407 2040 ejus:
3456 1972 3548 2027 ubi

1965 2045 2121 2118 longe
2158 2050 2542 2120 aSpicientibus
2582 2051 2818 2109 circulus
2859 2054 2981 2111 caali
3021 2063 3179 2112 terrae
3224 2059 3438 2116 videtur
3465 2062 3549 2117 in-

1965 2137 2160 2193 sidere.

2034 2230 2200 2286 Vens.
2227 2231 2470 2287 52.—Ab
2499 2233 2703 2288 arbore.
2729 2232 2968 2305 Mystice.
2997 2235 3039 2290 A
3065 2237 3261 2308 populo
3277 2238 3460 2307 Israel,
3487 2241 3545 2296 in

1963 2337 2071 2392 quo
2093 2323 2309 2379 caecitas
2341 2339 2407 2380 cx
2439 2336 2594 2395 parte
2619 2327 2844 2396 contigit
2873 2345 2885 2380 :
2915 2335 2968 2384 et
2988 2327 3090 2383 fuit
3113 2331 3247 2385 ﬁcus
3267 2330 3536 2388 damnata.

1963 2412 2070 2468 Sed
2084 2429 2208 2469 cum
2234 2415 2302 2471 de
2328 2415 2482 2472 arido
2507 2416 2651 2488 ligno
2673 2432 2857 2473 ramus
2878 2418 3000 2475 ﬁdei
3021 2427 3076 2476 et
3101 2421 3382 2478 charitatis
3404 2424 3457 2478 in
3478 2438 3546 2481 eo

1961 2503 2188 2559 viruerit
2206 2545 2221 2571 ,
2253 2514 2308 2561 et
2331 2505 2458 2562 folia
2475 2547 2490 2574 ,
2516 2507 2569 2562 id
2593 2516 2705 2572 est,
2734 2509 2900 2565 verba
2927 2511 3327 2580 praedicationis
3348 2522 3540 2570 exorta

1963 2591 2192 2659 fuerint,
2224 2609 2390 2665 prope
2423 2605 2509 2651 est
2551 2603 2743 2663 aestas,
2773 2613 2894 2668 quae
2923 2608 3288 2670 exspectatur,
3337 2601 3392 2656 id
3425 2611 3539 2669 est,

1961 2691 2161 2738 aeterna
2189 2685 2454 2740 serenitas
2477 2693 2534 2742 et
2559 2688 2960 2743 renascentium
2986 2690 3287 2746 desiderata
3307 2677 3540 2748 novitas.

1961 2771 2094 2828 Cum
2125 2773 2269 2828 enim
2299 2773 2514 2831 tandem
2545 2775 2720 2831 ablata
2762 2776 2986 2847 perﬁdia
3030 2778 3195 2834 Israel
3223 2781 3400 2836 omnis
3428 2781 3539 2836 sal-

1961 2878 2060 2919 vus
2092 2863 2215 2931 ﬁet,
2254 2878 2422 2937 prope
2468 2879 2588 2921 esse
2630 2864 2984 2935 diemjudicii
3034 2883 3141 2924 non
3186 2868 3540 2926 dubitandum

1959 2964 2060 3014 εει.

2030 3045 2197 3120 Vens.
2225 3046 2313 3102 35.
2337 3077 2407 3090 ——
2427 3047 2627 3104 Caelum
2663 3059 2712 3105 et
2731 3057 2890 3106 terra.
2922 3050 3344 3123 Innovabuntur,
3377 3054 3542 3126 depo-

1958 3137 2062 3191 sita
2108 3139 2276 3207 priori
2319 3139 2521 3207 forma,
2558 3151 2914 3212 permanente
2960 3152 3141 3200 autem
3197 3146 3536 3215 substantia,

266 3229 459 3284 quam,
501 3221 560 3268 ut
588 3213 634 3268 si
660 3213 904 3268 dolerent
926 3215 990 3268 de
1017 3214 1317 3282 perditione
1341 3230 1452 3269 sua:
1494 3216 1687 3284 gentis,
1717 3215 1857 3270 sola-
1883 3244 1928 3306 ρ
1966 3228 2110 3280 unde
2144 3229 2345 3283 diem"
2373 3245 2388 3283 ε
2429 3230 2590 3284 Terra
2618 3231 2672 3284 δη
2699 3241 2948 3288 (uernum
2977 3236 3152 3290 εεαδεε,

265 3306 407 3361 tium
436 3305 670 3360 habeant
691 3305 874 3376 plures
896 3305 1074 3360 socios
1103 3304 1170 3359 de
1207 3304 1352 3359 omni
1383 3315 1540 3375 gente
1583 3306 1855 3362 collectos.

347 3415 510 3471 Vens.
533 3416 618 3471 15.
645 3447 715 3455 —-
739 3416 1209 3478 Abominationcm,
1237 3425 1344 3470 etc.
1376 3415 1470 3470 Vel
1493 3415 1536 3470 si
1561 3417 1626 3470 de
1650 3416 1859 3472 excidio

267 3506 444 3570 urbis,
479 3505 837 3570 abominatio,
869 3504 921 3558 id
951 3512 1036 3559 est
1072 3504 1295 3559 idolum.
1333 3503 1538 3568 Pilatus
1588 3505 1731 3558 enim
1765 3520 1862 3575 po-

268 3597 382 3654 suit
412 3597 700 3668 imaginem
732 3593 962 3650 Czesaris
994 3597 1047 3650 in
1091 3593 1288 3666 templo
1332 3594 1593 3649 desolato.
1631 3593 1727 3648 Vel
1757 3595 1860 3649 hoc

270 3690 472 3746 dicitur
501 3690 565 3744 de
591 3697 770 3744 statua
799 3687 1021 3742 Adriani
1054 3686 1320 3758 equestri,
1352 3701 1471 3757 quae
1499 3686 1554 3741 in
1586 3687 1700 3758 ipso
1728 3702 1856 3742 san-

269 3791 484 3839 ctorum
513 3780 630 3836 loco
652 3780 816 3849 longo
842 3787 1083 3848 tempore
1117 3777 1287 3833 stetit.

345 3872 509 3928 Vens.
552 3872 638 3926 l6.
668 3902 740 3910 —
779 3869 922 3924 Tunc
947 3871 1033 3940 qui
1058 3870 1113 3922 in
1139 3867 1353 3923 Judaza.
1377 3866 1503 3924 Hmc
1526 3867 1591 3922 ad
1621 3868 1858 3923 litteram

268 3965 416 4019 facta
451 3971 598 4029 sunt,
627 3978 773 4029 cum,
798 3961 1261 4032 apprOpinquante
1303 3959 1622 4014 exterminio
1643 3959 1858 4014 Judaco-

269 4071 419 4120 rum,
457 4054 678 4110 oraculo
723 4054 912 4108 moniti
949 4067 1138 4107 omnes
1182 4051 1478 4107 Christiani
1520 4050 1775 4122 fugerunt
1801 4051 1854 4106 in

270 4163 502 4218 regnum
532 4147 784 4217 Agrippa:
817 4145 906 4214 qui
938 4143 1164 4214 parebat
1193 4143 1469 4198 Romanis.

347 4240 508 4293 Vens.
537 4237 626 4291 29..
658 4268 729 4278 —
756 4237 824 4290 Et
854 4237 972 4290 nisi.
1006 4236 1134 4303 Qum
1163 4251 1291 4306 ergo
1331 4250 1455 4306 spes
1500 4234 1710 4303 electis,
1749 4234 1856 4292 nisi

268 4331 446 4403 gratia
478 4329 595 4394 Dei,
626 4344 745 4398 qum
769 4329 860 4382 dat
887 4329 1203 4398 patientiam
1238 4327 1366 4397 piis,
1395 4335 1454 4382 ut
1484 4327 1645 4384 citius
1673 4328 1858 4384 demat

266 4425 568 4495 potentiam
607 4422 831 4491 impiis?
867 4421 1080 4489 Quanto
1101 4421 1244 4476 cnim
1281 4421 1386 4476 erit
1422 4421 1540 4476 haec
1578 4419 1856 4476 tribulatio

268 4515 512 4587 gravior,
547 4523 694 4569 tanto
717 4514 819 4567 erit
845 4513 1109 4568 brevitate
1134 4513 1483 4569 moderatior.
1517 4511 1615 4568 Vel
1637 4513 1852 4569 dieru-

1959 3314 1963 3319 ’
2035 3317 2199 3372 Vens.
2232 3319 2320 3373 56.
2353 3349 2423 3359 —
2443 3319 2520 3374 De
2543 3320 2646 3374 die.
2673 3321 2752 3375 Ne
2773 3322 2913 3378 forte
2933 3324 3132 3381 auditis
3161 3325 3330 3396 signis
3347 3367 3361 3393 ,
3386 3343 3538 3398 qum-

1961 3417 2145 3463 rerent
2173 3408 2340 3463 etiam
2382 3409 2524 3465 illius
2563 3410 2667 3466 diei
2699 3419 2908 3466 certum
2967 3413 3282 3482 terminum,
3308 3417 3386 3471 ait
3417 3435 3429 3470 :
3462 3418 3539 3473 De

1959 3499 2046 3554 die
2067 3499 2358 3556 novissima
2378 3542 2392 3567 ,
2422 3509 2542 3572 post
2571 3512 2704 3572 quot
2727 3518 2899 3558 annos
2923 3502 3008 3558 vel
3032 3502 3148 3560 dies
3170 3513 3396 3560 ventura
3424 3506 3532 3571 sit,

1959 3590 2126 3645 nolite
2151 3605 2274 3647 esse
2299 3591 2545 3658 solliciti,
2574 3591 2702 3647 nulli
2729 3591 3013 3648 diﬁinitum
3039 3601 3152 3660 est,
3184 3595 3328 3664 quod
3349 3594 3434 3651 vel
3474 3596 3531 3650 in

1958 3685 2046 3739 die
2067 3683 2148 3739 vel
2177 3684 2231 3740 in
2254 3693 2411 3740 nocte
2426 3683 2689 3754 judicium
2713 3684 2954 3740 futurum
2982 3687 3083 3752 sit,
3115 3687 3208 3742 sed
3233 3701 3333 3757 pro
3360 3686 3534 3741 mani-

1957 3774 2245 3832 festatione
2275 3775 2474 3832 dicitur
2521 3777 2670 3844 dies,
2722 3776 2809 3832 vel
2864 3792 2964 3848 pro
3005 3777 3367 3833 occultatione
3408 3794 3535 3834 nox.

1961 3867 2129 3922 Nemo
2153 3870 2284 3938 scit,
2311 3877 2417 3924 etc.
2444 3868 2500 3922 ln
2525 3869 2849 3938 quibusdam
2877 3869 3154 3926 codicibus
3178 3869 3417 3937 additur,
3441 3886 3537 3925 nc-

1957 3977 2055 4032 que
2085 3960 2276 4016 Filius.
2305 3960 2408 4028 Qui
2435 3961 2657 4031 quidem
2697 3956 2878 4017 omnia
2906 3961 3007 4018 scit
3047 3977 3171 4017 cum
3212 3961 3407 4029 Patre,
3438 3963 3534 4019 sed

1956 4066 2064 4106 non
2095 4051 2226 4106 facit
2263 4050 2509 4108 homines
2539 4051 2679 4107 scire
2699 4091 2714 4118 ,
2752 4051 2894 4107 sicut
2925 4050 3217 4122 Apostolus
3241 4056 3318 4111 ait
3345 4073 3360 4111 :
3385 4053 3455 4112 In
3475 4073 3536 4112 eo

1955 4157 2066 4196 esse
2095 4140 2427 4196 absconditos
2466 4141 2738 4196 thesauros
2777 4141 3048 4210 sapientia:
3084 4153 3132 4198 et
3175 4146 3407 4202 scientia:
3446 4146 3538 4219 (ΙΙ

1957 4233 2071 4289 Col.
2100 4234 2184 4306 ιι).
2215 4233 2332 4289 Νοη
2363 4233 2492 4290 facit
2518 4235 2687 4302 scire,
2711 4235 2836 4306 quia
2863 4235 3124 4292 inutiliter
3150 4238 3402 4295 sciretur.
3431 4240 3543 4298 Sed

1955 4341 2171 4398 semper
2197 4326 2368 4382 simus
2393 4327 2585 4383 incerti
2614 4328 2680 4384 de
2711 4328 2943 4384 adventu
2965 4327 3165 4399 judicis
3181 4371 3196 4397 ,
3221 4338 3280 4386 ut
3301 4331 3382 4388 sic
3406 4347 3540 4404 quo-

1955 4417 2086 4474 tidie
2116 4417 2360 4473 vivamus
2389 4417 2544 4490 quasi
2571 4418 2624 4474 in
2655 4418 2761 4474 alia
2786 4419 2872 4476 die
2893 4419 3172 4491 judicandi
3222 4421 3409 4479 simus.
3435 4422 3540 4481 Ne-

1956 4525 2061 4580 que
2106 4509 2263 4564 electi
2316 4509 2492 4581 angeli
2538 4525 2864 4580 quemquam
2930 4511 3072 4568 scire
3127 4510 3394 4569 fecerunt.
3444 4513 3544 4572 Vel

267 4604 521 4670 nomine,
576 4604 688 4673 ipsa
717 4603 857 4658 mala
909 4603 1302 4673 signiﬁcantur.
1349 4602 1582 4657 Breviati
1608 4604 1849 4673 fuissent.
1882 4595 1932 4656 D
1961 4597 2092 4652 nulli
2124 4605 2435 4654 sanctorum
2462 4598 2772 4667 angelorum
2799 4600 3066 4655 concessit
3105 4601 3249 4657 Deus
3291 4602 3542 4658 notitiam

267 4695 387 4751 Non
422 4710 692 4761 mensura,
719 4695 813 4749 sed
839 4710 1085 4758 numero,
1115 4709 1182 4748 ne
1212 4709 1363 4748 mora
1392 4701 1694 4764 temporum
1717 4693 1852 4750 ﬁdes

269 4785 616 4840 concutiatur
643 4785 1003 4840 credentium.
1037 4784 1206 4838 Erunt
1251 4784 1393 4839 enim
1430 4784 1545 4839 haec
1579 4784 1720 4838 mala
1751 4785 1851 4839 tri-

265 4877 372 4931 bus
416 4876 588 4940 annis,
641 4886 696 4932 et
743 4875 964 4931 dimidio
1011 4883 1239 4930 tantum.
1285 4873 1420 4930 Ecce
1464 4875 1548 4929 hic
1592 4873 1851 4930 Christus.

268 4968 446 5023 Habet
468 4983 803 5038 unaquzeque
824 4968 1060 5033 haeresis,
1093 4966 1177 5022 vel
1223 4976 1404 5023 certas
1444 4967 1627 5022 mundi
1653 4976 1853 5038 partes,

268 5060 412 5114 unde
435 5058 636 5113 dicitur
667 5077 680 5113 ε
718 5058 853 5112 Ecce
892 5059 976 5112 hic
1020 5067 1070 5113 et
1101 5075 1214 5113 ecce
1244 5057 1374 5112 illic.
1416 5056 1515 5113 Vel
1545 5058 1598 5113 in
1628 5059 1856 5115 occultis

269 5159 366 5206 aut
387 5151 442 5206 in
470 5150 722 5207 obscuris
741 5149 1132 5206 conventiculis
1166 5150 1534 5205 curiositatem
1575 5151 1855 5207 hominum

267 5241 495 5314 decipit,
523 5240 667 5296 unde
689 5241 888 5298 dicitur
917 5259 932 5296 :
966 5239 1100 5296 Ecce
1142 5243 1198 5296 in
1240 5242 1517 5308 cubilibus,
1545 5259 1660 5296 ecce
1686 5243 1740 5297 in
1770 5244 1858 5299 de-

271 5347 434 5392 serto.
481 5335 633 5391 Multi
674 5347 835 5392 erunt
873 5335 963 5406 qui
1009 5350 1116 5391 non
1157 5335 1378 5390 credent
1421 5333 1695 5390 Christum
1739 5351 1858 5392 esse

273 5445 614 5488 communem
638 5430 865 5486 salutem
895 5429 1158 5496 omnium,
1193 5429 1285 5485 sed
1310 5429 1688 5500 quorumdam,
1720 5429 1861 5485 unde

273 5506 476 5579 dicitur
501 5537 516 5577 :
548 5523 632 5576 hic
658 5531 749 5576 aut
775 5520 902 5576 illic.

348 5617 512 5673 Vens.
543 5617 634 5672 2i.
663 5648 731 5658 —
759 5616 818 5673 Si
851 5617 966 5687 fieri
985 5625 1176 5688 posset.
1209 5616 1265 5671 ld
1289 5623 1392 5680 cst,
1420 5615 1464 5670 si
1497 5613 1676 5684 aliquo
1706 5612 1864 5668 modo

275 5708 394 5764 ﬁeri
431 5717 635 5779 posset,
665 5707 835 5763 utDei
865 5706 1153 5777 pracfmitio
1182 5714 1507 5770 mutaretur,
1529 5713 1584 5760 et
1615 5704 1733 5759 ideo
1759 5717 1866 5756 non

276 5802 342 5860 de
365 5802 512 5859 veris
537 5801 766 5874 intelligi
791 5809 967 5873 potest
1008 5799 1214 5857 electis.
1249 5798 1434 5855 Electi.
1465 5798 1582 5854 Non
1623 5793 1767 5868 quod
1788 5795 1867 5852 di-

1959 4690 2067 4746 diei
2104 4688 2296 4761 hujus,
2327 4705 2502 4761 neque
2548 4690 2658 4747 ﬁlio
2705 4693 2986 4763 adoptivo.
3017 4693 3070 4748 id
3101 4703 3216 4761 est,
3248 4709 3423 4766 neque
3447 4695 3542 4753 ulli

1960 4794 2268 4840 sanctorum
2291 4783 2592 4840 hominum.

2033 4873 2198 4930 Vens.
2229 4875 2317 4931 57.
2343 4906 2412 4914 -
2434 4874 2584 4930 Sicut
2627 4885 2821 4930 autem.
2877 4875 3128 4933 Subitum
3162 4878 3424 4935 adventus
3454 4879 3540 4935 sui

1959 4964 2100 5020 diem
2127 4964 2373 5035 plurimis
2396 4963 2624 5020 afﬁrmat
2649 4965 2911 5036 exemplis
2935 4984 2947 5020 :
2976 4982 3100 5021 nam
3129 4973 3183 5021 et
3208 4965 3406 5039 fulguri
3429 4968 3539 5024 cito

1961 5058 2142 5113 omnia
2191 5057 2554 5113 transvolanti
2597 5059 2932 5128 comparavit
2957 5066 3012 5114 et
3048 5059 3234 5115 diebus
3276 5059 3423 5127 Νοεο,
3459 5059 3548 5116 vel

1965 5137 2099 5205 Loth
2139 5151 2433 5207 secundum
2461 5149 2626 5205 alium
2660 5149 3045 5222 evangelistam
3077 5151 3394 5222 atquiparat.

2036 5242 2199 5298 Vens.
2225 5242 2314 5298 58.
2338 5273 2405 5283 —
2427 5242 2765 5298 Comedentes
2794 5253 2842 5297 et
2869 5241 3094 5298 bibentes
3111 5243 3378 5308 ,nubentes
3398 5284 3413 5309 ,
3435 5250 3543 5299 etc.

1964 5333 2080 5390 Non
2112 5333 2364 5388 alimenta
2396 5342 2450 5390 et
2475 5333 2710 5403 nuptiae,
2740 5334 2832 5389 sed
2858 5332 3247 5388 immoderatus
3274 5333 3546 5388 licitorum

1968 5441 2100 5480 usus
2128 5424 2392 5495 arguitur.
2420 5424 2552 5480 Post
2580 5424 2718 5480 bella
2737 5465 2753 5492 ,
2786 5423 2988 5489 fames,
3021 5432 3392 5491 terrzemotus,
3414 5433 3547 5489 etc.,

1970 5526 2096 5572 tunc
2123 5515 2302 5571 brevis
2341 5523 2601 5585 sequetur
2644 5531 2781 5586 pax,
2831 5523 2893 5570 ut
2936 5514 3110 5570 ﬁdelis
3149 5515 3427 5585 probetur,
3478 5530 3548 5569 an

1967 5608 2258 5664 transactis
2282 5608 2439 5664 malis
2468 5619 2646 5679 speret
2681 5608 2919 5680 judicem
2950 5615 3237 5662 venturum
3256 5647 3271 5672 ,
3295 5607 3437 5661 unde
3462 5607 3546 5662 di-

1969 5700 2110 5755 citur
2139 5717 2152 5754 :
2185 5699 2317 5753 Cum
2360 5700 2495 5754 enim
2541 5699 2769 5754 dixerint
2798 5716 2902 5770 pax
2929 5710 2974 5753 et
3002 5699 3254 5753 securitas
3275 5736 3288 5754 .
3317 5706 3440 5750 tunc
3468 5713 3548 5751 re-

1973 5791 2215 5861 pentinus
2251 5791 2322 5849 eis
2352 5793 2672 5864 superveniet
2703 5791 2944 5846 interitus
2971 5789 3018 5862 (I
3055 5789 3234 5844 Tltcss.
3258 5786 3336 5861 v).
