4068 6344
535 333 642 390 165

1029 322 1422 383 WALAFRIDI
1464 320 1709 378 STRABI
1747 318 1951 375 FULD.
1991 315 2156 372 MON.
2197 313 2348 370 OPP.
2386 311 2643 369 PARS'I.
2677 342 2748 352 —
2787 310 3238 368 TllEOLOGICA.

3682 306 3783 362 164

606 444 774 500 Vens.
807 438 1158 503 40.——Tunc,
1180 444 1287 492 etc.
1307 437 1508 501 Lucas,
1530 435 1585 488 in
1612 432 1704 487 illa
1732 415 1900 497 nocte,
1926 431 1982 485 id
2006 437 2106 494 est,
2137 443 2187 504 Α
2214 428 2300 484 vel
2331 428 2670 492 inﬁrmorum
2695 427 3053 484 conscientias
3077 440 3246 497 pravo
3287 432 3454 480 verbo
3491 421 3576 479 vel
3602 436 3787 478 exem-

539 537 597 593 in
622 536 711 592 illa
737 532 1084 594 tribulatione
1108 543 1210 598 qua
1236 527 1553 598 probantur,
1583 524 1639 579 in
1659 538 1766 592 qua
1785 521 1876 576 alii
1901 535 2114 591 perma-

538 634 701 692 nent,
729 624 822 680 alii
854 623 1072 679 cadunt.
1109 620 1226 672 Duo
1254 626 1424 672 erunt.
1458 617 1586 670 Dure
1623 611 1938 670 differentiae
1971 625 2113 680 prm-

541 717 811 774 dictorum
834 721 958 768 sunt
979 710 1033 765 in
1057 708 1316 772 Ecclesia,
1335 706 1490 777 quasi
1505 707 1557 760 in
1578 718 1708 776 agro
1727 700 2111 764 laborantium,

542 822 733 864 eorum
776 805 868 875 qui
908 803 1120 857 sincere
1162 799 1436 856 Christum
1462 796 1817 862 annuntiant,
1847 804 2113 849 eteorum

543 897 636 970 qui
664 896 890 951 verbum
911 893 1005 948 Dei
1028 891 1354 947 adulterant.

611 985 777 1040 Vens.
799 981 1096 1038 dir—Duce
1117 980 1382 1035 molentes.
1397 979 1527 1034 Duae
1549 976 1865 1034 differentia:
1885 990 2116 1046 sequen-

543 1077 679 1133 tium
713 1076 898 1132 orbem
927 1089 1109 1129 rerum
1133 1071 1446 1137 mobilium,
1483 1070 1576 1139 qui
1615 1068 1872 1124 feminino
1916 1081 2116 1137 genere

543 1168 912 1240 designantur,
937 1165 1062 1235 quia
1083 1162 1349 1232 majorum
1380 1160 1604 1216 consilio
1624 1167 1883 1228 reguntur
1904 1156 2116 1211 feminas

543 1275 576 1314 a
611 1260 766 1314 viris.
802 1259 921 1312 Duo
956 1259 1011 1311 in
1042 1257 1192 1311 lecto.
1219 1254 1319 1321 Qui
1344 1254 1512 1309 otium
1537 1253 1742 1322 eligunt
1768 1258 1823 1306 et
1842 1249 2075 1319 quietem
2095 1287 2112 1317 ,

545 1369 665 1424 qua:
715 1355 1087 1425 signiﬁcantur
1146 1350 1362 1404 nomine
1399 1348 1552 1413 lecti,
1589 1361 1690 1401 nec
1742 1343 2107 1409 szecularibus,

546 1458 648 1498 nec
674 1441 1055 1499 ecclesiasticis
1078 1438 1310 1509 negotiis
1325 1436 1592 1506 occupati.
1632 1433 1778 1488 Unus
1799 1441 2112 1488 assumatur.

545 1530 649 1599 Qui
674 1538 892 1602 propter
914 1529 1084 1583 Deum
1131 1527 1409 1582 continere
1437 1525 1647 1590 studet,
1677 1531 1737 1576 ut
1773 1523 1890 1576 sine
1914 1519 2117 1575 sollici-

547 1621 733 1678 tudine
760 1620 946 1674 vivens
973 1616 1171 1687 cogitet
1191 1630 1309 1684 quae
1337 1614 1431 1668 Dei
1476 1620 1621 1668 sunt.
1658 1611 1759 1678 Qui
1803 1618 1983 1664 autem
2018 1607 2119 1663 hu-

545 1727 706 1768 mana
747 1711 903 1766 laude
952 1709 1034 1764 vel
1081 1708 1260 1778 aliqua
1305 1706 1559 1760 vitiorum
1614 1702 1962 1773 corruptione
1999 1713 2119 1756 mo-

2213 519 2302 591 plo
2362 519 2577 575 vitiare.
2645 519 2799 576 Unde
2849 519 3025 575 Lucas
3070 518 3148 573 ait
3203 533 3376 572 servos
3428 517 3500 571 vet
3563 514 3786 570 ancillas

2213 608 2371 680 (Luc.
2415 609 2537 682 xu),
2578 625 2808 680 quorum
2857 617 3061 681 quanta
3103 607 3367 663 inﬁrmior
3406 614 3488 662 est
3533 614 3668 676 actas
3700 605 3785 662 vel

2211 714 2397 767 sexus,
2426 709 2575 755 tanto
2597 699 2812 755 facilior
2835 708 2920 754 est
2952 699 3126 752 ruina.

2284 791 2448 848 Vens.
2470 791 2764 848 5l.——Cum
2795 791 3099 860 hypocritis,
3130 797 3236 845 etc.
3264 788 3396 844 Cum
3438 786 3545 842 illis
3582 785 3789 842 scilicet

2213 884 2306 955 qui
2330 892 2486 938 erant
2505 884 2560 938 in
2578 897 2710 954 agro
2732 891 2788 938 et
2804 882 2904 954 qui
2933 880 3223 944 molehant,
3247 888 3302 935 et
3323 879 3677 934 nihilominus
3698 878 3792 932 de-

2213 973 2389 1030 relicti
2415 981 2559 1029 sunt.
2583 971 2686 1041 Qui
2707 972 2961 1028 dicuntur
2982 971 3295 1043 hypocritaz,
3316 970 3446 1024 etin
3474 985 3625 1042 agro,
3649 977 3705 1024 et
3734 969 3791 1024 in

2213 1063 2378 1130 mola,
2414 1063 2468 1117 id
2495 1071 2598 1128 est,
2622 1063 2714 1132 qui
2750 1062 2892 1127 bona
2916 1061 3238 1116 videbantur
3258 1059 3458 1124 facere,
3491 1058 3586 1113 sed
3611 1058 3793 1114 exitus

2215 1154 2441 1210 diversae
2451 1153 2743 1209 voluntatis
2756 1151 3024 1224 apparuit.
3041 1150 3224 1205 Fletus
3261 1149 3367 1204 Per
3381 1148 3793 1205 similitudinem

2214 1244 2586 1300 membrorum
2615 1242 2928 1312 magnitudo
2955 1240 3254 1297 ostenditur
3280 1245 3697 1294 tormentorum.

2784 1330 3010 1387 CAPUT
3051 1329 3215 1385 XXV.

2285 1422 2450 1480 Vens.
2481 1426 2534 1477 1.
2561 1422 2840 1477 —Decem
2876 1420 3181 1491 virginibus.
3218 1419 3470 1489 Virgines
3502 1424 3628 1473 sunt
3666 1433 3793 1474 om-

2215 1527 2313 1569 nes
2341 1512 2435 1583 qui
2458 1527 2517 1569 se
2542 1527 2574 1566 a
2599 1509 2727 1566 luxu
2754 1509 2935 1566 saeculi
2964 1509 3261 1565 continent.
3308 1508 3378 1562 Et
3411 1522 3636 1578 sponsw.
3661 1504 3798 1562 0m-

2213 1616 2315 1658 nes
2357 1600 2518 1657 simul
2558 1610 2684 1656 sunt
2729 1613 2930 1670 sponsa
2974 1613 3094 1669 quae
3134 1599 3296 1654 modo
3343 1596 3666 1667 desponsata
3707 1606 3797 1652 est

2218 1691 2369 1761 virgo
2392 1705 2424 1744 a
2451 1690 2798 1760 corruptione
2819 1689 3023 1744 satculi.
3046 1687 3242 1752 Nubel,
3266 1702 3390 1742 cum
3420 1687 3662 1742 mortalis
3687 1687 3796 1742 im-

546 1804 811 1859 nasticam
831 1801 997 1856 vitam
1023 1798 1264 1870 elegerit,
1291 1797 1626 1866 relinquetur
1644 1810 1677 1850 a
1699 1794 1829 1850 Deo.
1852 1792 1968 1848 Non
1992 1799 2119 1848 sunt
2152 1783 2193 1844 Β
2219 1781 2434 1837 mortali
2461 1781 2839 1852 conjungetur.

549 1898 655 1952 alia
700 1911 894 1966 genera
926 1896 1204 1951 hominum
1224 1933 1238 1958 ,
1269 1908 1428 1963 quam
1473 1893 1588 1948 haec
1634 1891 1737 1947 tria
1765 1890 1820 1946 in
1848 1889 2114 1945 Ecclesia.

547 1989 700 2045 Unde
729 1988 978 2044 Ezechiel
1025 1996 1135 2042 tres
1177 1987 1321 2040 viros
1365 1985 1618 2040 liberatos
1642 1982 1805 2048 vidit,
1835 1981 1981 2046 Noe,
2009 1980 2115 2034 Da-

546 2079 652 2134 niel
683 2088 738 2133 et
763 2079 894 2148 Job,
923 2077 975 2132 id
1026 2085 1110 2132 est
1141 2086 1378 2131 rectores
1414 2083 1472 2128 ut
1513 2074 1658 2140 Noe,
1688 2073 2025 2129 continentes
2057 2078 2119 2125 ut

547 2169 760 2234 Daniel,
797 2169 1114 2240 conjugatos
1158 2175 1219 2221 ut
1259 2165 1378 2221 Job.
1406 2165 1477 2219 Et
1512 2163 1806 2220 secundum
1851 2163 1967 2217 haec
2014 2160 2117 2214 tria

547 2277 746 2333 genera
775 2261 1050 2316 hominum
1071 2300 1087 2325 ,
1119 2269 1230 2314 tres
1259 2247 1512 2327 supponit
1533 2254 1835 2325 parabolas.
1863 2253 1920 2307 1n
1944 2253 2117 2323 prima

545 2355 657 2424 agit
677 2353 742 2408 de
768 2352 1137 2409 laborantibus
1166 2351 1221 2405 in
1243 2365 1405 2420 agro,
1434 2348 1579 2418 quod
1604 2355 1689 2403 est
1713 2346 1803 2401 ubi
1825 2346 1991 2401 dieit:
2026 2344 2119 2398 Vi-

545 2444 702 2516 gilate
730 2461 871 2515 ergo.
900 2443 957 2499 In
979 2443 1213 2500 secunda
1240 2441 1348 2511 agit
1376 2440 1443 2495 de
1470 2437 1854 2494 exsistentibus
1876 2437 1929 2491 in
1955 2436 2114 2500 lecto,

546 2536 690 2605 quod
715 2543 800 2591 est
838 2535 929 2590 ubi
969 2534 1100 2590 dicit
1132 2551 1144 2586 :
1172 2530 1356 2586 Simile
1392 2538 1467 2586 est
1508 2545 1722 2600 regnum
1756 2525 1997 2582 caelorum
2027 2526 2118 2580 de-

547 2646 658 2683 cem
689 2628 995 2698 virginibus.
1025 2627 1083 2681 ln
1104 2625 1263 2681 tertia
1292 2624 1404 2692 agit
1429 2623 1497 2679 de
1525 2621 1851 2677 molentihus
1877 2620 1928 2674 in
1952 2617 2112 2682 mola,

553 2719 698 2788 quod
740 2725 824 2774 est
849 2716 938 2771 ubi
968 2716 1100 2771 dicit
1140 2733 1152 2768 :
1185 2713 1334 2769 Sicut
1370 2714 1508 2768 enim
1539 2713 1693 2766 homo
1716 2723 1926 2781 peregre
1953 2705 2115 2778 pro/i-

552 2807 774 2870 ciscens,
802 2813 909 2859 etc.

621 2893 783 2949 Vens.
812 2893 902 2947 42.
924 2923 987 2933 -
1021 2890 1246 2964 Vigilate
1273 2907 1414 2962 ergo.
1443 2888 1647 2962 (Hten.)
1683 2887 1802 2944 Non
1825 2886 1963 2943 dixit
1991 2884 2116 2956 quia

549 2985 856 3050 nescimus,
903 2984 998 3040 sed
1026 2983 1153 3054 quia
1180 2982 1434 3041 nescitis.
1481 2989 1544 3037 ut
1583 2979 1829 3036 ostendat
1872 2993 1931 3035 se
1973 2977 2116 3033 diem

545 3076 735 3147 judicii
767 3091 872 3130 non
901 3075 1167 3146 ignorare.

2287 1873 2452 1929 Vens.
2494 1874 2550 1927 Ξ.
2567 1871 2903 1941 —Quinque.
2929 1870 3066 1938 Quia
3092 1869 3527 1942 qurnquepertita
3552 1877 3638 1924 est
3659 1884 3795 1925 con-

2218 1961 2448 2016 tinentia
2475 1961 2530 2015 in
2557 1959 2865 2016 carnalibus
2887 1959 3172 2026 illecebris,
3202 1959 3454 2015 videlicet
3473 1967 3533 2014 ut
3556 1959 3611 2014 in
3631 1959 3794 2029 quin-

2218 2065 2325 2121 que
2351 2051 2600 2106 sensibus
2633 2049 2951 2105 contineant
2975 2065 3033 2105 se
3062 2065 3093 2104 a
3119 2049 3504 2120 voluptatibus.

2289 2140 2452 2197 Vens.
2480 2140 2817 2196 5.-—-Moram
2843 2150 3017 2196 autem
3041 2141 3263 2212 faciente
3282 2158 3493 2213 sponso.
3519 2141 3656 2210 Quia
3681 2159 3793 2199 non

2224 2242 2308 2294 est
2333 2249 2527 2304 parum
2555 2234 2815 2304 temporis
2842 2234 2983 2290 inter
3001 2235 3235 2304 priorem
3266 2246 3323 2292 et
3357 2237 3652 2292 secundum
3689 2240 3791 2292 ad-

2219 2331 2438 2378 ventum
2452 2323 2673 2379 Christi.
2702 2323 3122 2380 Dormitaverunt
3153 2342 3330 2382 omnes
3363 2337 3412 2382 et
3439 2328 3788 2384 dormierunt.

2220 2413 2354 2482 Quia
2376 2422 2563 2485 postea
2592 2414 2904 2470 suscitandi.

2297 2506 2458 2561 Vens.
2499 2504 2552 2561 6.
2579 2535 2651 2546 —
2669 2505 2847 2560 Media
2873 2515 3044 2562 autem
3073 2517 3220 2562 necte
3245 2507 3446 2564 clamor
3473 2509 3649 2580 factus
3689 2521 3788 2566 est.

2217 2595 2274 2652 ld
2297 2603 2401 2662 est,
2424 2596 2570 2652 nullo
2596 2597 2803 2653 sciente
2828 2597 2914 2654 vel
2938 2608 3213 2669 sperante.
3241 2601 3394 2658 Unde
3423 2601 3546 2657 Dies
3575 2602 3793 2659 Domini

2216 2686 2350 2740 sicut
2380 2687 2469 2756 {ur
2501 2687 2558 2740 in
2587 2697 2736 2740 nocte
2764 2687 2940 2748 veniet.
2961 2688 3010 2760 (I
3042 2688 3221 2744 Thess.
3250 2689 3356 2763 ιιι).

2290 2775 2454 2831 Vens.
2483 2775 2766 2832 8.—Date
2796 2777 2940 2832 nobis
2970 2781 3033 2833 de
3060 2777 3192 2847 oleo,
3221 2788 3328 2838 etc.
3369 2779 3608 2849 Quorum
3646 2781 3789 2838 facta

2219 2867 2396 2924 aliena
2435 2867 2748 2943 fulciuntur,
2773 2869 2929 2926 laude
2959 2873 3146 2928 eadem
3186 2875 3461 2931 subtracta
3498 2875 3790 2944 deﬁciunt,

2219 2966 2275 3014 et
2297 2958 2364 3014 de
2392 2959 2781 3016 consuetudine
2812 2959 2864 3014 id
2893 2975 3105 3032 semper
3145 2963 3444 3033 inquirunt,
3483 2964 3622 3019 unde
3659 2980 3795 3036 gau-

2218 3054 2346 3110 dere
2386 3054 2599 3110 animus
2625 3054 2780 3111 solet.
2823 3054 3007 3126 Itaque
3049 3058 3324 3113 hominum
3346 3058 3439 3128 qui
3467 3057 3634 3114 corda
3679 3075 3791 3114 non

621 3164 780 3219 Vens.
809 3143 1045 3218 Exi—Si
1080 3163 1266 3228 sciret,
1294 3168 1399 3217 etc.
1421 3159 1706 3217 Nesciente
1731 3158 2115 3232 patrcfamiﬁas

2222 3148 2424 3215 vident,
2453 3147 2825 3204 testimonium
2854 3149 3041 3205 volunt
3073 3151 3270 3208 habere
3297 3151 3438 3222 apud
3472 3150 3660 3218 Deum,
3693 3150 3790 3221 qui

552 3256 642 3310 fur
672 3255 887 3311 domum
923 3254 1186 3324 perfodit,
1217 3254 1341 3324 quia
1369 3254 1494 3309 dum
1519 3269 1550 3308 a
1573 3253 1657 3310 sui
1687 3253 1928 3310 custodia
1960 3253 2118 3323 spiri-

552 3353 639 3402 tus
665 3345 892 3410 dormit,
923 3345 1211 3415 improvisa
1252 3358 1402 3399 mors
1439 3343 1619 3399 carnis
1647 3342 2012 3399 habitaculum
2039 3344 2117 3399 ir-

549 3437 785 3506 rumpit,
813 3445 871 3490 et
897 3436 963 3490 ad
993 3434 1312 3504 supplicium
1337 3433 1525 3488 trahit.
1553 3433 1682 3488 Furi
1706 3440 1886 3488 autem
1907 3434 2121 3490 resiste-

550 3537 635 3583 ret
656 3527 700 3582 si
725 3526 993 3595 vigilaret,
1009 3526 1135 3594 quia
1157 3525 1444 3580 adventum
1462 3522 1659 3592 judicis
1680 3523 1890 3581 occulte
1906 3525 2122 3581 venien-

550 3625 660 3672 tem
686 3630 994 3686 praeeavens
1017 3624 1327 3670 occurreret
1358 3615 1686 3684 pmnitendo.

2219 3240 2400 3296 cordis
2424 3241 2696 3311 inspector
2725 3249 2830 3297 est.

2287 3335 2735 3408 Exstinguuntur.
2769 3336 2828 3391 Id
2863 3345 2969 3403 est,
3013 3336 3245 3391 adventu
3281 3336 3480 3409 judicis
3519 3337 3665 3392 intus
3693 3337 3790 3393 ob-

2219 3435 2529 3494 scurantur,
2559 3437 2613 3483 et
2638 3444 2668 3483 a
2691 3430 2803 3485 Deo
2832 3444 2940 3484 non
2965 3429 3165 3484 habent
3189 3431 3514 3498 mercedem,
3547 3432 3674 3502 quia
3705 3446 3793 3488 re-

2221 3529 2480 3591 ceperunt
2513 3519 2748 3576 laudem.

2290 3609 2454 3666 Vens.
2481 3610 2532 3666 9.
2561 3641 2630 3650 —
2653 3609 2735 3666 Ne
2755 3611 2911 3681 forte.
2953 3611 3091 3680 Quia
3130 3613 3356 3682 quisque
3388 3627 3486 3684 pro
3535 3627 3594 3669 se
3621 3613 3792 3669 ratio-

623 3705 786 3758 Vens.
827 3703 918 3756 45.
940 3731 1012 3742 --
1031 3701 1161 3768 Quis
1199 3713 1349 3772 putas
1379 3713 1452 3756 est
1492 3702 1662 3773 ﬁdelis
1693 3722 1892 3762 servus.
1925 3706 2122 3764 Tribus
2219 3719 2344 3758 nem
2368 3703 2577 3768 reddet,
2596 3718 2694 3758 nec
2724 3703 2900 3759 alieno
2930 3705 3235 3759 testimonio
3255 3712 3472 3775 juvatur
3497 3705 3620 3774 quis
3648 3705 3792 3775 apud

552 3791 1009 3855 similitudinibus,
1037 3790 1279 3860 fulguris,
1313 3790 1466 3857 furis,
1491 3801 1544 3847 et
1569 3794 1953 3850 submersionis
1979 3795 2119 3851 Pen-
2221 3793 2411 3860 Deum,
2440 3793 2528 3849 cui
2559 3801 2763 3849 secreta
2795 3802 3001 3863 patent,
3037 3802 3093 3848 et
3120 3795 3209 3849 vix
3243 3793 3347 3849 sibi
3377 3793 3609 3864 quisque
3640 3794 3792 3850 sufﬁ-

555 3884 771 3953 tapolis,
806 3889 1066 3938 terrorem
1101 3882 1285 3952 judicii
1324 3883 1621 3938 introduxit
1658 3887 2018 3941 communiter
2054 3887 2123 3943 ad
2221 3885 2297 3940 cit
2350 3893 2408 3939 ut
2454 3885 2501 3940 ei
2547 3885 2826 3955 perhibeat
2871 3886 3236 3941 testimonium
3293 3889 3627 3944 conscientia
3664 3905 3785 3944 sua.

552 3989 764 4038 omnes,
791 3983 854 4027 ut
886 3972 1173 4043 vigilarent
1197 3983 1251 4028 et
1275 3974 1447 4044 parati
1487 3983 1686 4030 essent.
1727 3975 1882 4030 Nunc
1915 3976 2123 4046 specia—
2222 3975 2306 4029 Ne
2333 3974 2468 4044 forte
2514 3975 2883 4044 unusquisque
2913 3991 3010 4046 pro
3047 3980 3158 4032 suis
3185 3978 3440 4048 operibus
3484 3981 3792 4035 mercedem

523 4065 677 4119 aliter
692 4065 758 4119 ad
777 4063 1027 4134 prmlatos
1045 4063 1281 4134 loquitur
1301 4065 1393 4134 qui
1414 4065 1991 4134 humiles,prudentes,
2013 4083 2122 4123 non
2221 4066 2496 4135 suscipiet,
2529 4081 2628 4121 nec
2670 4075 2892 4136 possunt
2932 4067 2986 4120 in
3018 4067 3104 4122 die
3128 4069 3318 4136 judicii
3357 4069 3586 4136 aliorum
3622 4071 3795 4126 virtu-

555 4165 869 4228 appetentes
908 4157 1108 4211 bonum
1153 4167 1374 4227 propter
1412 4157 1623 4212 lucrum
1670 4159 1985 4228 temporale,
2030 4160 2124 4216 sed
2224 4167 2326 4223 tes,
2357 4157 2582 4212 aliorum
2613 4158 2741 4212 vitia
2767 4157 3068 4214 sublevare.
3103 4159 3183 4212 Ad
3218 4161 3510 4216 uendentes.
3543 4159 3796 4218 Venden-

551 4249 717 4304 verbo
758 4256 813 4303 et
858 4247 1104 4318 exemplo
1154 4255 1210 4302 et
1262 4263 1425 4318 opere
1469 4249 1665 4304 debent
1704 4265 1928 4318 pascere
1971 4265 2120 4306 oves.

555 4339 683 4402 Quis
707 4337 1046 4408 putas,quasi
1069 4337 1211 4392 dicat
1234 4354 1246 4390 :
1271 4338 1606 4394 Admonendi
1629 4340 1778 4394 estis.
1797 4339 1932 4396 Nam
1962 4355 2122 4411 quam

551 4442 710 4482 rarus
735 4437 818 4483 est
853 4428 1080 4483 Domino
1099 4426 1320 4498 propter
1351 4427 1636 4485 Dominum
1682 4431 1943 4506 serviens,
1991 4447 2120 4488 oves

552 4517 753 4574 Christi
784 4533 889 4573 non
919 4519 987 4573 ad
1030 4518 1263 4585 lucrum,
1306 4523 1399 4576 sed
1432 4537 1614 4577 amore
1639 4521 1838 4579 Christi
1864 4540 2114 4597 pascens.

553 4605 814 4664 Prudens.
851 4609 912 4664 ln
951 4608 1131 4665 futuro
1167 4611 1269 4666 sibi
1296 4613 1601 4682 providens.
1635 4614 1798 4680 Quem
1823 4618 2110 4672 constituit.

552 4699 724 4765 Quam
751 4713 908 4754 rarus
944 4700 1034 4768 qui
1076 4700 1149 4754 sit
1175 4710 1396 4756 vocatus
1435 4719 1464 4757 a
1496 4703 1605 4759 Deo
1646 4713 1898 4774 tanquam
1932 4706 2113 4763 Aaron

554 4797 609 4844 et
651 4805 759 4844 non
807 4790 978 4859 magis
1024 4804 1083 4846 se
1132 4791 1444 4862 ingesserit,
1488 4802 1543 4848 et
1570 4794 1661 4864 qui
1697 4810 1804 4851 non
1843 4796 2012 4866 magis
2051 4811 2111 4852 se

551 4888 737 4950 pascat
761 4896 922 4949 quam
955 4896 1103 4938 oves.

509 5043 513 5051 ι
632 4971 787 5026 Vens.
810 4971 1198 5030 46.—Beatus
1249 4975 1354 5031 ille.
1381 4973 1611 5032 Eterna
1663 4985 1842 5034 autem
1881 4979 2112 5036 beatitu-

553 5060 677 5115 dine
700 5061 1078 5132 glorificandus
1104 5074 1188 5121 est
1212 5067 1303 5136 qui
1332 5067 1560 5125 Domino
1602 5071 1850 5127 veniente
1875 5073 1940 5125 ad
1974 5070 2119 5139 judi-

555 5153 696 5207 cium
734 5162 977 5222 repertus
1004 5155 1168 5210 fuerit
1203 5154 1430 5212 fideliter
1459 5175 1726 5216 annonam
1771 5160 1917 5216 verbi
1960 5162 2116 5216 mini-

554 5252 732 5298 strans
761 5251 817 5297 et
861 5243 913 5297 in
940 5260 1070 5299 cura
1121 5245 1299 5318 gregis
1341 5249 1586 5320 vigilans.
1636 5249 1810 5305 Rarus
1850 5251 2119 5306 invenitur

554 5333 722 5390 ﬁdelis
742 5333 823 5389 vel
845 5335 1098 5404 prudens,
1125 5338 1218 5392 sed
1245 5339 1337 5406 qui
1369 5341 1489 5394 talis
1519 5342 1783 5396 invenitur
1803 5341 1990 5396 beatus
2010 5349 2112 5397 est.

626 5423 788 5478 Vens.
831 5424 921 5478 47.
943 5424 1219 5495 —Super.
1258 5425 1313 5480 Id
1349 5438 1453 5492 est,
1485 5445 1644 5498 super
1667 5429 1845 5484 omnia
1884 5430 2116 5488 C(Blestis

554 5515 702 5584 regni
733 5514 951 5584 gaudia,
974 5523 1224 5581 caeteros,
1249 5515 1302 5571 id
1328 5525 1432 5583 est,
1460 5519 1627 5574 bonos
1649 5520 1921 5578 auditores
1955 5520 2118 5578 faciet

554 5606 908 5671 discumbere,
939 5616 993 5661 et
1015 5608 1286 5664 transiens
1321 5610 1646 5668 ministrabit
1673 5613 1770 5670 eis.

627 5695 783 5748 Vens.
809 5695 1277 5754 £9.—I’¢'mtterc
1315 5719 1603 5759 conservos.
1642 5705 1854 5774 Iniuriis
1897 5706 2114 5766 afﬁcere

2144 4485 2198 4545 D

2221 4257 2303 4304 tes
2327 4258 2451 4304 sunt
2494 4248 2820 4316 adulatores,
2873 4250 2997 4320 quia
3031 4250 3162 4306 dant
3191 4251 3404 4308 laudem
3429 4262 3485 4309 et
3518 4254 3795 4327 accipiunt

2223 4337 2453 4407 aliquam
2482 4338 2805 4394 mercedem.

2292 4431 2451 4487 Vens.
2477 4432 2564 4486 10.
2591 4463 2663 4472 -
2687 4433 2827 4488 Dum
2850 4444 3044 4490 autent.
3074 4435 3462 4495 Inclinantibus
3491 4454 3550 4495 se
3597 4440 3701 4495 illis
3735 4441 3792 4496 in

2222 4537 2285 4578 ea
2317 4538 2436 4592 quae
2465 4521 2595 4578 foris
2645 4533 2795 4592 sunt,
2825 4533 2882 4579 et
2929 4525 3083 4582 solita
3114 4529 3310 4599 gaudia
3360 4531 3791 4600 requirentibus,

2222 4630 2344 4670 cum
2392 4614 2604 4670 interna
2648 4631 2755 4672 non
2801 4629 3085 4686 noverunt,
3131 4620 3282 4676 venit
3310 4620 3400 4677 ille
3439 4623 3530 4692 qui
3556 4622 3789 4692 judicat.

2220 4703 2420 4762 Clausa
2454 4716 2548 4761 est.
2578 4706 2709 4762 Post
2754 4707 3014 4776 judicium
3043 4726 3234 4780 magna
3286 4720 3371 4766 est
3417 4712 3536 4782 ejus
3587 4714 3796 4768 severi-

2219 4807 2333 4862 tas,
2366 4797 2517 4866 cujus
2539 4805 2622 4852 est
2657 4806 2780 4851 ante
2807 4797 3093 4855 ineffabilis
3134 4801 3526 4857 misericordia.

2291 4887 2453 4943 Vens.
2489 4888 2574 4942 ll.
2597 4917 2668 4926 —
2691 4886 2984 4942 Novissime
3011 4906 3148 4944 t'ero.
3179 4891 3283 4946 Per
3307 4908 3490 4949 veram
3519 4896 3794 4966 poeniten-

2219 4980 2347 5036 tiam
2376 5019 2390 5045 ,
2420 4993 2515 5047 per
2541 4976 2902 5035 infructuosus
2934 4978 3198 5052 lacrymas
3236 4983 3450 5053 pulsant
3486 4973 3619 5042 foris
3661 4987 3796 5042 reli—

2217 5077 2339 5124 cae.
2367 5067 2485 5123 Non
2534 5069 2732 5124 dicitur
2774 5071 2916 5140 quod
2945 5083 3193 5128 emerunt
3230 5074 3404 5130 oleum
3439 5091 3454 5130 :
3485 5077 3611 5147 quia
3639 5077 3794 5136 nullo

2212 5163 2323 5234 jam
2352 5173 2661 5218 remanente
2684 5165 2878 5236 gaudio
2909 5167 2976 5222 de
3018 5167 3206 5223 alienis
3231 5168 3477 5225 laudibus
3496 5211 3510 5236 ,
3537 5170 3593 5226 in
3617 5186 3794 5243 angu-

2221 5253 2340 5308 stiis
2365 5255 2590 5308 redeunt
2620 5256 2687 5309 ad
2720 5256 3146 5326 implorationem
3170 5259 3285 5314 Dei.

2295 5341 2455 5396 Vens.
2490 5343 2574 5396 15.
2599 5375 2668 5383 --
2698 5342 2940 5415 Vigilate.
2993 5348 3256 5405 Videlicet
3307 5356 3366 5404 ut
3415 5351 3789 5408 testimonium

2217 5433 2372 5489 bona:
2405 5432 2746 5489 conscientim
2773 5435 2929 5491 nobis
2957 5451 3343 5506 praeparemus,
3372 5454 3440 5494 ne
3465 5454 3586 5494 cum
3624 5439 3792 5496 fatuis

2216 5526 2514 5606 virginibus
2553 5525 2684 5582 foris
2729 5543 3122 5583 remaneamus.
3174 5530 3400 5585 Nescitis
3451 5531 3588 5585 diem
3624 5548 3791 5601 neque

2217 5621 2420 5673 horam.
2473 5618 2588 5673 Non
2624 5619 2797 5674 solum
2836 5619 2974 5674 diem
3009 5619 3228 5689 judicii,
3275 5624 3369 5678 sed
3412 5624 3552 5678 diem
3594 5624 3790 5680 mortis

2216 5709 2476 5780 cujusque
2497 5752 2510 5779 ,
2543 5710 2625 5767 vel
2671 5711 2856 5766 horam
2884 5711 2937 5766 in
2968 5727 3070 5782 qua
3101 5714 3190 5782 qui
3224 5726 3444 5783 paratus
3489 5714 3782 5780 invenitur,
