4068 6344
255 361 343 417 165

1163 342 1426 400 GLOSSA
1468 341 1863 399 0RDl'NARIA.
1903 371 1972 379 —
2004 339 2259 396 EVANG.
2302 339 2558 395 MATTH.

3367 345 3470 401 166

250 486 296 530 et
323 482 440 527 tunc
465 473 679 536 paratus
722 461 1043 517 invenietur.
1074 461 1139 514 Et
1166 459 1288 528 quia
1324 466 1541 528 paratos
1564 471 1664 511 nos
1708 455 1787 509 in-
1815 457 1865 514 Λ
1894 453 2058 507 habet
2085 454 2249 507 etiam
2285 453 2511 508 virtutes
2539 467 2674 522 quas
2703 451 3020 507 naturaliter
3058 453 3250 520 habet,
3295 456 3476 525 perdit

250 563 418 619 venire
452 555 750 619 desiderat,
779 552 994 622 subjieit
1037 551 1198 605 aliam
1229 550 1295 604 de
1319 548 1510 604 eadem
1549 560 1608 600 re
1638 559 1798 616 para-

251 653 432 708 bulam.

309 741 464 796 Vens.
495 736 582 790 Ν.
609 764 681 775 -—
711 733 934 802 Peregre
983 731 1314 802 proﬁciscens
1375 727 1570 782 vocavit
1629 740 1800 779 servos

249 849 386 895 suos,
411 836 511 883 etc.
543 826 717 881 Locus
759 824 940 879 carnis
971 829 1114 877 terra
1151 829 1264 884 est,
1290 834 1418 888 ergo
1446 817 1648 873 Christi
1681 831 1804 871 car-

250 937 360 977 nem
386 923 622 972 nostram
645 916 713 968 ad
737 913 1019 984 peregrina
1043 911 1227 977 duxit,
1253 910 1466 980 quando
1492 908 1688 964 cadum
1717 921 1803 962 as-

249 1011 433 1068 cendit.

313 1102 468 1157 Vens.
499 1097 586 1152 15.
614 1127 685 1137 --
710 1096 779 1150 Et
823 1095 1084 1166 profectus
1113 1096 1186 1145 es’t
1210 1091 1407 1144 statim.
1466 1089 1582 1144 Non
1628 1102 1805 1144 locum

248 1199 478 1252 mutans,
508 1187 606 1242 sed
633 1187 859 1240 liberam
905 1184 984 1237 eis
1026 1189 1351 1251 potestatem
1397 1176 1657 1248 operandi
1683 1190 1806 1247 per-

249 1283 468 1336 mittens.

311 1372 466 1425 Vens.
499 1367 588 1422 16.
613 1397 682 1409 ——
704 1366 960 1437 Operatus
995 1372 1070 1419 est
1117 1362 1171 1417 in
1202 1365 1295 1417 eis.
1339 1361 1383 1415 A
1415 1358 1717 1415 visibilibus
1750 1373 1809 1412 se

245 1458 584 1517 custodiendo
603 1497 618 1522 ,
665 1457 797 1510 alios
830 1470 928 1525 pro
955 1469 1113 1524 posse
1158 1451 1525 1515 exhortando,
1553 1457 1614 1504 ut
1640 1449 1707 1503 de
1729 1448 1810 1503 vi-

248 1551 478 1606 sibilibus
521 1549 589 1602 ad
622 1546 910 1601 invisibilia
945 1552 1244 1599 transeant.
1298 1542 1392 1596 Vel
1422 1549 1634 1610 utrique
1659 1540 1810 1598 sexui

244 1639 612 1713 prmdicando,
657 1646 712 1692 et
761 1638 828 1692 de
881 1636 1038 1691 bouis
1073 1635 1314 1690 moribus
1357 1631 1694 1690 informando
1721 1645 1811 1703 ge-

243 1731 457 1788 minavit
483 1738 711 1800 accepta
743 1727 961 1782 talenta.

1901 543 2018 599 sine
2047 559 2154 613 qua
2191 559 2296 598 non
2333 555 2458 599 sunt
2485 544 2730 598 virtutes.
2777 541 2872 598 Vel
2903 544 2995 612 qui
3031 545 3195 599 habet
3233 561 3476 600 amorem

1902 634 2077 700 verbi,
2106 635 2264 689 datur
2292 635 2338 688 ei
2371 650 2563 690 sensus
2589 635 2939 705 intelligendi.
2969 635 3071 703 Qui
3101 653 3225 693 vero
3243 655 3350 694 non
3385 639 3481 694 ha-

1901 725 2026 792 bet,
2071 726 2234 781 etiam
2261 726 2306 780 si
2336 725 2564 780 naturali
2596 725 2771 780 studio
2805 724 2992 790 callet,
3024 725 3223 782 deficit.
3259 727 3356 783 Vel
3390 730 3482 798 qui

1902 830 2010 869 non
2050 815 2214 869 habet
2258 815 2613 880 charitatem,
2656 815 2856 868 amittit
2898 830 3055 870 omne
3092 817 3289 872 bonum
3333 821 3482 889 quod

1903 905 2087 960 habet.
2120 905 2255 960 Nota
2285 906 2426 986 quod
2470 907 2573 961 hoc
2613 906 2756 975 quod
2797 906 2991 975 cuique
3029 907 3188 961 datur
3225 909 3280 963 in
3316 909 3483 965 rebus

1903 996 2196 1051 mundanis
2221 996 2307 1050 vel
2331 995 2719 1066 spiritualibus,
2748 1011 2845 1066 pro
2872 996 3071 1052 talento
3092 998 3390 1068 imputatur
3419 1001 3485 1056 de

1911 1104 2020 1159 quo
2049 1096 2132 1144 est
2153 1089 2417 1143 rationem
2447 1089 2774 1144 redditurus.

1977 1176 2145 1232 Vens.
2177 1177 2265 1232 51.
2299 1205 2372 1219 -—
2399 1175 2530 1232 Cum
2565 1188 2756 1232 autem.
2791 1178 3106 1234 Tradendus
3142 1194 3197 1234 ιη
3235 1181 3482 1250 proximo

1906 1269 2056 1323 cruci
2094 1268 2354 1338 praemisit
2395 1268 2622 1340 gloriam
2668 1269 3080 1339 triumphantis,
3128 1277 3189 1324 ut
3230 1279 3480 1326 secutura

1907 1356 2163 1413 scandala
2194 1358 2296 1411 hac
2334 1356 2692 1426 promissione
2725 1365 3118 1426 compensaret.
3153 1357 3282 1412 Post
3321 1373 3484 1428 para-

1906 1446 2056 1503 bolas
2079 1447 2146 1502 de
2177 1445 2282 1502 ﬁne
2313 1447 2499 1502 mundi
2535 1461 2678 1502 nunc
2711 1447 3028 1516 exsequitur
3070 1446 3328 1504 Dominus
3368 1462 3485 1503 mo-

1909 1552 2037 1592 dum
2068 1536 2232 1591 futuri
2255 1534 2464 1604 judicii.

1986 1626 2146 1682 Vens.
2173 1628 2350 1682 232.—
2378 1627 2508 1683 Oves
2536 1627 2634 1694 ab,
2677 1635 2783 1683 etc.
2833 1627 2948 1683 Duo
2981 1627 3200 1684 ordines
3227 1638 3389 1685 erunt
3429 1629 3484 1685 in

1906 1716 2112 1787 judicio
2157 1718 2451 1774 electorum
2496 1719 2706 1774 scilicet
2743 1727 2799 1773 et
2827 1719 3217 1788 reproborum:
3254 1720 3347 1774 sed
3381 1719 3487 1775 ele-

303 1823 460 1877 Vens.
512 1822 596 1876 l9.
637 1849 712 1861 —
767 1819 949 1874 Posuit
1006 1826 1197 1871 autem.
1249 1815 1426 1899 Crepit
1472 1812 1808 1884 singulorum
1836 1802 1883 1860 Β
1912 1818 2122 1865 ctorum
2153 1809 2243 1864 alii
2278 1809 2612 1877 iudicabunt,
2641 1810 2838 1880 quibus
2873 1810 3108 1866 dicitur:
3156 1809 3412 1866 Sedebitis
3437 1820 3488 1867 et

243 1921 382 1968 actus
403 1912 681 1965 discutere
701 1916 990 1964 accusante
1009 1904 1341 1962 conscientia
1369 1919 1806 1974 unumquemque

242 2003 317 2057 vel
343 2008 656 2056 excusante.

305 2091 460 2145 Vens.
492 2090 590 2145 20.
621 2119 694 2130 —-
716 2088 848 2144 Ecce
875 2087 981 2142 alia
1023 2088 1267 2157 quinque.
1309 2086 1582 2156 Quotquot
1611 2087 1680 2143 ab
1718 2101 1808 2141 er-

243 2198 355 2238 rore
383 2181 675 2246 convertit,
703 2189 784 2237 tot
801 2181 1024 2236 Domino
1051 2179 1274 2245 obtulit,
1304 2179 1672 2234 testimonium
1696 2177 1802 2233 sibi

245 2274 394 2328 dante
417 2271 758 2328 conscientia
775 2311 790 2336 ,
819 2273 961 2340 quod
982 2286 1080 2342 per
1101 2271 1330 2337 gratiam
1360 2270 1462 2326 sibi
1489 2271 1669 2325 datam
1701 2285 1810 2325 non

238 2372 440 2419 tantum
483 2363 594 2418 sibi
637 2361 870 2432 profuit,
921 2361 1016 2418 sed
1054 2365 1219 2418 etiam
1257 2376 1394 2432 quos
1430 2362 1606 2432 potuit
1648 2361 1812 2417 lucri—

243 2456 377 2511 fecit.

305 2546 464 2602 Vens.
493 2546 592 2601 2-1.
618 2577 690 2586 —-
712 2545 884 2617 Super
917 2562 1107 2617 pauca.
1139 2545 1317 2601 Pauca
1349 2553 1477 2601 sunt
1502 2544 1646 2599 bona
1675 2559 1813 2615 pra}.

241 2638 400 2691 sentis
424 2638 556 2692 vita:
585 2637 832 2707 quamvis
863 2637 1028 2691 multa
1057 2637 1366 2702 videantur,
1396 2636 1521 2705 quia
1554 2650 1659 2689 non
1698 2636 1814 2690 sine

242 2725 461 2793 alicujus
509 2727 772 2781 molestiae
822 2726 1148 2780 admistione
1204 2733 1352 2783 sunt.
1422 2723 1584 2777 Multa
1631 2732 1812 2778 autem

241 2814 373 2868 bona
401 2825 606 2870 acterna
625 2856 639 2881 ,
667 2831 784 2886 quae
827 2823 952 2872 sunt
978 2816 1096 2872 sine
1125 2816 1273 2870 omni
1304 2815 1669 2884 corruptionis
1701 2830 1816 2870 mo-

239 2903 412 2959 lestia.
439 2905 596 2960 Intra
623 2908 677 2961 in
701 2907 952 2978 gaudium
990 2907 1203 2961 Domini
1244 2906 1340 2960 tui.
1382 2905 1660 2961 Adm‘istus
1686 2906 1816 2960 cho-

241 2996 312 3051 ris
359 2998 682 3067 angelorum
713 3017 726 3052 :
757 3001 838 3055 sic
863 3001 1006 3056 intus
1033 3000 1214 3054 laetare
1244 3000 1307 3055 de
1336 3015 1588 3067 munere,
1619 3008 1679 3055 ut
1700 3001 1816 3072 jam

244 3100 347 3141 non
378 3090 452 3142 sit
482 3089 626 3158 quod
652 3091 890 3144 exterius
915 3089 1099 3146 doleas
1124 3091 1189 3145 de
1217 3092 1577 3160 corruptione.

1911 1915 1996 1954 vos
2025 1916 2180 1970 super
2203 1900 2348 1954 sedes
2371 1900 2645 1954 duodecim
2663 1899 2962 1970 judicantes
2984 1900 3147 1956 tribus
3171 1899 3362 1956 Israel.
3382 1900 3489 1957 Alii

1911 1990 2294 2064 iudicabuntur
2321 1990 2516 2060 quibus
2543 1991 2765 2046 dicitur:
2807 1990 3020 2047 Esurivi
3049 2000 3096 2046 et
3125 1991 3338 2046 dedistis
3362 1993 3489 2048 mihi

1911 2082 2256 2136 manducare.
2305 2081 2443 2138 Item
2489 2081 2842 2152 reproborum
2869 2080 2957 2136 alii
2985 2081 3076 2151 qui
3111 2091 3264 2138 extra
3299 2083 3485 2139 Eccle~

1913 2175 2050 2230 siam
2079 2184 2226 2242 sunt,
2259 2191 2365 2231 non
2388 2176 2807 2246 judicabantur:
2849 2175 2939 2231 alii
2974 2175 3065 2246 qui
3085 2174 3488 2246 iudicabuntur,

1915 2265 2112 2335 quibus
2137 2264 2368 2321 dicitur:
2399 2265 2615 2320 Esurivi
2629 2305 2645 2333 ,
2681 2274 2729 2319 et
2759 2280 2860 2320 non
2879 2265 3094 2320 dedistis
3115 2266 3242 2321 mihi
3266 2269 3492 2324 mandu-

1915 2372 2056 2422 care,
2080 2365 2185 2412 etc.

1986 2451 2151 2506 Vens.
2181 2450 2272 2506 53.
2301 2480 2373 2491 -
2401 2449 2618 2506 Ηαεάοε.
2646 2448 2842 2505 Haedus
2868 2457 2952 2506 est
2987 2451 3186 2506 animal
3219 2453 3488 2522 petulcum

1916 2549 1972 2596 et
1995 2541 2221 2607 alidum,
2247 2541 2340 2612 qui
2365 2557 2464 2613 pro
2485 2551 2720 2612 peccatis
2748 2542 3074 2598 oﬂ‘erebatur
3094 2545 3148 2598 in
3176 2544 3314 2614 lege,
3339 2554 3396 2599 et
3419 2546 3492 2600 si-

1915 2631 2136 2702 gniﬁcat
2181 2642 2533 2702 peceatores:
2565 2647 2667 2689 nec
2703 2633 2834 2689 dicit
2871 2649 3061 2705 capras
3107 2650 3226 2706 quae
3267 2643 3494 2706 possunt

1915 2725 2116 2778 habere
2146 2723 2304 2779 fetus.

1993 2815 2158 2869 Vens.
2187 2814 2277 2868 54.
2304 2845 2374 2855 —
2393 2813 2661 2870 Benedicti
2684 2813 2882 2869 Patris.
2906 2815 3171 2871 Beneﬁcio
3193 2817 3367 2872 Patris
3387 2817 3493 2871 mei

1915 2903 2152 2974 promoti
2180 2905 2249 2959 ad
2273 2905 2624 2963 obtinendam
2649 2906 2871 2977 gloriam
2888 2945 2903 2970 ,
2939 2885 2995 2960 in
3025 2922 3130 2976 qua
3169 2909 3286 2964 sine
3310 2924 3495 2965 corru-

1921 2997 2107 3066 ptione
2133 2999 2394 3068 regnetis,
2421 2999 2489 3054 ad
2512 3013 2672 3070 quam
2695 2999 3056 3072 praedestinati
3082 3002 3213 3058 estis
3242 3017 3273 3056 a
3299 3003 3495 3058 consti-

1920 3090 2130 3144 tutione
2155 3091 2361 3145 mundi.

314 3177 486 3232 Vens.
526 3179 615 3232 Ἡ.
643 3209 715 3218 --
741 3179 844 3244 Qui
893 3180 997 3234 duo
1043 3180 1240 3235 talenta
1295 3191 1582 3251 acceperat.
1608 3182 1714 3237 Iste
1733 3182 1816 3236 vi-
1845 3163 1890 3226 Ο
1994 3181 2157 3235 Vens.
2183 3182 2273 3244 57.
2295 3213 2366 3222 -—
2386 3181 2532 3236 Tunc
2555 3182 2953 3253 respondebunt.
2980 3183 3094 3239 Non
3115 3182 3409 3240 difﬁdentes
3431 3185 3498 3240 de

240 3271 392 3326 ribus
434 3270 552 3325 suis
577 3270 837 3340 quidquid
876 3271 930 3324 in
960 3270 1076 3338 lege
1115 3271 1209 3325 Dei
1247 3271 1539 3336 didicerat,
1568 3272 1620 3325 in
1652 3272 1826 3326 Evan-

240 3361 378 3431 gelio
409 3359 730 3429 duplicavit.
789 3359 915 3415 Sive
949 3360 1335 3415 conscientiam
1385 3370 1440 3415 et
1485 3375 1647 3430 Opera
1692 3376 1827 3432 pra:-

239 3451 410 3506 sentis
439 3450 570 3504 vita:
595 3448 789 3503 futurae
820 3449 1171 3504 beatitudinis
1205 3458 1356 3520 typos
1382 3449 1672 3505 intellexit.

312 3541 482 3595 Vens.
529 3539 617 3595 24.
647 3539 913 3593 —-—Durus
955 3557 1028 3594 es.
1076 3540 1210 3607 Quia
1248 3542 1415 3595 ardua
1464 3551 1548 3596 est
1594 3542 1678 3596 via
1705 3557 1825 3613 quae

239 3628 389 3684 ducit
413 3629 485 3684 ad
523 3629 723 3696 vitam,
759 3636 817 3685 et
839 3629 963 3700 quia
987 3638 1189 3700 quanto
1219 3629 1414 3701 gradus
1459 3631 1640 3698 altior,
1672 3640 1825 3686 tanto

241 3735 402 3775 casus
439 3720 681 3791 gravior.

314 3810 481 3866 Vens.
515 3809 700 3863 25.—
729 3809 796 3863 Et
841 3811 1025 3864 timens
1072 3811 1211 3875 abii,
1247 3818 1351 3866 etc.
1388 3811 1455 3866 Et
1489 3811 1684 3867 timens
1729 3828 1824 3884 ag-

247 3902 396 3972 gredi
422 3901 641 3958 altioris
665 3902 788 3958 vita-
814 3904 1063 3973 gradum.
1088 3917 1153 3956 ne
1184 3902 1408 3957 alterius
1432 3903 1654 3958 salutem
1685 3920 1829 3973 qure-

248 4008 370 4048 rcns
404 3994 526 4063 ipse
567 3994 928 4063 periclitarer.
955 3992 1216 4048 Abscondi
1245 3995 1496 4050 talentum
1521 4005 1684 4051 tuum.
1712 3994 1830 4052 Non

245 4087 544 4153 praedicavi
572 4088 715 4156 quod
749 4095 798 4140 te
828 4087 1059 4141 donante
1090 4087 1346 4141 intellexi.

315 4179 482 4233 Vens.
513 4176 611 4232 9.6.
642 4208 714 4217 —
737 4177 949 4232 Sciebas
977 4178 1129 4248 quia,
1170 4187 1275 4234 etc.
1303 4178 1478 4244 Quare
1504 4179 1603 4235 ista
1630 4180 1832 4252 cogita-

247 4267 321 4322 tio
346 4283 458 4322 non
495 4267 731 4323 incussit
757 4267 852 4322 tibi
880 4268 1126 4323 timorem
1165 4277 1224 4322 ut
1253 4269 1421 4324 scires
1450 4285 1535 4325 me
1560 4285 1680 4326 mea
1708 4271 1831 4326 dili-

248 4359 463 4425 gentius
487 4358 886 4428 quzesiturum?
907 4358 1055 4425 Quod
1079 4361 1212 4414 dixit
1231 4376 1329 4431 pro
1350 4362 1693 4419 excusatione
1715 4377 1834 4417 ver-

248 4451 375 4506 titur
399 4452 456 4506 in
488 4451 729 4522 culpam.

316 4544 488 4598 Vens.
515 4544 611 4598 27.
633 4573 703 4582 —
723 4542 1126 4598 Nnmmulariis.
1151 4543 1248 4598 Vel
1269 4544 1477 4600 caeteris
1504 4543 1832 4610 doctoribus,

248 4647 307 4692 ut
360 4637 631 4708 apostolis
673 4645 728 4692 et
756 4638 1040 4708 episcopis.
1091 4637 1218 4702 Vel,
1249 4639 1456 4692 cunctis
1494 4639 1836 4694 credentibus

251 4728 339 4796 qui
363 4735 602 4797 possunt
633 4727 915 4797 pecuniam
941 4725 1235 4796 duplicare.

324 4815 492 4870 Vens.
527 4815 620 4870 28.
643 4846 716 4856 —-
742 4816 810 4870 Et
839 4818 960 4870 date
987 4817 1056 4881 ei,
1081 4823 1187 4871 etc.
1226 4815 1338 4871 Hoc
1363 4815 1417 4871 in
1446 4817 1686 4874 Ecclesia
1717 4819 1834 4877 ﬁeri

250 4903 580 4976 plerumque
612 4907 878 4972 videmus,
909 4907 1034 4977 quia
1072 4907 1312 4976 plerique
1340 4908 1467 4964 dum
1496 4908 1633 4965 bene
1670 4911 1834 4965 mini-

254 5005 430 5052 strant
459 4999 737 5055 exteriora
779 5014 899 5069 qua}
936 5001 1205 5069 accipiunt
1235 5015 1332 5070 per
1368 5001 1672 5071 adjunctam
1712 5019 1834 5072 gra—

249 5085 382 5146 tiam
413 5089 487 5143 ad
516 5089 847 5144 intellectum
879 5105 1092 5160 quoque
1121 5092 1402 5162 mysticum
1441 5093 1828 5162 perducuntur.

329 5178 496 5234 Vens.
532 5180 622 5234 9.9.
655 5209 724 5220 -—
751 5179 906 5236 Omni
949 5183 1116 5246 enim,
1145 5191 1251 5237 etc.
1292 5183 1439 5239 Multi
1463 5185 1607 5238 enim
1642 5194 1832 5240 natura

255 5267 380 5323 licet
416 5273 694 5340 sapientes
724 5283 777 5329 et
806 5277 970 5340 acuti,
1011 5277 1053 5331 si
1083 5278 1190 5331 sint
1229 5277 1458 5342 desides,
1486 5280 1716 5348 perdunt
1737 5281 1834 5335 bo-

257 5372 381 5411 num
412 5371 647 5428 natum,
675 5372 728 5418 et
755 5368 1031 5433 praemium
1061 5368 1203 5436 quod
1232 5375 1347 5422 erat
1375 5368 1454 5422 eis
1480 5371 1830 5438 promissum,

259 5449 473 5505 videtur
505 5455 736 5510 transire
762 5457 830 5510 ad
857 5457 991 5513 alios
1018 5459 1108 5528 qui
1132 5458 1273 5528 quod
1302 5460 1500 5514 habent
1522 5461 1718 5528 minus,
1741 5477 1839 5531 per

262 5548 518 5596 naturam
569 5547 854 5614 acquirunt
894 5563 992 5617 per
1039 5549 1375 5604 industriam.
1421 5551 1516 5605 Vel
1559 5553 1650 5620 qui
1681 5554 1842 5607 habet

252 5629 424 5686 .ﬁdem
451 5643 512 5687 et
544 5633 737 5691 bonam
769 5638 1115 5705 voluntatem,
1147 5641 1306 5695 etiam
1335 5642 1380 5696 si
1412 5644 1586 5697 minus
1609 5645 1768 5700 habet
1788 5645 1841 5700 in

263 5735 428 5790 opere
458 5725 676 5783 dabitur
699 5729 750 5785 ci
779 5744 808 5784 a
842 5731 984 5788 bono
1002 5730 1204 5800 judice.
1250 5731 1354 5787 Sed
1388 5734 1478 5800 qui
1512 5735 1562 5789 in
1603 5734 1705 5791 ﬁde
1736 5749 1842 5789 non

1858 4506 1912 4566 D

1921 3271 2105 3325 verbis
2144 3273 2390 3337 Domini,
2435 3274 2528 3328 sed
2570 3273 2654 3328 vel
2699 3282 2972 3343 stupentes
3007 3290 3103 3344 pro
3132 3276 3497 3345 magnitudine

1927 3363 2227 3434 maiestatis
2252 3364 2431 3434 regis;
2469 3364 2556 3418 vel
2581 3364 2706 3434 quia
2743 3379 2932 3434 parum
2960 3365 3174 3418 videtur
3207 3365 3310 3420 illis
3338 3380 3496 3419 omne

1923 3453 2124 3507 bonum
2158 3453 2300 3521 quod
2335 3453 2601 3519 fecerunt,
2630 3453 2772 3507 unde
2798 3453 3026 3507 dicitur:
3063 3451 3184 3506 Non
3222 3462 3340 3507 sunt
3368 3469 3495 3506 con-

1924 3543 2095 3612 digna:
2120 3544 2385 3612 passiones
2411 3543 2568 3612 hujus
2597 3543 2840 3613 temporis
2885 3543 2953 3595 ad
2992 3541 3224 3610 futuram
3275 3541 3496 3613 gloriam

1926 3629 2098 3702 (Rom.
2131 3631 2268 3702 vm),
2299 3638 2405 3687 etc.

1995 3724 2156 3779 Vens.
2184 3725 2272 3778 40.
2303 3755 2374 3764 ——
2398 3716 2476 3778 De
2508 3725 2589 3778 his
2615 3724 2882 3792 fratribus.
2916 3721 3136 3777 Fratres
3163 3723 3269 3778 mei
3298 3729 3353 3778 et
3383 3738 3498 3778 ma-

1929 3821 2012 3869 ter
2036 3821 2156 3867 sunt
2184 3813 2274 3882 qui
2300 3813 2504 3868 faciunt
2530 3814 2855 3869 voluntatem
2885 3813 3061 3867 Patris
3090 3813 3215 3867 mei.

1998 3904 2164 3959 Vens.
2194 3903 2284 3958 42.
2307 3934 2377 3944 --
2403 3903 2526 3958 Νοη
2548 3904 2790 3969 dedistis,
2819 3911 2925 3957 etc.
2967 3902 3102 3969 Quid
3143 3911 3382 3958 meretur
3409 3903 3499 3973 qui

1914 3996 2106 4050 aliena
2139 3997 2348 4065 rapuit,
2379 3996 2421 4050 si
2450 3995 2776 4050 aeternaliter
2799 3994 3084 4048 damnatur
3119 3994 3254 4063 quid
3297 3994 3364 4047 de
3403 4009 3500 4048 suo

1930 4105 2038 4146 non
2063 4088 2252 4144 dedit?

2003 4182 2166 4235 Vens.
2199 4181 2288 4234 44.
2317 4211 2388 4220 η-
2414 4175 2661 4245 Domine,
2702 4175 2941 4250 quando,
2993 4184 3098 4234 etc.
3126 4177 3400 4236 Excusare
3444 4194 3504 4236 se

1934 4279 2186 4342 satagunt
2223 4271 2374 4340 quasi
2423 4269 2592 4324 Deum
2640 4270 2823 4324 fallere
2864 4271 3069 4338 possint
3114 4271 3203 4340 qui
3260 4271 3508 4328 homines

1914 4364 2207 4423 fallebant.
2243 4363 2348 4420 Sed
2372 4379 2476 4418 non
2506 4363 2706 4419 habent
2727 4363 3130 4419 excusationem
3151 4363 3241 4434 qui
3264 4367 3506 4419 converti

1940 4474 1969 4510 a
1997 4455 2151 4510 malis
2179 4465 2232 4511 et
2274 4471 2432 4526 agere
2464 4455 2828 4526 eleemosynas
2854 4454 3176 4521 noluerunt;
3215 4455 3355 4511 unde
3385 4457 3510 4511 sub-

1939 4548 2053 4601 dit:
2094 4545 2338 4612 Quandiu
2365 4563 2467 4600 non
2493 4546 2684 4613 fecistis
2714 4548 2823 4611 uni,
2855 4556 2961 4600 etc.

2012 4637 2172 4692 Vens.
2203 4637 2291 4692 46.
2318 4668 2386 4677 -
2409 4637 2474 4691 In
2499 4637 2807 4707 supplicium
2839 4646 3105 4689 (uernum.
3135 4635 3357 4689 Frustra
3381 4650 3508 4706 ergo

1936 4727 2196 4799 Origenes
2245 4729 2473 4799 spondet
2517 4727 2882 4782 liberationem
2927 4735 3047 4795 post
3098 4725 3292 4782 multos
3336 4742 3508 4782 annos

1936 4821 2092 4876 malis
2120 4821 2426 4875 hominibus
2455 4829 2508 4875 et
2544 4821 2673 4890 ipsis
2699 4817 3050 4874 dmmonibus.
3092 4817 3160 4872 In
3195 4819 3506 4890 supplicium

1937 4922 2206 4965 utentum.
2241 4911 2421 4983 (Ᾱεο.)
2469 4911 2583 4978 Qua
2629 4913 2680 4965 in
2729 4925 2787 4965 re
2829 4909 3227 4966 misericordior
3263 4910 3506 4981 profecto

1938 5004 2036 5058 fuit
2059 5003 2319 5074 Origenes
2347 5005 2438 5073 qui
2474 5013 2527 5058 et
2556 5003 2728 5073 ipsum
2773 5001 3044 5059 diabolum
3087 4999 3249 5074 atque
3287 5005 3505 5076 angelos

1935 5092 2052 5160 ejus
2076 5095 2473 5164 postvgraviora
2497 5108 2594 5163 pro
2626 5092 2834 5147 meritis
2859 5101 2914 5148 et
2949 5082 3282 5150 diuturniora
3308 5095 3507 5165 suppli-

1936 5185 2018 5239 cia
2043 5199 2109 5238 ex
2138 5183 2242 5236 illis
2270 5183 2598 5240 cruciatibus
2621 5183 2882 5238 eruendus
2902 5191 3059 5254 atque
3080 5184 3362 5239 soeiandos
3383 5199 3506 5240 san-

1929 5277 2040 5331 Actis
2062 5277 2266 5347 angelis
2294 5277 2541 5332 credidit.
2568 5275 2672 5330 Sed
2703 5275 2847 5330 illum
2873 5285 2926 5330 et
2948 5285 3168 5346 propter
3188 5276 3288 5331 hoc
3309 5285 3365 5350 et
3382 5290 3508 5347 pro-

1934 5378 2054 5439 pter
2093 5369 2194 5423 alia
2229 5369 2517 5435 nonnulla,
2566 5379 2616 5423 et
2660 5369 2892 5423 maxime
2936 5377 3153 5439 propter
3181 5368 3509 5423 alternantes

1940 5459 2056 5514 sine
2083 5460 2383 5514 cessatione
2413 5459 2770 5514 beatitudines
2800 5469 2853 5513 et
2887 5460 3130 5514 miserias
3206 5467 3260 5513 et
3295 5458 3509 5513 statutis

1942 5552 2262 5608 saeculorum
2296 5551 2610 5618 intervallis,
2641 5551 2708 5605 ab
2742 5551 2846 5607 illis
2883 5552 2947 5606 ad
2993 5551 3126 5605 istas
3164 5549 3270 5603 itus
3315 5564 3376 5601 ac
3418 5562 3507 5602 re-

1941 5645 2086 5699 ditus
2130 5641 2551 5700 interminabilcs
2593 5658 2700 5698 non
2748 5641 3017 5697 immerito
3065 5637 3369 5709 reprobavit
3415 5636 3512 5690 Ec-

1943 5735 2124 5790 ('lesia.
