4068 6344
573 327 675 384 16⁵1

1127 431 1350 487 CAPUT
1393 427 1582 484 XXVI.

640 533 804 588 Vsus.
834 530 884 583 1.
909 556 979 568 -
1007 523 1078 579 Et
1109 523 1305 593 factum
1335 530 1409 575 est
1444 534 1562 572 cum
1600 520 2028 570 consummasset.
2065 511 2142 565 De

571 619 1034 677 consummatione
1057 612 1233 668 saeculi
1263 619 1318 665 et
1345 607 1666 664 discretione
1707 603 1896 673 judicii
1923 621 1934 656 :
1968 600 2051 656 vel
2074 601 2141 654 ab

573 710 728 765 initio
753 705 1026 777 Evangelii
1055 717 1222 771 usque
1251 701 1317 755 ad
1352 699 1654 769 passionem
1691 692 1871 748 omnia
1896 689 2142 746 faciendo

571 809 627 856 et
652 797 990 871 praedicando
1014 791 1392 860 compleverat.
1438 787 1569 842 Post
1595 795 1897 839 sermonem
1937 793 2044 849 quo
2082 789 2141 832 se

572 898 856 944 venturum
885 885 938 937 in
969 881 1218 936 claritate
1245 875 1521 947 przedixit,
1563 884 1844 942 passurum
1874 882 1934 922 se
1960 875 2140 920 osten-

571 983 671 1046 dit,
712 987 772 1033 ut
817 981 1214 1032 sacramentum
1253 969 1432 1023 crucis
1474 965 1762 1020 admistum
1810 974 1929 1016 esse
1959 957 2141 1030 gloriae

569 1067 883 1127 mternitatis
922 1064 1228 1118 admoneat.

536 1195 544 1220 ι
641 1162 805 1216 Vens.
838 1159 890 1213 6.
918 1187 987 1196 —
1009 1155 1138 1209 Cum
1160 1161 1354 1206 autem.
1389 1149 1580 1203 llabito
1605 1145 1829 1202 consilio
1859 1143 1991 1198 ordo
2014 1157 2139 1195 nar-

568 1248 797 1305 rationis
823 1245 949 1300 illuc
976 1242 1188 1304 transit,
1218 1249 1339 1292 tunc
1363 1237 1489 1290 abiit
1512 1252 1645 1290 unus
1675 1235 1738 1287 de
1763 1232 2056 1291 duodecim,
2080 1237 2140 1285 ut

569 1340 772 1397 factum
800 1333 950 1393 Judtt:
987 1331 1342 1407 conjtmgat':r
1372 1327 1438 1388 ad
1469 1325 1748 1385 consilium
1778 1330 2132 1382 sacerdotum.

569 1439 731 1492 Redit
757 1444 933 1489 autem
973 1433 1036 1487 ad
1081 1447 1200 1484 eum
1227 1430 1402 1492 diem,
1430 1427 1520 1496 qui
1565 1433 1684 1480 erat
1723 1431 1847 1477 ante
1889 1437 1980 1476 sex
2024 1421 2137 1475 dies

569 1528 782 1598 paschae
808 1526 1028 1580 dicens:
1066 1522 1197 1576 Cum
1227 1530 1420 1584 autent,
1443 1529 1546 1572 etc.
1576 1516 1824 1571 Simonis.
1853 1513 2137 1566 Permanet

570 1619 857 1690 pristinum
903 1629 1098 1670 nomen
1136 1619 1196 1665 ut
1230 1611 1402 1663 virtus
1445 1607 1684 1661 curantis
1714 1610 1985 1672 appareat.
2032 1599 2137 1690 Per

571 1689 692 1763 eam
722 1707 938 1761 domum
961 1703 1143 1772 accipe
1173 1701 1316 1755 illam
1341 1706 1547 1768 partem
1570 1693 1746 1765 populi
1772 1707 1889 1760 qua:
1911 1689 2136 1744 credidit

571 1798 800 1853 Domino
827 1803 881 1849 et
909 1801 1092 1849 curata
1123 1799 1223 1846 est.
1262 1790 1464 1855 Simon,
1493 1787 1544 1840 id
1576 1792 1657 1838 est
1684 1781 1956 1838 obediens.

640 1887 802 1942 Vens.
832 1887 883 1940 7.
904 1882 1238 1937 —Accessit.
1277 1877 1503 1951 (HIER.)
1544 1875 1838 1944 Diligenter
1876 1872 2098 1925 observa
2118 1909 2130 1931 ,

568 1995 688 2050 quae
717 1981 782 2035 de
809 1977 1015 2032 duabus
1041 1991 1202 2044 super
1221 1981 1398 2041 caput.
1425 1967 1700 2037 Siquidem
1724 1963 2018 2034 peccatrix,
2047 1976 2136 2014 su-

565 2088 668 2144 per
694 2073 874 2143 pedes,
916 2079 970 2125 et
1011 2084 1072 2123 ea
1111 2081 1230 2136 quin
1277 2063 1472 2118 dicitur
1503 2077 1606 2114 non
1646 2059 1810 2112 fuisse.
1838 2055 2131 2124 peccatrix,

571 2177 734 2231 super
756 2167 936 2229 caput.
982 2157 1176 2212 Mulier
1209 2155 1420 2207 habens.
1449 2151 1614 2204 Maria
1646 2145 1952 2218 Magdalena
1983 2159 2137 2197 soror

568 2253 758 2309 Lazari
790 2250 947 2306 modo
969 2247 1111 2318 justa
1147 2254 1204 2300 et
1240 2241 1539 2302 familiaris,
1571 2253 1689 2308 quae
1715 2236 1981 2306 quondam
2007 2247 2132 2302 pec-

568 2343 742 2399 catrix
781 2341 927 2396 venit
961 2347 1015 2395 et
1045 2337 1210 2406 pedes
1255 2331 1505 2403 lacrymis
1535 2328 1695 2393 lavit,
1726 2341 1867 2380 nunc
1893 2332 2054 2394 caput
2080 2331 2135 2378 et

565 2434 731 2504 pedes
754 2432 928 2496 unxit,
957 2429 1122 2498 pedes
1146 2441 1311 2490 nunc,
1344 2435 1402 2478 ut
1421 2422 1654 2477 Joannes
1682 2417 1830 2473 dicit.
1873 2415 2132 2486 Unguenti

564 2523 795 2593 pretiosi.
825 2520 1074 2575 Marcus:
1109 2516 1262 2572 nardi
1288 2512 1500 2584 spicati,
1525 2511 1576 2566 id
1613 2519 1726 2575 est,
1772 2509 1838 2564 de
1879 2508 2040 2577 spicis
2079 2517 2135 2562 et

564 2615 709 2670 foliis
746 2612 1008 2677 confecti,
1053 2609 1197 2680 quod
1244 2606 1531 2677 pretiosius
1577 2611 1678 2659 est.
1708 2601 1940 2658 Joannes
1981 2600 2132 2654 nardi

563 2701 774 2771 pistici,
810 2701 865 2754 id
897 2709 1000 2766 est,
1047 2697 1373 2762 ﬁdelisynon
1412 2692 1699 2748 adulterati
1741 2691 1861 2744 aliis
1900 2691 2127 2745 herbis;

563 2795 739 2854 πίστις
783 2789 1002 2855 Grasce,
1049 2788 1180 2843 ﬁdes
1210 2787 1416 2841 Latine.
1470 2784 1706 2855 Mystice.
1752 2783 1877 2839 Haec
1919 2784 2132 2840 devotio

565 2880 750 2936 Marias
779 2880 938 2935 ﬁdem
969 2879 1236 2948 signiﬁcat
1258 2876 1526 2940 Ecclesia,
1558 2891 1679 2945 qua:
1725 2875 1851 2930 dum
1876 2874 2130 2928 deitatem

563 2968 766 3023 Christi
801 2967 1078 3036 praedicat,
1118 2972 1278 3036 caput
1322 2965 1509 3036 ungit:
1541 2965 1666 3019 dum
1711 2961 2129 3028 humanitatem,

562 3059 747 3128 pedes.
780 3058 855 3112 De
880 3057 980 3111 hoc
1009 3063 1281 3127 unguento
1308 3054 1364 3108 in
1398 3055 1557 3110 domo
1582 3052 1818 3108 Simonis
1847 3051 2043 3120 lcprosi
2075 3051 2129 3104 in

560 3149 821 3204 Bethania
846 3149 1050 3214 dicunt,
1079 3156 1134 3203 et
1161 3147 1444 3203 Matthazus
1469 3155 1525 3202 et
1552 3145 1762 3200 Marcus
1792 3152 1848 3200 et
1871 3143 2122 3199 Joannes.

559 3239 738 3296 Lucas
765 3255 895 3296 vero
921 3239 1064 3294 aliud
1105 3239 1236 3294 dicit
1277 3238 1450 3294 simile
1497 3237 1622 3292 huic
1658 3237 1857 3292 factum
1902 3243 2027 3289 ante
2071 3234 2126 3288 in

559 3328 721 3386 domo
749 3330 968 3385 alterius
995 3329 1234 3385 Simonis
1254 3327 1508 3398 pharisaei
1529 3343 1654 3409 non
1691 3327 1886 3396 leprosi
1909 3366 1924 3392 ,
1952 3340 2126 3395 neque

560 3421 614 3476 in
644 3421 926 3480 Bethania.
957 3421 1052 3476 sed
1070 3420 1138 3476 de
1161 3419 1350 3475 eadem
1370 3419 1592 3475 muliere
1613 3433 1730 3488 qua:
1752 3424 1878 3472 tunc
1897 3416 2124 3472 accessit

559 3508 852 3577 peccatrix.

631 3593 794 3650 Vens.
835 3594 887 3648 8.
923 3624 994 3634 —
1018 3593 1274 3665 Discipuli
1296 3595 1569 3665 indignati.
1601 3595 1833 3652 Joannes
1858 3596 1987 3652 dicit
2009 3596 2123 3651 ha‘e

559 3684 754 3741 Judam
781 3685 1039 3751 locutum,
1062 3694 1115 3740 et
1141 3685 1243 3740 hoc
1261 3687 1432 3756 gratia
1457 3687 1796 3756 cupiditatis:
1825 3685 1914 3740 alii
1938 3696 2124 3756 potuc-

560 3783 690 3830 runt
718 3775 898 3831 verbis
917 3776 1033 3845 ejus
1058 3777 1394 3842 consentire,
1443 3777 1527 3832 vel
1560 3777 1724 3832 etiam
1751 3778 1892 3833 idem
1919 3778 2118 3843 dicere,

559 3869 653 3926 sed
680 3875 900 3937 propter
919 3881 1104 3922 curam
1131 3879 1445 3938 pauperum.

629 3958 790 4014 Vens.
827 3956 912 4011 11.
950 3985 1022 3996 -
1051 3954 1136 4010 Me
1164 3969 1358 4023 autent,
1385 3967 1489 4012 etc.
1511 3956 1784 4026 Corporali
1813 3955 2117 4027 praesentia,

559 4049 794 4119 alioquin
821 4047 950 4104 dicit
975 4047 1101 4102 alibi
1125 4065 1138 4102 :
1173 4048 1306 4103 Ecce
1329 4064 1419 4119 ego
1448 4049 1706 4104 vobiscum
1739 4065 1854 4103 sum
1883 4048 2121 4103 omnibus

557 4128 735 4195 diebus
765 4155 924 4210 usque
948 4138 1016 4194 ad
1041 4141 1532 4194 consummationem
1554 4137 1753 4194 swculi.

632 4229 788 4284 Vens.
821 4229 906 4283 l2.
937 4259 1006 4268 —
1037 4227 1244 4282 Mittens
1265 4229 1418 4282 enim.
1447 4228 1692 4285 Oilicium
1719 4239 1802 4284 est
1836 4229 2121 4300 sepulturae

556 4317 700 4388 quod
733 4331 827 4372 vos
867 4315 1220 4386 perditionem
1256 4331 1374 4374 esse
1400 4319 1618 4388 putatis.
1651 4317 1761 4373 Nec
1801 4319 2028 4383 mirum,
2074 4318 2120 4374 si

557 4408 689 4463 mihi
710 4407 802 4462 dat
823 4407 945 4462 ﬁdei
968 4406 1208 4474 odorem,
1236 4421 1333 4477 pro
1353 4423 1457 4478 qua
1475 4424 1599 4465 mox
1618 4410 1835 4465 fusurus
1855 4427 1973 4466 sum
1996 4425 2119 4466 san-

557 4498 796 4570 guinem.

626 4584 786 4642 Vsns.
819 4585 906 4641 15.
945 4616 1016 4627 -
1053 4584 1191 4652 Quid
1237 4588 1407 4642 vultis.
1451 4589 1612 4656 Quasi
1643 4589 1746 4646 vile
1790 4590 2116 4660 mancipium

557 4677 796 4745 tradens,
823 4677 976 4749 ponit
998 4677 1052 4732 in
1075 4686 1337 4749 potestate
1357 4681 1645 4736 ementium
1671 4691 1926 4752 quantum
1953 4681 2118 4738 velint

555 4769 703 4826 dare.

627 4857 792 4913 Vens.
821 4856 906 4910 l7.
936 4887 995 4897 -
1036 4856 1134 4912 Ubi
1160 4873 1267 4924 vis,
1299 4867 1402 4914 etc.
1431 4859 1544 4914 Non
1577 4869 1695 4914 erat
1726 4874 1804 4914 eis
1832 4867 1977 4914 certa
2017 4859 2117 4914 do-

553 4964 708 5004 mus:
742 4947 797 5002 in
824 4962 929 5017 quo
958 4948 1289 5020 improbatur
1311 4949 1592 5005 :ediﬁcatio
1616 4949 2025 5021 superﬂuarum.

625 5045 785 5100 Vens.
828 5045 914 5100 18.
952 5075 1021 5086 -
1058 5045 1139 5098 Ad
1182 5043 1472 5116 quemdam.
1514 5044 1770 5100 Eumdem
1814 5046 2107 5117 signiﬁcat,

553 5155 712 5210 quem
741 5139 950 5195 Marcus
981 5148 1034 5195 et
1062 5139 1232 5195 Lucas
1275 5140 1459 5194 dicunt
1499 5139 1958 5208 patremfamilias.
2009 5139 2110 5208 Qui

552 5247 681 5301 ergo
712 5231 788 5285 ait
827 5231 894 5285 ad
929 5231 1237 5300 quemdam,
1281 5238 1531 5297 tanquam
1557 5245 1619 5284 ex
1651 5246 1878 5298 persona
1905 5247 1999 5286 sua
2026 5233 2113 5304 (et

552 5341 657 5378 non
686 5323 925 5394 Domini)
955 5323 1132 5377 studio
1154 5322 1433 5376 brevitatis
1460 5322 1602 5376 illum
1635 5324 1946 5394 compendio
1976 5323 2108 5378 insi-

551 5421 754 5474 nuavit.
786 5421 865 5472 Ad
889 5419 1184 5489 quemdam.
1212 5417 1327 5472 Non
1357 5417 1421 5470 ad
1451 5418 1766 5485 quemlibet,
1799 5419 1890 5474 sed
1920 5420 1984 5473 ad
2015 5419 2111 5473 ali-

550 5527 708 5580 quem
750 5519 986 5574 certum,
1018 5523 1175 5577 quem
1205 5523 1271 5562 ex
1300 5523 1529 5577 persona
1571 5524 1664 5564 sua
1706 5509 1927 5578 loquens
1964 5519 2110 5564 recte

549 5600 833 5669 posuisset.
886 5597 1037 5652 Modo
1085 5606 1263 5652 autem
1300 5613 1421 5652 cum
1461 5601 1622 5655 verba
1660 5601 1870 5657 Domini
1898 5602 2108 5671 posuit,

551 5691 631 5744 lle
674 5691 724 5744 in
756 5689 1046 5744 ciritalem:
1077 5689 1367 5759 interponit
1399 5692 1528 5762 ipse,
1556 5693 1624 5746 ad
1653 5693 1923 5764 quemdam
1949 5705 1966 5744 :
2005 5707 2107 5748 non

1063 309 1454 375 WALAFRIDI
1494 311 1743 370 STRABI
1779 279 1982 368 FULD‘.
2021 305 2186 363 MON.
2226 305 2376 362 OPP.
2412 303 2590 360 PARS
2627 303 2669 359 Ι.
2709 332 2780 344 --
2816 297 3272 357 THEOLOGICA.

3707 291 3807 350 168

2165 421 2216 481 Α
2243 419 2369 488 quia
2394 417 2653 472 Dominus
2673 416 2777 472 hoc
2797 413 3013 478 dixerit,
3045 412 3136 467 sed
3161 418 3220 464 ut
3246 408 3360 478 ipse
3388 407 3543 462 nobis
3567 407 3806 462 insinua-

2241 518 2324 565 ret
2363 509 2528 564 tacito
2569 507 2784 562 nomine
2828 504 3044 576 proprio
3089 502 3254 557 fuisse
3293 499 3366 557 ibi
3410 500 3697 570 quemdam
3738 499 3807 563 ad

2239 615 2402 672 quem
2433 599 2799 653 mittebantur.

2310 689 2472 744 Vens.
2502 688 2588 744 19.
2636 716 2710 727 -
2749 685 2820 740 Et
2862 685 3091 756 fecerunt
3131 681 3369 754 discipuli
3399 683 3569 736 sicuti.
3611 680 3674 736 In
3704 680 3810 738 alio

2240 778 2529 849 Evangelio
2563 777 2852 833 scribitur:
2899 776 3211 830 Invenerunt
3251 773 3571 830 cwnaculum
3611 773 3809 844 grande

2239 878 2478 922 stratum.
2510 867 2880 932 Cteuaculum,
2910 866 2994 922 lex
3017 865 3308 936 spiritualis
3334 873 3440 931 est,
3471 879 3591 933 quae
3619 863 3686 918 de
3713 879 3811 918 an-

2241 961 2432 1030 gustiis
2462 960 2655 1014 littera:
2683 959 2963 1030 egrediens
2991 959 3044 1012 in
3082 958 3292 1014 sublimi
3321 958 3438 1013 loco
3469 957 3660 1026 recipit
3683 957 3809 1015 Sal-

2237 1061 2500 1106 vatorem.
2538 1049 2674 1104 Nam
2699 1049 2790 1119 qui
2817 1049 3052 1104 litteram
3082 1049 3325 1118 sequitur
3363 1049 3418 1102 in
3460 1050 3568 1104 imo
3605 1050 3811 1119 pascha

2237 1139 2386 1195 facit.
2420 1139 2526 1195 Sed
2555 1138 2647 1210 qui
2685 1152 2836 1207 aqua:
2859 1137 3114 1205 bajulum,
3156 1139 3208 1193 id
3248 1146 3329 1193 est
3355 1153 3654 1207 pneconem
3686 1154 3812 1209 gra-

2238 1231 2345 1294 tia},
2378 1230 2430 1284 in
2457 1229 2676 1284 domum
2716 1228 2970 1284 Ecclesiae
3013 1229 3286 1296 sequitur,
3314 1229 3400 1282 hic
3439 1244 3534 1299 per
3559 1230 3810 1300 Spiritum

2236 1323 2472 1384 litteram
2500 1321 2884 1383 transcenderis
2910 1322 2964 1382 in
2987 1321 3095 1380 alto
3118 1322 3310 1381 mentis
3332 1321 3542 1380 Christo
3566 1320 3813 1381 refectio»

2236 1437 2358 1476 nem
2389 1431 2554 1490 parat.

2307 1514 2468 1568 Vnus.
2498 1512 2587 1567 2i.
2625 1543 2696 1554 —
2727 1511 2863 1577 Quia
2893 1526 3045 1564 unus.
3067 1508 3166 1576 Qui
3189 1509 3514 1581 praedixitde
3531 1509 3804 1580 passione,

2234 1603 2480 1671 praedicit
2507 1603 2572 1657 de
2598 1602 2981 1670 proditore,'ut
3009 1600 3197 1654 videns
3224 1613 3282 1654 se
3309 1613 3415 1652 non
3447 1597 3616 1653 latere
3636 1598 3810 1669 paeni-

2239 1700 2376 1745 teret
2409 1691 2553 1744 lacti.
2585 1691 2747 1744 Mittit
2765 1689 2968 1744 crimen
2993 1689 3045 1743 in
3071 1703 3313 1752 numero,
3338 1696 3396 1742 ut
3415 1695 3537 1758 agat
3559 1687 3811 1744 conscius

2165 1783 2210 1842 B
2238 1781 2631 1852 pmnitentiam,
2664 1796 2770 1835 non
2797 1789 2975 1834 tamen
3005 1778 3249 1849 designat
3275 1777 3596 1847 specialiter,
3617 1792 3687 1832 ne
3708 1778 3812 1832 im-

2235 1873 2520 1944 pudentior
2550 1872 2723 1927 ﬁeret.

2305 1965 2469 2020 Vens.
2501 1966 2591 2018 22.
2621 1997 2688 2005 —
2715 1962 2985 2034 Coeperunt
3013 1963 3226 2034 singuli.
3267 1963 3402 2031 Quia
3433 1964 3550 2034 plus
3576 1965 3808 2021 credunt

2236 2057 2496 2127 magistro
2523 2071 2685 2126 quam
2716 2056 2856 2112 sibi:
2887 2064 2943 2110 et
2969 2055 3219 2110 timentes
3254 2055 3416 2110 etiam
3459 2055 3806 2126 fragilitatem

2234 2163 2422 2214 suam,
2459 2156 2710 2218 quaerunt
2739 2148 2804 2204 de
2845 2157 3066 2217 peccato
3102 2146 3254 2216 cujus
3290 2145 3398 2203 non
3437 2147 3640 2204 habent
3677 2165 3810 2205 con-

2233 2240 2533 2294 scientiam.

2306 2331 2470 2386 Vens.
2499 2331 2590 2385 25.
2623 2363 2681 2371 —
2726 2330 2828 2396 Qui
2853 2331 3080 2401 intingit.
3126 2331 3259 2387 Aliis
3301 2331 3636 2387 contristatis
3679 2342 3734 2389 et
3772 2349 3806 2388 a

2233 2422 2353 2476 cibo
2379 2436 2598 2475 manum
2628 2421 3063 2487 retrahentibus,
3094 2437 3157 2476 ea
3188 2422 3514 2492 impudentia
3552 2438 3658 2493 qua
3690 2432 3807 2478 tra-

2232 2513 2386 2577 didit,
2411 2527 2627 2568 manum
2653 2529 2774 2568 cum
2799 2513 3056 2584 magistro
3077 2515 3260 2580 mittit,
3281 2525 3340 2570 ut
3359 2516 3582 2572 audacia
3609 2518 3808 2573 bonam

2231 2603 2617 2658 conscientiam
2641 2603 2978 2659 mentiretur.
2998 2604 3135 2659 Ecce
3157 2606 3431 2662 humilitas
3453 2615 3506 2662 et
3522 2608 3803 2677 patientia,

2229 2709 2333 2763 qua
2379 2695 2708 2763 proditorem
2735 2695 2804 2750 ad
2828 2710 3071 2750 mensam
3109 2697 3362 2753 admittit.
3405 2697 3473 2753 In
3506 2700 3802 2770 parapside.

2233 2784 2480 2839 Marcus:
2519 2785 2574 2838 in
2613 2787 2806 2839 catino.
2838 2785 3090 2856 Paropsis
3130 2795 3213 2843 est
3252 2803 3350 2843 vas
3387 2803 3632 2844 escarum
3673 2805 3808 2859 qua-

2229 2873 2545 2943 drangulum
2573 2890 2602 2928 a
2629 2876 2848 2944 paribus
2877 2876 3154 2933 absidibus
3173 2919 3188 2942 ,
3217 2878 3270 2932 id
3299 2887 3412 2944 est,
3441 2879 3510 2934 ab
3533 2881 3703 2949 aequis
3729 2881 3808 2934 la-

2233 2963 2435 3019 teribus
2465 2964 2670 3019 dictum
2697 2982 2710 3016 :
2741 2965 2978 3019 catinum
3003 2981 3098 3020 vas
3123 2967 3284 3022 ﬁctile
3313 2976 3493 3037 aptum
3517 2969 3582 3024 ad
3607 2969 3806 3024 immit-

2233 3056 2449 3110 tendum
2472 3055 2757 3126 liquorem,
2786 3065 2842 3111 et
2867 3058 3039 3126 potuit
3067 3057 3181 3112 ﬁeri
3213 3067 3272 3113 ut
3300 3074 3482 3114 mensa
3512 3059 3676 3116 ﬁctile
3707 3077 3804 3116 vas

2155 3119 2200 3180 (ἶ
2231 3154 2285 3201 et
2328 3119 2752 3218 quadrangulum
2793 3119 3114 3203 contineret.
3161 3148 3325 3204 Poena
3371 3151 3712 3219 praedicitur,
3743 3163 3804 3208 ut

2146 4979 2156 4989 '
2220 4969 2288 5023 ad
2321 4981 2516 5023 novum
2537 4967 2755 5035 quodin
2779 4966 2864 5022 sui
2888 4967 3202 5022 memoriam
3223 4969 3516 5025 Ecclesiam
3538 4966 3808 5069 frequen-i

2126 5777 2185 5788 ὴ

2229 3256 2387 3311 quem
2413 3241 2583 3311 pudor
2618 3256 2724 3296 non
2765 3240 3000 3308 vicerat,
3031 3242 3302 3313 corrigam
3325 3241 3635 3299 denuntiata
3669 3259 3800 3314 sup-

2228 3331 2404 3402 plicia.

2299 3422 2463 3477 Vsns.
2493 3422 2585 3477 24.
2617 3453 2687 3463 -
2722 3424 2926 3477 Bonum
2965 3434 3075 3478 erat
3118 3426 3186 3478 ei.
3225 3423 3390 3480 Multo
3424 3425 3614 3480 melius
3657 3434 3802 3481 esset

2226 3512 2445 3568 omnino
2475 3528 2581 3567 non
2615 3527 2736 3568 esse
2761 3528 2922 3582 quam
2953 3513 3090 3567 male
3115 3528 3255 3580 esse,
3287 3515 3484 3570 usitate
3509 3523 3562 3570 et
3589 3515 3800 3586 simpli-

2225 3604 2362 3658 citer
2387 3604 2492 3659 hoc
2517 3603 2665 3658 diCll.
2691 3601 2805 3658 Non
2835 3612 3015 3672 potest
3035 3605 3176 3660 enim
3203 3607 3253 3660 ei
3279 3607 3417 3661 bene
3440 3620 3559 3662 esse
3579 3607 3671 3676 qui
3692 3623 3801 3662 non

2225 3701 2329 3749 est.
2375 3695 2457 3748 An
2504 3693 2714 3750 diabolo
2759 3695 2889 3751 dicit
2928 3711 3032 3750 non
3079 3696 3226 3751 nasci
3270 3696 3336 3751 ad
3375 3704 3697 3767 peceatum:
3730 3714 3799 3752 an

2225 3786 2386 3840 etiam
2413 3786 2611 3841 bonum
2640 3786 2717 3841 illi
2743 3796 2860 3842 erat
2888 3795 2947 3842 ut
2973 3788 3187 3843 Christo
3223 3804 3328 3844 non
3362 3799 3678 3846 nasceretur
3699 3807 3803 3862 per

2223 3877 2582 3942 vocationem,
2607 3891 2676 3932 ne
2704 3886 2848 3933 esset
2875 3886 3117 3948 apostata
3155 3894 3252 3950 per
3272 3882 3671 3951 proditionem?
3698 3883 3800 3938 Vel

2223 3964 2457 4021 solemus
2520 3967 2700 4023 dicere
2742 3967 3083 4038 simpliciter,
3131 3968 3322 4026 melius
3359 3979 3504 4027 esset
3538 3986 3647 4026 non
3676 3987 3802 4028 esse

2223 4069 2383 4124 quam
2419 4054 2557 4109 male
2581 4071 2720 4111 esse.

2294 4146 2475 4201 Rabbi.
2507 4148 2611 4202 Alii
2646 4150 2848 4215 dicunt,
2873 4149 3120 4216 Domine,
3146 4151 3267 4216 iste,
3291 4151 3465 4208 rabbi.
3493 4151 3657 4218 Quasi
3684 4152 3795 4206 mi—

2224 4253 2325 4291 nus
2345 4247 2623 4308 peccaturo
2653 4239 2858 4294 habens
2893 4241 3121 4310 prodere
3146 4241 3461 4311 magistrum
3493 4255 3655 4311 quam
3688 4239 3798 4297 Do-

2224 4328 2450 4394 minum,
2477 4329 2561 4383 vel
2587 4329 2930 4386 blandiendo.

2291 4420 2452 4475 Vens.
2477 4421 2564 4475 23.
2595 4453 2666 4462 ——
2695 4421 2772 4476 Tu
2798 4423 2996 4480 dixisti.
3021 4425 3132 4481 Nec
3161 4427 3249 4484 hic
3293 4435 3476 4498 aperte
3502 4428 3694 4484 dicitur
3718 4442 3799 4483 an

2222 4510 2335 4581 ipse
2359 4519 2503 4566 esset
2528 4528 2540 4564 :
2570 4520 2745 4582 potest
2767 4514 2910 4568 enim
2936 4515 3175 4586 intelligi,
3202 4518 3355 4587 quasi
3377 4517 3537 4583 dicat,
3563 4532 3669 4572 non
3687 4531 3798 4588 ego

2219 4601 2351 4656 dixi.

2290 4693 2452 4747 Vens.
2495 4693 2585 4748 26.
2614 4725 2682 4734 —
2712 4693 3042 4752 Cwnantibus
3074 4706 3278 4766 autem,
3319 4706 3424 4754 etc.
3470 4698 3662 4754 Finitis
3700 4713 3797 4755 so-

2217 4785 2485 4841 lemnibus
2528 4785 2734 4856 gaudiis
2762 4789 2959 4842 veteris
2987 4791 3200 4858 paschae
3237 4806 3356 4861 quae
3386 4791 3440 4845 in
3471 4792 3794 4848 memoriam

2219 4877 2554 4933 liberationis
2578 4877 2759 4946 populi
2787 4877 2880 4932 Dei
2905 4879 2970 4934 de
2997 4878 3228 4950 Egypto
3249 4882 3569 4951 agebantur,
3595 4883 3794 4937 transit

2216 5066 2334 5115 tare
2353 5057 2584 5114 volebat.
2610 5057 2681 5112 Ut
2699 5057 2949 5115 videlicet
2972 5075 3071 5129 pro
3091 5071 3253 5116 carne
3275 5062 3397 5134 agni
3420 5077 3482 5118 ac
3501 5064 3789 5133 sanguine,

2215 5147 2298 5203 sui
2321 5147 2570 5217 corporis
2597 5157 2702 5203 ets
2739 5148 2964 5220 nguinis
2984 5159 3379 5206 sacramentum
3411 5153 3786 5220 substitueret,

2215 5240 2496 5310 ipsumque
2533 5253 2654 5295 esse
2689 5248 3049 5307 monstraret,
3097 5243 3182 5297 cui
3223 5243 3424 5312 juravit
3449 5243 3705 5298 Dominus
3732 5256 3789 5298 et

2215 5347 2320 5384 non
2344 5330 2602 5397 paenitebit
2640 5346 2794 5386 eum:
2837 5341 2894 5385 tu
2935 5349 2990 5387 es
3026 5333 3268 5387 sacerdos
3297 5333 3468 5404 (Psal.
3502 5334 3645 5402 CIX),
3674 5343 3784 5389 etc.

2213 5419 2440 5489 Accepit.
2490 5419 2715 5492 ("1123.)
2761 5421 3048 5491 Postquam
3083 5424 3316 5494 typicum
3363 5425 3562 5492 pascha
3607 5423 3788 5479 fuerat

2215 5511 2511 5580 impletum,
2543 5522 2599 5567 et
2625 5514 2746 5584 agni
2779 5529 2972 5570 carnes
3013 5531 3133 5570 cum
3161 5517 3417 5585 apostolis
3441 5517 3784 5584 comedent,

2215 5606 2439 5659 assumit
2463 5619 2674 5674 panem.
2700 5605 2766 5658 Et
2790 5606 3045 5661 benedixit
3065 5625 3128 5662 ac
3148 5609 3319 5679 fregit.
3340 5608 3475 5676 Quia
3505 5609 3789 5664 hominem

2217 5705 2545 5766 assumptum
2578 5695 2651 5749 ita
2684 5696 2842 5750 morti
2889 5696 3144 5765 subdidit,
3177 5707 3236 5754 ut
3272 5699 3321 5754 ei
3363 5699 3789 5756 immortalitatis
