4068 6344
259 369 354 434 MO

1220 353 1484 415 GLOSSA
1522 344 1915 410 ORDlNARlA.
1956 374 2024 385 —
2057 341 2309 400 EVANG.
2349 338 2608 398 MATTH.

3364 327 3465 382 ΠΟ

258 479 529 562 potentiam
575 477 779 538 inesse,
817 482 872 529 et
907 471 1028 528 ideo
1070 470 1178 527 cito
1222 475 1646 525 resurrecturum
1693 474 1811 516 esse
1839 459 1887 520 A
1914 455 2231 562 contristari.
2255 453 2818 562 contristaturjautem
2850 443 3182 562 nonetimore
3204 440 3463 562 partiendi:

258 532 581 636 monstraret.
614 532 816 640 Fregit,
841 575 902 622 ut
929 566 1180 621 ostendat
1210 560 1454 632 corporis
1481 557 1562 616 sui
1588 555 1808 610 fractio-
1909 549 2000 618 qui
2030 548 2096 603 ad
2128 547 2233 602 hoc
2259 533 2483 601 venerat
2501 584 2516 610 ,
2549 541 2642 597 sed
2667 548 2884 610 propter
2908 533 3172 640 infelicem
3197 532 3389 589 Judam
3415 540 3472 588 ct

261 687 372 728 nem
399 683 497 724 non
522 665 636 720 sine
665 678 759 718 sua
793 669 983 732 sponte
1009 659 1141 714 fore.
1177 656 1455 712 Benediin
1482 653 1650 723 prius.
1685 649 1808 719 quia

1911 639 2221 695 scandalum
2253 635 2615 708 apostolorum
2642 644 2696 691 et
2737 632 3054 703 ejectionem
3081 627 3387 684 Iudaeorum
3418 637 3473 683 et

261 770 489 818 naturam
515 769 674 825 quam
705 751 990 822 assumpsit
1029 765 1151 805 cum
1178 748 1338 802 Patre
1370 758 1425 801 et
1460 743 1662 813 Spiritu
1690 755 1813 796 san—
1911 730 2248 786 eversionem
2277 727 2576 782 Jerusalem

262 861 360 915 cto,
385 840 544 918 gratia
572 844 766 899 divinae
792 843 1004 896 virtutis
1031 839 1286 909 implevit.
1315 837 1438 891 Ideo
1461 841 1583 904 post
1603 845 1813 887 caenam

260 951 440 1006 corpus
460 949 612 990 suum
635 931 798 996 dedit,
820 930 947 999 quia
969 941 1190 983 necesse
1215 933 1335 981 erat
1357 923 1556 994 pascha
1579 920 1815 991 typicum

263 1028 398 1098 prius
425 1021 809 1086 consummari,
839 1028 894 1075 et
917 1021 994 1074 sic
1027 1017 1199 1073 veteri
1239 1015 1455 1084 paschae
1481 1017 1818 1067 sacramenta

262 1125 372 1189 post
399 1113 662 1171 substitui.
695 1111 806 1168 Nos
835 1128 964 1167 vero
1001 1125 1099 1180 pro
1145 1108 1445 1163 reverentia
1472 1104 1608 1159 tanti
1639 1116 1819 1158 sacra-

265 1206 415 1261 menti
449 1203 597 1273 prius
621 1201 894 1257 reﬁcimur
915 1198 1206 1255 Dominicac
1229 1193 1498 1266 passionis
1519 1203 1822 1247 sacramen-

265 1297 344 1362 tis,
373 1308 526 1359 quam
555 1292 922 1362 corporalibus
946 1289 1107 1345 escis.

327 1396 483 1450 Vens.
509 1392 600 1446 27.
625 1421 696 1434 -—
722 1390 932 1445 Gratias
961 1391 1084 1461 egit.
1133 1385 1381 1444 Ostendit
1421 1387 1564 1454 quod
1596 1383 1823 1452 quisque

261 1487 426 1542 facere
472 1483 636 1539 debet
681 1483 735 1538 in
769 1481 978 1552 ﬂagello
1023 1479 1192 1548 culpae
1238 1476 1498 1547 proprize,
1545 1488 1664 1527 cum
1711 1472 1825 1540 ipse

260 1573 627 1644 aequanimiter
655 1571 773 1628 tulit
798 1572 1022 1626 alienae:
1053 1569 1178 1639 quia
1215 1567 1370 1636 panis
1407 1580 1601 1637 corpus
1629 1561 1825 1619 conﬁr-

261 1674 388 1731 mat,
413 1664 601 1718 vinum
629 1663 944 1733 sanguinem
979 1666 1252 1730 operatur.

323 1767 481 1822 Vens.
523 1763 700 1819 ‘29.-—
723 1761 844 1816 Non
877 1760 1068 1815 bibam.
1097 1757 1212 1813 Non
1242 1756 1546 1812 delectabor
1572 1765 1826 1810 caeremo-

259 1859 355 1914 niis
371 1857 535 1927 hujus
558 1853 756 1926 populi,
788 1854 841 1907 in
866 1851 1060 1922 quibus
1088 1862 1239 1903 sacra
1267 1845 1535 1917 paschalis
1555 1844 1674 1915 agni
1695 1858 1828 1913 prte-

257 1949 402 2017 cipua
443 1953 595 2001 sunt.
630 1944 758 1998 Post
800 1943 1104 2012 passionem
1142 1953 1250 1993 non
1275 1951 1544 1992 assumam
1571 1949 1822 1998 carnem,

257 2037 420 2092 donec
443 2049 722 2090 assumam
753 2047 871 2087 eam
903 2046 1095 2086 novam
1124 2043 1243 2098 quas
1271 2025 1433 2082 modo
1459 2024 1701 2080 mortalis
1725 2031 1826 2079 est.

321 2135 536 2190 Novum
561 2136 614 2188 in
643 2150 796 2204 regno
831 2133 1027 2187 Patris.
1063 2131 1259 2187 Dicens
1293 2129 1422 2184 illud
1454 2144 1638 2183 novum
1666 2168 1682 2194 ,
1727 2128 1831 2182 hoc

255 2235 400 2282 vetus
426 2266 441 2292 ,
492 2225 739 2280 ostendit
766 2239 1000 2294 corpus:
1033 2221 1285 2286 scilicet,
1336 2220 1403 2276 de
1448 2219 1617 2275 veteri
1657 2218 1830 2274 Adam

253 2317 389 2388 quod
417 2314 835 2371 immortalitate
862 2312 1253 2368 immutabitur.
1294 2308 1591 2377 Vobiscum,
1613 2323 1707 2380 per
1730 2309 1832 2364 hoc

254 2407 441 2462 etsuis
485 2404 866 2462 immortalitas
895 2403 1273 2475 promittitur,
1325 2403 1427 2458 etsi
1483 2416 1591 2455 non
1642 2403 1832 2457 eodem

253 2505 510 2567 tempore.
567 2496 646 2551 De
690 2497 788 2550 hoc
815 2496 1086 2566 genimine,
1117 2495 1244 2564 quia
1273 2493 1460 2548 eadem
1488 2507 1715 2563 corpora
1741 2507 1831 2547 re-

253 2595 594 2644 surrectura.
649 2586 769 2641 Erit
815 2593 994 2640 autem
1045 2584 1161 2638 dies
1205 2597 1339 2638 mete
1382 2582 1831 2648 resurrectionis,

253 2691 373 2733 eum
408 2676 467 2732 in
499 2689 674 2747 regno
699 2675 816 2740 Dei,
848 2673 899 2728 id
925 2681 1026 2740 est,
1066 2670 1486 2727 immortalitatis
1526 2670 1695 2742 gloria
1739 2685 1833 2725 su-

255 2771 540 2837 blimatus,
583 2770 648 2826 de
685 2768 858 2824 salute
889 2768 1127 2839 ejusdem
1152 2765 1334 2836 populi
1365 2764 1630 2836 spirituali
1661 2762 1833 2835 gratia

256 2859 571 2930 regenerati
593 2899 608 2926 ,
645 2872 784 2914 novo
814 2858 1090 2914 vobiscum
1116 2855 1312 2928 gaudio
1338 2853 1655 2925 perfundar.

330 2961 504 3016 Vens.
538 2958 628 3013 50.
661 2994 730 3004 —
757 2956 825 3011 Et
852 2959 1062 3028 hymno.
1112 2955 1225 3011 Hoc
1268 2963 1352 3010 est
1401 2955 1542 3025 quod
1595 2953 1834 3024 psalmus

255 3051 387 3106 dicit
416 3069 430 3104 :
458 3049 636 3104 Edent
655 3063 904 3119 pauperes
930 3056 979 3099 et
999 3042 1559 3113 saturabuntur(Psal.
1578 3040 1830 3111 xxi),etc.

1855 1816 1902 1876 Β

1982 831 2146 886 Vens.
2193 830 2280 886 58.
2308 861 2379 870 -
2427 829 2632 882 Tristis.
2670 827 2862 882 Anima
2914 836 2998 884 est
3046 844 3166 898 quae
3219 829 3372 884 timet
3421 837 3477 885 et

1916 923 2185 978 tristatur.
2209 921 2400 975 Petrus
2430 919 2654 974 inferior
2679 935 2785 973 non
2812 919 2981 985 timet,
3001 921 3182 975 dicens
3202 940 3215 974 :
3233 921 3477 975 Animam

1915 1031 2084 1068 meam
2136 1029 2327 1084 ponam
2372 1029 2465 1083 pro
2517 1022 2566 1065 te
2607 1029 2625 1066 :
2654 1011 2779 1080 quia
2825 1020 2884 1064 ut.
2930 1013 3091 1068 homo
3134 1013 3241 1067 vim
3289 1013 3481 1069 mortis

1917 1105 2148 1176 ignorat.
2182 1104 2429 1161 Christus
2483 1104 2655 1170 timet,
2698 1119 2845 1174 quia,
2889 1111 2948 1157 ut
2997 1105 3137 1159 Deus
3169 1105 3223 1159 in
3257 1097 3482 1175 corpOre

1919 1194 2261 1258 constitutus,
2291 1193 2633 1263 fragilitatem
2663 1193 2842 1248 carnis
2876 1193 3097 1264 exponit
3121 1209 3135 1247 :
3159 1194 3250 1264 qui
3288 1210 3485 1265 corpus

1921 1288 2156 1358 suscepit
2183 1288 2365 1342 omnia
2395 1287 2580 1343 debuit
2611 1285 2794 1341 subire
2829 1301 2946 1355 qua:
2974 1287 3216 1356 corporis
3244 1296 3389 1341 sunt.

1995 1397 2167 1469 Usque
2187 1402 2260 1451 ad
2283 1409 2518 1452 mortem.
2545 1396 2711 1469 (Ηιι.)
2731 1396 2846 1451 Νοη
2868 1403 3088 1466 prepter
3114 1405 3366 1462 mortem,
3394 1398 3489 1452 sed

1923 1490 2097 1545 donec
2140 1488 2409 1558 apostolos
2451 1503 2547 1544 sua
2590 1487 2784 1543 liberet
2829 1488 3100 1558 passione.
3143 1486 3260 1542 Non
3309 1503 3490 1554 mors,

1925 1579 2016 1634 sed
2042 1587 2252 1648 tempus
2278 1577 2467 1632 mortis
2498 1577 2552 1632 in
2581 1585 2728 1632 metu
2771 1585 2885 1641 est,
2935 1576 3060 1646 quia
3085 1584 3208 1647 post
3235 1574 3492 1632 virtutem

1925 1669 2360 1734 resurrectionis,
2391 1667 2522 1723 ﬁdes
2561 1675 2644 1723 est
2671 1666 2932 1722 ﬁrmanda
2971 1658 3323 1723 credentium.

2000 1772 2159 1827 Vens.
2197 1771 2286 1828 59.
2314 1799 2383 1811 -
2413 1769 2474 1826 Si
2498 1767 2738 1840 possibile
2766 1777 2861 1823 cst.
2891 1767 3002 1824 Hoc
3023 1782 3128 1823 non
3151 1781 3249 1839 pro
3276 1767 3494 1831 timore,

1929 1866 2027 1922 sed
2055 1881 2153 1936 pro
2185 1863 2579 1929 misericordia,
2623 1876 2692 1917 ne
2738 1860 2929 1928 Judaei,
2957 1860 3050 1932 qui
3093 1860 3496 1916 excusationem

1930 1957 2246 2030 ignorantiae
2271 1972 2377 2011 non
2398 1957 2620 2020 habent,
2642 1969 2749 2009 non
2771 1952 3046 2018 occidant;
3079 1953 3219 2006 unde
3240 1940 3351 2006 ait:
3377 1951 3494 2014 iste,

1931 2049 1985 2104 id
2024 2056 2107 2104 est
2147 2047 2328 2118 populi
2377 2045 2680 2102 Judazorum
2726 2059 2836 2099 non
2880 2041 3197 2111 simpliciter
3224 2040 3364 2096 calix
3397 2058 3409 2093 :
3437 2037 3498 2095 Si

1929 2139 2173 2214 possibile
2202 2148 2297 2205 est,
2322 2147 2382 2194 ut
2407 2139 2522 2194 sine
2551 2137 2770 2192 interitu
2798 2132 3102 2189 Iudaeorum
3124 2133 3345 2188 credant
3364 2146 3497 2203 gen-

1932 2235 2084 2298 tiles,
2128 2233 2430 2304 passionem
2469 2245 2676 2286 recuso.
2733 2227 2828 2283 Sin
2871 2233 3048 2282 autem
3081 2226 3154 2281 illi
3193 2224 3502 2282 excaecandi

1932 2333 2060 2380 sunt.
2087 2331 2147 2378 ut
2175 2331 2358 2393 gentes
2398 2323 2614 2384 intrent,
2645 2319 2741 2374 ﬁat
2763 2333 2868 2373 non
2895 2330 3031 2378 mea,
3068 2316 3160 2371 sed
3191 2325 3281 2370 tua
3305 2315 3499 2369 volun-

1931 2424 2034 2471 tas.
2087 2413 2208 2468 Non
2245 2423 2378 2468 sicut
2411 2427 2502 2482 ego
2541 2409 2676 2464 volo.
2719 2408 2902 2479 (Auc.)
2947 2406 3319 2478 Transﬁgurat
3353 2406 3409 2461 in
3445 2421 3504 2463 se

1933 2518 2081 2587 suosz
2095 2503 2184 2572 qui
2216 2501 2345 2555 nihil
2368 2500 2512 2555 aliud
2539 2499 2827 2568 vultquam
2854 2497 3036 2564 Pater,
3066 2506 3126 2552 ut
3151 2498 3263 2553 ibi:
3287 2495 3505 2552 Esurivi

1933 2604 1981 2649 et
2013 2593 2229 2648 dedistis
2255 2593 2383 2646 mihi
2408 2591 2748 2646 manducare.
2780 2589 2851 2645 Et
2871 2589 3000 2650 quid
3031 2606 3110 2644 me
3144 2590 3505 2660 persequeris?

1934 2683 2103 2738 Docet
2133 2691 2308 2736 autem
2335 2696 2428 2737 eos
2472 2680 2739 2751 privatam
2763 2678 3093 2734 voluntatem
3132 2680 3406 2750 corrigere
3451 2688 3507 2734 et

1934 2773 2166 2844 dirigere
2199 2771 2354 2842 juxta
2396 2771 2652 2826 divinam.
2707 2768 2953 2840 (Anam)
3004 2767 3290 2824 Hominem
3341 2783 3504 2838 quem

1934 2864 2161 2919 veritate
2187 2861 2430 2931 corporis
2451 2860 2874 2924 demonstrabat,
2905 2859 3151 2928 aequabat
3177 2859 3370 2915 all'ectu
3389 2899 3404 2925 ,
3447 2867 3508 2915 ut

1931 2955 2139 3012 diceret
2165 2973 2178 3008 :
2213 2952 2319 3009 Sed
2344 2970 2447 3008 non
2482 2953 2616 3007 sicut
2641 2967 2733 3022 ego
2768 2951 2900 3016 volo,
2932 2951 3022 3005 sed
3046 2952 3180 3006 sicut
3207 2961 3284 3006 tu.
3310 2951 3506 3008 Susce-

1933 3048 2012 3118 pit
2056 3047 2382 3102 voluntatem
2436 3058 2648 3108 meam,
2695 3042 2930 3113 suscepit
2969 3042 3245 3098 tristitiam
3307 3059 3502 3100 meam.

255 3140 350 3195 νει
382 3141 657 3210 hymnum
678 3135 970 3191 secundum
991 3132 1252 3187 Joannem
1271 3131 1420 3186 Pam
1449 3130 1652 3200 ςτειὶθε
1671 3143 1834 3198 θεεηε
1861 3153 1908 3217 C
1936 3138 2280 3196 Conﬁdenter
2318 3137 2591 3192 tristitiam
2634 3136 2852 3190 nomino
2886 3135 2977 3204 qui
3009 3151 3226 3192 crucem
3250 3137 3507 3208 praedico.

255 3230 544 3293 cantabat,
580 3225 634 3280 in
661 3240 767 3294 quo
798 3238 897 3292 pro
939 3236 999 3277 se
1045 3229 1102 3276 et
1139 3218 1415 3289 discipulis
1458 3226 1514 3272 et
1549 3217 1836 3272 credituris

173 3352 181 3362 -
253 3321 618 3392 precabatur.
651 3315 907 3370 Exierunt
937 3313 992 3367 in
1021 3320 1245 3366 montem
1268 3350 1284 3375 ,
1317 3318 1422 3365 etc.
1453 3309 1524 3365 Ut
1545 3323 1642 3380 per
1663 3323 1841 3363 sacra-

256 3416 584 3464 mentorum
612 3405 1014 3475 perceptionem
1043 3407 1097 3456 et
1123 3414 1275 3455 suam
1309 3397 1750 3453 intercessionem
1775 3396 1838 3451 ad

257 3499 457 3554 altiora
506 3496 837 3552 charismata
867 3491 1062 3562 quibus
1117 3487 1280 3544 corde
1330 3501 1692 3557 perungamur
1742 3499 1842 3540 nos

259 3584 642 3641 conscendere
668 3583 858 3639 doceat
892 3595 908 3634 :
940 3578 1032 3633 ubi
1072 3577 1272 3631 laboris
1321 3573 1547 3630 refectio
1577 3615 1591 3640 ,
1641 3573 1843 3629 doloris

258 3678 542 3733 solatium.

333 3774 507 3829 Vens.
534 3773 626 3828 31.
653 3801 724 3812 -
761 3769 950 3825 Omnes
982 3785 1070 3825 nos
1098 3766 1406 3822 scandalum
1427 3766 1558 3838 pati.
1594 3764 1844 3820 Praedicit

260 3866 366 3922 illis
399 3866 537 3936 quid
577 3861 787 3936 passuri
824 3867 971 3924 sunt,
1013 3867 1072 3913 ut
1105 3867 1228 3928 post
1262 3872 1388 3912 eum
1430 3864 1543 3911 tum
1585 3870 1692 3911 non
1720 3855 1842 3910 des-

260 3963 480 4026 perent,
511 3953 612 4008 sed
639 3949 953 4021 poenitentia
977 3947 1294 4002 liberentur.

332 4009 509 4109 Vens.
573 4009 662 4104 3'2:
702 4079 772 4089 —
823 4045 1131 4117 Postquam.
1186 4044 1341 4099 Sicut
1381 4009 1632 4114 praedixit
1670 4041 1848 4097 locum

2011 3239 2174 3295 Vens.
2197 3237 2285 3290 41.
2309 3265 2379 3276 --
2401 3233 2536 3290 Caro
2565 3243 2758 3288 autem.
2781 3233 2898 3288 Non
2921 3234 2988 3289 de
3013 3249 3070 3290 se
3102 3237 3286 3306 utique
3309 3237 3412 3293 hoc
3434 3237 3508 3293 di-

1941 3329 2033 3393 cit,
2057 3328 2150 3383 sed
2171 3327 2236 3382 de
2261 3322 2346 3381 his
2372 3325 2463 3395 qui
2496 3323 2748 3378 dixerunt
2767 3338 2827 3378 se
2860 3339 3134 3394 nunquam
3161 3334 3470 3397 negaturos.

2011 3429 2174 3486 Vens.
2217 3427 2306 3481 42.
2337 3457 2408 3468 —
2437 3427 2636 3481 Iterum
2689 3431 2936 3482 secundo.
2991 3425 3238 3482 Secundo
3264 3435 3419 3494 orat,
3457 3427 3511 3482 id

1939 3529 2044 3585 est,
2076 3520 2119 3574 si
2154 3535 2256 3575 non
2288 3527 2464 3589 potest
2503 3516 2692 3572 Ninive
2738 3517 2936 3574 salvari
2965 3517 3142 3586 aliter,
3178 3519 3280 3574 nisi
3311 3518 3516 3574 aruerit

1942 3612 2221 3668 cucurbita
2245 3651 2260 3677 ,
2302 3611 2354 3666 id
2378 3618 2462 3666 est
2496 3608 2724 3680 populus
2751 3608 3079 3675 Judaeorum,
3109 3609 3201 3681 qui
3225 3610 3376 3681 prius
3408 3609 3513 3665 fuit

1942 3700 2058 3772 ejus
2086 3701 2514 3766 tabernaculum,
2542 3709 2602 3754 ut
2622 3715 2708 3755 me
2729 3700 2961 3755 occidat.

2016 3801 2178 3856 Vens.
2203 3799 2292 3853 44.
2335 3831 2405 3840 -
2435 3798 2612 3855 Oravit
2637 3800 2808 3853 tertio.
2862 3798 3058 3855 Tribus
3086 3801 3292 3856 vicibus
3319 3800 3512 3866 oravit,

1946 3901 2007 3950 ut
2028 3901 2084 3947 et
2111 3909 2208 3948 nos
2233 3909 2264 3947 a
2293 3892 2584 3963 praeteritis
2607 3892 2842 3961 peccatis
2864 3893 3098 3957 veniam,
3127 3902 3184 3947 et
3206 3910 3234 3947 a
3257 3895 3519 3964 poeniten-

1949 3985 2093 4040 tibus
2133 3983 2288 4037 malis
2318 3981 2560 4046 tutelam,
2599 3990 2653 4035 et
2686 3998 2715 4035 a
2751 3982 2944 4037 futuris
2970 3983 3222 4052 periculis
3252 3983 3516 4038 cautelam

395 4070 509 4154 ias:
702 4079 794 4154 ἦ
1162 4070 1632 4154 -Ῠξξιξιξξῖίυξξη
1948 4086 2185 4136 oremus,
2215 4078 2270 4124 et
2302 4079 2362 4124 ut
2390 4085 2605 4125 omnem
2641 4070 2940 4123 orationem
2988 4071 3054 4123 ad
3085 4071 3296 4125 Patrem
3349 4081 3403 4125 et
3434 4072 3522 4125 Fi-

261 4141 574 4214 Ρθδδίθηίδν
597 4139 675 4194 δίε
693 4137 937 4207 madidi
962 4136 1138 4228 locum
1162 4136 1595 4228 Ῐθδυηθθίίθηίδν
1623 4141 1683 4187 ¹¹ί
1711 4136 1852 4187 Sicm
1951 4162 2082 4216 lium
2110 4168 2164 4214 et
2189 4159 2447 4228 Spiritum
2474 4166 2718 4212 sanctum
2747 4157 3058 4228 dirigamus.
3108 4158 3238 4213 ltcm
3273 4159 3413 4214 sicut
3437 4168 3524 4214 est

261 4243 391 4289 sum
419 4234 625 4330 ίτξδιθδ
651 4227 1149 4330 θ¹,Ρ²ξ⁵ῗί⁰“θ’“⁵ί⁶
1176 4225 1426 4330 “item”
1452 4225 1740 4330 δίθτίθθῇίί
1767 4239 1852 4328 ἴθ’
1952 4249 2094 4305 trina
2131 4225 2356 4304 tentatio
2409 4247 2740 4320 cupiditatis,
2789 4225 2948 4302 itaet
2989 4247 3215 4303 timoris.
3252 4248 3349 4303 Est
3379 4248 3523 4303 enim

265 4323 628 4379 surrectione
649 4319 735 4374 vel
758 4319 983 4375 visione.
1031 4317 1337 4371 Prwcedam
1368 4333 1476 4384 vos,
1517 4324 1624 4372 etc.
1658 4316 1728 4372 Ut
1772 4315 1833 4370 in

1945 4339 2383 4411 concupiscentia
2429 4337 2627 4404 carnis,
2669 4338 3105 4408 concupiscentia
3143 4339 3421 4394 oculorum
3461 4351 3519 4395 et

264 4413 599 4469 ﬁrmitatem
636 4423 821 4466 eorum
875 4407 1163 4478 ⁵Ρ⁰⁰³ί⁰¹¹θ
1213 4407 1416 4463 ’θάίωε
1465 4408 1550 4464 sui
1606 4405 1853 4464 cunmm"
1957 4405 2178 4487 ambitio
2210 4429 2411 4486 saeculi.
2441 4428 2537 4484 Est
2564 4437 2619 4483 et
2657 4429 2816 4483 timor
2845 4405 3064 4493 inertis,
3113 4436 3168 4483 ct
3193 4429 3349 4483 timor
3377 4427 3523 4483 utili-

265 4517 444 4561 ῐθῐυνο
1883 4506 1934 4568 Ι)
1961 4522 2104 4587 tatis,
2127 4530 2181 4576 et
2209 4521 2369 4575 timor
2407 4518 2629 4584 doloris,
2659 4525 2846 4572 contra
2875 4532 2993 4586 quae
3021 4520 3200 4572 omnia
3231 4517 3389 4572 docet
3428 4532 3529 4572 nos

340 4607 519 4663 Vens.
569 4605 661 4659 55.
691 4633 760 4642 -
810 4601 927 4657 Etsi
973 4617 1170 4655 omnes.
1217 4599 1334 4655 Non
1376 4608 1461 4656 est
1517 4599 1833 4656 mendaciun

1962 4613 2157 4669 debere
2193 4609 2388 4666 muniri
2435 4607 2698 4664 oratione.
2755 4606 2909 4662 Unde
2964 4614 3019 4661 et
3063 4613 3283 4675 propter
3329 4599 3524 4661 tri’nam

268 4713 372 4754 nec
396 4697 712 4759 temeritas,
744 4694 837 4750 sed
863 4695 996 4749 ﬁdes
1022 4701 1078 4748 et
1105 4693 1300 4748 ardens
1324 4693 1559 4758 dilectio,
1594 4694 1833 4748 intantun

1964 4706 2312 4761 tentationem
2357 4702 2625 4774 passionis
2659 4707 2836 4771 potest
2871 4698 3093 4768 intelligi
3138 4697 3398 4755 Dominus
3444 4706 3530 4755 ter

269 4801 329 4849 ut
357 4789 803 4847 imbecillitatem
841 4802 997 4843 suam
1034 4794 1088 4842 et
1124 4786 1287 4840 ﬁdem
1306 4787 1593 4840 verborum
1615 4784 1710 4840 Dei
1751 4798 1860 4840 non
1965 4809 2165 4852 orasse,

270 4891 669 4939 contueretur.

2037 4895 2202 4950 Vens.
2237 4893 2324 4948 47.
2351 4924 2420 4933 —
2448 4891 2577 4946 Cum
2599 4891 2785 4962 gladiis
2817 4899 2865 4944 et
2886 4889 3130 4960 fustibus.
3156 4889 3378 4945 Factum
3401 4905 3534 4946 con-

348 4984 530 5041 Vens.
565 4983 657 5038 56.
688 5011 758 5022 --
786 4980 852 5035 Et
877 4998 1037 5034 orem.
1079 4979 1330 5036 Proxima
1370 4988 1705 5050 morte-apte
1749 4988 1869 5036 orat
1971 4986 2117 5057 gruit
2137 4991 2353 5038 mutata:
2381 4981 2568 5038 menti.
2613 4980 2732 5036 .lam
2782 4979 2926 5034 enim
2956 4978 3102 5033 venit
3146 4994 3268 5034 cum
3306 4979 3538 5036 fustibus

279 5079 334 5132 in
363 5078 516 5132 valle
562 5074 922 5145 pinguedinis,
951 5074 1075 5141 quia
1100 5087 1196 5141 per
1222 5072 1578 5127 humilitatem
1607 5081 1662 5127 et
1687 5071 1866 5128 chari-
1973 5077 2064 5148 qui
2093 5075 2328 5146 quandiu
2353 5087 2478 5128 cum
2515 5087 2647 5143 pace
2675 5070 2776 5125 fuit
2805 5070 3143 5139 tranquillius
3161 5085 3220 5126 se
3241 5071 3370 5142 egit.

281 5165 415 5222 tatis
441 5162 833 5236 pinguedinem
856 5177 954 5230 pro
983 5160 1136 5214 nobis
1166 5159 1330 5214 subiit
1358 5169 1611 5214 mortem.

2043 5176 2205 5231 Vens.
2236 5174 2324 5229 48.
2361 5205 2426 5214 —
2447 5172 2598 5227 Dedit
2639 5170 2712 5225 eis
2739 5171 2963 5241 signum.
2992 5169 3224 5225 Putabat
3249 5171 3398 5242 signa
3421 5186 3543 5241 qua:

1976 5269 2184 5324 viderat
2211 5281 2314 5321 non
2358 5264 2618 5327 livinitus,
2645 5263 2737 5316 sed
2776 5261 2982 5331 magice
3007 5259 3145 5315 facta
3178 5268 3271 5314 :et
3297 5276 3457 5330 quem
3489 5261 3544 5317 in

1978 5366 2159 5414 monte
2184 5354 2617 5410 transformatum
2646 5352 2906 5413 audierat,
2931 5349 3157 5404 timebat
3183 5365 3250 5404 ne
3274 5351 3364 5404 tali
3385 5352 3544 5407 modo

1979 5463 2123 5504 nunc
2165 5447 2231 5501 de
2278 5444 2523 5500 manibus
2563 5456 2748 5497 eorum
2783 5441 3089 5497 laberetur:
3147 5449 3202 5495 et
3239 5441 3358 5496 ideo
3385 5442 3547 5496 dabat

1981 5542 2214 5610 signum.
2247 5535 2612 5604 Quemcunque
2639 5533 2922 5588 osculatus.
2957 5531 3198 5587 llabebat
3226 5532 3402 5587 adhuc
3447 5532 3546 5585 ali-

353 5275 536 5334 Van.
571 5275 659 5330 37.
688 5303 759 5315 —
797 5272 955 5343 Cozpit
1005 5273 1322 5326 contristari.
1358 5271 1474 5328 Non
1524 5272 1716 5328 timore
1743 5287 1873 5342 pas-

283 5369 488 5435 sionis,
535 5367 631 5436 qui
663 5360 731 5420 ad
765 5367 867 5420 hoc
896 5371 1136 5429 venerat,
1187 5363 1280 5418 sed
1332 5377 1430 5432 pro
1468 5362 1720 5416 seandalo
1747 5377 1876 5433 apo-

286 5445 572 5516 stolorum
607 5465 661 5511 et
688 5455 984 5526 perditione
1009 5453 1311 5520 impiorum.
1342 5451 1546 5522 (HIER.)
1565 5449 1724 5520 Caepit
1755 5467 1878 5505 con-

287 5552 533 5616 tristari,
580 5557 640 5603 ut
682 5547 962 5602 veritatem
1027 5544 1284 5614 assumpti
1333 5543 1568 5598 hominis
1602 5543 1876 5611 probaret.

289 5648 442 5702 Vere
490 5642 851 5699 contristatus
898 5647 1000 5702 est,
1057 5637 1151 5693 sed
1206 5651 1309 5691 non
1350 5637 1532 5706 passio
1552 5634 1667 5704 eius
1700 5635 1880 5689 animo
1981 5632 2112 5703 quid
2136 5632 2200 5685 de
2229 5627 2550 5684 verecundia
2579 5625 2864 5694 discipuli,
2915 5640 3035 5679 cum
3066 5641 3170 5678 non
3201 5639 3324 5678 eum
3370 5623 3547 5692 palam

293 5738 627 5794 dominatur
662 5750 675 5787 :
704 5747 889 5787 verum
931 5729 1208 5800 propassio
1233 5738 1315 5785 est
1338 5772 1352 5797 ,
1400 5729 1540 5785 unde
1565 5729 1642 5784 ait
1671 5746 1684 5782 :
1717 5727 1880 5797 Coepit
1984 5723 2203 5780 tradidit
2226 5719 2704 5786 nersecutionibus,
2732 5715 2825 5772 sed
2851 5731 2948 5787 per
2972 5715 3182 5786 signum
3214 5712 3399 5767 osculi.

636 5833 904 5890 PATnOL.
951 5825 1167 5887 CXIV.
3064 5807 3112 5864 νϐ
