4068 6344
468 390 475 407 ί
520 336 613 392 m

1011 333 1402 389 WALAFRIDI
1438 333 1683 389 STRABI
1719 331 1923 391 FULD.
1964 331 2127 388 MON.
2168 332 2318 391 OPP.
2359 332 2538 390 PARS
2575 334 2619 390 ι.
2654 364 2722 375 -
2770 333 3222 393 THEOLOGICA.

3662 336 3767 393 172

585 443 749 500 Vens.
781 443 872 499 49.
900 472 973 483 -
999 424 1067 496 Et
1099 441 1364 498 osculatus
1391 451 1485 496 est.
1542 441 1793 515 Suscepit
1834 442 2092 499 Dominus
2118 448 2168 509 Α
2194 443 2516 515 cognitionis
2546 443 2661 514 ejus
2690 443 3044 505 abscondant.
3098 446 3251 502 Sicut
3279 444 3457 503 velum
3488 446 3590 503 fuit
3614 465 3775 521 super

515 536 762 593 osculum
790 548 897 620 non
924 548 1032 604 quo
1059 531 1316 589 simulare
1350 548 1449 588 nos
1486 534 1717 599 doceat,‘
1741 533 1834 589 sed
1867 548 1936 587 ne
1961 548 2093 602 pro-

519 628 777 683 ditionem
801 625 988 697 fugere
1015 624 1293 692 videatur,
1330 626 1509 681 unde:
1556 624 1689 681 Cum
1722 626 1803 680 his
1829 626 1920 695 qui
1967 626 2091 680 ode-

516 726 639 770 runt
665 731 866 787 pacem,
900 729 1044 767 eram
1074 713 1325 783 paciﬁcus
1355 712 1528 784 (Psal.
1559 715 1729 785 ωαχ).

584 829 753 885 Vens.
803 828 893 883 52.
940 857 1011 867 —
1050 822 1239 882 Gladio
1295 828 1555 899 peribunt.
1609 828 1800 885 Gladio
1851 828 1942 883 illo
1989 845 2094 898 quo

514 921 705 993 igneus
732 918 960 974 vertitur
983 926 1110 973 ante
1133 919 1468 988 paradisum,
1498 919 1552 975 id
1576 928 1682 986 est,
1709 920 1904 985 divinae
1924 920 2096 988 vindi-

513 1022 639 1078 ctae,
684 1020 739 1068 et
767 1011 944 1081 gladio
974 1010 1219 1081 spiritus,
1251 1010 1303 1064 id
1328 1019 1430 1076 est,
1462 1011 1614 1067 verbi
1645 1012 1760 1066 Dei.

583 1100 749 1156 Vens.
778 1100 865 1155 55.
898 1129 971 1141 —-
994 1101 1075 1154 An
1112 1110 1266 1170 putas
1293 1100 1418 1170 quia
1426 1140 1465 1178 λι
1485 1110 1592 1155 etc.
1630 1100 1795 1168 Quasi
1821 1101 1966 1157 dicat
1990 1117 2095 1157 non

513 1194 726 1265 indigeo
774 1193 976 1250 auxilio
1028 1191 1396 1263 apostolorum
1435 1193 1717 1248 duodecim
1754 1193 1848 1263 qui
1874 1208 2095 1263 possum

512 1287 714 1341 habere
773 1284 1056 1341 duodecim
1112 1283 1353 1355 legiones
1408 1283 1720 1355 angelorum
1747 1324 1763 1350 ,
1812 1283 1867 1338 in
1902 1284 2098 1353 quibus

513 1385 641 1434 sunt
669 1379 1005 1449 septuaginta
1035 1377 1141 1433 duo
1166 1376 1332 1431 millia
1361 1377 1555 1446 quibus
1587 1376 1827 1431 omnium
1857 1376 2097 1445 gentium

512 1468 697 1540 lingua
724 1467 1065 1537 exprimitur.
1096 1465 1277 1520 lnnuit
1301 1473 1482 1520 autem
1502 1481 1611 1521 non
1630 1480 1752 1520 esse
1777 1465 2094 1539 verendum,

515 1559 561 1614 si
610 1566 798 1614 contra
848 1557 1031 1613 lesum
1079 1571 1269 1612 omnes
1318 1555 1567 1610 nationes
1620 1555 1919 1625 insurgant,
1973 1568 2098 1609 cum

515 1648 686 1705 multo
739 1647 991 1703 fortiores
1038 1647 1154 1717 ipse
1202 1645 1400 1702 habeat
1443 1647 1715 1702 exercitus
1761 1645 2092 1715 angelorum.

510 1738 716 1794 Aliter:
740 1736 839 1793 llic
868 1752 1125 1792 numerus
1150 1733 1418 1807 signiﬁcat
1438 1750 1598 1790 omne
1626 1749 1795 1806 genus
1813 1733 2091 1789 hominum

510 1841 634 1882 cum
662 1826 906 1881 Romano
934 1824 1161 1895 imperio
1186 1832 1375 1878 contra
1397 1823 1610 1878 Iudaeos
1640 1832 1991 1878 certaturum.
2024 1821 2092 1876 Hi

511 1923 638 1970 sunt
663 1913 836 1986 angeli
863 1913 981 1980 Dei,
1030 1913 1121 1984 qui
1150 1920 1275 1983 post
1309 1914 1760 1968 resurrectionem
1785 1927 1928 1966 anno
1953 1928 2090 1982 qua-

510 2005 813 2076 dragesimo
839 2006 1077 2059 secundo
1096 2042 1111 2069 ,
1157 2017 1280 2057 cum
1310 2001 1431 2057 Tito
1469 2009 1526 2056 et
1551 2000 1885 2071 Vespasiano
1912 2002 2094 2070 perdi-

510 2095 706 2150 derunt
731 2093 1036 2150 homicidas
1070 2092 1212 2159 illos,
1241 2100 1296 2148 et
1322 2093 1597 2147 civitatem
1624 2092 1836 2148 illorum
1864 2107 2090 2149 succen-

511 2185 728 2238 derunt.

579 2272 742 2328 Vens.
770 2271 857 2327 55.
885 2301 954 2311 —
982 2271 1182 2327 Existis
1208 2289 1326 2327 cum
1352 2272 1563 2344 gladiis.
1598 2272 1834 2327 Stultum
1861 2280 1947 2328 est
1966 2288 2090 2328 cum

509 2364 702 2436 gladiis
739 2372 794 2421 et
824 2364 1057 2420 fustibus
1081 2379 1327 2436 quaerere
1364 2380 1488 2421 eum
1517 2366 1609 2434 qui
1636 2366 1781 2421 ultro
1815 2380 1873 2421 se
1904 2367 2090 2430 tradit,

510 2462 566 2509 et
592 2454 649 2510 in
678 2462 835 2510 nocte
854 2469 951 2525 per
971 2453 1304 2524 proditorem
1340 2455 1666 2527 investigare
1697 2456 1852 2526 quasi
1876 2456 2093 2511 latitan—

511 2553 640 2611 tem,
680 2545 773 2615 qui
814 2544 1055 2614 quotidie
1091 2544 1148 2599 in
1176 2544 1376 2615 templo
1415 2545 1665 2601 docebat.
1712 2545 1819 2601 Sed
1856 2547 1912 2601 in
1942 2555 2094 2604 tene-

510 2641 622 2697 bris
647 2640 1069 2713 congregamini,
1098 2640 1226 2710 quia
1252 2647 1493 2710 potestas
1520 2648 1700 2695 vestra
1729 2641 1785 2695 in
1811 2640 2067 2696 tenebris.

584 2732 749 2789 Vens.
773 2733 862 2788 57.
878 2733 1042 2787 —Ad
1060 2731 1334 2803 Caipham.
1363 2730 1628 2788 Convenit
1647 2747 1843 2787 nomen
1868 2730 2089 2787 actioni.

509 2826 761 2896 Caiphas,
801 2825 854 2880 id
882 2833 985 2890 est,
1025 2824 1383 2895 investigator
1429 2823 1516 2879 vel
1544 2839 1712 2894 sagax
1747 2823 1815 2878 ad
1860 2822 2092 2893 implen-

510 2918 655 2984 dam,
691 2909 902 2972 scilicet
947 2914 1054 2971 doli
1100 2913 1186 2968 sui
1234 2912 1547 2985 nequitiam.
1598 2913 1696 2969 Vel
1717 2908 1950 2968 'vomens
1974 2926 2089 2979 ore,

509 3008 635 3079 quia
673 3006 956 3079 impudens
1008 3005 1076 3060 ad
1117 3002 1498 3075 proferendum
1544 3003 1883 3060 mendacium
1923 3010 1979 3058 et
2023 3001 2091 3058 ad

510 3099 803 3170 petendum
831 3096 1204 3154 homicidium.

582 3206 747 3262 Vens.
781 3206 871 3263 58.
895 3236 966 3247 —
988 3206 1032 3258 A
1061 3204 1233 3276 longe.
1280 3203 1471 3261 Merito
1498 3219 1529 3259 a
1556 3203 1733 3276 longe,
1765 3203 1859 3275 qui
1886 3203 1938 3259 in
1968 3218 2092 3274 pro-

507 3299 659 3356 nimo
684 3298 866 3354 fuerat
885 3305 1198 3370 negaturus,
1240 3295 1508 3368 signiﬁcat
1526 3296 1823 3351 Ecclesiam
1850 3296 2090 3350 imitatu-

514 3407 630 3446 ram
659 3390 966 3461 passionem
1013 3387 1215 3443 Christi
1258 3386 1417 3459 longe
1465 3385 1794 3451 dill‘erenler,
1835 3385 1960 3455 quia
1994 3385 2094 3440 Ec-

512 3483 676 3538 clesia
701 3481 907 3552 patitur
933 3492 1034 3548 pro
1057 3492 1138 3545 se,
1163 3479 1259 3532 sed
1283 3476 1529 3532 Christus
1562 3491 1661 3546 pro
1686 3474 1945 3530 Ecclesia.

582 3575 748 3629 Vens.
773 3573 862 3629 64.
890 3604 960 3613 -
992 3572 1070 3625 Tu
1097 3571 1295 3625 dixisti.
1339 3568 1583 3624 Marcus:
1630 3568 1743 3640 Ego
1771 3584 1886 3623 sum
1910 3582 1926 3621 :
1954 3570 2097 3636 quod

516 3664 658 3719 idem
701 3670 818 3718 est:
846 3662 915 3718 Et
939 3671 1025 3718 est
1046 3661 1239 3717 similis
1268 3667 1456 3715 contra
1486 3657 1718 3713 Pilatum
1744 3667 1800 3713 et
1836 3657 2097 3728 Caipham

516 3753 819 3824 responsio,
855 3758 969 3807 uta
999 3750 1217 3823 propria
1241 3749 1509 3805 sententia
1531 3748 1975 3804 condemnentur.
2004 3745 2100 3800 Fi-

513 3844 643 3899 lium
687 3842 932 3898 hominis.
987 3840 1069 3897 Me
1116 3841 1170 3896 in
1195 3839 1369 3896 forma
1413 3855 1574 3910 quam
1596 3837 1852 3908 iudicatis
1897 3837 2099 3892 exalta-

514 3945 630 3991 tum
677 3944 733 3990 et
757 3935 1044 3990 habentem
1092 3946 1287 3989 nomen
1313 3930 1455 4001 quod
1481 3937 1565 3986 est
1594 3944 1758 4000 super
1789 3941 1949 3984 omne
2004 3943 2099 3983 no-

516 4042 644 4083 men
658 4066 672 4080 .

584 4117 748 4173 Vens.
782 4116 872 4172 65.
909 4144 981 4157 --
1005 4113 1175 4172 Scidit
1202 4113 1524 4168 vestimenta.
1569 4111 1745 4168 Furor
1767 4111 1858 4181 qui
1881 4109 2010 4167 fecit
2035 4110 2101 4166 de

515 4205 651 4264 solio
678 4220 925 4279 surgere,
970 4204 1100 4260 facit
1128 4212 1184 4258 et
1217 4212 1424 4259 vestem
1451 4203 1721 4258 scindere.
1770 4201 1962 4273 Magno
1986 4216 2101 4272 my-

517 4298 720 4354 sterio:
756 4311 879 4352 cum
903 4295 1070 4351 vestis
1100 4293 1310 4349 Domini
1342 4307 1443 4347 nec
1465 4308 1496 4346 a
1528 4291 1790 4347 militibus
1816 4290 1985 4346 scindi
2006 4305 2102 4360 po-

520 4387 640 4443 tuit.
672 4385 953 4458 Signiﬁcat
982 4383 1129 4439 enim
1168 4381 1528 4437 sacerdotium
1576 4395 1763 4435 eorum
1803 4395 1902 4451 pro
1929 4379 2097 4435 scele-

2194 533 2383 590 faciem
2406 534 2595 606 Moysi,
2623 536 2765 603 quod
2789 552 2957 607 usque
2994 537 3153 594 hodie
3188 545 3389 594 manet.

2266 626 2429 681 Vens.
2461 625 2547 682 69.
2576 656 2647 668 —
2678 624 2797 681 Una
2825 626 3042 681 ancilla.
3075 627 3183 684 Cur
3223 628 3397 698 prima
3429 629 3624 686 ancilla
3658 646 3777 701 pro-

2192 715 2272 771 dit
2316 732 2440 772 cum
2478 715 2581 771 viri
2624 717 2796 788 magis
2841 726 3093 787 poterant
3143 732 3470 790 cognoscere
3495 760 3512 783 ,
3564 720 3669 775 nisi
3716 729 3775 776 ut

2197 807 2300 862 iste
2323 821 2486 862 sexus
2508 808 2821 863 ostendatur
2846 808 2899 863 in
2938 823 3126 864 necem
3156 808 3368 865 Domini
3396 825 3653 879 peccasse
3677 831 3691 866 :
3718 822 3775 868 et

2192 911 2288 968 per
2314 898 2618 968 passionem
2647 899 2972 969 redemptus.
3001 900 3069 954 Et
3090 900 3226 964 ideo,
3262 901 3459 956 mulier
3492 903 3666 971 prima
3692 917 3777 959 υθ-
3882 908 3887 913 ’

2195 987 2546 1042 rurrcctionis
2592 988 2909 1059 mysterium
2947 990 3192 1059 accepit:
3240 999 3294 1047 et
3319 990 3567 1046 mandata
3596 1000 3778 1049 custo-

2193 1076 2350 1143 divit,
2377 1085 2437 1131 ut
2470 1085 2710 1133 veterem
2738 1078 3199 1149 praevaricationis
3246 1081 3483 1136 aboleret
3509 1096 3773 1138 errorem.

2196 1167 2350 1226 Sicut
2370 1185 2468 1241 per
2507 1169 2763 1226 feminam
2805 1171 2976 1227 hostis
3027 1172 3281 1242 antiquus
3323 1173 3557 1243 primum
3583 1190 3778 1244 paren-

2194 1268 2303 1315 tem
2333 1261 2566 1326 seduxit,
2596 1262 2671 1315 ita
2695 1276 2792 1331 per
2818 1262 3097 1317 mulierem
3126 1264 3195 1318 ad
3219 1264 3537 1334 magistrum
3574 1280 3776 1335 negan-

2195 1350 2323 1406 dum
2371 1367 2531 1421 quem
2574 1352 2847 1409 Christum
2885 1353 3082 1409 Filium
3107 1355 3202 1411 Dei
3250 1354 3532 1411 confessus
3575 1354 3777 1424 fuerat,

2193 1442 2491 1512 principem
2519 1442 2775 1498 Ecclesiae
2801 1444 3092 1514 compellit.

2264 1532 2427 1588 Vens.
2451 1533 2536 1587 72.
2568 1564 2639 1573 —
2666 1531 2787 1589 Non
2810 1536 2925 1589 novi
2944 1537 3233 1592 hominem.
3265 1536 3437 1605 Quam
3464 1537 3621 1592 noxia
3651 1553 3780 1608 pra-

2194 1638 2382 1678 vorum
2414 1624 2703 1693 colloquia,
2747 1642 2869 1695 quae
2909 1637 3108 1697 cogunt
3131 1618 3352 1683 Petrum
3394 1644 3590 1699 negare
3617 1627 3781 1684 Chri-

2195 1722 2358 1781 stum,
2406 1715 2491 1769 vel
2536 1716 2808 1772 hominem
2858 1732 2918 1773 se
2952 1735 3136 1786 nosse,
3177 1735 3338 1791 quem
3383 1719 3667 1777 confessus
3691 1728 3780 1776 est

2123 1790 2168 1853 Β
2194 1804 2337 1859 inter
2364 1807 2653 1876 discipulos
2682 1808 2774 1862 Dei
2811 1808 3024 1865 Filium.

2263 1894 2426 1950 Vens.
2458 1896 2546 1950 75.
2570 1927 2644 1937 —
2673 1898 2777 1963 Qui
2802 1899 3029 1953 stabant.
3059 1898 3297 1955 Joannes
3329 1909 3386 1957 et
3412 1900 3587 1956 Lucas
3609 1917 3782 1956 unum

2189 1985 2377 2043 dicunt
2402 1998 2691 2059 cognatum
2731 1989 2946 2058 Malchi.
2981 1990 3087 2046 Sed
3109 1991 3193 2046 vel
3215 2000 3297 2045 est
3318 1991 3523 2060 plurale
3546 2007 3647 2061 pro
3670 1992 3783 2046 sin-

2190 2077 2383 2147 gulari.
2423 2077 2521 2133 Vel
2550 2094 2691 2133 unus
2738 2087 2856 2133 erat
2898 2079 2989 2148 qui
3013 2094 3136 2133 eum
3166 2079 3394 2144 viderat,
3425 2088 3479 2134 et
3507 2081 3783 2150 praecipue

2190 2169 2426 2235 dicebat,
2471 2186 2630 2239 quem
2671 2170 2838 2224 secuti
2871 2169 3054 2225 cmteri
3081 2169 3328 2224 similiter
3353 2171 3669 2240 arguebant.

2269 2264 2433 2324 Vsus.
2478 2263 2568 2316 74.
2620 2292 2690 2303 --
2734 2262 2801 2316 Et
2844 2264 3087 2316 continuo
3126 2261 3297 2333 gallus
3347 2263 3596 2317 cantavit.
3653 2261 3787 2317 Post

2192 2356 2406 2411 tertiam
2457 2354 2798 2427 negationem
2849 2353 3094 2422 sequitur
3135 2352 3258 2424 galli
3310 2361 3520 2409 cantus.
3583 2350 3786 2408 Sacra-

2190 2454 2373 2500 menta
2413 2460 2599 2499 rerum
2652 2458 2752 2514 per
2798 2451 2998 2498 statum
3052 2450 3353 2512 temporum
3404 2442 3780 2513 designantur.

2191 2535 2366 2592 Media
2394 2543 2552 2589 nocte
2590 2542 2777 2604 negat,
2808 2532 2863 2586 in
2893 2532 3017 2604 galli
3049 2539 3208 2587 cantu
3234 2531 3481 2602 paenitet,
3526 2541 3648 2602 post
3691 2547 3781 2588 re.

2192 2629 2584 2685 surrectionem
2630 2627 2733 2682 sub
2766 2625 2886 2681 luce
2924 2640 3085 2696 quem
3128 2632 3213 2679 ter
3258 2632 3547 2695 negaverat
3586 2630 3668 2677 ter
3717 2638 3783 2680 se

2193 2734 2375 2776 amare
2402 2717 2676 2788 professus
2708 2724 2792 2771 est
2820 2732 2834 2768 :
2875 2715 3000 2786 quia
3026 2714 3246 2785 quodin
3278 2712 3517 2769 tenebris
3545 2712 3782 2769 oblivio-

2198 2810 2283 2865 nis
2303 2808 2525 2874 erravit,
2555 2812 2783 2877 speratae
2804 2804 2918 2874 jam
2958 2805 3094 2861 lueis
3114 2802 3564 2860 rememoratione
3600 2817 3785 2859 corre-

2192 2899 2309 2954 xit:
2353 2906 2408 2955 et
2428 2898 2668 2969 ejusdem
2693 2911 2837 2952 verae
2862 2895 3000 2971 lucis
3021 2896 3309 2966 praesentia
3333 2894 3491 2966 plene
3519 2895 3785 2966 quidquid

2191 2997 2520 3053 mutaverat,
2542 2987 2737 3045 erexit.

2242 3097 2430 3159 'Vnns.
2463 3100 2550 3155 75.
2588 3129 2661 3140 -
2690 3098 3013 3154 Recordatus
3053 3110 3148 3155 est.
3179 3099 3238 3155 In
3267 3099 3374 3156 alio
3395 3099 3687 3172 Evangelio
3705 3101 3790 3157 di-

2194 3193 2355 3259 citur,
2384 3189 2624 3261 Respexit
2674 3188 2926 3244 Dominus
2973 3187 3193 3244 Petrum
3239 3185 3391 3261 (Luc.
3427 3189 3587 3263 xm),
3615 3199 3671 3246 et
3697 3191 3789 3246 in-

2197 3283 2333 3338 tuitu
2378 3279 2695 3352 provocavit
2736 3279 2803 3334 ad
2848 3278 3139 3351 lacrymas,
3174 3280 3327 3351 quasi
3369 3280 3421 3335 in
3470 3288 3709 3336 mentem
3729 3282 3790 3336 ei

2199 3373 2465 3427 reducens
2507 3372 2721 3442 quoties
2753 3379 3065 3442 negaverat,
3106 3380 3165 3427 et
3191 3373 3333 3442 quod
3360 3373 3410 3427 ei
3438 3372 3786 3443 praedixerat,

2198 3478 2300 3518 nec
2325 3462 2497 3533 potuit
2523 3462 2580 3518 in
2603 3462 2842 3518 tenebris
2866 3476 3206 3533 permanere,
3260 3477 3419 3535 quem
3455 3463 3546 3518 lux
3596 3463 3792 3519 mundi

2199 3553 2455 3623 respexit.
2502 3550 2570 3605 Et
2607 3567 2865 3621 egressus.
2896 3550 2979 3606 Ah
3027 3552 3316 3623 impiorum
3354 3552 3582 3608 consilio
3609 3552 3793 3608 seclu-

2199 3657 2292 3698 sus
2315 3642 2527 3711 culpam
2557 3641 2717 3704 lavat,
2749 3641 2893 3711 quod
2935 3657 3043 3696 non
3074 3643 3237 3697 intus.
3271 3641 3352 3699 Ob
3388 3644 3491 3699 hoc
3534 3643 3794 3699 haesitare

2197 3720 2497 3805 parmissus
2526 3743 2608 3790 est
2633 3734 2771 3789 utin
2797 3733 3052 3790 Ecclesiae
3079 3735 3321 3807 principe
3343 3736 3639 3791 remedium
3668 3749 3795 3806 pte-

2198 3825 2438 3880 nitentia:
2462 3826 2805 3892 conderetur,
2835 3833 2893 3879 et
2918 3838 3078 3879 nemo
3108 3825 3330 3882 auderet
3350 3828 3418 3881 de
3456 3840 3555 3882 sua
3586 3826 3797 3884 virtute

2201 3915 2492 3970 conﬁdere.

2762 4005 2990 4063 CAPUT
3030 4006 3238 4066 XXVII.

2272 4119 2439 4177 Vsus.
2490 4121 2543 4176 l.
2578 4151 2649 4161 —
2690 4119 2851 4175 Mane
2894 4133 3086 4177 autem.
3142 4122 3423 4180 Matthaeus
3464 4132 3523 4180 et
3573 4123 3796 4183 Marcus

2200 4220 2555 4269 contexerant
2600 4212 2967 4275 narrationem
3011 4213 3078 4269 de
3114 4215 3200 4270 his
3245 4231 3366 4285 quae
3390 4231 3514 4272 cum
3558 4216 3796 4273 Domino

2203 4316 2324 4364 acta
2352 4315 2480 4363 sunt
2505 4321 2677 4377 usque
2703 4306 2773 4362 ad
2797 4321 2974 4372 mane,
3025 4308 3121 4363 sed
3146 4317 3335 4379 postea
3361 4310 3591 4364 redeunt
3615 4324 3796 4380 usque

2205 4396 2272 4451 ad
2303 4396 2644 4467 negationem
2670 4395 2817 4451 Petri
2844 4398 3170 4454 narrandam
3196 4415 3209 4452 :
3254 4415 3360 4470 qua
3391 4399 3674 4455 terminata
3701 4415 3796 4456 re-

518 4478 671 4541 ribus
708 4474 1080 4548 pontiﬁcatum
1108 4488 1229 4528 esse
1258 4471 1473 4541 penitus
1510 4470 1824 4526 solvendum
1851 4487 1864 4523 :
1894 4470 1988 4525 sed
2018 4484 2096 4525 so-

2205 4485 2370 4539 deunt
2398 4484 2592 4539 iterum
2619 4485 2685 4539 ad
2713 4498 2890 4550 mane,
2918 4492 2976 4539 ut
3002 4486 3124 4541 inde
3151 4495 3344 4542 caetera
3378 4497 3746 4543 contexerant.

517 4568 701 4645 liditas
738 4566 998 4624 Ecclesia:
1047 4562 1191 4635 (qua:
1238 4561 1405 4617 vestis
1451 4560 1544 4615 Dei
1576 4558 1797 4631 dicitur)
1846 4574 2018 4629 usque
2045 4558 2103 4613 in

504 4627 689 4737 :ﬁnen;
708 4658 889 4714 saeculi
912 4627 1186 4737 indirupta
1214 4652 1475 4708 manebit.
1524 4651 1638 4708 Mos
1684 4627 2102 4707 est-Iudaeorum

521 4766 644 4808 cum
686 4749 888 4820 aliquid
934 4745 1285 4817 blasphemiae
1322 4743 1588 4811 audiunt,
1637 4743 1889 4800 scindunt
1940 4743 2106 4799 vesti-

521 4849 723 4898 menta.
1897 4874 1911 4893 ,

595 4931 749 5001 Quod
791 4928 990 4985 Paulus
1035 4936 1091 4984 et
1139 4927 1413 4983 Barnabas
1448 4924 1696 4981 fecerunt
1734 4924 1789 4977 in
1824 4922 2100 4985 Licaonia,

515 5037 651 5077 .cum
681 5020 810 5076 dicti
835 5029 961 5075 sunt
988 5018 1196 5091 Jupiter
1228 5026 1284 5074 et
1308 5015 1516 5087 Apollo.

505 5143 509 5147 '
598 5132 763 5190 Vens.
792 5130 881 5186 67.
907 5161 978 5174 --
1002 5129 1146 5184 Tunc
1174 5134 1510 5199 exspueruut.
1555 5122 1708 5180 Sicut
1735 5130 1861 5177 tunc
1880 5136 2108 5193 conspu-

518 5234 617 5279 :tus
656 5230 739 5278 est
767 5221 951 5279 salivis
975 5221 1298 5285 inﬁdelium,
1337 5219 1413 5273 ita
1444 5232 1588 5273 nunc
1614 5214 1920 5288 opprobriis
1945 5214 2109 5269 exho-

528 5323 755 5371 noratur
782 5312 1038 5369 falsorum
1060 5311 1322 5376 ﬁdelium,
1368 5315 1426 5363 et
1448 5307 1716 5378 colaphis,
1744 5304 1800 5361 id
1825 5313 1932 5371 est,
1967 5305 2110 5361 blas-

530 5406 760 5480 phemiis
781 5404 1094 5462 eorumdem
1128 5402 1370 5458 caeditur.

603 5495 770 5553 Vnus.
822 5495 910 5551 68.
935 5525 1007 5535 —
1031 5490 1370 5564 Prophetiza.
1411 5489 1608 5545 Dicunt
1640 5486 2022 5544 contumeliam
2060 5487 2112 5543 ei

532 5588 626 5661 qui
651 5601 710 5644 se
741 5587 1062 5658 prophetam
1109 5581 1302 5639 haberi
1344 5579 1515 5636 voluit
1547 5595 1579 5634 a
1607 5578 1841 5651 populis.
1891 5576 2112 5634 Velave-

2274 4575 2518 4631 VERSJ.
2555 4572 2775 4630 Peccavi
2801 4576 3035 4643 tradens,
3073 4586 3177 4632 etc.
3218 4577 3382 4645 Quasi
3422 4579 3477 4634 in
3522 4589 3793 4650 potestate

2203 4680 2299 4721 sua
2347 4674 2492 4722 esset
2542 4680 2754 4722 mutare
2800 4676 3209 4736 persecutorum
3254 4669 3615 4726 sententiam:
3661 4670 3793 4728 licet

2204 4768 2385 4813 autem
2414 4759 2705 4813 mutaverit
2728 4758 3082 4826 voluntatem,
3130 4769 3309 4816 tamen
3331 4761 3520 4831 prima:
3543 4761 3793 4818 volunta-

2205 4849 2274 4904 tis
2296 4849 2499 4903 exitum
2534 4864 2640 4903 non
2691 4848 2939 4902 mutavit.
2984 4849 3123 4914 Quid
3148 4850 3217 4904 ad
3254 4866 3365 4904 nos.
3402 4850 3543 4917 Quid
3590 4853 3659 4907 ad
3691 4867 3791 4907 nos

2204 4936 2441 5005 pertinet
2472 4935 2539 4991 de
2563 4936 2709 4991 hoc?
2737 4945 2793 4988 tu
2819 4937 3024 5001 videris,
3059 4945 3112 4991 tu
3142 4938 3281 4994 scias
3306 4938 3434 5008 quid
3468 4932 3667 4995 fecisti.
3694 4939 3790 4996 Vel

2204 5029 2334 5099 quid
2382 5029 2581 5083 videris
2613 5029 2887 5100 pertinere
2928 5029 2995 5085 ad
3040 5046 3157 5087 nos.
3206 5030 3343 5099 Quid
3381 5032 3449 5086 ad
3494 5048 3593 5088 nos
3623 5035 3791 5105 perti-

2207 5128 2299 5175 net
2322 5119 2552 5189 pretium
2583 5128 2862 5189 acceptum
2888 5132 2902 5173 :
2935 5128 2993 5173 tu
3021 5119 3163 5174 istud
3192 5122 3544 5190 probaveras,
3584 5131 3640 5177 tu
3664 5123 3789 5180 inde

2210 5210 2296 5265 fac
2334 5210 2477 5280 quod
2515 5209 2615 5264 vis.
2664 5208 2766 5276 Qui
2801 5210 2869 5265 ad
2916 5217 3145 5264 mortem
3174 5220 3423 5280 peccant,
3458 5219 3661 5265 tantam
3690 5213 3790 5267 ha-

2208 5301 2339 5357 bent
2371 5300 2730 5372 ignorantiam
2771 5309 2827 5354 et
2850 5299 3170 5365 caecitatem,
3199 5308 3259 5354 ut
3289 5315 3387 5355 nec
3416 5301 3705 5356 turbentur
3733 5302 3791 5357 in

2210 5391 2503 5450 sceleribus
2529 5390 2662 5457 suis,
2710 5404 2811 5445 nec
2851 5389 3183 5459 poenitentiae
3210 5389 3396 5445 dolore
3424 5390 3755 5446 crucientur.

2280 5483 2444 5538 Vens.
2488 5480 2543 5537 5.
2582 5509 2655 5521 -——
2697 5480 2766 5533 Et
2801 5479 3066 5550 projectis.
3114 5479 3267 5535 Sicut
3314 5481 3632 5552 pmnitentia
3672 5481 3789 5552 ejus

2212 5576 2314 5634 fuit
2346 5574 2698 5639 infructuosa,
2735 5574 2813 5628 sic
2833 5581 2888 5627 et
2916 5575 3031 5627 haec
3056 5572 3255 5629 oblatio
3280 5573 3333 5628 in
3361 5573 3559 5643 templo
3583 5583 3668 5630 est
3694 5590 3789 5629 ex-

535 5687 663 5735 runt
689 5678 831 5733 enim
855 5674 1046 5731 faciem
1074 5673 1191 5745 ejus
1216 5669 1507 5728 secundum
1530 5668 1790 5736 Marcum,
1814 5683 1921 5725 non
1945 5676 2115 5724 uteo-
2211 5666 2508 5725 secrabilis.
2559 5664 2626 5718 Et
2667 5663 2866 5719 abiens.
2915 5662 3142 5734 (Hii-Iit.)
3192 5663 3336 5719 Nihil
3386 5664 3588 5734 profuit
3637 5664 3788 5721 Judte

536 5789 658 5831 rum
698 5771 899 5829 scelera
945 5785 1050 5826 non
1087 5769 1305 5833 videat,
1346 5765 1440 5823 sed
1474 5774 1533 5822 ut
1578 5780 1607 5820 a
1652 5764 1844 5835 seipsis
1882 5764 2109 5835 gratiam

2211 5762 2387 5835 egisse
2411 5756 2805 5833 paenitentiam,
2841 5770 2937 5830 per
2964 5771 3127 5828 quam
3157 5756 3333 5812 scelus
3360 5755 3631 5828 corrigere
3677 5772 3783 5813 non
