4068 6344
335 352 437 407 173

1248 348 1516 407 GLOSSA
1556 310 1949 402 ORDINARIA.
1978 371 2050 384 —
2076 342 2329 399 EV’ANG.
2367 342 2625 398 MATTH.

3476 338 3577 396 ΓΗ

329 464 525 536 potuit.
564 461 671 518 Sed
712 460 928 532 quando
950 458 1120 517 frater
1150 460 1229 516 sic
1275 468 1465 530 peccat
1488 459 1543 513 in
1570 457 1811 518 fratrem,
1842 463 1901 507 ut
1931 456 1975 515 Α
2004 452 2217 517 derent,
2248 461 2304 509 et
2328 453 2658 522 proditorem
2678 450 2989 516 liberarent,
3018 464 3139 522 qua
3157 463 3253 506 sua
3274 449 3461 521 petitio
3481 451 3580 507 ho-

329 557 621 613 emendare
648 554 824 609 valeat
861 552 1003 622 quod
1043 554 1325 623 peccavit,
1365 558 1543 621 potest
1584 549 1633 603 ei
1679 546 1898 603 dimitti.

330 645 430 700 Sin
458 651 637 698 autem
672 649 990 713 permanent
1014 656 1198 712 opera,
1227 638 1427 695 frustra
1449 653 1580 695 voce
1609 637 1904 692 assumitur

328 733 670 805 prenitentia.
715 732 828 788 Hoc
860 732 1113 801 estquod
1155 731 1223 786 de
1248 745 1314 785 eo
1335 722 1533 785 dicitur
1562 746 1575 781 :
1622 727 1689 781 Et
1734 726 1900 780 oratio

329 826 445 895 ejus
472 824 568 893 ﬁat
595 824 652 877 in
693 832 957 892 peccatum
1002 819 1174 886 (Psal.
1204 821 1374 890 cvm)
1421 838 1434 874 :
1477 829 1537 874 ut
1575 834 1680 874 non
1728 817 1901 873 solum

329 914 620 967 emendare
648 911 954 982 nequiverit
990 911 1311 981 proditionis
1338 908 1493 964 nefas
1512 949 1527 974 ,
1699 904 1904 977 proprii

330 1003 609 1059 homicidii
633 1003 808 1058 scelus
834 1002 1120 1067 addiderit,
1148 1002 1291 1056 unde
1318 1000 1618 1057 scelestior.

402 1093 569 1149 Vsus.
601 1092 653 1147 6.
681 1123 754 1133 -—
786 1092 910 1147 Non
955 1092 1071 1146 licet
1098 1109 1204 1147 eos.
1238 1091 1379 1147 Vere
1419 1089 1654 1146 colentes
1679 1087 1904 1143 culicem

328 1193 388 1240 et
414 1182 680 1238 camelum
706 1182 997 1253 glutientes
1021 1198 1035 1235 :
1061 1181 1106 1236 si
1128 1181 1271 1236 enim
1293 1180 1544 1235 ideo‘non
1564 1177 1785 1232 mittunt
1810 1190 1905 1246 pe-

330 1275 548 1330 cuniam
576 1274 632 1328 in
661 1274 974 1338 corbonam,
1025 1273 1079 1327 id
1105 1283 1188 1327 est
1207 1312 1224 1339 ,
1268 1272 1322 1325 in
1351 1269 1821 1341 gazophylacium,
1855 1265 1908 1320 id

331 1376 437 1432 est,
470 1366 610 1421 inter
641 1367 777 1421 dona
804 1366 920 1431 Dei,
948 1365 1074 1434 quia
1102 1363 1338 1435 pretium
1374 1361 1654 1432 sanguinis
1679 1365 1779 1419 est,
1812 1372 1908 1412 cur

333 1472 465 1529 ergo
502 1458 614 1527 ipse
643 1455 862 1525 sanguis
888 1454 1220 1509 eﬁ‘unditur?
1247 1453 1316 1508 Et
1338 1452 1468 1523 quid
1499 1449 1706 1521 praemii
1733 1447 1835 1513 eis,
1861 1447 1909 1502 si

336 1550 464 1605 inde
481 1562 611 1619 ager
638 1547 836 1601 emitur
862 1546 918 1600 in
956 1545 1282 1616 sepulturam
1310 1541 1646 1613 pauperum?

407 1637 570 1692 Vnus.
602 1636 655 1690 9.
690 1664 764 1677 -—
800 1633 905 1690 Per
947 1634 1251 1689 Jeremiam.
1292 1631 1495 1703 (Hum)
1541 1630 1655 1686 Hoc
1698 1644 1806 1684 non
1853 1628 1909 1684 in

333 1728 596 1792 Ieremia,
627 1727 722 1782 sed
752 1726 807 1781 in
836 1726 1099 1781 Zacharia
1144 1726 1340 1795 legitur
1366 1742 1379 1777 :
1429 1732 1606 1778 tamen
1634 1722 1754 1777 aliis
1781 1736 1904 1777 ver-

2001 543 2087 599 die
2119 543 2284 598 etiam
2314 543 2483 597 haeret
2506 542 2586 596 eis
2607 582 2621 604 ,
2664 542 2860 596 amissa
2904 547 3061 611 gente
3087 548 3144 595 et
3181 540 3300 596 loco
3324 547 3381 595 et
3414 539 3579 597 liber-

2004 642 2114 690 tate
2138 652 2152 688 :
2190 634 2315 703 quia
2343 635 2584 689 datorem
2614 633 2881 689 libertatis
2909 634 3133 703 perdere
3166 636 3469 689 voluerunt.
3614 675 3617 685 .

2074 721 2236 776 Vsus.
2265 722 2355 776 22.
2386 753 2454 762 —
2484 720 2624 786 Quid
2653 722 2815 791 igitur
2861 721 3053 790 faciam
3082 721 3147 776 de
3188 721 3336 777 Jesu.
3384 720 3576 778 Multas

2002 814 2276 883 quaerebat
2317 814 2646 878 occasiones,
2681 822 2739 867 ut
2767 829 2891 867 eum
2933 828 3054 868 cum
3083 812 3453 869 benevolentia
3483 828 3581 884 po-

2001 907 2113 977 puli
2156 907 2428 962 liberaret.
2480 906 2696 969 Primo,
2765 906 3030 960 latronem
3080 906 3229 976 justo
3274 904 3581 963 conferens.

2006 996 2209 1051 Deinde
2234 1015 2250 1050 ε
2297 996 2437 1061 Quid
2462 1012 2584 1066 ergo
2613 996 2804 1064 faciam
2832 997 2896 1049 de
2919 994 3068 1061 Iesu,
3094 996 3183 1066 qui
3208 996 3402 1051 dicitur
3430 994 3582 1050 Chri-

2002 1086 2162 1140 slus?
2208 1086 2274 1139 Et
2320 1101 2442 1140 cum
2498 1085 2742 1159 dicerent
2779 1103 2791 1139 :
2827 1083 3199 1155 cruciﬁgatur,
3246 1101 3351 1140 non
3398 1085 3578 1142 statim

2005 1177 2294 1246 acquievit,
2325 1177 2418 1231 sed
2439 1174 2595 1245 juxta
2635 1160 3033 1247 suggestionem
3061 1179 3245 1231 uxoris
3274 1178 3349 1232 ait
3374 1194 3389 1231 :
3442 1176 3583 1243 Quid

2004 1267 2142 1322 enim
2169 1266 2294 1321 mali
2316 1267 2433 1337 fecit
2452 1268 2478 1322 ?
2510 1266 2626 1335 Quo
2648 1267 2789 1323 dicto
2817 1267 3018 1321 Pilatus
3040 1267 3268 1323 absolvit
3286 1263 3583 1324 Christum.

2077 1357 2242 1413 Vens.
2276 1357 2367 1412 2i.
2397 1387 2467 1398 -ο
2493 1357 2643 1413 Lavit
2673 1374 2878 1411 manus.
2923 1355 3189 1412 Gentilem
3214 1357 3468 1428 populum
3517 1360 3586 1413 ab

2010 1450 2287 1521 impietate
2313 1448 2619 1504 Judreorum
2664 1447 2899 1502 alienum
2930 1446 3237 1519 designans,
3269 1447 3360 1517 qui
3388 1446 3589 1503 clama-

2008 1550 2204 1597 verunt
2232 1558 2245 1595 :
2285 1537 2569 1610 Crueiﬁge,
2598 1539 2844 1608 cruci/Ege
2879 1555 3019 1593 eum.

2081 1630 2244 1686 Vsus.
2280 1630 2369 1685 25.
2400 1659 2472 1671 ——
2495 1627 2725 1699 Sanguis
2762 1628 2896 1697 ejus.
2950 1626 3266 1684 Perseverat
3295 1642 3465 1698 usque
3494 1627 3589 1683 bo-

2012 1721 2100 1777 die
2155 1721 2502 1793 imprecatio,
2550 1728 2607 1776 et
2649 1719 2872 1790 sanguis
2916 1717 3116 1775 Christi
3176 1735 3282 1775 non
3344 1718 3590 1774 aufertur

339 1820 447 1874 bis.
476 1817 607 1888 Legi
652 1832 827 1887 nuper
849 1815 1098 1871 leremiae
1138 1815 1531 1885 apocryphum,
1565 1814 1619 1869 in
1661 1827 1768 1884 quo
1796 1814 1912 1868 haec
1941 1799 1987 1861 Β
2014 1815 2082 1869 ab
2109 1813 2209 1871 eis.
3554 1834 3583 1861 ο

337 1909 505 1965 verba
531 1908 733 1977 scripta
759 1906 955 1976 reperi.
989 1904 1093 1962 Sed
1121 1914 1296 1961 tamen
1338 1904 1510 1975 magis
1541 1904 1674 1959 mihi
1701 1903 1912 1958 videtur

341 1998 449 2054 hoc
473 2005 745 2067 sumptum
795 1995 864 2050 de
908 1994 1168 2049 Zacharia
1200 2008 1351 2050 more
1385 1992 1773 2063 apostolorum,
1820 1992 1912 2062 qui

336 2090 626 2145 verborum
681 2087 870 2144 ordine
912 2086 1277 2157 praetermisso
1302 2126 1317 2153 ,
1366 2099 1557 2142 sensus
1597 2092 1807 2140 tantum
1843 2082 1912 2139 de

339 2178 524 2234 Veteri
552 2176 896 2234 Testamento
918 2173 1218 2245 proferunt.
1330 2194 1337 2202 ·

410 2271 457 2324 Α
484 2268 609 2338 ﬁliis
653 2266 858 2334 Israel,
903 2275 1011 2322 etc.
1055 2266 1102 2320 A
1126 2264 1320 2335 quibus
1358 2262 1537 2319 minus
1580 2268 1913 2334 oportuerat,

338 2362 437 2436 qui
461 2360 807 2431 magniﬁcare
832 2359 1149 2415 debuerant.

420 2455 589 2511 Vsus.
639 2452 728 2507 li.
775 2481 848 2494 —
897 2449 975 2505 Tu
1010 2466 1064 2503 es
1100 2464 1192 2503 rea:
1226 2447 1558 2503 Judteorum.
1609 2444 1916 2501 Secundum

344 2544 549 2600 Lucam
565 2542 673 2598 duo
694 2539 1024 2609 obiecerant,
1056 2538 1265 2594 scilicet
1287 2538 1430 2607 quod
1462 2537 1782 2608 prohibebat
1801 2533 1918 2589 dari

342 2648 569 2690 censum
600 2630 822 2696 Caesari,
851 2639 907 2686 et
937 2628 1083 2700 quod
1107 2628 1311 2683 diceret
1336 2641 1395 2682 se
1419 2640 1622 2698 regem.
1651 2625 1729 2680 De
1752 2636 1920 2694 regno

296 2714 312 2727 ’
344 2740 478 2797 ergo
512 2724 737 2789 Pilatus,
764 2723 891 2793 quia
940 2720 1131 2786 nescit,
1175 2720 1491 2790 interrogat.
1540 2718 1616 2773 De
1662 2715 1914 2771 tributis:

345 2814 475 2887 quia
523 2814 768 2870 audierat
795 2827 919 2868 eum
961 2810 1300 2882 respondisse
1336 2826 1352 2863 :
1386 2807 1606 2863 Reddite
1640 2822 1758 2878 qua:
1797 2811 1919 2860 sunt

347 2904 574 2960 Ctesaris
613 2903 811 2959 Caesari
852 2900 1001 2973 (Zac.
1038 2902 1101 2972 ιι)
1147 2916 1162 2953 :
1203 2898 1358 2968 quasi
1407 2903 1652 2967 apertum
1699 2895 1922 2950 menda-

346 2998 491 3054 cium
547 2998 850 3053 invidorum
900 2995 1141 3066 negligit.
1197 2993 1352 3049 Unde
1396 2992 1641 3048 Marcus:
1696 2989 1771 3047 Et
1812 3007 1918 3045 non

2086 1905 2250 1961 Vsus.
2272 1903 2363 1960 26.
2393 1935 2463 1944 —
2492 1903 2636 1958 Tunc
2662 1902 2858 1957 dimisit
2887 1901 2991 1956 illis
3034 1900 3349 1958 Barabbam.
3391 1902 3594 1958 Barab-

2014 1996 2113 2052 bas
2139 1996 2278 2051 latro
2304 1997 2593 2052 seditiosus
2631 2005 2688 2051 et
2723 1996 3133 2053 homicidiorum
3170 2005 3377 2063 auctor,
3405 1996 3590 2053 dimis—

2015 2102 2110 2142 sus
2144 2094 2226 2142 est
2262 2087 2461 2157 populo
2489 2085 2818 2142 Iudaeorum.
2866 2085 3040 2159 asin.)
3070 2086 3324 2145 Diabolus
3355 2088 3447 2158 qui
3483 2085 3592 2155 iam

2015 2175 2142 2232 olim
2172 2176 2243 2232 ob
2265 2177 2568 2245 superbiam
2612 2191 2644 2231 a
2669 2176 2843 2246 patria
2870 2176 3003 2231 lucis
3029 2177 3301 2247 expulsus.
3348 2187 3405 2233 et
3432 2178 3487 2233 in
3517 2186 3596 2233 te—

2014 2268 2310 2323 nebrarum
2335 2283 2609 2324 carcerem
2631 2267 2809 2324 fuerat
2830 2268 3044 2324 missus.
3076 2268 3144 2324 Et
3162 2270 3283 2325 ideo
3306 2268 3476 2326 Judaei
3496 2284 3596 2340 pa-

2018 2370 2136 2411 cem
2165 2356 2363 2412 habere
2388 2371 2493 2412 non
2518 2366 2765 2428 possunt,
2787 2358 2913 2427 quia
2944 2359 3266 2416 seditionum
3289 2360 3595 2430 principem

2018 2450 2214 2522 eligere
2273 2451 2599 2508 maluerunt.
2655 2452 2754 2508 Vel
2807 2451 3084 2510 Barabbas
3133 2462 3316 2526 typum
3371 2455 3596 2531 gerebat

2018 2536 2355 2593 Antichristi.

2088 2628 2275 2684 Iesum
2295 2646 2412 2685 vero
2433 2632 2774 2701 ﬂagettatum.
2802 2630 2929 2687 Ideo
2953 2632 3254 2687 credendus
3282 2640 3367 2689 est
3389 2631 3597 2689 Pilatus

2018 2718 2200 2776 Jesum
2224 2718 2521 2791 ﬁagellasse
2540 2729 2596 2776 et
2620 2719 2881 2777 militibus
2902 2721 2971 2777 ad
2992 2721 3322 2777 illudendum
3357 2721 3593 2790 dedisse,

2018 2820 2080 2866 ut
2105 2811 2283 2868 satiati
2309 2811 2483 2882 pmnis
2513 2810 2632 2880 ejus
2656 2819 2712 2868 et
2750 2812 3073 2882 opprobriis,
3118 2810 3286 2867 Judaei
3314 2813 3432 2885 ejus
3456 2828 3603 2868 mor-

2020 2910 2129 2959 tem
2158 2903 2299 2958 ultra
2322 2917 2429 2959 non
2455 2903 2689 2959 sitirent.
2715 2901 2900 2958 Iesum
2936 2919 3075 2958 vero.
3108 2901 3364 2958 Serviens
3399 2902 3604 2959 Roma-

2020 2996 2107 3051 nis
2150 2996 2382 3066 legibus,
2422 3012 2543 3067 que:
2571 2996 2963 3069 cruciﬁgendos
3003 2997 3155 3069 prius
3195 2996 3388 3068 jubent
3420 2996 3601 3070 ﬂagel-

344 3098 497 3145 erant
531 3089 884 3144 convenientia
921 3087 1213 3142 testimonia
1235 3102 1413 3141 eorum
1440 3084 1631 3156 (Marc.
1656 3082 1830 3153 xxxv).
1856 3082 1913 3137 lu
1955 3145 1991 3156 _
2023 3083 2145 3139 lari.

346 3181 457 3236 hoc
502 3178 646 3248 quod
684 3178 890 3232 Pilatus
936 3175 1072 3231 nihil
1115 3174 1261 3229 aliud
1312 3145 1555 3229 criminis
1602 3145 1919 3241 interrogat,
1948 3145 1994 3209 Ο
2094 3174 2258 3230 Vsus.
2304 3177 2395 3233 28.
2426 3205 2497 3217 -—
2538 3176 2878 3247 Chlamydem
2922 3178 3230 3233 coccineum.
3282 3177 3491 3250 (tum)
3541 3178 3599 3240 lu

345 3272 459 3328 nisi
494 3286 564 3325 an
599 3270 671 3326 sit
693 3283 788 3325 rex
815 3267 1122 3324 Judzeorum
1151 3283 1164 3318 :
1193 3272 1491 3337 arguuntur
1517 3263 1809 3332 impietatis
1831 3260 1925 3316 Ju-

348 3364 475 3429 daei,
517 3363 610 3432 qui
639 3376 739 3417 nec
771 3360 908 3416 falso
937 3359 1181 3415 invenire
1205 3363 1497 3428 potuerunt
1538 3353 1681 3425 quod
1726 3352 1925 3425 objice-

350 3462 475 3510 rent
500 3451 788 3509 Salvatori.

421 3542 587 3599 Vsus.
611 3541 698 3596 16.
724 3538 922 3606 —'Qui
945 3537 1215 3593 dicebatur
1241 3534 1531 3591 Barabbas.
1564 3532 1838 3589 Barabbas
1867 3531 1924 3587 in

354 3630 645 3702 Evangelio
694 3629 986 3686 secundum
1017 3626 1272 3683 Hebraeos
1301 3624 1446 3694 ﬁlius
1488 3624 1654 3694 patris
1684 3622 1766 3677 vel
1808 3637 1923 3675 ma-

350 3726 515 3795 gister
560 3737 740 3776 eorum
794 3720 1201 3788 interpretatur.
1250 3715 1368 3785 Ipse
1411 3723 1495 3770 est
1537 3711 1921 3775 Antichristus,

238 3810 247 3815 ’
356 3831 519 3886 quem
541 3813 619 3869 illi
640 3810 856 3868 Christo
878 3807 1193 3880 praeferunt,
1240 3804 1433 3875 quibus
1452 3803 1685 3859 dicitur:
1722 3799 1825 3856 Vos
1861 3817 1927 3855 ea:

352 3915 505 3978 patre
534 3902 740 3958 diabolo
782 3902 903 3956 estis
937 3898 1121 3971 (Joan.
1161 3898 1303 3966 vui).
1352 3896 1561 3952 Pilatus
1586 3895 1679 3966 qui
1700 3912 1758 3950 os
1786 3892 1923 3949 mal-

356 3997 573 4054 leatoris
614 3996 1021 4064 interpretatur,
1063 3988 1335 4046 diabolum
1373 3986 1660 4059 signiﬁcat,
1707 3986 1800 4057 qui
1844 3994 1929 4041 est
1982 3978 1993 3989 ’

357 4085 583 4142 malleus
607 4084 869 4140 universa:
899 4091 1076 4146 terrae,
1097 4093 1196 4149 per
1214 4093 1374 4148 quem
1401 4077 1657 4133 Dominus
1680 4092 1805 4132 vasa
1832 4091 1927 4131 sua

356 4172 625 4246 permittit
667 4170 925 4242 probari:
961 4176 1016 4225 et
1051 4169 1119 4223 ad
1143 4166 1391 4222 ultimum
1419 4166 1670 4232 conterit,
1715 4166 1931 4236 quando

360 4266 417 4320 in
446 4272 686 4321 extrema
713 4264 1056 4319 damnatione
1084 4260 1403 4333 confringet.
1442 4268 1458 4284 ‘

431 4358 596 4413 Vsus.
623 4356 711 4410 Π.
741 4386 813 4396 -—
843 4355 1009 4421 Quem
1052 4354 1226 4410 vultis.
1252 4353 1456 4424 Populo
1492 4353 1678 4409 volens
1720 4351 1931 4408 satisfa-

335 4502 348 4549 Ι

359 4631 622 4687 Christus.
654 4630 802 4686 ldem
830 4630 974 4701 quod
997 4628 1209 4683 Marcus
1234 4627 1312 4683 ait
1337 4644 1351 4681 :
1393 4641 1577 4697 regem
1602 4626 1933 4694 Judzeorum,

362 4737 596 4796 quorum
621 4736 718 4777 rex
737 4720 993 4776 Christus
1014 4720 1327 4774 vocabatur.

436 4832 601 4886 Vsus.
634 4832 721 4887 l9.
750 4861 822 4871 —
851 4830 959 4884 Pro
1002 4827 1272 4883 tribunali.
1319 4818 1576 4884 Tribu’ﬁal
1622 4829 1779 4885 sedes
1798 4827 1941 4898 judi-

362 4936 512 4984 cum,
552 4929 613 4975 ut
653 4920 845 4977 solium
894 4936 1099 4991 regum,
1139 4920 1393 4975 cathedra
1438 4920 1740 4975 doctorum.
1794 4919 1942 4975 Uxor

361 5013 502 5083 ejus.
559 5012 708 5067 Uxor
753 5013 856 5066 viri
901 5012 1117 5083 gentilis
1164 5012 1267 5067 hoc
1316 5011 1371 5065 in
1415 5011 1623 5066 visione
1669 5011 1932 5083 intelligit,

364 5104 511 5173 quod
552 5101 720 5158 Judaei
756 5103 1038 5172 vigilantes
1084 5101 1381 5172 intelligere
1426 5102 1732 5157 noluerunt.
1788 5102 1938 5157 Nihil

365 5196 482 5249 tibi.
513 5193 666 5250 Nunc
697 5195 912 5250 demum
941 5194 1183 5249 diabolus
1215 5193 1516 5263 intelligens
1539 5208 1636 5263 per
1667 5193 1937 5249 Christum

367 5299 429 5340 se
458 5284 626 5355 spolia
675 5286 1031 5349 amissurum,
1084 5284 1224 5338 sicut
1254 5284 1486 5351 primum
1537 5298 1636 5352 per
1661 5283 1941 5339 mulierem

366 5383 601 5430 mortem
628 5374 849 5440 intulit;
901 5376 974 5429 ita
1015 5375 1173 5429 modo
1205 5389 1304 5443 per
1330 5372 1608 5428 mulierem
1640 5374 1754 5428 vult
1786 5373 1941 5429 Chri-

369 5473 515 5521 stum
536 5466 601 5521 de
623 5466 869 5521 manibus
889 5464 1194 5521 Judazorum
1224 5464 1474 5531 liberare,
1499 5478 1568 5519 ne
1593 5479 1690 5533 per
1710 5473 1940 5521 mortem

370 5557 490 5628 ejus
514 5557 705 5612 mortis
733 5557 945 5612 amittat
974 5556 1278 5626 imperium.
1562 5610 1566 5615 .

443 5645 721 5725 Vsus.-2l.
754 5676 815 5686 —
847 5645 1141 5699 Barabbam
1163 5684 1177 5711 ,
1198 5652 1303 5700 etc.
1330 5644 1523 5700 Filium
1546 5644 1744 5701 diaboli
1767 5645 1942 5718 elege-

373 5743 502 5791 runt
518 5749 619 5805 pro
629 5735 764 5791 Filio
792 5734 910 5801 Dei,
931 5742 989 5789 ut
1002 5732 1334 5790 Salvatorem
1364 5748 1485 5790 cum
1513 5749 1610 5790 sua
1631 5734 1802 5793 salute
1821 5750 1973 5807 ρει-ο,

2024 3267 2302 3339 chlamyde
2325 3268 2578 3325 coccinea
2602 3284 2765 3339 opera
2796 3271 3033 3339 gentium
3061 3281 3286 3328 cruenta
3313 3280 3601 3328 sustentat.

2022 3358 2082 3414 ln
2131 3373 2331 3414 corona
2361 3359 2570 3428 spinea,
2622 3359 2967 3415 maledictum
3005 3360 3163 3417 solvit
3200 3362 3497 3431 antiquum.
3542 3362 3603 3418 In

2022 3448 2253 3514 calamo,
2279 3455 2543 3504 venenata
2568 3449 2765 3505 occidit
2794 3450 3067 3506 animalia.
3103 3450 3194 3505 Vel
3216 3451 3480 3507 calamum
3522 3459 3604 3508 te-

2025 3547 2119 3594 net
2146 3538 2201 3594 in
2230 3553 2413 3602 manu,
2443 3545 2502 3592 ut
2523 3538 2871 3609 sacrilegium
2899 3540 3162 3596 scriberet
3183 3539 3507 3596 Judaiorum.
3539 3541 3600 3597 In

2025 3631 2138 3687 suis
2160 3629 2399 3687 vestibus
2431 3644 2541 3689 non
2568 3630 2844 3697 illuditur,
2892 3631 2985 3687 sed
3011 3632 3065 3687 in
3114 3631 3200 3688 his
3239 3648 3360 3702 qum
3379 3638 3604 3705 propter

2025 3731 2248 3793 peccata
2283 3729 2466 3778 nostra
2501 3723 2759 3792 portavit.
2809 3722 2942 3778 Cum
2990 3724 3397 3795 cruciﬁgeretur
3439 3740 3599 3783 suum

2027 3814 2231 3885 recepit
2254 3823 2630 3869 ornamentum
2668 3813 2851 3869 statim
2879 3830 2893 3867 :
2934 3814 3058 3884 quia
3091 3814 3357 3871 elementa
3387 3814 3608 3871 turbau-

2032 3914 2142 3971 tur,
2173 3912 2229 3960 et
2250 3904 2495 3962 Creatori
2520 3903 2887 3960 testimonium
2912 3904 3004 3958 dat
3023 3912 3295 3959 creatura.

2101 3995 2265 4051 Vsus.
2298 3993 2388 4048 52.
2414 4022 2485 4033 ——
2507 3991 2831 4063 Cyrenarum.
2880 3992 3019 4048 Ecce
3068 4008 3177 4048 non
3204 3993 3479 4060 Hebraeus,
3509 3997 3606 4050 sed

2030 4085 2329 4155 alienigena
2355 4082 2643 4153 opprobrio
2678 4081 2881 4137 Christi
2910 4083 3188 4149 subditur,
3234 4093 3293 4139 ut
3328 4085 3604 4155 plenitudo

2031 4182 2493 4232 sacramentorum
2517 4173 2752 4230 transire
2784 4189 2816 4227 a
2841 4174 3251 4232 circumcisione
3289 4176 3357 4232 ad
3395 4190 3605 4247 praepu-

2033 4267 2166 4321 tium
2200 4254 2537 4321 ostendatur.

2104 4361 2268 4416 Vsus.
2300 4361 2390 4415 '55.
2418 4390 2493 4401 -—
2513 4355 2787 4430 Golgotlta.
2835 4357 3033 4430 Syrum
3066 4367 3173 4426 est,
3199 4368 3255 4416 et
3285 4361 3610 4432 interpretii;

357 4462 486 4505 cere
516 4447 611 4503 dat
646 4445 918 4516 optionem
957 4446 1213 4514 quamvis-
1247 4459 1352 4499 non
1403 4437 1611 4501 dubitet
1659 4443 1932 4499 Christum
1960 4512 2005 4521 _
2038 4459 2126 4506 ωι-
2146 4449 2427 4517 εαιυατίω,
2454 4466 2561 4505 non
2592 4449 2664 4504 ob
2695 4450 2970 4505 calvitium
2995 4450 3123 4506 Adae
3146 4465 3306 4521 quem
3337 4450 3611 4507 mentiun-

335 4512 666 4612 ’eligendum
680 4512 869 4595 sciens
894 4512 992 4607 per
1017 4537 1273 4591 invidiam
1296 4536 1575 4590 traditum.
1604 4535 1709 4601 Qui
1742 4536 1937 4590 dicitur
1960 4512 2016 4574 Ῑ)
2041 4549 2130 4595 tur
2156 4540 2228 4595 ibi
2251 4512 2536 4609 sepultum,
2563 4539 2656 4595 sed
2682 4539 2750 4594 ob
2772 4512 3183 4595 decollationeni
3203 4541 3601 4607 damnatorum.

2037 4630 2206 4686 Adam
2222 4627 2378 4697 juxta
2405 4627 2619 4684 Hebron
2641 4628 2695 4683 in
2715 4628 2851 4684 libro
2878 4626 3004 4684 Jesu
3028 4629 3224 4701 legitur
3250 4630 3507 4700 sepultus.

2003 4763 2030 4794 ι
2108 4738 2274 4793 Vsus.
2310 4737 2400 4793 34.
2429 4768 2500 4778 -—
2521 4736 2653 4792 Cum
2683 4737 2803 4807 felle
2835 4738 3069 4792 mistum.
3097 4738 3250 4795 Alius
3283 4739 3611 4812 evangelista

2041 4831 2171 4888 dicit
2212 4830 2545 4896 mirrlmtum,
2602 4829 2657 4884 id
2702 4837 2802 4894 est,
2849 4823 3265 4885 amarissimum.
3314 4833 3382 4887 Et
3436 4833 3613 4902 potuit

2041 4929 2268 4991 utraque
2287 4934 2408 4975 esse
2431 4919 2737 4975 commistio
2755 4917 2892 4975 fellis
2913 4927 2969 4975 et
2985 4923 3237 4991 myrrhae.
3282 4922 3349 4977 Et
3378 4939 3494 4978 cum
3514 4916 3614 4994 gu-

2040 5023 2225 5067 stasset
2252 5011 2437 5066 noluit.
2467 5011 2582 5067 Hoc
2612 5011 2822 5068 Marcus
2863 5022 3006 5068 tacet
3033 5032 3047 5067 :
3077 5015 3243 5069 noluit
3271 5015 3457 5070 bibere.
3498 5014 3615 5074 Hoc
3677 5066 3680 5069 .

2040 5116 2126 5161 est
2150 5104 2291 5173 quod
2330 5103 2539 5159 Marcus
2566 5104 2678 5158 ait:
2710 5121 2814 5158 non
2834 5106 3046 5175 accepit,
3074 5107 3281 5163 scilicet
3307 5119 3364 5161 ut
3382 5108 3613 5165 biberet.

2113 5193 2276 5248 Vsus.
2300 5193 2388 5248 '55.
2410 5193 2808 5249 —-Diviserunt.
2858 5195 2973 5251 Hoc
2996 5196 3230 5254 Joannes
3263 5199 3568 5255 distinctius
3599 5218 3612 5253 :

2044 5286 2367 5341 vestimenta
2394 5284 2450 5339 in
2472 5294 2705 5355 quatuor
2731 5294 2913 5356 partes
2951 5297 3012 5342 ut
3039 5288 3277 5344 Ecclesia
3306 5289 3359 5345 in
3387 5299 3617 5360 quatuor

2045 5375 2289 5447 partibus
2316 5375 2501 5430 mundi
2551 5375 2809 5445 signetur.
2854 5377 3059 5433 Tunica
3114 5379 3304 5435 sortita
3354 5379 3615 5449 signiﬁcat

2045 5464 2284 5519 omnium
2313 5464 2548 5532 partium
2588 5466 2849 5520 unitatem
2892 5467 3108 5523 vinculo
3148 5469 3450 5533 charitatis,
3499 5481 3619 5538 quae

2045 5562 2214 5620 sorte,
2241 5554 2294 5609 id
2316 5563 2422 5620 est,
2469 5555 2643 5624 gratia
2672 5555 2766 5612 Dei
2790 5557 3054 5628 provenit,
3087 5573 3190 5612 non
3217 5558 3455 5613 humano
3479 5556 3620 5611 arbi-

2047 5645 2168 5701 trio.

2119 5736 2281 5793 Vsus.
2306 5737 2395 5793 57.
2425 5770 2491 5779 -—
2519 5739 2768 5796 Causam.
2821 5739 2927 5796 Pro
2970 5757 3073 5799 uua
3099 5756 3223 5795 eum
3250 5738 3420 5797 Judaei
3444 5738 3621 5795 Pilato
