4068 6344
455 401 556 460 1ῖὸ

952 390 1338 451 WALAFRIDI
1377 384 1621 444 STRABI
1659 381 1860 438 FULD.
1903 375 2068 434 MON.
2108 373 2258 432 OPP.
2300 371 2477 429 PARS
2514 371 2556 426 Ι.
2597 401 2664 411 -
2700 367 3152 425 THEOLOGICA.

3591 363 3694 422 176

453 520 810 578 tradiderunt.
841 515 952 569 Rex
991 526 1087 582 per
1115 521 1330 564 crucem
1357 519 1462 559 non
1491 501 1742 573 perdidit,
1773 495 1868 553 sed
1891 509 2018 550 con-
2045 495 2115 555 Α.
2193 489 2356 543 Vens.
2387 487 2476 541 51.
2502 515 2571 526 ——
2599 484 2667 538 Et
2699 501 2812 538 ecce
2840 481 3006 537 velum
3037 479 3232 550 templi.
3273 477 3342 534 Ut
3378 491 3502 532 arca
3535 484 3692 532 testa-

456 611 691 667 ﬁrmavit
721 605 1021 676 imperium,
1052 599 1218 656 velint
1243 596 1411 651 nolint
1433 592 1621 648 Judaei.

527 701 691 757 Vens.
719 699 808 752 38.
837 726 906 736 ——
933 691 1076 746 Unus
1103 708 1133 743 a
1160 687 1375 741 dextris.
1421 683 1571 739 Unus
1602 696 1633 733 a
1677 676 1882 733 dextris
1925 688 2022 744 per

456 808 617 864 quem
676 784 1015 845 mortiﬁcatio
1069 779 1403 850 signiﬁcatur
1445 773 1623 829 carnis
1672 785 1770 839 pro
1815 764 2021 821 caelesti

456 883 664 954 gloria:
705 891 843 932 unus
872 889 900 926 a
935 869 1189 932 sinistris,
1237 880 1333 936 per
1369 877 1531 933 quem
1573 860 1768 913 iterum
1814 851 2021 923 signiﬁ-

458 982 614 1028 catur
643 964 988 1024 mortiﬁcatio
1019 959 1198 1015 carnis
1225 972 1323 1029 pro
1348 954 1524 1022 aliqua
1555 949 1736 1005 mundi
1765 959 1947 1002 causa.

529 1062 689 1116 Vens.
719 1057 807 1113 '59.
839 1085 910 1096 —
942 1048 1399 1121 Blasphemabant.
1450 1042 1769 1098 Praedictum
1817 1042 1936 1092 erat
1969 1033 2022 1086 in

459 1155 594 1210 libro
613 1148 901 1221 Sapientia:
930 1144 1081 1216 (Cap.
1113 1142 1176 1211 ιι)
1203 1158 1216 1192 :
1259 1137 1316 1192 Μ
1319 1146 1426 1190 orte
1462 1132 1759 1203 turpissima
1785 1125 2025 1182 condem-

461 1258 638 1299 nemus
670 1255 806 1294 eum.
845 1236 962 1291 Erit
987 1234 1124 1288 enim
1153 1237 1412 1299 respectus
1436 1226 1489 1278 in
1520 1219 1839 1277 sermonibus
1862 1213 2022 1268 illius.

461 1335 518 1390 Si
547 1335 684 1389 enim
713 1345 825 1385 vere
852 1326 1022 1380 Filius
1065 1322 1157 1376 Dei
1187 1329 1280 1384 est,
1317 1316 1554 1386 suscipiet
1594 1311 1742 1365 illum
1765 1317 1814 1361 et
1841 1306 2031 1360 libera-

462 1428 532 1482 bit
558 1424 706 1479 illum
729 1422 792 1474 de
814 1434 971 1472 manu
999 1413 1400 1469 contrariorum.
1443 1406 1576 1474 Quia
1604 1417 1732 1473 ergo
1757 1397 2033 1465 cruciﬁge-

463 1519 640 1579 hatur,
685 1519 738 1566 et
761 1525 867 1564 non
896 1506 1243 1566 liberabatur,
1274 1499 1562 1555 credebant
1600 1494 1750 1548 illum
1776 1505 1882 1544 non
1912 1499 2032 1541 esse

463 1611 560 1668 Dei
595 1609 828 1665 Filium:
876 1611 1156 1675 propterea
1200 1593 1451 1668 pendenti
1482 1593 1536 1647 in
1562 1590 1706 1660 ligno
1753 1583 2030 1644 insultant,

464 1713 520 1761 et
539 1711 698 1772 caput
717 1699 922 1770 agitant
947 1714 959 1750 :

534 1769 698 1852 Vens.
729 1769 818 1847 to.
848 1820 916 1832 --
941 1787 1002 1844 Si
1036 1784 1208 1840 Filius
1237 1781 1335 1836 Dei
1365 1797 1434 1836 es.
1465 1776 1522 1832 Si
1552 1769 1930 1830 insultantihus
1950 1780 2036 1820 ce-

2122 579 2289 632 rnenti
2343 587 2399 631 et
2441 576 2621 630 omnia
2660 580 2996 628 sacramenta
3039 571 3170 640 legis
3216 585 3336 639 quae
3376 568 3694 638 tegebantur

2123 674 2447 736 appareant,
2473 675 2528 719 et
2557 664 2620 718 ad
2649 671 2835 733 gentes
2862 668 3157 715 transeant.
3192 658 3455 727 Josephus
3481 658 3558 712 ait
3585 658 3696 710 vir-

2125 765 2266 812 tutes
2290 757 2565 826 angelicas
2583 754 2843 825 praesides
2867 753 3135 821 quondam
3172 749 3354 819 templi
3393 759 3516 802 tum
3553 748 3698 816 pari—

2125 857 2208 903 ter
2233 848 2602 904 conclamasse
2635 863 2650 899 :
2678 853 3016 899 transeamus
3043 842 3108 896 de
3129 842 3213 896 his
3236 841 3472 895 sedibus.
3504 838 3694 892 Velum

2125 941 2267 1010 quod
2302 940 2578 995 dicebatur
2611 936 2850 992 exterius
2878 952 2892 990 :
2925 934 3048 1003 quia
3088 947 3231 987 nunc
3271 947 3335 985 ex
3371 939 3523 1000 parte
3552 929 3698 983 vide-

2125 1048 2246 1087 mus
2273 1049 2287 1098 ;
2318 1048 2439 1086 cum
2471 1039 2650 1086 autem
2681 1028 2888 1084 venerit
2911 1028 3055 1104 quod
3091 1023 3387 1094 perfectum
3419 1030 3532 1082 est,
3566 1030 3696 1074 tunc

2124 1123 2300 1176 velum
2339 1121 2565 1176 interius
2597 1119 2948 1186 dirumpetur.
2995 1115 3158 1168 Terra
3188 1121 3333 1166 mota
3370 1122 3466 1165 est.
3496 1108 3694 1164 Omnia

2127 1212 2391 1267 elementa
2432 1223 2586 1263 suum
2625 1205 2912 1260 Dominum
2952 1201 3268 1258 cruciﬁxum
3306 1201 3698 1255 demonstrant.

2130 1303 2296 1357 Terra
2333 1308 2600 1363 movetur,
2650 1297 2934 1352 Dominum
2983 1309 3137 1350 suum
3189 1293 3508 1362 pendentem
3560 1290 3704 1345 ferre

2131 1409 2238 1449 non
2272 1393 2561 1448 sustinens.
2605 1387 2799 1444 Petrae.
2843 1388 2901 1441 ld
2948 1399 3032 1441 est
3075 1387 3235 1441 corda
3270 1383 3578 1455 gentilium,
3616 1384 3706 1437 vel

2130 1489 2382 1544 vaticinia
2423 1486 2834 1558 pr0phetarum,
2870 1481 2959 1552 qui
2992 1490 3160 1551 petra:
3194 1478 3442 1534 dicuntur
3483 1492 3515 1530 a
3551 1484 3706 1546 petra

2132 1579 2368 1643 Christo,
2394 1584 2454 1631 ut
2478 1574 2739 1646 quidquid
2765 1573 2818 1627 in
2845 1571 2924 1626 eis
2950 1572 3084 1624 duro
3114 1568 3244 1638 legis
3271 1566 3537 1622 velamine
3559 1566 3709 1620 clau-

2133 1668 2251 1726 sum
2278 1677 2415 1733 erat,
2454 1667 2679 1722 scissum
2709 1671 2918 1734 pateret
2940 1658 3208 1740 gentibus.

2206 1761 2368 1815 Vens.
2397 1754 2656 1811 52.—Et
2682 1760 3036 1808 monumenta.
3064 1750 3132 1803 Et
3160 1757 3342 1802 tamen
3366 1761 3487 1801 cum
3514 1761 3708 1801 monu-

465 1889 596 1944 dens
621 1882 970 1941 descenderet
1011 1878 1077 1934 de
1105 1890 1295 1942 cruce,
1338 1873 1592 1926 virtutem
1627 1861 1896 1938 patientiae
1929 1873 2033 1913 non
2061 1850 2110 1910 B
2136 1861 2318 1910 menta
2342 1857 2524 1921 aperta
2553 1854 2694 1910 sunt,
2724 1859 2830 1899 non
2867 1849 2994 1897 ante
3024 1845 3393 1903 surrexerunt,
3425 1852 3587 1906 quam
3610 1836 3710 1889 Do-

467 1980 878 2036 demonstraret.

483 2014 878 2036 .ς...υ..σ......υ..

483 2091 490 2098 ·
535 2066 702 2122 Vens.
730 2063 819 2118 42.
847 2090 917 2102 --
942 2058 1010 2113 Et
1042 2056 1308 2112 credemus
1333 2053 1398 2106 ei.
1424 2045 1784 2104 Fraudulenta
1812 2037 2040 2110 promis-
2070 2014 2079 2021 ’

466 2161 586 2218 sio.‘
626 2155 799 2227 majus
829 2153 959 2208 facit
1001 2161 1225 2220 surgens
1253 2146 1317 2200 de
1346 2139 1609 2212 sepulcro,
1642 2143 1696 2188 et
1724 2147 1829 2188 non
1867 2126 2040 2184 credi-

469 2255 578 2309 tis:
623 2251 669 2307 si
700 2263 828 2318 ergo
856 2245 922 2300 de
947 2219 1115 2299 cruce
1148 2236 1530 2295 descenderet,
1579 2242 1683 2282 non
1728 2219 2034 2278 crederetis.

469 2347 576 2403 Sed
599 2347 702 2400 hoc
729 2342 1000 2397 daemones
1035 2331 1414 2392 immiserunt;
1454 2321 1635 2379 statim
1686 2317 1829 2372 enim
1854 2323 2040 2368 sense-

471 2446 596 2493 runt
635 2436 886 2490 virtutem
915 2427 1114 2491 crucis,
1166 2413 1221 2477 et
1247 2434 1373 2476 suas
1416 2416 1561 2471 vires
1610 2410 1812 2476 fractas
1840 2412 1896 2460 et
1939 2403 2042 2457 hoc

469 2537 636 2602 agunt
662 2534 721 2582 ut
747 2525 811 2580 de
840 2535 1000 2578 cruce
1036 2511 1349 2572 descendat.
1395 2507 1503 2563 Sed
1531 2503 1709 2560 sciens
1735 2500 1837 2555 hoc
1863 2491 2044 2551 Domi-

469 2637 590 2686 nus,
623 2621 902 2690 permanet
921 2618 982 2666 ut
1005 2605 1276 2664 diabolum
1301 2602 1560 2657 destruat.

533 2680 812 2766 Veiis“.
835 2734 904 2744 -—
930 2701 1166 2772 Idipsum
1189 2704 1360 2749 autem
1380 2699 1427 2745 et
1454 2688 1701 2742 latrones.
1723 2680 1882 2736 Prius
1901 2684 2046 2731 uter-

470 2818 576 2876 que
601 2769 1230 2870 blasphemavit,vdeinde
1256 2785 1389 2839 visis
1433 2779 1599 2851 signis
1628 2790 1768 2830 unus
1795 2769 2040 2827 credidit.

473 2859 555 2949 ita
583 2859 810 2958 uterque
834 2882 1058 2956 populus
1088 2880 1256 2933 Deum
1303 2874 1450 2944 prius
1478 2863 1867 2937 blasphemavit
1891 2879 1903 2914 :
1953 2859 2046 2914 sed

471 2985 609 3040 alter
628 2949 795 3050 signis
825 2949 1045 3031 territus
1070 2966 1340 3040 paenituit,
1361 2971 1419 3019 et
1455 2957 1828 3016 nuncJudaeos
1847 2949 2044 3020 arguit.

544 3042 710 3128 vm'.
740 3070 828 3124 45.
875 3057 952 3107 ’-
993 3063 1035 3116 Α
1080 3069 1227 3116 sexta
1267 3065 1442 3111 autem
1468 3053 1622 3106 liora.
1673 3047 1832 3111 Nota,
1862 3042 1974 3100 sole
2015 3055 2048 3095 a

466 3172 659 3222 centro
685 3156 870 3216 mundi
919 3164 1199 3210 recessuro
1243 3142 1578 3212 cruciﬁgitur
1601 3136 1886 3196 Dominus,
1921 3129 2048 3200 quia

471 3263 692 3327 propter
739 3252 959 3319 peccata
1001 3241 1230 3296 moritur
1245 3277 1260 3302 ,

474 3366 596 3408 cum
623 3349 900 3419 peccasset
950 3351 1133 3394 vocem
1179 3329 1389 3388 Domini
1425 3323 1647 3380 audivit.
1695 3318 1763 3373 Et
1795 3314 1929 3372 ordo
1964 3318 2048 3366 est

473 3405 723 3505 rationis,
766 3443 824 3492 ut
853 3447 960 3504 quo
997 3439 1237 3497 tempore
1264 3415 1637 3493 praevaricanti
1678 3411 1808 3466 Adae
1834 3405 2046 3470 clausit,

472 3553 539 3593 eo
565 3544 804 3603 tempore
835 3521 1117 3597 poenitenti
1145 3515 1341 3572 latroni
1385 3513 1605 3582 ianuam
1651 3509 1857 3558 reseret
1892 3513 2051 3568 para-

477 3625 601 3682 disi.
630 3584 783 3688 Qitod
806 3584 1018 3671 hiarcus
1047 3609 1121 3663 ait
1155 3608 1288 3661 hora
1326 3600 1483 3656 tertia
1517 3591 1849 3651 crucilixisse
1869 3584 2050 3641 Domi-

475 3730 625 3776 num,
673 3711 792 3765 ideo
831 3714 950 3769 est,
994 3707 1054 3755 ut
1099 3696 1310 3754 Iudaeos
1357 3691 1449 3761 qui
1477 3701 1536 3743 se
1560 3687 1837 3744 excusant,
1878 3675 2051 3744 magis

478 3773 811 3864 cruciﬁxisse
835 3795 1082 3852 ostendat
1115 3786 1341 3858 linguis,
1393 3793 1555 3851 quam
1582 3773 1781 3832 milites
1821 3779 2051 3838 quorum

479 3893 730 3952 manibus
756 3890 954 3944 factum
991 3889 1116 3938 est:
1166 3856 1257 3948 qui
1298 3875 1432 3929 hora
1471 3867 1628 3925 tertia
1671 3871 1733 3919 ut
1771 3856 2052 3926 cruciﬁge-

481 3995 630 4044 retur
674 3979 1115 4039 inclamaverun‘t.
1162 3964 1385 4034 Quando
1424 3961 1567 4016 enim
1611 3951 1902 4012 cruciﬁxus
1945 3953 2048 4011 est,

479 4081 615 4135 hora
644 4080 761 4128 erat
789 4067 942 4141 quasi
992 4070 1166 4126 sexta,
1198 4058 1252 4112 id
1271 4063 1355 4110 est
1379 4068 1484 4108 non
1506 4049 1679 4104 adhuc
1699 4043 1852 4114 plene
1877 4043 2049 4093 sexta.

551 4167 713 4223 Vens.
741 4128 829 4216 46:
851 4188 923 4199 ——
949 4155 1016 4209 Et
1040 4154 1177 4208 circa
1205 4148 1386 4201 horam
1410 4154 1619 4196 nonam.
1647 4134 1780 4190 Cum
1802 4128 2054 4185 inclinata

481 4265 566 4315 est
585 4256 701 4310 dies
728 4251 795 4306 ad
822 4257 1099 4316 vesperam
1129 4246 1186 4294 et
1221 4232 1518 4306 tepefactus
1543 4236 1629 4283 est
1651 4224 1732 4280 sol
1757 4239 1788 4276 a
1818 4221 2051 4279 fervore,

487 4622 684 4676 docens
709 4609 1052 4669 resuscitatos
1079 4604 1130 4656 in
1165 4598 1340 4653 anima
1369 4609 1426 4650 se
1452 4605 1570 4646 esse
1595 4585 1974 4659 producturum
1998 4581 2052 4634 in
2081 4574 2130 4632 D

485 4672 661 4785 lucem
686 4711 899 4759 aeterna:
925 4690 1213 4750 fclicitatis.
1265 4684 1373 4748 Eli,
1421 4679 1527 4746 Eli,
1571 4677 1781 4731 lamina.
1815 4672 2053 4738 Quorum

1298 4776 1312 4785 .
1480 4771 1492 4785 .
1571 4777 1612 4785 ,.
1667 4762 1930 4785 “unum
1993 4757 2048 4785 ,η

487 4775 714 4867 suscipit
762 4798 1050 4849 naturam,
1095 4776 1404 4836 eorumdem
1442 4771 1619 4842 plorat
1663 4762 1954 4820 iniseriam.
1993 4757 2050 4811 ln

487 4904 594 4962 quo
631 4856 868 4942 ostendit
892 4884 1149 4947 quantum
1175 4869 1277 4941 ipsi
1309 4866 1437 4921 ﬂere
1465 4863 1660 4918 debent
1687 4856 1778 4927 qui
1806 4858 2051 4923 peccant.

488 4941 569 5035 Sic
602 4974 816 5033 mireris
852 4967 1138 5024 verborum
1182 4958 1536 5016 humilitatem
1590 4959 1645 5006 et
1692 4941 2055 5017 querimonias

491 5063 764 5127 derelicti,
794 5072 918 5115 cum
952 5055 1179 5110 formam
1206 5047 1349 5104 servi
1375 5045 1552 5101 sciens
1578 5034 1886 5095 scandalum
1929 5045 2056 5085 cru-

489 5157 573 5215 cis
595 5154 798 5210 videas.

559 5244 725 5300 Vens.
748 5241 835 5295 47.
865 5267 935 5278 —-
961 5233 1186 5301 Quidam
1215 5238 1406 5283 autem.
1452 5221 1569 5277 Non
1599 5230 1800 5277 omnes,
1836 5211 2058 5268 forsitan

493 5332 743 5396 Romani,
768 5325 982 5384 .llebraei
1029 5320 1290 5378 sermonis
1315 5316 1626 5385 ignorantes
1653 5304 2056 5374 proprietatem.

499 5425 592 5481 Vel
613 5422 774 5492 aliqui
795 5417 961 5476 Judazi
997 5414 1269 5470 Christum
1292 5407 1557 5462 minorem
1584 5397 1701 5454 Elia
1725 5399 2060 5464 reputantes,

496 5526 556 5573 ut
579 5513 698 5584 ejus
719 5511 976 5568 auxilium
1006 5507 1337 5574 deprecetur.

564 5574 727 5664 Visne.
748 5603 845 5658 49.
875 5629 947 5642 --
975 5597 1100 5653 Sine
1129 5592 1410 5648 videamus.
1449 5583 1586 5652 Quia
1628 5593 1815 5636 vocem
1852 5574 2065 5631 Domini

496 5698 634 5756 male
671 5691 1038 5764 intelligebant
1059 5726 1074 5751 ,
1123 5684 1323 5738 frustra
1368 5677 1496 5733 Elia:
1541 5671 1922 5744 exspectabant
1966 5665 2064 5721 ad-

499 5801 733 5847 ventum.

2141 1944 2321 1998 minus
2355 1945 2694 2009 resurgeret,
2722 1942 2784 1989 ut
2819 1941 2964 1989 esset
2997 1929 3382 2001 primogenitus
3417 1941 3487 1983 ex
3526 1925 3714 1981 multis

2139 2035 2417 2090 fratribus.
2455 2031 2686 2101 Corpora
2723 2037 3039 2082 sanctorum.
3073 2024 3136 2078 Hi
3167 2021 3418 2078 credendi
3439 2027 3710 2074 suntcum

2140 2127 2365 2182 Domino
2387 2121 2707 2179 ascendente
2725 2118 2972 2174 similiter
2991 2114 3295 2169 ascendisse
3314 2125 3436 2166 cum
3459 2123 3704 2178 corpore.

2211 2218 2373 2274 VEBS.
2404 2215 2494 2270 55.
2517 2243 2588 2254 -
2615 2211 2682 2265 In
2706 2218 2938 2263 sanctam
2967 2205 3244 2259 civitatem.
3273 2201 3570 2257 Jerusalem
3593 2215 3712 2268 qua:

2142 2315 2326 2362 sancta
2359 2303 2556 2359 dicitur
2593 2308 2816 2370 propter
2844 2293 3120 2365 templum,
3165 2302 3221 2348 et
3262 2292 3460 2347 Sancta
3495 2298 3708 2346 sancto-

2143 2417 2282 2466 rum,
2310 2400 2450 2471 quod
2475 2397 2616 2453 nulla
2646 2395 2770 2450 alia.

2212 2491 2377 2546 Vens.
2400 2489 2490 2545 5i.
2520 2517 2590 2528 —
2613 2483 2860 2541 Centurio
2882 2491 3074 2535 autem.
3099 2479 3164 2534 Hi
3185 2479 3239 2533 in
3260 2475 3512 2534 seandalo
3536 2473 3714 2530 crucis

2141 2583 2466 2640 conﬁtentur
2487 2579 2674 2636 Deum.
2695 2577 2856 2631 Arius
2883 2575 2936 2628 in
2960 2572 3199 2628 Ecclesia
3222 2569 3476 2640 praedicat
3505 2574 3718 2622 creatu-

2143 2689 2280 2739 ram,
2305 2687 2464 2741 quem
2493 2668 2622 2724 caaci
2663 2665 2827 2720 Judaei
2857 2678 2956 2718 nec
2987 2663 3066 2716 tot
3089 2658 3361 2715 miraculis
3383 2657 3627 2712 credunt.
3654 2654 3714 2709 ln

2143 2764 2460 2821 centurione
2492 2762 2622 2815 ﬁdes
2645 2755 2900 2812 Ecclesia:
2924 2753 3265 2824 designatur,
3299 2763 3417 2819 qum
3458 2745 3578 2800 velo
3598 2759 3713 2800 cte-

2145 2855 2358 2911 lestium
2388 2850 2766 2923 mysteriorum
2800 2860 2894 2916 per
2930 2849 3156 2898 mortem
3199 2839 3408 2895 Domini
3446 2845 3710 2898 reserato,

2143 2951 2324 3008 Jesum
2350 2948 2543 3004 Filium
2571 2945 2664 2999 Dei
2692 2949 2904 2997 tacente
2927 2935 3208 3010 Synagoga
3230 2933 3532 2990 conﬁrmat.

2216 3041 2382 3097 Vens.
2435 3039 2523 3093 55.
2549 3067 2619 3078 ——
2646 3033 2894 3088 Mulieres
2930 3029 3122 3084 multas.
3156 3025 3438 3081 Matthmus
3462 3029 3517 3076 et
3539 3019 3719 3074 Lucas

2149 3133 2335 3189 dicunt
2356 3129 2582 3184 Mariam
2615 3121 2981 3196 Magdalenam
3025 3133 3056 3173 a
3093 3117 3249 3187 longe
3291 3113 3522 3169 stetisse.
3555 3109 3718 3166 Joan-

1314 3243 1370 3290 et
1404 3232 1573 3286 Adam
1613 3234 1738 3299 post
1767 3220 2046 3278 meridiem
2074 3231 2119 3295 C
2149 3241 2247 3281 nes
2284 3236 2414 3278 vero
2440 3221 2586 3290 iuxta
2609 3229 2847 3277 crucem,
2877 3211 3003 3281 quia
3027 3217 3176 3263 tanto
3204 3202 3486 3260 intervallo
3507 3201 3714 3261 aberat,

2149 3327 2209 3376 ut
2233 3318 2389 3388 juxta
2427 3315 2697 3370 diceretur
2736 3322 2751 3361 :
2791 3306 2916 3375 quia
2946 3308 3145 3372 praesto
3186 3304 3305 3354 erat
3343 3296 3397 3350 in
3425 3299 3718 3362 conspectu

2149 3381 2298 3480 ejus,
2327 3415 2382 3461 et
2407 3405 2565 3473 longe
2606 3394 3006 3468 comparatione
3048 3389 3218 3444 turba;
3251 3384 3538 3458 propioris.
3582 3381 3718 3436 Pos-

2150 3514 2335 3557 sumus
2372 3497 2533 3552 etiam
2573 3491 2752 3546 dicere
2776 3485 2918 3556 quod
2943 3483 3046 3538 illae
3075 3495 3193 3552 qua:
3217 3485 3373 3534 erant
3399 3489 3523 3529 cum
3544 3480 3722 3528 matre

2151 3587 2362 3644 Domini
2388 3591 2673 3656 postquam
2697 3592 2818 3633 eam
2841 3570 3235 3631 commendavit
3258 3564 3539 3636 discipulo,
3566 3563 3720 3618 abire

2151 3675 2416 3746 coeperint
2437 3673 2578 3743 jam,
2625 3678 2684 3724 ut
2721 3683 2752 3722 a
2781 3664 3045 3722 densitate
3083 3659 3254 3715 turbae
3286 3661 3540 3711 eruerent
3571 3667 3630 3707 se
3665 3659 3725 3705 et

2153 3741 2348 3824 caetera
2388 3741 2506 3833 quae
2546 3759 2685 3816 facta
2729 3763 2855 3813 sunt
2892 3752 3104 3820 longius
3151 3749 3506 3802 intuerentur.
3559 3741 3723 3797 Mini-

2152 3868 2374 3916 strantes
2393 3857 2458 3910 ei.
2475 3839 2890 3910 Consuetudinis
2913 3843 3189 3899 Hebraicre
3209 3849 3328 3895 erat
3344 3879 3358 3903 ,
3391 3845 3449 3891 ut
3469 3834 3723 3890 mulieres

2153 3951 2221 4006 de
2258 3945 2559 4003 substantia
2588 3958 2682 3998 sua
2719 3933 3138 4010 praeceptoribus
3165 3931 3278 3986 suis
3304 3928 3674 3982 ministrarent
3701 3941 3716 3976 :

2154 4039 2295 4111 quod
2321 4037 2577 4092 Dominus
2599 4031 2824 4101 accepit,
2855 4037 2916 4082 ut
2941 4023 3245 4093 exemplum
3268 4021 3421 4074 daret
3441 4014 3718 4087 apostolis.

2225 4128 2388 4182 Vens.
2421 4125 2507 4180 56.
2536 4155 2606 4164 —
2643 4119 2846 4176 Jacobi.
2885 4114 3118 4170 Iacobus
3143 4111 3348 4182 Alphwi
3388 4109 3564 4162 minor
3591 4106 3722 4161 dici-

2155 4231 2245 4277 tur
2268 4222 2335 4275 ad
2364 4215 2719 4274 diﬁ‘ereutiam
2743 4210 2948 4273 Jacobi,
2981 4207 3073 4276 qui
3101 4207 3242 4259 inter
3272 4202 3476 4272 primos
3508 4205 3723 4267 aposto-

2155 4313 2237 4368 los
2260 4318 2484 4365 vocatus
2512 4315 2597 4361 est
2624 4312 2679 4359 et
2701 4302 2905 4356 electus
2927 4314 2956 4352 a
2979 4296 3225 4352 Domino.

2227 4402 2393 4455 Vens.
2417 4399 2590 4452 57.-
2613 4393 2784 4448 Homo
2829 4390 2986 4444 dives.
3031 4385 3167 4453 Quia
3196 4383 3262 4438 ad
3297 4379 3580 4453 praesidem
3619 4375 3724 4430 nisi

2156 4495 2307 4549 dives
2337 4489 2591 4545 accedere
2613 4501 2718 4540 non
2752 4488 2981 4553 poterat,
3041 4492 3147 4531 non
3172 4475 3313 4544 quod
3343 4470 3556 4530 divitias
3578 4481 3727 4522 com—

2159 4583 2373 4638 mendet
2399 4576 2743 4648 evangelista.
2769 4572 2950 4626 Dictus
2977 4576 3062 4624 est
3094 4574 3148 4621 et
3175 4565 3426 4626 decurio,
3465 4560 3591 4629 quia
3626 4557 3728 4610 fuit

2159 4677 2225 4731 de
2247 4672 2437 4728 ordine
2454 4668 2619 4724 curiae
2633 4675 2687 4720 et
2707 4662 2938 4717 cilicium
2958 4655 3482 4716 curaministrabat,
3506 4665 3603 4720 per
3624 4650 3728 4702 hoc

2159 4763 2335 4834 potuit
2373 4759 2573 4814 habere
2607 4753 2946 4812 facultatem,
2987 4763 3084 4817 per
3110 4747 3211 4801 hoc
3239 4742 3380 4813 quod
3415 4737 3725 4808 discipulus,

2161 4865 2264 4917 hoc
2298 4856 2594 4914 ministerio
2621 4853 2812 4921 dignus
2837 4847 2954 4901 fuit.
2984 4841 3286 4912 Discipulus
3316 4846 3426 4891 erat
3448 4833 3596 4887 Iesu.
3625 4829 3730 4884 Hic

2164 4951 2376 5006 accessit
2408 4949 2475 5000 ad
2513 4944 2763 4998 Pilatum.
2804 4937 2916 4992 Etsi
2953 4933 3216 4995 occultus,
3250 4930 3424 4984 vitans
3449 4925 3599 4994 prius
3628 4921 3734 4977 ini-

2163 5041 2399 5096 micitias
2445 5032 2783 5096 Judaeorum,
2830 5029 2885 5084 in
2929 5027 3033 5082 hoc
3073 5032 3314 5079 extremo
3367 5016 3542 5072 oﬁicio
3597 5011 3734 5068 nihil

2162 5140 2318 5190 curat
2337 5133 2400 5184 de
2424 5129 2545 5183 illis.

2234 5223 2395 5277 Vens.
2422 5219 2510 5273 59.
2533 5213 2681 5267 -ιη
2719 5210 2951 5282 symlone
2978 5204 3192 5260 munda.
3223 5198 3461 5271 Mystice.
3493 5193 3736 5249 Sindone

2164 5311 2363 5368 munda
2385 5307 2566 5363 Iesum
2589 5302 2825 5362 involvit,
2848 5299 2939 5369 qui
2965 5310 3098 5367 pura
3127 5300 3304 5348 mente
3326 5303 3449 5344 eum
3477 5283 3732 5352 suscepit.

2165 5405 2300 5460 Hinc
2315 5402 2478 5457 etiam
2501 5412 2617 5451 mos
2636 5380 2889 5449 Ecclesiae
2909 5390 3092 5451 habet,
3113 5393 3173 5440 ut
3197 5378 3522 5437 sacriﬁcium
3546 5373 3737 5428 altaris

2166 5508 2274 5548 non
2301 5489 2501 5551 serico,
2532 5500 2640 5539 non
2675 5495 2853 5551 panno
2890 5477 3091 5539 tincto,
3131 5472 3226 5527 sed
3258 5483 3394 5539 puro
3420 5466 3562 5520 lineo
3588 5461 3736 5518 cele-

2167 5583 2320 5637 hretu
2329 5593 2373 5632 r.

2243 5668 2405 5721 Vens.
2431 5665 2519 5719 60.
2546 5693 2615 5702 -
2643 5660 2709 5714 In
2750 5664 3082 5712 monumento
3117 5668 3210 5706 suo
3252 5663 3400 5703 novo.
3431 5642 3566 5710 Quia
3604 5639 3651 5697 si
3680 5639 3738 5692 in

2174 5762 2542 5819 monumento,
2567 5749 2658 5805 ubi
2678 5748 2812 5804 alius
2837 5744 3040 5817 positus
3067 5748 3226 5805 esset,
3260 5741 3567 5808 poneretur,
3597 5727 3743 5784 altus
