4068 6344
372 452 462 506 177

1295 450 1561 509 GLOSSA
1600 449 1992 509 ORDINARIA.
2034 480 2098 489 —
2137 451 2386 508 EVANG.
2427 450 2684 508 ΜΑΤΤΗ.

3494 455 3593 512 178

369 566 585 618 fortasse
614 561 971 618 resurrexisse
1003 560 1311 635 ﬁngeretur.
1352 565 1409 620 In
1447 574 1627 635 petra,
1671 579 1738 619 ne
1775 581 1820 618 ει
1849 578 1915 618 ex
1946 565 1992 623 A
2022 567 2229 621 rexisse
2258 564 2452 620 Filium
2489 567 2614 632 Dei,
2651 566 2798 621 audit
2826 565 3015 621 merito
3047 583 3060 619 :
3097 564 3220 620 Noli
3249 582 3329 621 me
3359 574 3592 639 tangere,

369 654 540 710 multis
575 653 838 724 lapidibus
879 655 1200 711 aediﬁcatum
1249 665 1422 723 esset,
1452 656 1691 712 suﬁ‘ossis
1735 654 1925 710 tumuli

367 743 716 801 fundamentis
745 745 952 801 ablatus
979 745 1123 802 furto
1151 747 1430 803 diceretur.

434 833 586 889 Vens.
615 836 700 890 61.
723 867 792 876 —
815 837 980 891 Erant
1007 847 1179 891 autem
1219 839 1310 892 ibi.
1353 839 1485 893 Aliis
1522 837 1666 893 notis
1701 837 1825 893 Jesu
1856 837 1923 893 ad

366 943 458 982 sua
500 928 873 995 redeuntibus,
927 930 1054 984 solae
1090 931 1341 985 mulieres
1380 947 1499 1000 qua:
1533 931 1734 986 arctius
1774 946 1922 984 ama-

365 1021 515 1086 bant,
544 1018 862 1089 obsequium
894 1019 1093 1075 funeris
1130 1021 1516 1090 inspiciebant,
1549 1028 1920 1090 exspectantes

363 1106 498 1178 quod
526 1109 846 1177 promiserat
878 1107 1034 1165 Iesus
1066 1127 1079 1164 :
1108 1116 1163 1164 et
1199 1110 1317 1164 ideo
1344 1110 1532 1180 prima:
1564 1111 1919 1166 resurrectio-

361 1213 475 1254 nem
515 1199 717 1254 vident.

424 1289 586 1346 Vens.
617 1291 704 1346 65.
733 1320 806 1333 -
833 1287 961 1347 Post
981 1302 1104 1347 tres.
1147 1293 1192 1347 A
1223 1302 1376 1362 parte
1405 1301 1606 1359 totum,
1638 1294 1775 1349 sexti
1813 1295 1916 1350 diei

357 1395 459 1450 quo
491 1379 784 1436 cruciﬁxus
819 1390 905 1436 est
931 1397 1052 1436 cum
1081 1397 1177 1436 sua
1203 1391 1359 1438 nocte
1397 1398 1495 1452 pro
1518 1397 1624 1438 uno
1650 1383 1754 1438 die.
1785 1382 1919 1438 Sab-

354 1473 532 1527 batum
556 1474 780 1543 integre.
809 1473 1021 1539 Tertius
1041 1475 1154 1530 dies
1171 1491 1200 1528 a
1224 1485 1374 1546 parte
1394 1475 1590 1544 prima,
1620 1475 1673 1530 id
1699 1482 1801 1541 est,
1829 1491 1920 1530 no-

353 1572 432 1619 cte
456 1565 626 1619 totius
657 1581 780 1620 cum
807 1580 906 1621 suo
935 1565 1145 1629 diurno,
1174 1575 1228 1620 et
1257 1566 1334 1619 sie
1356 1575 1439 1620 est
1470 1564 1728 1619 triduum.

417 1653 585 1708 Vens.
613 1651 698 1708 66.
721 1684 791 1693 —
819 1653 875 1706 Μ
881 1655 1121 1708 unicrunt
1153 1654 1466 1724 sepulcrum.
1506 1654 1788 1724 Diligentia
1829 1669 1920 1710 eo-

350 1761 463 1800 rum
492 1754 698 1800 nostrte
726 1744 928 1815 profuit
950 1743 1091 1799 ﬁdei.
1133 1743 1266 1799 Nam
1297 1751 1500 1816 quanto
1535 1744 1763 1814 amplius
1796 1760 1913 1798 ser-

347 1833 596 1902 vabatur,
621 1842 768 1902 tanto
781 1834 954 1904 magis
973 1835 1142 1889 virtus
1157 1834 1569 1890 resurrectionis
1589 1833 1912 1890 ostenditur.

875 1969 1100 2026 CAPUT
1141 1971 1373 2027 XXVIII.

411 2101 576 2155 Vens.
617 2101 666 2154 1.
702 2131 772 2141 -
805 2099 1054 2173 Vespere,
1093 2112 1196 2160 etc.
1241 2103 1472 2176 (litem)
1510 2103 1663 2171 Quod
1703 2104 1913 2161 diversa

342 2199 584 2262 tempora
614 2192 838 2248 istarum
855 2195 1160 2263 mulierum,
1185 2205 1314 2263 etc.,
1344 2214 1505 2269 usque
1529 2198 1598 2251 ad
1624 2198 1776 2254 adire
1805 2215 1913 2255 non

338 2290 650 2351 potuerunt,
673 2299 828 2339 mane
855 2286 1072 2341 adeunt.
1102 2285 1274 2342 Maria
1303 2285 1632 2358 Magdalene,
1674 2296 1722 2342 et
1745 2287 1912 2344 altera

339 2365 537 2430 Maria.
577 2377 702 2434 Duae
742 2378 900 2435 unius
939 2379 1173 2436 nominis
1209 2389 1262 2435 et
1305 2381 1605 2436 devotionis
1638 2381 1910 2450 mulieres,

337 2464 466 2520 duas
519 2467 826 2539 signiﬁcant
863 2470 1045 2540 plebes
1077 2471 1195 2542 pari
1225 2471 1509 2526 devotione
1549 2471 1747 2528 Christi
1789 2487 1910 2543 pas-

337 2555 545 2610 sionem
585 2564 640 2612 et
674 2560 1120 2614 resurrectionem
1150 2561 1550 2630 amplectentes.

402 2647 572 2703 Vens.
602 2648 656 2703 2.
680 2679 752 2690 —
787 2649 960 2706 Terrae
989 2661 1179 2705 motus.
1221 2650 1373 2707 Sicut
1413 2653 1464 2707 in
1490 2652 1738 2722 passione
1763 2660 1817 2708 et
1854 2653 1909 2708 in

336 2742 733 2797 resurrectione
780 2743 840 2798 ﬁt
897 2752 1072 2800 motus
1130 2755 1288 2801 terrze
1338 2761 1353 2800 :
1407 2745 1679 2816 signiﬁcat
1725 2756 1908 2802 autem

335 2833 497 2888 corda
525 2840 857 2889 terrenorum
879 2849 976 2905 per
1002 2835 1157 2892 ﬁdem
1185 2836 1449 2907 passionis
1471 2846 1527 2892 ct
1550 2837 1908 2893 resurrectio-

334 2922 418 2978 nis
470 2923 542 2979 ad
592 2927 960 2996 ptenitentiam
1017 2930 1297 2984 movenda.
1365 2928 1598 2985 Revolvit
1654 2930 1900 3001 lapidem.

334 3012 533 3072 Clauso
574 3019 746 3086 potuit
785 3019 935 3073 exire
981 3021 1248 3090 sepulcro.
1281 3022 1373 3092 qui
1416 3022 1598 3077 clauso
1635 3031 1793 3078 natus
1821 3032 1906 3078 est

333 3104 563 3176 virginis
587 3113 756 3161 utero.
785 3108 1066 3165 Revolutio
1082 3111 1274 3181 lapidis
1303 3111 1571 3183 signiﬁcat
1596 3115 1898 3170 reseratio-

331 3208 462 3248 nem
488 3204 943 3252 sacramentorum
969 3198 1202 3265 Christi,
1241 3216 1360 3270 qua:
1385 3202 1504 3256 velo
1535 3203 1724 3258 littera:
1764 3214 1906 3273 tege-

2025 659 2253 712 nondum
2280 659 2416 712 enim
2447 659 2656 713 ascendi
2684 658 2752 712 ad
2798 656 3009 712 Patrem
3039 673 3209 712 meum
3250 658 3432 729 (Joan.
3471 661 3589 731 xx).

2091 753 2252 808 Vens.
2297 751 2384 805 10.
2408 781 2476 791 -
2513 751 2786 806 Nuntiate.
2828 750 2900 806 Ut
2938 751 3128 806 mulier
3162 750 3434 806 mortifera
3474 767 3590 807 ser-

2019 841 2195 910 pentis
2219 842 2383 895 verba
2411 841 2682 906 narravit,
2715 841 2788 895 ita
2817 841 2975 896 modo
3012 840 3176 896 verba
3222 840 3590 904 viviﬁcatoris,

2021 940 2131 985 uta
2153 945 2256 1000 qua
2279 938 2403 985 tunc
2430 945 2596 994 mors,
2627 930 2785 985 modo
2810 931 2876 984 ab
2911 945 2972 984 ea
2998 930 3124 984 vita.
3152 928 3426 984 Fratribus
3442 931 3590 984 meis.

2017 1021 2158 1076 Ante
2202 1024 2364 1076 etiam
2411 1035 2596 1075 servos
2632 1021 2876 1084 vocavit,
2910 1021 3068 1074 modo
3106 1020 3328 1085 fratres,
3369 1030 3429 1074 ut
3470 1031 3594 1091 post

2019 1112 2473 1168 resurrectionem
2509 1111 2752 1165 eamdem
2788 1111 3176 1165 humanitatem
3210 1112 3585 1182 resumpsisse,

2019 1209 2073 1258 et
2095 1201 2210 1256 illos
2233 1201 2373 1255 idem
2399 1215 2617 1269 sperare
2645 1201 2852 1255 doceat.

2088 1287 2249 1347 Vens.
2293 1289 2380 1344 l2.
2406 1319 2476 1328 --
2497 1287 2782 1343 Pecuniam
2818 1289 3100 1359 copiosam.
3135 1287 3339 1361 (litem)
3369 1288 3468 1356 Qui
3503 1304 3590 1343 re-

2016 1385 2116 1441 bus
2148 1382 2400 1439 Ecelesize
2429 1381 2722 1435 abutuntur
2767 1379 2820 1433 in
2861 1378 2980 1432 aliis
3018 1377 3179 1432 rebus
3213 1377 3408 1447 quibus
3435 1393 3587 1432 suam

2017 1472 2268 1543 expleant
2298 1469 2660 1534 voluntatem,
2676 1467 2878 1524 similes
2905 1476 3030 1522 sunt
3057 1466 3357 1522 scribarum
3377 1473 3431 1521 et
3456 1467 3592 1521 Pha-

2018 1561 2294 1615 risaeorum
2339 1567 2394 1613 et
2439 1558 2777 1613 sacerdotum
2818 1556 3194 1610 redimentium
3247 1555 3584 1614 mendacium

2017 1662 2072 1708 et
2105 1651 2418 1722 sanguinem
2445 1649 2762 1703 Salvatoris.
3260 1721 3268 1729 '

2089 1746 2250 1801 Vens.
2292 1745 2376 1799 15.
2411 1774 2478 1784 —
2507 1741 2699 1800 Furati
2719 1750 2840 1798 sunt
2867 1757 2983 1796 eum
3014 1741 3158 1796 nobis
3191 1739 3583 1796 dormientibus.

2018 1834 2198 1907 (Λυσι.)
2251 1833 2310 1889 Si
2347 1833 2701 1899 dormierunt,
2751 1831 3017 1902 quomodo
3060 1831 3354 1886 viderunt?
3385 1831 3442 1886 Si
3477 1846 3584 1887 non

1836 1994 1844 2001 .
1943 1904 1990 1964 Β
2017 1904 2301 1993 viderunt,
2335 1926 2610 1998 quomodo.
2634 1933 2798 1982 testes
2838 1939 2956 1980 esse
2986 1923 3310 1994 potuerunt?
3345 1921 3586 1978 Avaritia
3677 1944 3685 1952 -

2013 2034 2132 2088 qua:
2157 2017 2448 2087 captivavit
2482 2015 2800 2085 discipulum
2823 2014 3073 2071 comitem
3103 2013 3350 2080 Domini,
3375 2013 3586 2082 decepit

2011 2117 2067 2162 et
2106 2106 2304 2162 milites
2332 2106 2580 2162 custodes
2609 2105 2840 2175 sepulcri
2872 2124 2884 2159 :
2913 2113 2971 2159 et
2995 2104 3074 2161 sic
3099 2103 3310 2162 Judaeos
3349 2104 3583 2169 seduxit,

2011 2197 2152 2252 unde
2175 2196 2354 2250 subdit
2385 2213 2398 2248 :
2439 2194 2509 2248 Et
2533 2194 2850 2265 divulgatum
2877 2204 2972 2248 est.

2079 2288 2242 2342 Vens.
2269 2287 2356 2342 16.
2393 2317 2450 2326 --
2469 2286 2739 2341 Abierant.
2776 2285 2822 2339 Α
2854 2285 3150 2341 Jerusalem
3187 2285 3242 2339 in
3281 2283 3575 2340 Galilaam.

2009 2378 2078 2435 In
2109 2388 2329 2433 montem
2358 2392 2374 2432 :
2403 2378 2528 2448 quia
2563 2391 2760 2448 corpus
2800 2378 2866 2432 de
2900 2375 3170 2431 communi
3212 2385 3358 2432 terra
3402 2391 3583 2430 susce-

2010 2481 2160 2544 ptum
2193 2485 2355 2541 super
2381 2470 2558 2525 omnia
2593 2479 2808 2524 terrena
2833 2475 2953 2524 erat
2983 2467 3269 2524 elevatum.
3312 2467 3380 2522 Et
3400 2475 3585 2522 monet

2010 2578 2109 2618 nos
2128 2603 2142 2628 ,
2174 2569 2234 2616 ut
2261 2561 2307 2616 si
2333 2576 2455 2616 eum
2480 2561 2662 2615 videre
2687 2559 2966 2624 volumus,
3005 2561 3073 2614 ad
3101 2573 3329 2630 superna
3363 2559 3428 2614 de
3454 2556 3582 2614 inﬁ-

2010 2653 2113 2708 mis
2140 2651 2430 2707 elevemur.
2467 2649 2751 2705 Prmcessit
2774 2649 3019 2704 Christus
3033 2648 3287 2720 primitiae
3313 2647 3582 2702 dormiens-

2009 2743 2143 2798 tium
2163 2783 2178 2807 ,
2208 2749 2504 2812 sequuntur
2539 2740 2629 2794 alii
2657 2740 2710 2794 in
2740 2755 2836 2795 suo
2861 2740 3048 2796 ordine
3066 2779 3082 2806 ,
3105 2747 3160 2796 et
3186 2738 3429 2796 videntes
3455 2753 3579 2794 eum

2009 2835 2266 2899 adorant,
2291 2833 2343 2888 id
2376 2840 2488 2897 est,
2514 2832 2629 2887 sine
2653 2831 2759 2885 ﬁne
2781 2831 3022 2886 laudant.

2079 2924 2243 2979 Vens.
2273 2923 2358 2976 17.
2389 2952 2458 2962 -
2489 2919 2715 2986 Quidam
2754 2928 2928 2974 autem
2958 2919 3350 2986 dubitaverunt,
3382 2927 3442 2973 ut
3461 2918 3577 2975 Lu-

2008 3030 2100 3073 cas
2123 3015 2197 3068 ait
2227 3033 2240 3068 :
2269 3013 2639 3069 existimantes
2659 3026 2718 3068 se
2748 3011 3002 3084 spiritum
3026 3011 3210 3068 videre
3230 3051 3247 3078 ,
3267 3026 3429 3082 quem
3456 3026 3575 3067 mo-

2008 3106 2194 3162 riendo
2215 3104 2451 3160 tradidit.

2080 3201 2240 3256 Vens.
2271 3199 2357 3255 18.
2383 3229 2454 3238 -
2482 3197 2548 3252 Et
2569 3197 2838 3253 accedens.
2864 3197 2932 3252 Et
2957 3197 3080 3253 ideo
3101 3195 3220 3265 pius
3242 3195 3502 3265 magister
3521 3202 3578 3249 et

330 3285 535 3340 bantur
565 3305 580 3342 :
613 3303 719 3358 quo
737 3290 935 3358 ablato,
964 3295 1306 3359 resurrectio,
1335 3297 1522 3351 mortis
1537 3297 1775 3365 abolitio,
1799 3300 1905 3354 vita

2011 3289 2129 3346 illos
2164 3289 2232 3343 ad
2269 3288 2428 3342 ﬁdem
2462 3287 2774 3350 confortat,
2809 3295 2864 3342 et
2897 3287 3090 3342 dubios
3117 3287 3185 3341 ad
3224 3286 3380 3342 ﬁdem
3419 3293 3620 3341 vocat‘

328 3384 536 3432 :eterna
563 3379 724 3451 etepit
748 3390 859 3437 toto
886 3384 1016 3437 orbe
1045 3385 1342 3454 praedicari.

401 3469 568 3526 Vens.
591 3473 643 3527 5.
666 3502 737 3512 —
764 3471 910 3527 Sicut
937 3474 1132 3546 fulgur.
1172 3476 1229 3530 ln
1266 3478 1501 3533 candore
1531 3479 1698 3534 vestis
1731 3480 1902 3548 signi-

328 3555 529 3613 ﬁcabat
555 3559 807 3616 blandum
827 3560 1006 3630 justis,
1036 3566 1089 3618 in
1123 3573 1328 3621 terrore
1354 3566 1599 3638 fulguris,
1635 3569 1904 3638 signiﬁcat

330 3649 627 3705 terribilem
648 3651 890 3708 futurum
909 3655 1168 3725 reprobis.

400 3737 567 3794 Vens.
588 3739 643 3794 5.
677 3772 747 3782 —
783 3740 958 3798 Nolite
992 3747 1190 3802 timere.
1233 3746 1363 3816 Quae
1405 3756 1612 3806 vestros
1645 3753 1899 3810 coneives

329 3826 547 3883 videtis.
593 3829 672 3884 llli
713 3831 938 3888 timeant
970 3835 1062 3904 qui
1097 3837 1165 3891 ad
1205 3853 1392 3893 eorum
1433 3841 1748 3898 societatem
1794 3859 1900 3900 non

327 3919 626 3985 pertinent.

401 4009 563 4066 Vens.
589 4013 643 4066 7.
663 4043 734 4053 —
756 4013 824 4068 Et
847 4017 946 4071 cito
982 4029 1176 4074 euntes.
1212 4020 1321 4078 Nec
1345 4037 1663 4079 concessum
1694 4034 1778 4082 est
1805 4043 1902 4083 no—

325 4097 407 4156 bis
443 4102 551 4156 hoc
569 4104 816 4173 gaudium
846 4107 1054 4164 occulto
1083 4111 1259 4166 cordis
1282 4119 1497 4177 tenere,
1527 4113 1619 4169 sed
1645 4115 1899 4172 similiter

325 4191 636 4247 amantibus
667 4196 918 4262 pandere.

396 4287 563 4342 Vens.
598 4287 651 4343 8.
673 4320 742 4328 —
763 4288 893 4344 Cum
920 4291 1102 4346 timore
1120 4304 1166 4348 et
1190 4296 1402 4365 gaudio.
1430 4295 1631 4367 Duplex
1661 4306 1743 4354 est
1773 4299 1902 4356 alre-

327 4385 446 4432 ctus
475 4378 535 4432 in
570 4379 678 4443 eis,
707 4380 919 4436 timoris
949 4391 1001 4437 et
1029 4387 1226 4454 gaudii.
1259 4387 1410 4442 Alter
1439 4388 1506 4443 de
1533 4390 1899 4457 magnitudine

325 4469 607 4534 miraculi,
639 4469 772 4524 alter
800 4487 865 4525 ex
895 4473 1158 4528 desiderio
1183 4478 1542 4548 resurgentis,
1588 4487 1643 4532 et
1669 4487 1898 4549 uterque

323 4562 553 4630 gradum
575 4561 864 4617 femineum
888 4565 1212 4622 concitabat.

399 4651 563 4708 Vens.
593 4653 646 4709 9.
672 4685 742 4694 —
779 4655 848 4708 Et
879 4672 994 4710 ecce
1024 4657 1206 4724 .lesus,
1247 4668 1351 4715 etc.
1392 4659 1482 4714 Sic
1510 4661 1762 4718 omnibus
1794 4663 1899 4719 iter

323 4743 584 4798 virtutum
629 4744 1006 4800 inchoantibus
1031 4748 1329 4818 adjuvando
1363 4751 1603 4804 occurrit
1623 4749 1894 4806 Christus.

324 4829 394 4886 Et
430 4842 729 4888 tenuerunt.
756 4835 1015 4906 Superius
1040 4837 1238 4893 dictum
1267 4847 1350 4894 est
1367 4839 1550 4895 clauso
1573 4840 1750 4896 exisse
1782 4857 1899 4896 mo-

323 4931 619 4989 numento,
663 4932 721 4977 ut
758 4924 1062 4982 immortale
1118 4943 1309 4999 corpus
1356 4929 1683 5000 intelligeres
1737 4946 1751 4985 :
1808 4933 1896 4987 hic

329 5017 582 5066 tenentur
633 5014 817 5082 pedes,
854 5022 913 5068 ut
949 5031 1132 5070 veram
1181 5032 1394 5072 carnem
1441 5020 1781 5088 comprobes.
1827 5020 1896 5076 Et

326 5102 449 5171 quia
484 5112 688 5158 tantam
727 5105 990 5161 visionem
1035 5107 1361 5173 tremebant,
1403 5109 1635 5178 primum
1675 5109 1894 5180 pellitur

327 5196 486 5250 timor
519 5215 531 5248 :
574 5198 749 5254 Nolite
771 5203 980 5264 timere.
1015 5211 1071 5255 ut
1107 5212 1285 5258 mente
1315 5203 1520 5274 placida
1556 5204 1766 5274 possint
1793 5220 1890 5259 au-

327 5286 442 5342 dire
477 5305 595 5358 qua:
644 5293 914 5348 dicuntur.
948 5295 1065 5350 Ista:
1103 5303 1284 5350 tenent
1314 5295 1478 5366 pedes
1514 5311 1634 5366 quae
1664 5297 1894 5353 adorant

329 5383 698 5440 resuscitatum
735 5405 746 5440 :
779 5387 872 5442 sed
922 5387 1009 5442 illa
1041 5403 1159 5455 qua:
1193 5387 1465 5444 nesciebat
1499 5387 1674 5444 adhuc
1709 5404 1889 5444 resur«

2011 3381 2261 3436 intimans
2292 3379 2357 3434 ad
2386 3387 2642 3447 quantam
2675 3379 2980 3447 pervenerit
3023 3377 3265 3448 gloriam.
3308 3377 3448 3432 Data
3476 3387 3572 3432 est.

2005 3470 2118 3526 Hoc
2143 3487 2248 3526 non
2269 3470 2620 3526 deeozeterna
2639 3469 2816 3524 Patris
2839 3469 3138 3534 divinitate,
3168 3469 3261 3524 sed
3283 3470 3348 3524 de
3369 3483 3576 3524 assum-

2002 3576 2094 3637 pta
2135 3564 2263 3619 dicit
2295 3562 2660 3630 humanitate,
2697 3564 2751 3618 in
2785 3577 2891 3633 qua
2918 3562 3094 3617 minor
3119 3560 3357 3632 angelis,
3382 3560 3438 3616 in
3466 3575 3572 3631 qua

2003 3659 2162 3714 etiam
2187 3657 2352 3728 gloria
2377 3666 2431 3711 et
2459 3656 2661 3712 honore
2681 3665 2971 3712 coronatus
2997 3663 3080 3710 est
3115 3664 3171 3710 et
3198 3656 3447 3711 omnibus
3481 3671 3572 3710 su-

2001 3749 2322 3819 perpositus.

2071 3841 2234 3895 Vens.
2276 3841 2360 3896 l9.
2393 3871 2464 3881 —
2495 3838 2712 3895 Euntes.
2763 3839 2866 3908 Qui
2907 3839 3022 3910 jam
3071 3843 3126 3896 in
3180 3841 3351 3898 lucem
3401 3840 3569 3905 venit,

2001 3931 2144 4002 quod
2173 3932 2433 3986 hactenus
2469 3930 2789 4001 quibusdam
2827 3931 2893 3987 de
2935 3931 3112 3987 causis
3142 3931 3364 3986 dubium
3398 3931 3572 3986 homi-

2001 4018 2158 4074 nibus
2188 4019 2382 4074 fuerat.
2419 4019 2629 4075 Docete.
2669 4019 2948 4091 Congruus
2987 4023 3143 4078 ordo.
3195 4021 3380 4077 Primo
3425 4022 3570 4078 enim

2000 4112 2272 4167 docendus
2296 4121 2380 4167 est
2410 4113 2639 4168 auditor.
2680 4112 2883 4168 Deinde
2916 4112 3037 4168 ﬁdei
3071 4113 3428 4168 sacramentis
3469 4113 3570 4168 im-

1998 4203 2274 4269 buendus,
2316 4211 2442 4258 tunc
2487 4203 2555 4257 ad
2597 4201 2859 4259 servanda
2901 4204 3151 4258 mandata
3198 4203 3564 4258 instruendus.

2001 4293 2136 4362 Quia
2164 4293 2266 4348 nisi
2293 4294 2442 4363 prius
2469 4293 2646 4348 anima
2670 4293 2826 4349 ﬁdem
2857 4293 3100 4364 recipiat,
3125 4308 3232 4348 non
3261 4301 3343 4348 est
3362 4291 3570 4350 dandus

1998 4386 2331 4456 baptismus,
2360 4399 2462 4440 nee
2498 4384 2640 4440 valet
2666 4384 2948 4451 mundari,
2987 4384 3032 4440 si
3059 4393 3182 4456 post
3216 4399 3323 4440 non
3351 4383 3570 4464 insistat

1998 4476 2152 4531 bonis
2179 4475 2450 4546 operibus.
3168 4471 3180 4479 ‘

2071 4564 2234 4619 Vens.
2267 4563 2356 4619 ‘20.
2385 4595 2454 4606 —-
2486 4564 2551 4618 Et
2581 4582 2693 4620 ecce
2723 4583 2813 4637 ego
2852 4568 3110 4622 vobiscum
3139 4583 3276 4621 sum.
3319 4567 3447 4634 Quae
3475 4581 3570 4620 au-

2003 4669 2109 4714 tem
2139 4673 2346 4713 merces
2381 4658 2482 4728 piae
2514 4658 2970 4722 conversationis,
3001 4657 3211 4728 quodve
3247 4658 3441 4728 pignus
3489 4655 3572 4710 fu-

2001 4761 2133 4806 turae
2187 4748 2534 4804 beatitudinis
2581 4750 2743 4805 etiam
2798 4749 2848 4802 in
2887 4749 3140 4818 prresenti
3181 4748 3252 4804 sit
3302 4745 3567 4814 ﬁdelibus,

1999 4842 2180 4896 subdit
2204 4856 2217 4894 :
2251 4841 2386 4894 Ecce
2413 4857 2506 4912 ego
2540 4840 2803 4894 vobiscum
2832 4857 2970 4904 sum,
3000 4848 3106 4895 etc.
3132 4839 3284 4907 Quod
3312 4839 3570 4910 apostolis

1995 4947 2094 5002 per
2120 4931 2490 4987 successiones
2519 4929 2810 4984 universali
2840 4929 3093 4985 Ecclesiae
3112 4929 3398 4999 promittit.
3430 4927 3566 4984 Nota

1996 5024 2140 5093 quod
2170 5035 2341 5092 usque
2372 5021 2424 5074 in
2462 5022 2623 5074 linem
2648 5019 2828 5074 saeculi
2851 5035 2958 5076 non
2981 5029 3107 5074 sunt
3131 5019 3356 5074 desituri
3377 5019 3468 5088 qui
3494 5019 3569 5072 di-

1999 5113 2122 5169 vina
2154 5111 2432 5166 mansione
2453 5119 2578 5165 sunt
2606 5110 2770 5180 digni.

2072 5202 2251 5275 (Auc.)
2276 5202 2454 5256 Prima
2478 5200 2688 5256 sabbati
2717 5199 2981 5266 diluculo,
3009 5209 3136 5265 etc.,
3179 5215 3340 5271 usque
3375 5199 3442 5252 ad
3481 5199 3566 5254 diu

1999 5304 2155 5352 cente
2186 5296 2265 5351 eis
2291 5294 2478 5366 angelo
2515 5312 2524 5346 :
2569 5292 2658 5346 Sic
2697 5293 2858 5346 veniet
2893 5290 3333 5363 quemadmodum
3364 5288 3566 5345 vidistis

1997 5403 2114 5440 eum
2141 5395 2346 5441 euntem
2371 5385 2422 5438 in
2451 5381 2632 5437 caelum
2663 5382 2799 5454 (Act.
2828 5382 2885 5454 l).

1663 5622 2194 5651 ψ
