4068 6344
510 338 595 421 79'
969 365 1363 420 WALAFRIDI
1402 365 1652 421 STRABl
1691 367 1895 424 sum.
1936 366 2047 422 ιιο]

2145 367 2297 423 OPP.
2337 369 2515 426 PARS
2548 371 2590 425 ι.
2631 401 2703 412 -—
2742 372 3201 430 THEOLOGICA.

794 816 1162 877 PROLOGUS
1200 817 1263 874 Β.
1304 816 1709 874 HIERONYMI.

998 930 1160 1003 (Vide
1188 930 1360 1002 Opera
1391 929 1554 1001 ejus.)

967 1037 1197 1096 CAPUT
1242 1038 1535 1095 PRIMUM.

541 1156 704 1211 Vens.
743 1154 793 1208 i.
818 1152 1119 1207 -—Initium
1149 1152 1440 1223 Evangelii.
1470 1151 1643 1224 (Ιειιι.)
1674 1150 2047 1224 Evangelium,

469 1248 605 1302 bona
647 1245 1003 1310 annuntiatio,
1041 1245 1186 1314 quod
1240 1246 1457 1316 proprie
1490 1245 1555 1299 ad
1596 1260 1823 1316 regnum
1874 1247 1967 1300 Dei
1996 1254 2053 1300 et

472 1335 849 1391 remissionem
878 1341 1224 1404 peccatorum
1267 1334 1519 1404 pertinet.
1562 1332 1717 1389 Unde
1763 1350 1777 1387 :
1824 1332 2040 1389 Pwnite.

466 1427 598 1481 mini
621 1436 668 1482 et
696 1426 887 1481 credite
925 1423 1214 1497 Evangelia
1251 1438 1271 1478 :
1296 1433 1346 1480 et
1376 1423 1807 1496 appropinquavit
1836 1441 2048 1495 regnum

471 1517 744 1576 calorum.

542 1610 746 1683 (Ηιιιιι.)
776 1608 1019 1677 Quatuor
1058 1609 1346 1681 Evangelia
1395 1626 1562 1667 unum
1608 1620 1752 1677 sunt,
1787 1620 1843 1668 et
1884 1628 2048 1668 unum

472 1710 722 1771 quatuor.
745 1700 929 1771 ltaque
955 1709 1011 1756 et
1030 1699 1195 1757 Marci
1222 1701 1359 1757 liber
1385 1701 1584 1757 dicitur
1604 1702 1977 1775 Evangelium,
1997 1711 2052 1758 et

474 1792 724 1848 similiter
750 1791 976 1848 aliorum
1004 1810 1018 1847 :
1045 1793 1171 1863 quia
1187 1808 1351 1848 unum
1366 1795 1567 1861 omnia,
1583 1802 1638 1850 et
1657 1796 1835 1850 omnia
1860 1811 2048 1852 unum.

538 1884 670 1942 Iesu
702 1883 916 1938 Christi.
947 1882 1151 1957 (Ηιειι.)
1177 1882 1334 1940 Jesns
1361 1882 1652 1951 Hebraice,
1693 1885 1853 1941 Soter
1895 1884 2050 1941 Gne-

470 1992 568 2045 ce,
598 1975 848 2033 Salvator
891 1975 1106 2044 Latine,
1137 1976 1386 2033 Christus
1415 1976 1635 2044 Graece,
1682 1976 1904 2033 Messias
1943 1977 2051 2034 He-

466 2069 670 2135 braice,
696 2077 891 2124 unctus
918 2067 1141 2135 Latine,
1175 2068 1229 2125 id
1256 2077 1361 2135 est,
1389 2084 1485 2124 rex
1511 2068 1765 2124 sacerdos
1801 2085 1814 2124 :
1850 2069 2053 2125 dicitur

470 2162 536 2218 de
562 2175 760 2235 genere
790 2160 958 2215 David
986 2160 1152 2231 regis,
1184 2167 1238 2215 et
1262 2158 1521 2214 Levitico.

476 2240 481 2245 ’
543 2252 675 2309 Filii
709 2254 824 2309 Dei.
862 2252 1076 2327 (Bena.)
1106 2250 1390 2307 Matthteus
1419 2250 1591 2307 dicit:
1624 2249 1726 2320 ﬁlii
1749 2249 1917 2305 David
1945 2249 2047 2320 ﬁlii

470 2345 734 2401 Abraham
756 2343 970 2417 (Matth.
1007 2345 1068 2417 ι).
1105 2343 1319 2399 Marcus
1350 2343 1519 2400 dicit:
1560 2342 1661 2413 ﬁlii
1686 2343 1801 2410 Dei,
1826 2351 1886 2398 ut
1908 2358 2043 2414 pau-

467 2433 620 2494 latim
648 2452 679 2492 a
713 2435 1015 2492 minoribus
1052 2437 1121 2491 ad
1150 2434 1373 2506 majora,
1422 2442 1555 2503 etc.,
1591 2451 1754 2505 usque
1782 2434 1851 2488 ad
1879 2433 2044 2489 Joan-

469 2541 565 2584 nes
587 2528 657 2584 ab
673 2527 976 2583 :eternitate
1006 2527 1168 2583 Verbi
1190 2525 1285 2583 Dei
1310 2527 1550 2593 inchoat,
1566 2526 1620 2581 in
1646 2526 2045 2582 resurrectione

472 2620 684 2678 Domini
715 2627 1076 2677 consummat.

541 2709 706 2767 Vens.
742 2709 796 2766 2.
820 2741 888 2751 —
911 2708 1059 2767 Sicut
1096 2710 1345 2781 scriptum
1388 2717 1483 2764 est.
1515 2706 1727 2765 Marcus
1749 2708 2045 2779 propheta-

470 2819 591 2859 rum
630 2801 937 2859 testimonia
969 2801 1242 2871 praemittit
1264 2801 1458 2872 quibus
1485 2799 1602 2856 haec
1627 2807 1811 2855 vetera
1854 2808 1910 2855 et
1936 2814 2045 2854 non

472 2910 631 2963 nova,
678 2894 771 2951 sed
799 2909 829 2948 a
857 2893 1134 2964 prophetis
1159 2893 1412 2965 praescita
1455 2900 1510 2948 et
1537 2893 1791 2963 praedicta
1830 2892 2045 2959 asserit,

378 2983 386 2994 ’
474 2989 531 3045 in
559 3001 667 3060 quo
701 2994 756 3042 et
778 2985 988 3044 Judzeos
1014 2987 1105 3057 qui
1153 2987 1326 3067 legem
1355 2994 1411 3041 et
1455 2986 1746 3055 prophetas
1794 3000 2047 3056 suscepe-

474 3087 598 3133 rant
622 3077 689 3133 ad
717 3076 1066 3149 Evangelium
1096 3077 1291 3131 invitat
1324 3094 1337 3131 :
1372 3086 1425 3131 et
1450 3076 1676 3148 gentiles
1697 3076 1789 3148 qui
1810 3076 2048 3148 Evange-

471 3170 605 3227 lium
659 3170 910 3227 tenebant
956 3169 1022 3225 ad
1047 3169 1450 3225 venerationem
1497 3169 1632 3241 legis
1658 3178 1715 3226 et
1760 3170 2048 3242 propheta-

474 3277 595 3317 rum
617 3267 891 3332 provocat,
923 3275 992 3316 ne
1015 3261 1137 3331 quis
1161 3259 1313 3331 juxta
1341 3260 1626 3318 bmreticos
1670 3259 1899 3317 alterum
1928 3262 2050 3319 sine

472 3351 642 3407 altero
678 3350 956 3422 suscipiat.

548 3441 680 3497 Ecce
714 3442 882 3497 mitto.
910 3441 1124 3514 (BI-10A.)
1155 3441 1392 3513 Angelus
1433 3442 1630 3499 dicitur
1671 3441 1907 3499 Joannes
1937 3459 2046 3501 non

3628 373 3728 430 130

1180 591 1856 671 EVANGELIUM
1916 592 2476 676 SECUNDUM
2540 599 2993 677 MARCUM.

2078 807 2127 864 Α
2156 803 2241 856 via
2277 809 2488 866 euntes,
2531 802 2809 871 proximos
2836 799 3121 872 diligamus
3141 806 3200 854 ut
3229 812 3350 864 nos,
3373 807 3428 854 et
3449 813 3565 863 nos,
3599 806 3731 867 etc.,

2154 910 2312 964 usque
2325 894 2394 946 ad
2409 901 2466 946 ut
2483 908 2586 947 non
2600 902 2882 962 separetur
2898 908 2961 947 os
2983 893 3050 946 ab
3064 906 3248 962 Opere,
3265 906 3366 946 nec
3379 906 3513 960 opus
3526 893 3595 947 ab
3614 908 3730 946 ore.

2222 985 2442 1040 Semita:
2488 994 2607 1055 post
2642 986 2810 1049 viam,
2842 986 2970 1055 quia
3026 986 3280 1039 mandata
3332 983 3559 1038 moralia
3610 994 3733 1053 post

2150 1075 2517 1146 pmnitentiam
2569 1074 2862 1127 secundum
2900 1074 3136 1129 Marcum
3184 1073 3265 1129 vel
3297 1072 3606 1128 Matthacum
3638 1089 3733 1127 ex-

2150 1165 2454 1234 planantur.
2505 1163 2736 1217 Paratur
2765 1164 2846 1218 via
2882 1179 2981 1234 per
3009 1163 3168 1220 ﬁdem
3223 1172 3279 1219 et
3318 1164 3647 1233 baptismum
3676 1173 3733 1217 et

2152 1254 2547 1325 paenitentiam.
3426 1245 3432 1251 ’

2218 1344 2401 1400 [lectae
2425 1343 2631 1399 semita:
2651 1358 2750 1414 per
2763 1350 2975 1400 austera
2999 1342 3197 1399 indicia
3214 1343 3401 1408 vestis,
3416 1342 3735 1408 zonae,cibi,

2148 1445 2327 1509 potus,
2363 1436 2513 1491 vocis
2535 1436 2877 1492 humillimae.
3402 1466 3407 1469 -
3506 1423 3535 1431 ”

2221 1549 2385 1605 Vens.
2410 1549 2463 1605 ι.
2490 1581 2556 1590 -
2594 1548 2847 1604 Joannes.
2887 1549 3059 1621 (lsm.)
3102 1548 3287 1606 Gratia
3332 1547 3450 1604 Dei.
3484 1547 3528 1602 Α
3559 1546 3733 1618 gratia

2151 1642 2246 1697 Dei
2295 1642 2521 1712 incipit,
2577 1643 2719 1697 unde
2767 1642 3011 1711 sequitur
3045 1659 3059 1696 :
3092 1641 3422 1711 Baptizans,
3469 1649 3573 1695 etc.
3626 1639 3738 1693 Per

2148 1734 2474 1805 baptismum
2506 1743 2729 1805 peccata
2758 1732 3135 1798 dimittuntur;
3176 1732 3318 1787 unde
3348 1750 3360 1785 :
3390 1730 3541 1798 Quod
3566 1731 3735 1803 gratis

2149 1821 2439 1892 accepistis,
2462 1822 2627 1892 gratis
2655 1822 2774 1876 date
2802 1821 3014 1894 (Matth.
3046 1820 3123 1892 ι).
3156 1821 3225 1876 Et
3243 1820 3562 1892 Apostolus:
3589 1816 3732 1873 Gra-

2149 1912 2225 1967 tia
2260 1910 2452 1966 saluati
2479 1913 2601 1966 estis
2626 1910 2841 1983 (Ebbes.
2879 1912 2964 1984 ir).

2233 2002 2543 2074 Baptisans.
2578 2003 2787 2078 (Ηιειι.)
2825 2004 3159 2076 Baptismnm
3199 2002 3531 2076 paenitentia
3559 2000 3729 2069 dedit,

2151 2093 2483 2165 baptismum
2522 2094 2576 2148 in
2623 2095 2995 2150 remissionem
3025 2091 3731 2166 peccatorumoprazdicavit.

2077 2160 2121 2220 Β
2149 2160 2457 2243 tamennon
2487 2188 2654 2243 dedit.
2688 2187 2841 2243 Sicut
2869 2160 3275 2257 praedicatione,
3304 2160 3435 2250 εις..
3474 2200 3633 2255 usque
3662 2184 3732 2236 ad

2147 2296 2290 2336 nunc
2313 2296 2411 2353 per
2454 2281 2687 2336 amicum
2733 2279 2917 2352 sponsi
2965 2279 3239 2334 inducitur
3274 2293 3491 2349 sponsa,
3519 2287 3579 2331 ut
3624 2275 3735 2331 Re.

2144 2372 2311 2428 becca
2337 2371 2516 2437 Isaac,
2543 2387 2642 2443 per
2666 2386 2892 2443 puerum
2927 2370 3087 2441 pallio
3122 2369 3244 2425 albo
3282 2369 3483 2424 velata.

2216 2486 2378 2542 Vnus.
2409 2486 2462 2542 5.
2490 2516 2562 2526 —
2588 2485 2657 2539 In
2692 2484 2926 2539 Iordane
2953 2482 3074 2554 (ln.)
3105 2480 3358 2537 Jordanis
3414 2479 3587 2535 aliena
3616 2478 3715 2534 de-

2147 2579 2379 2641 scensio,
2409 2577 2500 2634 ubi
2530 2584 2750 2648 peccata
2798 2575 3170 2630 absolvuntur.
3214 2572 3354 2627 Area
3384 2571 3550 2638 enim,
3592 2580 3732 2637 etc.,

2148 2686 2308 2741 usque
2333 2669 2404 2723 ad
2434 2685 2632 2740 corpus
2661 2668 2885 2733 Christi,
2912 2683 3020 2722 non
3057 2665 3331 2722 mundatis
3352 2680 3463 2721 non
3490 2662 3731 2734 proﬁcit,

2147 2762 2241 2819 sed
2272 2763 2326 2816 in
2357 2761 2595 2816 deterius
2623 2769 2816 2816 mutat.

2218 2852 2555 2923 Conﬁtentes,
2586 2862 2695 2908 etc.
2731 2852 2854 2924 (ln.)
2881 2850 3153 2921 Confessio
3198 2857 3249 2905 et
3293 2848 3628 2919 pulchritudo
3674 2849 3731 2903 in

2147 2953 2422 3015 conspectu
2451 2944 2565 3014 ejus
2596 2941 2768 3014 (Psal.
2794 2942 2959 3015 .cxv),
3006 2942 3059 2998 id
3089 2951 3174 2996 est
3195 2941 3398 3011 sponsi.
3444 2939 3597 2996 Unde
3637 2941 3731 2995 de-

2149 3038 2260 3094 silit
2293 3053 2488 3109 sponsa
2537 3037 2606 3093 de
2652 3036 2890 3102 camelo,
2932 3050 3054 3093 cum
3093 3050 3151 3091 se
3197 3032 3442 3089 bumiliat
3487 3031 3732 3087 Ecclesia

2148 3127 2390 3194 Christo,
2420 3128 2509 3199 qui
2539 3126 2821 3199 ﬁguratur.
2844 3143 2941 3199 per
2966 3126 3149 3192 Isaac,
3182 3125 3235 3180 in
3266 3124 3419 3195 cujus
3446 3123 3731 3179 nativitate

2150 3218 2318 3275 risum
2350 3217 2475 3274 fecit
2504 3219 2645 3274 Deus
2695 3218 2864 3273 Sarae.
2907 3216 3061 3273 Sicut
3103 3216 3170 3270 ad
3227 3214 3450 3269 Mariam
3503 3212 3729 3277 dicitur,

2149 3328 2270 3382 quae
2297 3320 2380 3368 est
2408 3312 2664 3383 princeps
2690 3327 2813 3368 cum
2858 3310 2968 3367 Deo
3002 3329 3014 3364 :
3042 3309 3327 3365 Benedicta
3353 3315 3411 3361 tu
3452 3306 3509 3362 in
3538 3306 3728 3362 audie-

2150 3404 2292 3459 ribus
2318 3403 2468 3475 (Luc.
2497 3403 2558 3476 ι).

470 3533 729 3590 societate
751 3510 980 3599 naturae,
1001 3540 1061 3587 ut
1084 3510 1343 3586 menti-tur
1364 3531 1642 3603 Origenes,
1660 3533 1753 3588 sed
1778 3531 1936 3589 oiIicii
1961 3536 2045 3589 di-

2222 3517 2435 3590 (Bt-2m.)
2474 3516 2806 3573 Conﬁtentes
2849 3524 3072 3589 peccata
3098 3530 3199 3571 sua
3224 3514 3591 3585 baptizantur.
3624 3510 3728 3566 De-

471 3622 675 3694 gnitate
700 3640 713 3676 :
737 3621 881 3677 sicut
906 3629 961 3677 et
989 3622 1321 3687 sacerdotes,
1350 3622 1415 3676 de
1459 3622 1655 3692 quibus
1680 3623 1876 3678 dicitur
1902 3642 1915 3678 :
1943 3623 2049 3680 La-

469 3715 553 3768 bia
580 3714 864 3769 sacerdotis
887 3711 1184 3768 custodiunt
1205 3714 1497 3779 scientiam,
1519 3724 1565 3769 et
1584 3713 1744 3786 legem
1767 3718 2048 3785 exquirunt

467 3820 533 3861 ea:
577 3820 666 3860 ore
709 3804 856 3876 ejus,
902 3805 1027 3876 quia
1077 3802 1292 3876 angelus
1341 3803 1556 3860 Domini
1605 3809 1926 3863 exercituum
1971 3821 2047 3865 est

469 3900 627 3972 (Mal.
651 3899 736 3971 tt).

541 3990 668 4065 (ιθ.)
692 3988 828 4046 Nota
854 3990 998 4062 quod
1025 3990 1129 4046 hoc
1156 3991 1523 4047 testimonium
1550 4009 1564 4047 :
1608 3992 1743 4048 Ecce
1778 4009 1870 4065 ego
1900 3996 2047 4051 mitto

468 4082 735 4156 angelum,
776 4090 907 4152 etc.,
931 4082 1207 4139 Malachite
1233 4092 1339 4151 est,
1383 4091 1671 4155 utrumque
1702 4095 1882 4141 tamen
1919 4087 2050 4143 dicit

466 4177 620 4234 Isaiae
662 4192 806 4245 esse,
849 4177 999 4250 quia,
1025 4187 1166 4245 etc.,
1212 4194 1374 4250 usque
1414 4178 1483 4232 ad
1536 4193 1725 4234 omnes
1770 4180 2047 4250 prophetae

468 4289 578 4332 uno
609 4275 800 4347 spiritu
831 4274 995 4331 locuti
1018 4282 1144 4330 sunt
1179 4275 1331 4346 quasi
1359 4290 1469 4331 uno
1503 4292 1615 4333 ore.
1643 4295 1658 4309 -

537 4367 706 4423 Vens.
747 4367 897 4422 '5.—
936 4365 1245 4422 Clamantis.
1306 4366 1500 4439 (lsrn.)
1547 4366 1628 4421 Ad
1664 4365 1880 4423 Judazos
1928 4382 2048 4422 sur-

468 4461 568 4518 dos
615 4467 835 4532 propter
882 4468 1103 4531 peccata
1152 4460 1308 4533 longe
1369 4466 1603 4532 positos,
1663 4461 2047 4532 indignationis

470 4553 709 4610 clamore
753 4553 962 4626 dignos.
1010 4553 1077 4608 In
1116 4554 1337 4608 deserto.
1382 4553 1439 4607 In
1485 4553 1698 4608 deserto
1743 4553 1802 4607 ﬁt
1842 4570 1944 4608 vox
1991 4562 2047 4610 et

467 4646 714 4704 clamor:
741 4646 867 4714 quia
894 4645 1107 4701 deserta
1133 4643 1325 4699 domus
1366 4643 1547 4699 Iudaea
1591 4658 1787 4698 vacans
1826 4652 2046 4715 scopata

438 4737 585 4793 sine
625 4736 820 4808 spiritu
863 4737 997 4803 Dei,
1030 4736 1313 4807 propheta,
1349 4749 1494 4804 rege,
1546 4735 1844 4790 sacerdote.
1891 4733 2046 4792 Unde

469 4829 626 4886 Jesus
648 4838 702 4885 et
723 4828 959 4885 Joannes
985 4837 1231 4899 qumrunt
1273 4826 1416 4896 quod
1446 4825 1500 4879 in
1545 4825 1759 4880 deserto
1787 4825 2044 4881 amissum

2152 3609 2279 3664 bent
2306 3610 2450 3664 enim
2484 3609 2723 3665 melioris
2757 3609 2882 3663 vita:
2909 3608 3199 3664 novitatem
3247 3605 3587 3677 promittere,
3632 3602 3726 3672 qui

2147 3700 2500 3771 baptismum,
2529 3712 2659 3767 etc.,
2690 3716 2850 3772 usque
2870 3700 2938 3754 ad
2959 3708 3013 3754 et
3036 3699 3115 3754 sic
3137 3698 3422 3753 mundalos
3455 3694 3725 3750 Christia-

2148 3809 2273 3847 nam
2326 3791 2638 3863 religionem
2666 3792 3046 3863 promittentes
3087 3791 3142 3845 in
3179 3787 3436 3845 Ecclesiae
3483 3786 3726 3842 membra

2148 3899 2267 3938 cum
2275 3900 2360 3937 mu
2369 3892 2439 3938 ιθ.

2220 3975 2384 4029 Vens.
2417 3975 2470 4029 6.
2497 4005 2568 4016 —
2593 3973 2662 4030 Et
2698 3985 2809 4031 erat
2853 3974 3108 4041 Joannes,
3158 3983 3262 4030 etc.
3303 3970 3505 4045 (Ηιειι.)
3545 3967 3727 4025 Vestis

2145 4068 2425 4137 propheta:
2458 4076 2515 4123 et
2562 4069 2715 4124 cibus
2748 4076 2805 4124 et
2824 4076 3007 4140 potus,
3045 4075 3213 4123 totam
3242 4072 3513 4120 austeram
3556 4061 3725 4115 vitam

2146 4158 2554 4229 praedicandum
2582 4159 2924 4231 signiﬁcant,
2966 4167 3021 4214 et
3056 4165 3264 4230 gentes,
3296 4164 3402 4210 etc.
3422 4192 3439 4220 ,
3472 4168 3635 4224 usque
3655 4152 3727 4204 ad

2146 4253 2272 4323 quia
2301 4252 2481 4307 omnia
2515 4267 2546 4306 a
2593 4251 2767 4324 gratia
2814 4250 3111 4321 Evangelii,
3145 4250 3199 4304 in
3226 4263 3332 4319 qua
3375 4259 3483 4301 non
3529 4252 3614 4299 est
3640 4242 3724 4297 di-

2147 4346 2367 4402 stinctio
2392 4345 2561 4402 Judaei
2590 4354 2646 4401 et
2673 4344 2871 4401 Grieci.

2216 4442 2429 4516 (Βιτω.)
2473 4440 2694 4497 Vestitus
2738 4440 2857 4510 pilis
2895 4437 3101 4493 cameli.
3149 4433 3287 4503 Quia
3333 4438 3557 4504 peccata
3615 4439 3724 4481 non

2147 4536 2299 4602 fovit,
2326 4536 2419 4591 sed
2455 4550 2645 4605 aspere
2665 4532 2981 4604 increpavit,
3023 4530 3211 4586 dicens
3240 4545 3255 4582 :
3283 4524 3561 4581 Genimina
3590 4520 3727 4588 vipe—

2148 4634 2466 4691 rarum,etc.
2481 4626 2625 4679 Zona
2654 4624 3045 4696 pellicea,etc.,
3061 4637 3221 4693 usque
3245 4618 3315 4673 ad
3343 4618 3395 4672 in
3411 4614 3566 4670 melle
3580 4610 3727 4666 enim

2147 4716 2389 4781 dulcedo,
2416 4717 2468 4771 in
2498 4717 2704 4772 locusta
2730 4716 2910 4771 alacer
2930 4715 3160 4780 volatus,
3184 4710 3276 4769 sed
3307 4710 3414 4766 cito
3447 4704 3727 4763 deciduus.

2220 4825 2385 4882 Vnus.
2419 4826 2471 4880 7.
2505 4857 2573 4868 -—
2613 4825 2831 4883 Fortior
2860 4843 2959 4881 me.
2996 4824 3199 4898 (Ηιειι.)
3231 4822 3362 4892 Quis
3411 4822 3601 4878 fortior
3643 4832 3727 4878 est

465 4931 571 4979 est.
597 4920 700 4978 Ubi
723 4921 853 4977 vicit
878 4889 1156 4985 diabolus,
1184 4918 1257 4974 ibi
1287 4889 1519 4974 vincitur
1551 4930 1565 4971 :
1611 4916 1703 4972 ubi
1730 4917 1923 4973 cecidit
1948 4918 2046 4975 bo-
2074 4889 2124 4949 D
2149 4921 2319 4992 gratia
2369 4934 2473 4991 qua
2518 4917 2810 4974 abluuntur
2838 4889 3093 4990 peccata?
3120 4889 3212 4970 ille
3248 4889 3359 4986 qui,
3390 4924 3523 4981 etc.,
3567 4931 3729 4985 usque

467 5029 558 5070 mo
576 5055 590 5079 ,
632 5014 704 5069 ibi
733 5012 989 5083 resurgit.

545 5101 759 5159 Parate.
794 5102 969 5175 (ism.)
1011 5100 1389 5157 Ptenitentiam
1434 5099 1577 5172 agite
1625 5107 1681 5156 et
1733 5100 2038 5171 pracdicate.

472 5193 627 5254 Unde
669 5195 971 5250 Parasceve
998 5200 1124 5246 ante
1178 5192 1480 5258 sabbatum,
1512 5200 1644 5257 etc.,
1677 5210 1837 5265 usque
1870 5194 1939 5247 ad
1984 5202 2043 5249 ut

466 5287 841 5360 possideamus
874 5286 1039 5356 quieti
1073 5294 1272 5340 terram
1319 5285 1750 5341 desiderabilem.

548 5376 700 5430 Viam
729 5374 961 5429 Domini.
990 5373 1193 5447 (Ηιειι.)
1224 5375 1325 5431 Via
1363 5376 1574 5431 Domini
1615 5392 1721 5446 qua
1771 5376 1838 5432 ad
1867 5375 2045 5432 homi-

466 5481 561 5522 nes
586 5464 905 5536 ingreditur,
925 5465 1239 5537 ptenitentia
1261 5474 1475 5537 est,per
1498 5482 1658 5537 quam
1687 5468 1753 5522 ad
1779 5482 1878 5522 nos
1906 5466 2046 5523 Deus

469 5558 785 5624 descendit,
819 5566 873 5613 et
901 5574 999 5614 nos
1028 5560 1093 5614 ad
1123 5558 1272 5614 illum
1294 5560 1656 5615 ascendimus.
1688 5559 1840 5615 Unde
1869 5559 2045 5629 angeli

468 5649 821 5706 ascendentes
861 5650 1353 5723 descendentesque
1385 5660 1752 5707 memorantur
1773 5664 1935 5708 suiner
1964 5647 2075 5719 Fi-_

472 5739 603 5793 lium
636 5739 888 5797 hominis.

546 5828 728 5887 Rectus
780 5831 938 5902 facite
980 5833 1209 5889 semitas.
1254 5831 1430 5904 (Ιειυ.)
1474 5831 1745 5902 Praecipit,
1789 5839 1849 5885 ut
1900 5830 2048 5903 regia

2151 5012 2220 5065 ad
2268 5019 2323 5066 et
2358 5025 2527 5082 usque
2558 5010 2626 5065 ad
2657 5018 2873 5064 centum
2913 5008 3270 5081 quadraginta
3302 5015 3534 5077 quatuor
3560 5006 3728 5061 millia

2150 5102 2415 5174 pervenit.
3240 5106 3245 5111 '

2223 5193 2433 5250 Solvere
2469 5193 2767 5265 corrigiam.
2796 5191 3008 5265 (Βευιι.)
3055 5190 3242 5247 Modus
3268 5189 3367 5246 fuit
3408 5189 3545 5261 apud
3575 5196 3729 5244 vete-

2151 5301 2260 5352 res,
2300 5286 2433 5341 utsi
2475 5285 2597 5355 quis
2644 5301 2765 5340 eam
2796 5300 2914 5355 quae
2953 5285 3054 5341 sibi
3098 5292 3448 5355 competeret,
3480 5282 3730 5354 accipere

2149 5393 2372 5433 uxorem
2416 5377 2603 5444 nollet,
2631 5377 2742 5445 ille,
2773 5387 2904 5444 etc.,
2936 5394 3097 5449 usque
3123 5379 3191 5431 ad
3224 5375 3603 5446 Redemptoris
3632 5391 3726 5431 ve—

2151 5467 2307 5538 stigia
2337 5468 2542 5524 nudare
2566 5483 2674 5525 non
2695 5468 2867 5535 valeo,
2881 5467 3007 5539 quia
3035 5467 3219 5537 sponsi
3248 5480 3443 5521 nomen
3466 5465 3596 5521 mibi
3620 5481 3728 5520 non

2140 5564 2371 5627 usurpo.

2219 5647 2424 5720 (Ηιειι.)
2465 5647 2706 5721 Corrigia
2764 5651 3243 5717 calcamentorum,
3296 5649 3351 5705 id
3398 5658 3481 5705 est
3527 5660 3730 5721 myste-

2149 5754 2289 5793 rium
2320 5738 2713 5795 lncarnationis
2750 5741 2864 5797 Dei.
2905 5741 3037 5797 Calx
3071 5742 3238 5807 enim,
3269 5752 3373 5797 etc.
3400 5783 3414 5808 ,
3456 5759 3619 5814 usque
3656 5744 3727 5796 ad

2152 5844 2347 5886 snonsa
2377 5830 2432 5884 in
2464 5830 2804 5901 patriarchis,
2835 5832 3006 5889 amica
3059 5834 3112 5889 in
3155 5834 3450 5907 prophetis,
3475 5834 3731 5906 proxima
