4068 6344
325 430 421 491 181

1233 429 1499 490 GLOSSA
1537 425 1938 486 0RD|NARIA.
1978 456 2047 465 -—
2081 422 2336 483 EVANG.
2377 422 2607 480 MARCI.

3488 423 3593 479 182

324 551 383 607 in
414 550 584 607 Maria
605 559 663 607 et
700 548 920 622 Ioseph,
945 546 1142 605 dilecta
1195 547 1251 603 in
1281 546 1487 604 Joanne
1512 545 1776 617 Baptista,
1804 558 1900 601 co-
1928 548 1979 609 Α
2006 542 2261 597 mulatur.
2306 541 2511 610 Quater
2557 554 2690 596 vero
2732 538 2919 595 decem
2956 535 3313 609 quadraginta
3359 537 3587 595 faciunt.

322 641 505 696 lumba
541 641 597 696 in
630 639 851 697 Christo
877 647 934 695 et
958 638 1235 710 apostolis.

395 728 561 785 Vnus.
607 731 662 786 8.
698 760 771 771 —
808 729 921 801 Ego
984 728 1241 799 baptizari
1302 744 1387 782 vos
1433 742 1591 796 aqua.
1655 722 1903 795 (BEDA.)

320 816 570 874 Nondum
608 817 845 874 Joannes
891 818 1025 873 dicit
1064 817 1233 873 Deum
1287 824 1382 870 aut
1420 814 1516 870 Dei
1545 813 1743 869 Filium
1786 828 1907 868 esse

320 918 547 980 aperte.
576 909 701 979 quia
743 909 908 965 rudes
961 916 1117 964 erant
1167 906 1441 962 auditores
1472 920 1487 959 :
1516 905 1611 961 sed
1650 902 1906 974 paulatim

317 1018 421 1074 per
447 1002 833 1059 humanitatem
880 1000 1235 1074 glorificatam
1284 1000 1351 1056 ad
1403 998 1566 1054 fidem
1612 995 1907 1053 divinitatis

317 1092 491 1159 ducit,
522 1092 708 1148 dicens
732 1111 747 1148 :
782 1091 882 1147 Ille
904 1107 1020 1146 vero
1046 1088 1328 1162 baptizabit
1354 1105 1441 1145 vos
1474 1086 1674 1159 Spiritu
1701 1095 1902 1142 sancto.

319 1181 431 1240 Sed
458 1193 645 1255 postea
673 1199 798 1240 cum
833 1182 1146 1254 capaciores
1165 1181 1280 1252 jam
1309 1179 1551 1245 videret,
1588 1177 1686 1234 Dei
1713 1176 1906 1231 Filium

314 1277 428 1351 jam
458 1287 644 1349 aperte
661 1276 918 1349 praedicat
943 1275 1129 1330 dicens
1164 1290 1177 1328 :
1225 1271 1600 1328 Testimonium
1625 1268 1903 1341 perhibuit,

315 1371 444 1441 quia
470 1370 556 1424 hic
581 1377 657 1424 est
686 1365 988 1423 Dei-Filius
1023 1364 1206 1436 (Joan.
1250 1362 1359 1436 ιιι).

391 1446 707 1533 (ιειυ.)“Εθο
738 1458 943 1529 baptiso
971 1472 1061 1512 uos
1088 1472 1248 1526 aqua,
1273 1453 1397 1520 ille,
1428 1461 1538 1509 etc.
1582 1451 1680 1508 Dei
1714 1448 1907 1504 fluvius

316 1566 533 1622 semper
567 1550 782 1621 plenus,
806 1561 1021 1619 semper
1044 1545 1300 1617 azqualis,
1326 1544 1410 1600 ‘de
1444 1558 1552 1614 quo
1594 1560 1608 1597 :
1641 1539 1905 1596 Fluminis

315 1644 538 1715 impetus
564 1641 798 1711 laetiﬁcat
840 1640 1098 1695 ciuitatem
1135 1636 1231 1692 Dei
1256 1633 1430 1709 (Psal.
1478 1632 1627 1705 xcv).
1679 1630 1907 1693 Multum

315 1733 503 1799 distat,
535 1740 672 1801 etc.,
718 1746 879 1802 usque
914 1733 983 1784 ad
1028 1728 1214 1784 unctio
1271 1725 1473 1782 Christi
1525 1724 1592 1780 de
1639 1721 1903 1776 amaritu-

314 1822 446 1879 dine
480 1809 757 1895 passionis
775 1819 1023 1893 pervenit
1069 1818 1137 1874 ad
1174 1817 1403 1890 gloriam
1453 1811 1901 1878 resurrectionis;

2010 636 2221 706 Ubique
2249 643 2304 689 et
2329 647 2545 702 semper
2597 633 2752 688 adest
2800 628 3164 696 adversarius,
3202 628 3291 698 qui
3348 627 3450 685 iter
3488 645 3590 686 no-

2007 736 2179 782 strum
2221 725 2485 796 impedire
2518 738 2626 778 non
2667 730 2868 777 cessat.

2026 852 2043 871 .
2080 816 2310 887 Eratque
2331 832 2447 869 cum
2485 813 2680 867 bestiis.
2710 811 2819 867 Nos
2847 825 3061 882 quoque
3090 810 3138 866 si
3170 810 3225 865 in
3249 824 3435 867 eremo
3464 824 3590 866 san-

2007 919 2109 965 ctae
2138 907 2566 964 conversationis
2589 903 2844 960 bestiales
2871 887 3151 958 hominum
3190 916 3370 957 mores
3395 901 3590 972 impol-

2006 1000 2120 1056 luta
2157 1008 2339 1055 mente
2378 996 2694 1059 toleramus,
2716 993 3035 1065 mysterium
3063 990 3377 1060 angelorum
3420 1002 3591 1046 mere-

2006 1104 2149 1154 mur,
2179 1103 2212 1142 a
2249 1087 2445 1158 quibus
2482 1096 2709 1154 corpore
2757 1081 2999 1138 absoluti.
3026 1082 3082 1139 in
3122 1080 3320 1137 ctelum
3355 1078 3589 1135 transfe-

2007 1194 2201 1235 ramur

2077 1260 2244 1325 Vsus.
2277 1269 2363 1323 M.
2393 1299 2459 1308 —
2488 1266 2775 1337 Postquam
2813 1275 3009 1320 autem.
3043 1262 3219 1336 (lsm.)
3271 1262 3596 1334 Accepimus

2008 1361 2238 1434 gratiam
2276 1374 2375 1432 pro
2401 1358 2597 1430 gratia,
2621 1353 2861 1412 carnalia
2897 1353 3256 1419 decollantur,
3285 1352 3591 1423 spiritualia

2007 1451 2380 1508 vivificantur.
2412 1446 2675 1504 Cessante
2698 1445 2909 1511 umbra,
2939 1443 3093 1499 adest
3119 1442 3337 1513 veritas,
3367 1439 3600 1497 Joannes

2008 1543 2063 1598 in
2089 1555 2334 1607 carcere,
2360 1540 2448 1596 lex
2500 1540 2554 1595 in
2588 1538 2794 1603 Iudaea,
2827 1535 2985 1591 Iesus
3008 1534 3063 1589 in
3095 1531 3333 1599 Galiltea,
3363 1532 3511 1587 salus
3541 1530 3596 1587 in

2010 1636 2278 1710 gentibus.

2084 1726 2414 1791 Prwdicans,
2461 1730 2567 1778 etc.
2615 1717 2823 1794 (illam)
2858 1716 3011 1772 Beati
3063 1730 3316 1787 pauperes
3362 1713 3551 1785 spiritu
3580 1752 3599 1782 ,

2008 1819 2256 1891 quoniam
2286 1815 2388 1887 ipsi
2412 1811 2747 1885 possidebunt
2777 1807 2993 1884 (Matth.
3015 1811 3073 1878 v)
3093 1846 3108 1872 ,
3136 1815 3241 1860 etc.
3270 1803 3459 1875 Regno
3484 1812 3598 1860 ter-

316 1906 799 1987 unde‘Apostolus:
828 1911 946 1967 Hoc
969 1912 1152 1967 sentite
1174 1910 1229 1965 in
1255 1909 1421 1975 vobis,
1439 1906 1579 1979 quod
1604 1914 1654 1961 et
1676 1906 1732 1959 in
1752 1902 1905 1959 Chri-
1932 1915 1981 1977 Β
2008 1925 2141 1967 [eno
2186 1908 2429 1965 succedit
2454 1912 2745 1978 paupertas
2763 1943 2778 1971 ,
2826 1899 3131 1975 paupertati
3157 1896 3598 1952 Christianorum

317 2016 404 2062 sto
444 2007 944 2077 Jesu,etc.,usque
974 2018 991 2059 :
1018 2002 1242 2074 Propter
1282 2000 1424 2072 quod
1473 2008 1523 2055 et
1571 1997 1708 2052 Deus
1753 1994 1906 2050 illum

314 2096 568 2154 exultavit
602 2095 770 2169 (Phil.
819 2095 904 2168 tt).
1614 2101 1643 2137 σ

390 2188 556 2244 Vens.
586 2189 640 2244 9.
659 2217 733 2230 —
761 2185 828 2242 Et
858 2187 1155 2258 baptizatus
1201 2194 1277 2240 est
1306 2184 1365 2238 in
1407 2180 1666 2237 Iordane.
1710 2176 1910 2234 Tribus

313 2280 545 2338 causis:
588 2279 660 2336 Ut
695 2278 963 2350 justitiam
1007 2284 1064 2332 et
1108 2274 1473 2332 humilitatem
1522 2271 1799 2342 impleret;
1849 2275 1913 2323 ut

316 2372 648 2443 baptismum
668 2369 896 2426 Joannis
925 2366 1333 2439 comprobaret;
1377 2374 1437 2421 ut
1458 2362 1713 2421 Iordanis
1741 2374 1910 2431 aquas

317 2461 672 2519 sanctiﬁcans
719 2475 820 2531 per
873 2458 1279 2514 descensionem
1331 2454 1594 2511 columbae
1647 2451 1909 2524 Spiritum

318 2565 570 2612 sanctum
596 2555 653 2610 in
676 2553 946 2624 baptismo
980 2550 1172 2606 adesse
1195 2553 1548 2603 monstraret.

395 2642 601 2717 (illam)
628 2643 840 2699 Marcus
873 2658 888 2695 :
922 2639 1075 2696 Sicut
1102 2653 1298 2694 cervus
1344 2635 1659 2692 desiderans
1699 2632 1767 2688 ad
1796 2631 1914 2687 fon-

324 2749 411 2795 tes
459 2752 723 2808 aquarum
760 2735 931 2792 saltus
960 2733 1077 2800 dat,
1126 2730 1365 2788 culmina
1401 2738 1682 2801 pratorum
1718 2724 1910 2795 carpit,

322 2831 534 2904 palmas
558 2831 614 2886 in
648 2828 852 2904 vertice
887 2830 1087 2897 portat,
1114 2822 1260 2878 velut
1314 2820 1432 2890 apis
1474 2815 1726 2874 melliflua
1751 2813 1913 2870 flores

324 2922 443 2993 agri
489 2922 599 2994 (cui
643 2920 780 2976 odor
807 2917 922 2974 veri
965 2915 1118 2971 lsaac
1145 2908 1434 2981 similatur)
1467 2906 1776 2965 summatim
1816 2919 1913 2976 gu-

325 3021 454 3071 stat.
488 3012 640 3069 Unde
663 3026 700 3071 a
726 3007 996 3065 Nazareth
1029 3004 1265 3062 Galilaaae
1303 3003 1611 3058 venientem
1636 2997 1821 3053 Iesum
1846 2995 1913 3049 ad

325 3104 676 3176 baptismum,
702 3109 834 3167 etc.,
862 3114 1023 3170 usque
1064 3096 1134 3151 ad
1157 3112 1176 3151 :
1216 3093 1455 3149 Vincenti
1485 3090 1621 3146 dabo
1663 3088 1816 3143 edere
1851 3086 1916 3140 de

322 3196 474 3269 ligno
495 3197 629 3259 vitta,
660 3192 799 3263 quod
833 3199 907 3245 est
935 3190 991 3244 in
1015 3186 1263 3259 paradiso
1302 3185 1397 3239 Dei
1446 3183 1549 3237 ntei
1594 3180 1780 3252 (Apoc.
1831 3178 1914 3250 ιι).

2007 2015 2235 2074 regnum
2276 1998 2700 2070 sempiternum;
2756 1993 2946 2048 unde:
2991 1989 3230 2061 Regnum
3276 2002 3447 2041 meum
3492 2002 3600 2043 non

2007 2101 2084 2151 est
2112 2092 2177 2146 de
2208 2090 2306 2145 hoc
2352 2087 2548 2144 mundo
2577 2085 2760 2160 (Joan.
2794 2082 2953 2156 xvm)
2980 2097 2995 2137 :
3022 2080 3201 2137 omnis
3251 2080 3394 2135 enim
3424 2080 3600 2135 honor

2007 2192 2281 2249 terrenus,
2309 2194 2520 2252 spuma,
2548 2177 2749 2243 fumus,
2775 2190 3017 2231 somnus.

2085 2272 2248 2329 Vens.
2277 2271 2365 2326 15.
2385 2299 2457 2310 ——
2480 2266 2835 2323 Ptenitemini.
2883 2261 3109 2336 (Hii-3R.)
3166 2257 3603 2316 Amaritudinem

2010 2365 2211 2422 radicis
2253 2361 2484 2419 dulcedo
2533 2358 2681 2430 pomi
2724 2362 3041 2428 compensat
3075 2372 3088 2409 :
3139 2353 3383 2426 pericula
3434 2351 3604 2406 maris

2011 2475 2137 2530 spes
2185 2465 2374 2529 portus
2401 2454 2654 2520 delectat,
2686 2451 2928 2508 dolorem
2957 2449 3242 2505 medicina:
3282 2461 3408 2517 spes
3456 2444 3602 2501 salu-

2010 2550 2085 2606 tis
2118 2549 2350 2619 mitigat.
2376 2545 2480 2614 Qui
2509 2542 2787 2600 desiderat
2807 2541 3081 2607 nucleum,
3116 2552 3309 2594 nucem
3349 2535 3604 2607 frangat:

2010 2638 2389 2713 pmnitentiam
2439 2644 2588 2709 agat,
2619 2635 2712 2705 qui
2737 2633 2854 2689 vult
2878 2640 3083 2689 aeterno
3117 2631 3399 2686 adhaerere
3436 2627 3603 2683 bono.

2011 2733 2291 2790 Praeconia
2318 2728 2523 2789 Christi
2564 2740 2792 2784 narrare
2835 2732 3084 2796 possunt,
3131 2721 3224 2792 qui
3256 2721 3325 2776 ad
3364 2718 3604 2792 palmam

2012 2821 2362 2895 indulgentia:
2389 2817 2677 2891 pervenire
2710 2822 3048 2872 meruerunt.
3079 2811 3234 2869 Unde
3272 2818 3393 2881 post
3421 2808 3599 2880 pceni-

2014 2916 2242 2973 tentiam
2270 2913 2659 2986 praedicatores
2688 2910 2983 2980 eliguntur.

2086 3005 2253 3062 Vsus.
2270 2975 2370 3061 '16.
2402 3035 2471 3047 —
2512 3002 2656 3058 Vidit
2699 2975 2990 3058 Simonem.
3021 2994 3230 3070 (Ηιει.)
3255 2992 3461 3055 Simon,
3486 2991 3609 3046 obe-
3672 2975 3678 2980 ’

2013 3099 2195 3164 diens;
2218 3096 2500 3161 Andraeas,
2524 3091 2687 3149 virilis
2700 3108 2720 3158 ;
2743 3091 3000 3156 Iacobus,
3023 3086 3390 3160 supplantator
3404 3100 3419 3149 ;
3444 3081 3613 3139 Ioan-

2017 3202 2137 3253 nes,
2163 3187 2356 3258 gratia.
2388 3184 2485 3240 llis
2530 3183 2866 3248 nominibus,
2889 3189 3019 3247 etc.,
3055 3193 3217 3249 usque
3252 3175 3322 3231 ad
3354 3190 3451 3246 per
3478 3187 3608 3243 pra.

400 3289 569 3346 Vsus.
602 3286 689 3342 10.
711 3315 783 3326 --
820 3281 959 3338 Vidit
979 3288 1186 3353 apertos
1213 3275 1368 3333 stelas
1388 3316 1405 3342 ,
1426 3284 1530 3333 etc.
1561 3269 1775 3344 (BEDA.)
1807 3268 1917 3340 My-

2024 3282 2261 3338 dentiam
2314 3278 2628 3342 obedimus,
2678 3291 2777 3346 per
2798 3275 3067 3347 justitiam
3109 3271 3340 3327 viriliter
3375 3267 3607 3340 agimus,

327 3382 561 3442 sterium
589 3376 872 3451 Trinitatis
907 3376 963 3431 in
992 3372 1261 3444 baptismo
1283 3369 1684 3424 demonstratur
1710 3380 1726 3418 :
1750 3361 1918 3417 Filius

331 3472 660 3544 baptizatur,
693 3466 933 3539 Spiritus
967 3472 1052 3519 est
1092 3462 1143 3517 in
1195 3457 1463 3521 columba,
1505 3454 1669 3510 Pater
1706 3453 1762 3507 in
1789 3466 1920 3507 voce

332 3571 512 3623 sonat.
552 3558 885 3632 Aperiuntur
922 3553 1068 3619 cceli,
1101 3559 1208 3608 etc.
1235 3591 1250 3618 ,
1295 3564 1459 3621 usque
1499 3545 1568 3601 ad
1616 3544 1759 3617 apud
1815 3559 1918 3599 nos

334 3655 577 3714 manebit
603 3662 661 3710 et
686 3653 742 3708 in
777 3649 935 3707 nobis
961 3647 1067 3703 erit
1088 3646 1245 3718 juxta
1272 3656 1584 3699 mensuram
1609 3639 1734 3693 fidei
1756 3637 1923 3718 Spiri-

333 3756 445 3803 tus.
492 3746 569 3802 De
623 3743 840 3800 Christo
871 3747 1054 3795 autem
1085 3708 1287 3793 dicitur
1319 3754 1332 3788 :
1364 3731 1591 3788 Plenum
1637 3708 1853 3802 gratim.
1871 3738 1919 3784 et

332 3839 569 3895 veritatis
594 3835 778 3907 (Joan.
809 3832 875 3905 1).

404 3926 706 3983 Manentem
719 3924 775 3978 in
792 3923 925 3992 ipso.
943 3918 1124 3975 Manet
1149 3918 1202 3973 in
1229 3932 1294 3973 eo
1323 3915 1579 3987 Spiritus,
1595 3926 1705 3969 non
1724 3927 1791 3968 cx
1812 3928 1921 3984 quo

332 4017 658 4089 baptizatus,
679 4016 774 4072 sed
795 4030 862 4070 ex
883 4029 992 4084 quo
1018 4018 1334 4081 conceptus.
1367 4007 1521 4076 Quod
1543 4015 1725 4062 autem
1751 4006 1806 4060 in
1824 4006 1920 4060 ba-

332 4101 533 4184 ptismo
556 4107 854 4172 descendit,
869 4102 1309 4176 significatuobis
1332 4099 1561 4172 gratiam
1586 4093 1920 4168 spiritualem

335 4205 393 4262 in
426 4203 697 4273 baptismo
725 4199 868 4265 dari,
907 4198 1104 4268 quibus
1134 4195 1191 4250 in
1240 4181 1617 4250 remissionem
1669 4196 1921 4261 peccato-

333 4310 457 4352 rum
482 4310 547 4351 ex
593 4309 734 4365 aqua
774 4300 833 4348 et
879 4288 1085 4361 Spiritu
1124 4286 1459 4357 regeneratis
1509 4283 1648 4339 solet
1692 4280 1925 4351 amplior

335 4386 574 4460 Spiritus
621 4382 794 4457 gratia
843 4396 940 4453 per
983 4379 1387 4457 impositionem
1435 4391 1632 4432 manus
1684 4370 1922 4445 episcOpi

334 4476 550 4534 caelitus
586 4475 725 4530 dari.

2020 3391 2119 3447 per
2146 3372 2565 3444 temperantiam
2590 3377 2870 3441 serpentes
2893 3367 3188 3432 calcamus,
3214 3378 3312 3433 per
3338 3358 3613 3417 fortitudi~

2019 3484 2146 3525 nem
2175 3467 2273 3523 Dei
2303 3466 2532 3536 gratiam
2559 3477 2852 3518 meremur.

2091 3559 2215 3632 (ln.)
2246 3558 2416 3626 Quem
2471 3571 2577 3612 non
2631 3554 2866 3609 inebriat
2920 3548 3227 3621 eloquentia
3278 3541 3599 3604 sacularis?

2020 3648 2247 3706 Difﬁcile
2286 3645 2539 3702 homines
2582 3650 2851 3716 potentes,
2901 3649 2956 3698 et
3003 3638 3234 3706 nobiles,
3279 3643 3338 3693 et
3389 3634 3602 3695 divites,

2021 3750 2078 3801 et
2111 3739 2280 3796 multo
2311 3738 2397 3795 his
2430 3736 2697 3794 difﬁcilius
2719 3735 3043 3804 eloquentes
3080 3731 3313 3789 credunt
3335 3729 3466 3784 Deo.
3496 3725 3605 3784 0b-

2023 3841 2258 3890 cazcatur
2285 3844 2439 3886 mens
2466 3843 2655 3883 eorum
2702 3826 2906 3881 divitiis
2935 3833 2991 3880 et
3015 3824 3209 3893 Opilius
3250 3829 3412 3891 atque
3448 3818 3606 3873 luxu-

2024 3928 2125 3992 ria,
2155 3933 2211 3980 et
2241 3920 2564 3994 circumdati
2590 3919 2738 3975 vitiis
2766 3934 2874 3973 non
2899 3923 3126 3988 possunt
3148 3915 3331 3971 videre
3352 3913 3603 3976 virtutes,

2025 4016 2536 4089 simplicitatemque
2589 4010 2882 4081 Scriptura:
2932 4015 3173 4073 sanctae,
3225 4021 3333 4061 non
3381 4020 3448 4060 ex
3496 4016 3612 4058 ma-

2019 4112 2218 4184 jestate
2264 4120 2524 4164 sensuum
2548 4142 2563 4171 ,
2619 4103 2715 4159 sed
2763 4116 2833 4156 ex
2878 4102 3169 4156 verborum
3208 4097 3456 4170 judicant
3502 4094 3613 4150 nti-

2024 4202 2195 4258 litate.

2100 4293 2222 4369 (ln.)
2254 4290 2531 4346 Vocantur
2560 4293 2792 4357 quatuor
2840 4284 3172 4356 piscatores,
3226 4278 3446 4342 Simon,
3500 4277 3611 4331 An-

2027 4368 2222 4450 drazas,
2272 4380 2511 4438 Iacobus
2540 4385 2595 4434 et
2617 4376 2858 4433 Ioannes
2905 4390 2919 4427 τ
2970 4371 3178 4428 relictis
3229 4368 3481 4425 omnibus
3529 4384 3615 4426 se-

2026 4484 2286 4550 quuntur.
2336 4472 2450 4529 Hac
2484 4471 2747 4543 quadriga
2789 4467 3042 4524 vehimur
3090 4464 3158 4519 ad
3201 4463 3441 4527 aethera,
3477 4470 3615 4525 etc.,

408 4585 577 4641 Vsus.
606 4583 696 4637 ll.
734 4611 807 4622 -—
833 4579 913 4634 Tu
949 4595 1004 4634 es
1026 4574 1203 4632 Filius
1248 4591 1395 4631 meus
1435 4571 1675 4627 dilectus.
1709 4568 1920 4643 (8311s.)
1956 4621 2002 4643 η
2027 4586 2189 4643 usque
2219 4567 2288 4625 ad
2308 4565 2537 4640 pellibus
2565 4561 2875 4621 Salomonis
2892 4559 3160 4633 tegimur,
3188 4558 3387 4631 quibus
3417 4571 3615 4628 sponsa

336 4679 455 4735 Non
475 4676 620 4748 quod
656 4672 936 4730 nesciebat
972 4670 1221 4735 docetur,
1276 4666 1371 4723 sed
1424 4664 1582 4721 nobis
1616 4663 1759 4734 quod
1805 4676 1925 4717 cre-

334 4773 471 4828 dere
498 4761 791 4826 debeamus
812 4762 1136 4829 ostenditur,
1162 4761 1338 4832 ipsum
1360 4757 1589 4824 scilicet,
1620 4763 1750 4821 etc.,
1765 4770 1926 4823 usque

336 4862 411 4919 ad
449 4862 587 4918 bene
615 4867 796 4914 autem
839 4856 894 4911 in
930 4854 1110 4926 specie
1138 4851 1401 4908 columbae
1429 4846 1713 4905 descendit
1755 4843 1927 4914 Spiri-

338 4964 452 5020 tus,
478 4965 599 5021 quze
621 4947 850 5019 simplex
887 4944 1089 5001 animal
1124 4950 1179 4998 et
1215 4941 1331 4997 sine
1365 4938 1489 4994 felle
1521 4952 1535 4991 :
1567 4937 1694 5006 quia
1720 4932 1929 5004 simpli-

337 5061 438 5103 ces
480 5043 694 5116 quatrit,
730 5056 831 5097 nec
856 5039 1067 5095 habitat
1103 5037 1158 5091 in
1198 5035 1471 5091 mentibus
1509 5029 1757 5102 impuris.

423 5136 584 5192 Vnus.
606 5133 691 5188 12.
706 5161 778 5173 -—
790 5130 1040 5200 Spiritus.
1063 5126 1185 5198 (ln.)
1202 5126 1281 5181 Ne
1300 5124 1520 5180 dubium
1546 5120 1670 5192 quis
1686 5118 1928 5191 spiritus,

343 5227 527 5284 Lucas
554 5223 801 5280 consulte
825 5220 1106 5292 praemittit
1136 5235 1149 5273 :
1178 5217 1333 5272 Iesus
1362 5215 1547 5287 plenus
1571 5213 1775 5283 Spiritu
1813 5228 1935 5267 san-

343 5328 431 5374 eto
460 5331 723 5387 regressus
752 5323 827 5368 est
854 5329 888 5366 a
913 5310 1179 5374 Iordane;
1207 5307 1404 5363 deinde
1452 5303 1635 5359 intulit
1663 5321 1677 5357 :
1708 5313 1755 5357 et
1806 5318 1932 5373 age-

346 5409 507 5463 batur
548 5423 584 5462 a
628 5404 830 5477 Spiritu
874 5403 930 5458 in
966 5401 1249 5466 desertum,
1286 5414 1350 5452 ne
1389 5404 1602 5469 putetur
1631 5394 1933 5450 immundus

347 5499 578 5572 spiritus
609 5498 904 5569 quidquam
941 5502 1128 5551 contra
1163 5507 1288 5549 eum
1316 5490 1576 5563 potuisse.

422 5592 587 5649 Vens.
605 5591 695 5647 l3.
714 5621 788 5635 --
807 5587 1174 5658 Quadraginta
1203 5584 1406 5640 diebus.
1443 5580 1568 5655 (ln.)
1586 5581 1783 5636 Totum
1806 5587 1937 5635 tem-

346 5699 457 5766 pus
476 5677 771 5755 significat,
784 5694 892 5752 quo
912 5679 1157 5735 membra
1181 5677 1300 5748 ejus
1325 5673 1574 5732 diabolus
1589 5679 1780 5727 tentat.
1794 5670 1936 5739 Qua-

352 5776 673 5850 dripartitus
720 5775 866 5831 enim
897 5771 1129 5828 mundus
1174 5786 1273 5843 per
1299 5767 1700 5826 observantiam
1748 5767 1936 5822 decem

353 5876 742 5943 praceptorum
780 5874 971 5925 contra
1011 5865 1282 5922 diabolum
1312 5861 1571 5921 certando
1600 5860 1828 5918 Domino
1850 5858 1932 5916 fa-

1952 4621 2004 4681 D

2031 4679 2089 4719 se
2135 4662 2397 4734 gloriatur
2434 4659 2747 4714 formosam.

2104 4751 2319 4826 (ΒευΑ.)
2362 4750 2638 4819 Quaeritur
2684 4744 2958 4818 quomodo
3007 4742 3243 4813 primum
3298 4738 3518 4794 Petrum
3564 4746 3620 4795 et

2032 4844 2305 4900 Andream
2332 4851 2388 4896 et
2421 4848 2544 4912 post
2575 4837 2830 4909 pusillum
2864 4834 3127 4893 Iacobum
3148 4838 3203 4888 et
3226 4829 3490 4887 Joannem
3521 4845 3618 4885 vo-

2034 4938 2264 5003 caverit,
2291 4934 2435 4991 sicut
2463 4939 2674 4998 narrat,
2707 4937 2842 4995 etc.,
2868 4942 3030 4999 usque
3061 4924 3131 4978 ad
3166 4932 3294 4979 tunc
3321 4922 3468 4979 enim
3507 4937 3615 4976 non

2038 5029 2319 5088 subductis
2371 5027 2440 5082 ad
2492 5032 2698 5081 terram
2745 5018 2976 5076 navibus
3033 5025 3290 5086 tanquam
3343 5028 3475 5069 cura
3534 5026 3621 5067 re-

2034 5124 2266 5189 deundi,
2299 5121 2394 5178 sed
2425 5128 2685 5189 tanquam
2713 5119 2997 5170 vocantem
3043 5118 3098 5166 et
3120 5107 3406 5181 jubentem
3445 5104 3620 5162 secuti

2034 5224 2181 5273 sum.

2107 5304 2593 5376 Et‘ingrediuntar.
2632 5298 2849 5373 (Ηιειι.)
2900 5296 3113 5352 Marcus
3150 5293 3292 5351 dicta
3342 5289 3620 5363 Evangelii

2035 5402 2093 5457 in
2121 5398 2411 5467 semetipso
2442 5394 2766 5464 disponens,
2815 5390 3064 5446 ordinem
3097 5383 3342 5442 historiae
3386 5397 3497 5438 non
3537 5396 3622 5438 se-

2035 5498 2216 5557 cutus,
2263 5485 2647 5559 mysteriorum
2688 5481 2935 5539 ordinem
2965 5485 3169 5543 servat,
3199 5476 3343 5531 unde
3387 5474 3444 5538 in
3493 5471 3621 5528 sab-

2035 5583 2179 5641 batis
2207 5580 2438 5652 primam
2462 5576 2718 5632 virtutem
2745 5582 2933 5631 narrat
2957 5572 3144 5628 dicens
3175 5585 3191 5623 :
3223 5566 3295 5623 Et
3316 5564 3623 5638 ingrediun-

1989 5749 1999 5760 ⁸
2037 5686 2143 5741 tur,
2182 5683 2286 5730 etc.

2109 5765 2502 5837 Capharnaum.
2557 5760 2682 5833 (ιιι.)
2711 5757 3095 5828 Capharnaum
3138 5749 3263 5811 villa
3303 5742 3624 5803 consolatio-

2038 5859 2146 5925 nis,
2176 5857 2459 5914 sabbatum
2495 5853 2731 5924 requies.
2777 5849 2950 5906 Homo
2997 5845 3052 5901 in
3096 5840 3289 5912 spiritu
3319 5837 3619 5899 immundo.
