3960 6336
479 322 578 376 185

463 615 706 672 diabolus
744 629 1082 691 contemptus
1113 629 1283 698 surgit
1312 630 1364 685 in
1403 615 1674 690 scandala.

531 708 742 780 (ΒευΑ.)
786 712 934 778 Quod
986 717 1208 773 sabbato
1262 723 1496 779 maxime
1549 737 1703 783 curat
1752 739 1808 785 et
1852 734 2026 802 docet,

457 799 693 852 ostendit
729 815 788 854 se
833 818 936 856 non
974 806 1072 859 sub
1110 806 1226 878 lege
1255 825 1392 876 esse,
1430 815 1522 867 sed
1554 831 1756 885 supra:
1787 832 1842 875 et
1871 799 2028 880 docet

457 899 556 940 nos
593 901 774 942 verum
825 892 1130 961 sabbatum,
1162 905 1221 950 ut
1258 899 1414 954 saluti
1466 905 1670 959 scilicet
1722 909 2026 967 animarum

457 974 754 1041 studentes,
785 981 852 1032 ab
875 983 1021 1035 omni
1057 1000 1216 1053 opere
1237 989 1438 1055 servili,
1469 991 1521 1044 id
1550 1001 1653 1059 est,
1684 996 1752 1050 ab
1777 1001 2024 1058 omnibus

451 1065 656 1122 illicitis
690 1071 1077 1130 abstineamus.

407 1199 446 1226 κ
516 1179 678 1237 Vens.
714 1183 803 1238 22.
846 1217 919 1229 —-
964 1188 1094 1244 Erat
1119 1195 1276 1259 enim,
1319 1204 1423 1250 etc.
1451 1198 1662 1274 (ΒεοΑ.)
1712 1202 1915 1260 Scribzc
1940 1207 2020 1262 di-

444 1274 639 1327 cebant
667 1291 787 1344 quae
821 1280 1021 1349 scripta
1049 1293 1205 1338 erant
1227 1286 1279 1339 in
1317 1287 1498 1359 Moyse
1519 1300 1575 1345 et
1599 1296 1902 1362 prophetis;
1935 1298 2018 1354 Je-

442 1376 555 1427 sus,
581 1373 641 1417 ut
681 1365 821 1421 Deus
859 1377 914 1423 et
959 1370 1234 1437 Dominus,
1281 1376 1450 1446 ipsius
1487 1379 1653 1452 Moysi
1706 1383 1872 1440 libere
1897 1403 2016 1457 quze

440 1453 663 1508 deerant
694 1455 797 1525 legi
825 1460 1050 1516 addebat
1075 1465 1157 1518 vel
1192 1470 1593 1536 commutabat;
1633 1475 1772 1530 unde
1801 1477 1853 1530 in
1881 1453 2011 1534 Mat.

441 1542 580 1597 tltteo
620 1561 634 1598 :
674 1545 908 1602 Audistis
937 1553 1062 1621 quia
1101 1553 1295 1608 dictant
1336 1567 1411 1611 est
1459 1561 1709 1632 antiquis,
1741 1573 1848 1621 etc.
1896 1567 2010 1640 Ego

436 1644 609 1689 autem
638 1637 753 1693 dico
797 1642 953 1696 vobis.

506 1749 670 1854 Vens.
697 1753 786 1807 24.
806 1787 877 1869 :—
905 1757 1046 1822 Quid
1070 1762 1234 1828 nobis,
1267 1773 1370 1821 etc.
1399 1767 1522 1839 (11).)
1548 1769 1663 1826 Νοι)
1694 1782 1778 1830 est
1804 1775 1893 1832 hic
1913 1793 2008 1834 vo—
2032 1810 2079 1869 Β

432 1838 653 1898 luntatis
697 1846 985 1914 confessio,
1037 1853 1131 1908 sed
1179 1858 1521 1915 necessitatis
1550 1866 1788 1922 extorsio
1821 1886 1833 1922 :
1865 1870 2006 1925 sicut

431 1943 622 1984 servus
661 1931 916 2003 fugitivus
945 1939 1117 1994 visum
1156 1942 1432 2002 dominum
1461 1949 1646 2018 timet,
1685 1962 1741 2009 et
1771 1955 1837 2012 de
1884 1974 2006 2014 ver-

427 2016 646 2075 beribus
677 2023 1014 2092 deprecatur.
1058 2029 1338 2090 Daemones
1363 2037 1506 2091 enim
1536 2041 1590 2094 in
1631 2043 1790 2098 terris
1822 2046 2004 2103 Domi-

426 2123 554 2162 num
579 2121 884 2181 cernentes,
929 2131 987 2172 se
1037 2121 1296 2180 continuo
1333 2122 1655 2194 judicandos
1709 2135 2003 2193 credebant

425 2211 566 2254 esse.

494 2311 656 2370 Vens.
689 2317 779 2372 25.
807 2350 876 2360 —
897 2321 1221 2382 Obmutesce.
1255 2329 1376 2403 (11).)
1403 2331 1655 2404 Congruo
1679 2338 1869 2398 ordine
1899 2341 1999 2397 lin-

420 2419 534 2474 gua.
572 2411 880 2480 serpentina
920 2431 1038 2486 quae
1069 2419 1242 2488 prima
1291 2423 1438 2480 virus
1467 2429 1686 2497 sparsit,
1737 2447 1805 2487 ne
1856 2433 1999 2489 ultra

418 2509 636 2570 spargat
668 2503 844 2572 primo
880 2505 1202 2578 obcluditur,
1232 2513 1442 2579 deinde,
1474 2526 1602 2584 etc.,
1645 2537 1806 2593 usque
1847 2525 1917 2578 ad
1940 2533 1999 2580 ut

417 2590 491 2644 sit
523 2591 664 2648 idem
691 2597 825 2652 ordo
869 2605 1280 2662 restaurationis
1318 2607 1372 2662 in
1419 2609 1669 2680 Domino,
1700 2590 1792 2686 qui
1815 2619 1997 2688 perdi-

417 2681 582 2738 tionis
620 2684 675 2739 in
707 2690 1061 2759 protoplasto.

486 2791 652 2888 Vens.
679 2796 769 2888 26.
795 2799 1195 2872 —Discerpens.
1222 2807 1344 2880 (11).)
1375 2811 1469 2867 Vel
1491 2829 1826 2888 convexans,
1856 2823 1995 2879 sicut

413 2882 632 2950 quidam
658 2887 872 2944 codices
893 2891 1112 2962 habent.
1143 2896 1318 2954 Lucas
1337 2909 1518 2959 autem
1550 2907 1682 2963 dicit
1711 2882 1835 2980 quia
1858 2915 1993 2970 nihil

413 2971 464 3025 ei
502 2976 706 3030 nocuit.
740 2977 846 3034 Sed
874 2983 1017 3050 quod
1043 2984 1254 3044 Marcus
1282 2990 1379 3058 ait,
1401 2971 1886 3066 discerpeizs,-idetn
1911 3015 1995 3062 est

410 3063 555 3130 quod
592 3065 766 3122 Lucas
799 3084 814 3123 :
846 3087 962 3124 cum
999 3076 1298 3144 profecisset
1333 3097 1448 3136 eum
1478 3085 1531 3138 in
1560 3063 1806 3145 medium.
1837 3091 1990 3160 Quod

934 325 1322 387 WALAFRIDI
1360 331 1607 394 STRABI
1641 339 1846 398 FULD.
1889 344 2055 403 MON.
2098 347 2248 404 OPP.
2291 351 2468 410 PARS
2505 356 2546 410 1.
2587 389 2654 398 —-—
2694 359 3147 421 THEOLOGICA.

468 447 638 500 genus
677 435 988 506 humanum,
1027 441 1078 496 in
1107 459 1214 512 quo
1260 446 1594 508 immunditia
1619 495 1636 522 ,
1675 464 1783 513 etc.
1807 499 1823 524 ,
1869 476 2031 532 usque
2060 466 2108 523 A
2137 467 2376 522 membra
2407 486 2526 540 quae
2551 476 2850 532 servierant
2876 479 3243 549 immunditiaa,

469 523 536 549 ..Α
576 522 780 549 "tu".--
844 528 1041 549 .J!_-_!,,_
1183 536 1194 549 ι
1263 535 1282 549 ε
1412 539 1427 549 .
1719 547 1727 549 1

466 523 536 575 ad
574 522 785 581 Pharao
837 528 1090 586 dimissus
1146 536 1213 589 ab
1262 535 1448 606 Israel,
1480 547 1860 616 persequimur
1887 522 2030 617 eum,

3605 379 3704 433 18$

3290 490 3526 544 serviant
3548 492 3710 561 justi-

2137 556 2243 611 tiae.

2203 645 2364 701 Vens.
2394 647 2577 703 152.—
2623 652 2841 725 Vespere
2885 668 3076 714 autem.
3125 662 3244 735 (11).)
3293 665 3530 725 Occasus
3576 674 3703 729 solis

2132 748 2276 790 mors
2307 735 2524 793 Christi.
2554 742 2851 811 A/I'erebant
2876 748 2946 800 ad
2983 765 3098 802 eum
3128 768 3303 808 onmes
3345 757 3480 812 male
3514 760 3699 817 haben-

2129 830 2225 875 tes.
2261 822 2447 880 Plures
2472 829 2615 882 enim
2658 844 2754 900 per
2806 835 3074 903 apostolos
3105 849 3224 907 post
3279 855 3507 901 mortem
3547 865 3702 906 suam

2127 914 2358 980 sanavit,
2387 929 2550 984 quam
2605 934 2729 974 cum
2756 921 2809 976 in
2838 937 3002 979 carne
3045 925 3233 983 vivens
3261 927 3461 989 Iudaeis
3496 939 3703 1006 praedi-

2124 1004 2285 1058 cavit.

2197 1096 2354 1151 Vens.
2408 1097 2496 1153 55.
2538 1095 2609 1140 -Ξ
2648 1102 2731 1156 Ad
2767 1105 3015 1174 januam.
3067 1106 3270 1182 (ΗΙΕΒ.)
3317 1109 3485 1167 Janua
3544 1117 3702 1187 regni

2121 1187 2396 1242 moraliter
2415 1191 2732 1258 pmnitentia
2757 1203 2842 1248 est
2866 1211 2987 1250 cum
3032 1197 3157 1263 ﬁde,
3183 1216 3301 1268 quae
3328 1213 3583 1271 operatur
3603 1222 3699 1262 sa-

2118 1274 2281 1330 lutem
2312 1280 2477 1335 variis
2496 1280 2861 1353 languoribus.
2892 1287 3052 1341 Varia
3074 1289 3214 1342 enim
3239 1301 3366 1346 sunt
3396 1293 3546 1362 vitia,
3570 1297 3702 1366 qui-

2117 1366 2215 1422 bus
2243 1368 2539 1439 languescit
2564 1373 2757 1428 civitas
2793 1377 2996 1429 mundi.

2185 1459 2345 1513 Vens.
2369 1460 2457 1514 34.
2487 1493 2559 1502 —
2597 1463 2859 1529 Quoniam
2881 1467 3110 1520 sciebant
3149 1486 3286 1525 eum.
3321 1472 3536 1545 (ΒευΑ.)
3584 1474 3696 1531 Lu-

2112 1561 2204 1601 cas
2239 1550 2366 1604 dicit
2391 1553 2628 1621 apertius
2661 1573 2673 1608 :
2712 1555 2938 1609 Exibunt
2960 1557 3218 1614 dtvmonia
3245 1578 3276 1614 α
3315 1563 3512 1627 multis,
3557 1575 3692 1635 etc.,

2110 1639 2233 1708 quia
2253 1642 2480 1697 sciebant
2497 1661 2614 1698 eum
2641 1663 2750 1700 esse
2772 1647 3057 1702 Christum.
3084 1649 3357 1708 Daemonia
3382 1669 3512 1726 ergo
3533 1657 3697 1713 Chri-

2113 1738 2255 1784 stum
2286 1747 2405 1787 esse
2433 1735 2611 1790 sciunt
2646 1745 2701 1791 et
2729 1737 2925 1792 Filium
2958 1740 3075 1806 Dei,
3105 1751 3238 1808 etc.,
3264 1762 3422 1816 usque
3450 1749 3519 1801 ad
3547 1751 3697 1808 unde

2107 1820 2304 1877 Paulus
2336 1842 2348 1877 :
2381 1824 2549 1879 Nemo
2583 1829 2877 1898 principum
2910 1832 3068 1902 hujus
3106 1835 3286 1890 διεσαΙὶ
3335 1842 3588 1910 cognovit.
3629 1840 3694 1898 Si

2107 1912 2243 1964 enim
2266 1915 2640 1983 cognovissent,
2671 1935 2938 1991 nunquam
2964 1921 3247 1979 Dominum
3293 1927 3476 1998 gloria:
3516 1934 3690 1987 cruci-

2104 2001 2340 2068 ﬁxissent
2369 2003 2418 2074 (I
2448 2004 2569 2059 Cor.
2603 2007 2690 2078 11).

2180 2091 2337 2146 Vens.
2367 2091 2458 2147 55.
2484 2125 2556 2134 —
2584 2093 2652 2149 Et
2681 2098 2933 2154 diluculo.
2963 2099 3086 2172 (ln.)
3125 2102 3277 2160 Sicut
3305 2121 3404 2176 per
3428 2124 3681 2166 occasum

2104 2181 2233 2236 solis
2261 2197 2426 2249 mors,
2460 2185 2538 2239 sic
2564 2201 2662 2255 per
2705 2187 3000 2244 diluculum
3053 2198 3379 2252 resurrectio
3427 2199 3630 2256 Christi
3667 2219 3680 2232 ·

2102 2273 2255 2344 cujus
2289 2274 2577 2330 manifesta
2603 2276 2722 2331 luce
2757 2278 2890 2333 abiit
2938 2280 2992 2334 in
3028 2281 3300 2340 desertum
3340 2290 3583 2359 gentium
3630 2301 3679 2346 et

2102 2363 2157 2419 in
2185 2365 2431 2422 ﬁdelibus
2454 2367 2666 2435 orabat,
2697 2370 2822 2438 quia
2851 2384 3038 2426 eorum
3069 2375 3234 2430 corda
3265 2378 3332 2432 ad
3379 2381 3678 2438 orationem

2100 2458 2393 2515 excitabat.

2171 2551 2335 2606 Vens.
2357 2552 2445 2608 38.
2469 2585 2538 2593 —
2566 2554 2648 2608 Ad
2671 2555 2768 2610 hoc
2795 2557 2931 2611 enim
2966 2557 3097 2612 veni.
3124 2556 3302 2629 (Vtcr.
3332 2561 3495 2633 Aur.)
3523 2562 3678 2619 Com-

2098 2643 2255 2698 mode
2284 2644 2388 2698 hoc
2417 2645 2597 2700 subdit
2625 2646 2974 2717 evangelista.
3001 2647 3188 2718 Neque
3214 2650 3356 2704 enim
3388 2652 3500 2707 solo
3529 2653 3677 2711 illius

2097 2734 2394 2789 divinitatis
2429 2737 2728 2792 auctoritas
2773 2753 2872 2808 per
2909 2739 3013 2793 hoc
3061 2740 3436 2808 adumbratur,
3485 2759 3673 2799 verum

2095 2825 2256 2880 etiam
2291 2835 2602 2894 spontaneaa
2649 2827 3014 2883 evacuationis
3039 2828 3332 2888 humilitas.
3365 2833 3540 2890 Lucas
3571 2852 3674 2891 au-

2095 2923 2226 2980 tem,
2264 2931 2369 2986 quo
2394 2918 2544 2972 verbi
2575 2919 2931 2974 mconomiam
2965 2923 3252 2991 exprimat,
3286 2926 3354 2979 ad
3394 2928 3490 2982 hoc
3534 2931 3672 2982 enim

2095 3005 2283 3058 missus
2329 3023 2467 3072 sum,
2507 3007 2712 3061 scribit.
2767 3007 2945 3075 Quare
2991 3011 3037 3065 is
3069 3011 3246 3067 Patris
3285 3015 3352 3070 de
3391 3015 3554 3073 Verbi
3582 3019 3671 3073 in-

2095 3095 2406 3152 carnatione
2443 3099 2835 3169 beneplacitum
2878 3103 3212 3172 apostolatus
3267 3107 3485 3164 nomine
3522 3110 3671 3167 desi-

411 3158 540 3207 vero
587 3155 811 3225 addidit,
872 3161 1103 3234 nihilque
1157 3171 1388 3225 nocuit:
1438 3155 1882 3248 intelligendum-
1909 3160 2064 3240 estC
2095 3198 2244 3258 gnat.

409 3241 537 3310 quia
569 3244 654 3298 illa
673 3245 900 3317 jactatio
936 3269 1043 3308 non
1082 3269 1204 3310 eum
1243 3259 1545 3319 debilitavit
1577 3241 1753 3325 :sicut
1793 3283 1993 3330 exeunt

410 3331 682 3391 dzemones
708 3342 998 3408 amputatis
1018 3345 1102 3400 vel
1124 3348 1326 3405 avulsis
1353 3352 1618 3423 aliquibus
1640 3363 1916 3419 membris.

484 3425 607 3498 (11).)
640 3426 826 3485 Virum
856 3447 887 3486 a
918 3434 1182 3494 daemonio
1207 3440 1512 3511 liberatum,
1536 3449 1779 3505 animum
1799 3455 1868 3512 ab
1888 3456 1991 3511 im—

408 3518 611 3572 munda
630 3521 958 3590 cogitatione
989 3538 1280 3599 purgatum
1311 3533 1677 3608 intelligimus.
1706 3541 1986 3602 Feminam

408 3623 593 3664 veroa
640 3609 880 3668 febribus
926 3628 1323 3687 consequenter
1362 3637 1602 3681 curatam
1629 3668 1643 3694 ,
1690 3646 1908 3689 carnem
1954 3652 1986 3690 a

407 3703 858 3772 concupiscentia:
878 3706 1089 3765 fervore
1114 3726 1209 3781 per
1230 3716 1574 3774 continentia:
1593 3733 1857 3794 prtecepta
1879 3725 1986 3783 fre-

406 3807 474 3846 na
482 3801 609 3848 tam.

482 3906 640 3961 Vens.
667 3906 756 3962 27.
786 3940 855 3949 —
876 3909 1141 3977 Quidnam
1171 3919 1294 3972 est?
1319 3919 1422 3974 Per
1457 3938 1520 3978 ea
1554 3910 1672 3992 qua:
1711 3927 1896 3984 vident
1916 3931 1983 3985 ad

406 3997 809 4067 inquisitionem
835 4015 1022 4058 eorum
1047 4020 1166 4074 quae
1201 4010 1479 4066 audierant
1523 4015 1848 4072 excitantur.
1899 4019 1982 4076 Ad

404 4089 507 4144 hoc
542 4089 686 4145 enim
715 4100 770 4144 et
798 4092 912 4161 ipse
942 4095 1198 4153 Dominus
1225 4100 1378 4171 signa
1427 4102 1572 4170 facit,
1604 4113 1658 4159 et
1707 4108 1982 4180 discipulis

403 4180 586 4237 facere
615 4183 780 4248 dedit,
806 4191 866 4238 ut
893 4201 990 4256 per
1012 4187 1114 4243 hoc
1165 4189 1452 4262 Evangelio
1480 4195 1683 4251 certius
1706 4201 1976 4267 credatur,

402 4271 528 4325 dum
558 4272 648 4341 qui
691 4273 931 4329 coelestia
956 4278 1276 4346 promittunt
1329 4285 1579 4350 terrenis,
1630 4287 1869 4343 cmlestia
1925 4300 1977 4345 et

400 4362 581 4419 divina
611 4379 770 4432 Opera
794 4377 1085 4435 operentur
1114 4369 1166 4423 in
1203 4373 1383 4426 terris.

479 4454 633 4512 Vens.
664 4455 751 4513 δέ).
775 4457 938 4514 -οΕἰ
979 4459 1154 4518 statim
1206 4461 1385 4520 dicunt
1431 4466 1498 4533 ei,
1533 4474 1638 4525 etc.
1694 4468 1865 4527 Luca-5
1891 4470 1973 4528 (li-

399 4549 474 4601 cit
498 4549 622 4618 quia
654 4561 979 4619 rogaverunt
1019 4569 1116 4622 pro
1165 4555 1275 4610 illa.
1326 4557 1482 4614 Modo
1528 4562 1675 4616 enim
1730 4563 1976 4620 Salvator

400 4651 634 4712 rogatus,
665 4645 824 4698 modo
853 4645 995 4699 ultro
1023 4658 1196 4714 curat,
1225 4659 1285 4703 ut
1310 4660 1500 4706 contra
1544 4654 1798 4709 vitiorum
1841 4671 1966 4724 quo-

399 4749 503 4802 que
528 4736 823 4804 passiones,
849 4744 903 4790 et
923 4752 980 4791 se
1001 4741 1248 4808 precibus
1273 4741 1508 4797 ﬁdelium
1529 4760 1741 4816 semper
1763 4749 1969 4815 adesse,

399 4833 453 4876 ct
482 4839 602 4892 qua:
631 4841 739 4879 non
768 4826 1158 4898 intelliguntur,
1191 4831 1275 4887 vel
1297 4832 1642 4905 intelligenda
1687 4836 1838 4902 dare,
1887 4837 1969 4893 vel

402 4927 508 4966 non
558 4913 844 4982 intellecta,
893 4919 1163 4974 dimittere
1215 4921 1302 4990 pie
1342 4925 1648 4992 petentibus
1700 4928 2016 4983 ostendat.“

398 5001 552 5058 Unde
581 5022 594 5057 :
622 5004 827 5060 Delicta
853 5010 967 5079 quis
990 5009 1229 5081 intelligit
1252 5013 1277 5066 ?
1312 5013 1376 5065 ab
1394 5013 1610 5070 occultis
1632 5016 1756 5070 meis
1775 5019 1971 5074 munda

395 5112 476 5148 me
529 5093 701 5166 (Psal.
736 5101 908 5169 xvttt).

473 5183 632 5240 Vens.
662 5186 750 5242 51.
775 5219 846 5229 -
865 5191 1215 5260 Apprehensa.
1249 5193 1449 5249 Socrus
1479 5194 1625 5249 Petri
1644 5196 1967 5255 febricitans

394 5279 728 5347 apprehensa
752 5295 914 5335 manu
941 5281 1172 5336 levatur.
1197 5283 1385 5338 Febris
1431 5285 1841 5354 intemperantia
1861 5299 1966 5357 est,

393 5369 462 5423 de
507 5385 612 5438 qua
637 5386 737 5425 nos
766 5371 860 5425 ﬁlii
908 5370 1202 5442 Synagogac
1255 5388 1350 5443 per
1403 5390 1622 5430 manum
1675 5377 1969 5448 disciplinae

393 5468 450 5515 et
473 5460 794 5518 levationem
819 5463 1072 5518 desiderii
1098 5478 1372 5531 sanamnr,
1402 5474 1456 5520 et
1481 5468 1640 5538 hujus
1675 5469 1768 5539 qui
1813 5479 1969 5526 sanat

394 5569 494 5609 nos
521 5555 587 5609 ad
613 5570 895 5626 vesperam
920 5556 1240 5612 declmantis
1260 5573 1286 5612 a
1311 5560 1467 5616 nobis
1489 5563 1858 5621 ministramus
1876 5580 1968 5622 vo-

393 5641 605 5698 luntati.

451 5736 801 5792 ‘Ministrabat
851 5740 944 5794 eis.
993 5739 1206 5812 (Βευλ.)
1260 5744 1612 5815 Tropol0gice
1663 5765 1676 5803 :
1729 5749 1784 5804 ld
1839 5758 1960 5816 est,

2001 4510 2056 4574 D

2164 3281 2325 3336 Vens.
2355 3283 2584 3338 59.—Et
2608 3298 2718 3340 erat
2737 3289 3030 3357 praedicans
3052 3291 3105 3344 in
3129 3295 3422 3363 synagogis.
3449 3293 3669 3368 (BI-31M.)

2091 3370 2150 3427 In
2181 3373 2282 3427 hac
2307 3375 2689 3442 praedicatione
2714 3375 3029 3446 intelligitur
3061 3381 3222 3435 etiam
3255 3397 3432 3439 sermo
3459 3385 3549 3440 ille
3571 3387 3670 3441 ha-

2093 3460 2237 3518 bitus
2270 3463 2323 3517 in
2357 3474 2536 3520 monte
2577 3481 2736 3534 quem
2775 3466 2942 3522 refert
2980 3468 3301 3538 Mattbaeus;
3336 3489 3492 3539 nam,
3531 3484 3669 3541 etc.,

2088 3571 2248 3625 usque
2272 3556 2340 3609 ad
2367 3572 2386 3609 :
2415 3554 2484 3610 Et
2533 3573 2649 3611 ecce
2688 3557 2921 3628 leprosus
2966 3563 3168 3616 veniens
3209 3564 3463 3620 adorabat
3503 3585 3619 3622 eum
3647 3609 3665 3636 ,

2087 3645 2260 3708 dicens
2287 3658 2306 3696 .·
2334 3645 2556 3700 Domine
2579 3689 2592 3713 ,
2618 3649 2665 3702 si
2699 3650 2773 3703 vis
2799 3689 2814 3715 ,
2855 3661 2997 3721 potes
3037 3670 3118 3707 me
3153 3655 3406 3711 mundare
3444 3657 3661 3729 (Matth.

2087 3736 2228 3807 vm).

2158 3829 2318 3884 Vens.
2346 3829 2436 3884 40.
2464 3862 2532 3870 -
2555 3831 2625 3885 Et
2661 3849 2795 3902 genu
2823 3835 2982 3904 ﬂexo,
3032 3844 3134 3892 etc.
3165 3837 3378 3909 (Bem.)
3431 3839 3664 3900 Humilis

2082 3918 2440 3988 pudibundus.
2478 3921 2645 3976 Debet
2682 3923 2827 3977 enim
2869 3923 3098 3994 quisque
3141 3927 3207 3982 de
3256 3930 3481 3986 maculis
3533 3933 3662 3989 vitae

2083 4024 2193 4062 suae
2222 4009 2566 4076 erubescere,
2607 4012 2700 4066 sed
2748 4011 3141 4068 confessionem
3179 4017 3500 4073 verecundia
3549 4037 3659 4076 non

2083 4100 2342 4169 reprimat
2370 4119 2383 4154 :
2413 4104 2663 4158 ostendat
2691 4104 2900 4169 vulnus,
2944 4108 3240 4163 remedium
3269 4122 3475 4187 poscat.

2154 4190 2360 4261 (Hien.)
2419 4191 2687 4260 Leprosus
2737 4194 3016 4264 genuflexo
3059 4199 3269 4255 Domini
3324 4203 3657 4262 voluntatem

2081 4280 2379 4348 deprecans
2410 4285 2700 4336 mundatur
2721 4284 2812 4353 qui
2855 4300 2960 4340 non
2991 4288 3104 4340 vult
3150 4299 3376 4345 mortem
3405 4304 3660 4366 peccato-

2079 4369 2174 4432 ris,
2207 4371 2316 4434 sed,
2350 4379 2480 4436 etc.,
2509 4388 2669 4441 usque
2690 4373 2758 4426 ad
2790 4387 2808 4425 :
2836 4374 2967 4440 Date
2995 4375 3416 4453 cleemasynae‘n':
3447 4397 3496 4440 et
3540 4405 3658 4444 ecce

2073 4464 2252 4520 omnia
2290 4465 2484 4521 munda
2507 4471 2635 4522 ,κῆρ’
2663 4465 2812 4539 (Lac.
2842 4474 2938 4538 x1).

2148 4554 2359 4626 (Βευλ.)
2386 4557 2652 4625 Leprosus
2678 4575 2846 4629 genus
2888 4561 3182 4617 humanum
3217 4565 3506 4636 significat,
3534 4573 3652 4639 qui,

2073 4650 2368 4704 secundum
2418 4648 2642 4717 Lucam,
2689 4651 2838 4722 lepra
2886 4652 3075 4722 plenus
3112 4655 3277 4710 fuisse
3316 4659 3650 4726 perhibetur.

2075 4739 2268 4793 Omnes
2293 4740 2446 4800 cnim,
2474 4750 2602 4804 etc.,
2641 4757 2802 4811 usque
2823 4742 2892 4795 ad
2920 4750 2974 4796 et
2996 4759 3127 4798 vero
3152 4747 3419 4801 sacerdoti
3457 4748 3655 4805 offerre

2071 4845 2290 4899 corpora
2329 4849 2425 4886 sua
2453 4833 2672 4886 hostium
2712 4835 2980 4901 viventem,
3025 4848 3279 4903 sanctam,
3315 4839 3424 4894 Deo
3445 4840 3656 4908 placen-

2071 4927 2173 4972 tem
2201 4919 2378 4989 (Rom.
2412 4921 2532 4991 xu).

2151 5006 2209 5062 Si
2238 5010 2312 5062 vis
2335 5020 2495 5078 potes.
2525 5011 2648 5082 (11).)
2673 5012 2731 5066 In
2771 5013 3046 5071 voluntate
3073 5017 3260 5072 tribuit
3303 5028 3651 5090 potestatem,

2073 5114 2174 5154 nec
2197 5099 2403 5154 dubitat
2428 5112 2487 5154 ut
2525 5102 2832 5158 incredulus
2874 5106 2940 5160 de
2987 5107 3260 5164 voluntate
3293 5111 3522 5178 Domini,
3556 5116 3654 5169 sed

2071 5191 2389 5248 colluvionis
2417 5209 2526 5248 suae
2547 5197 2796 5250 conscius
2825 5211 2928 5251 non
2959 5200 3252 5266 praesumit.

2145 5283 2267 5357 (11).)
2298 5285 2397 5352 Qui
2423 5286 2676 5342 exclusus
2702 5304 2730 5341 a
2764 5288 2882 5356 lege
2903 5290 3115 5344 Domini
3145 5307 3201 5346 se
3241 5299 3506 5361 potestate
3558 5311 3654 5350 cu-

2077 5377 2186 5431 rari
2216 5377 2471 5446 postulat,
2495 5393 2656 5448 supra
2684 5379 2852 5449 legem
2875 5379 3084 5448 judicat
3122 5383 3348 5450 gratiam
3394 5399 3534 5440 esse.
3582 5386 3652 5441 Ut

2072 5471 2217 5526 enim
2248 5470 2302 5524 in
2327 5471 2553 5527 Domino
2573 5472 2856 5541 potestatis
2878 5474 3189 5541 auctoritas,
3214 5475 3292 5530 sic
3329 5475 3382 5529 in
3412 5476 3505 5532 illo
3524 5477 3648 5532 ﬁdei

2072 5561 2394 5616 constantia.
2941 5563 2943 5565 ’

2147 5655 2308 5710 Vens.
2361 5653 2453 5708 41.
2491 5685 2560 5695 ——
2605 5653 2853 5709 Extendit
2903 5671 3134 5708 manum.
3177 5653 3300 5727 (11).)
3350 5655 3645 5724 Leprosum

2074 5747 2218 5818 tangi
2244 5747 2330 5803 lex
2355 5747 2622 5817 prohibet,
2653 5748 2745 5802 scd
2781 5747 2904 5817 quia
2934 5747 3192 5805 Dominus
3228 5748 3359 5820 legis
3408 5755 3509 5816 est,
3538 5763 3645 5803 non
