3960 6336
224 367 330 426 185

1145 370 1409 428 GLOSSA
1447 369 1836 427 ORDINARIA.
1876 402 1947 412 —
1984 371 2236 429 EVANG.
2278 373 2507 430 MARCI.

3363 375 3466 424 ibti

221 483 542 553 obsequitur
565 481 689 553 legi,
732 481 826 536 sed
864 481 1031 553 legem
1069 482 1212 539 facit.
1259 483 1376 539 Non
1430 484 1550 539 ideo
1594 483 1782 552 tangit,
1813 487 1861 545 Α
1890 483 2097 539 ritualis
2125 487 2340 556 tegitur.
2371 485 2505 539 Cum
2535 483 2759 554 grabato
2787 490 2910 536 ante
2940 479 3122 536 Jesum
3152 479 3456 549 deponitur,

223 573 347 644 quia
379 574 502 628 sine
542 581 684 627 tactu
713 588 901 628 curare
948 590 1054 630 non
1080 582 1313 644 poterat,
1344 574 1437 630 sed
1466 574 1545 629 sic
1583 573 1794 643 probat,
1895 575 2021 643 quia
2073 591 2396 645 cognoscere
2438 573 2621 629 Jesum
2660 573 2819 629 debet
2856 573 3019 627 etiam
3071 572 3126 626 in
3151 586 3313 626 carne
3359 571 3461 625 hac

231 665 350 736 quia
376 664 482 734 legi
511 665 782 734 subjectus
811 681 917 720 non
944 673 1081 719 erat.

299 753 455 817 Volo,
489 755 759 809 mundare.
791 755 913 825 (11).)
945 755 1075 809 illud
1107 755 1372 820 mirabile,
1426 769 1531 822 quo
1579 764 1798 822 rogatur

224 857 290 897 eo
327 853 488 898 sanat
519 859 734 913 genere.
797 843 942 911 Volo,
996 846 1288 899 mundare:
1329 856 1376 898 et
1407 861 1523 897 eum
1557 845 1792 908 dixisset,

224 933 398 988 statim
429 935 666 990 discessit
701 936 764 989 ab
785 953 844 990 eo
878 937 1039 1008 lepra.
1070 937 1212 991 Nihil
1239 938 1467 992 medium
1494 939 1632 992 inter
1659 953 1794 1006 opus

223 1033 275 1078 et
299 1034 652 1094 praeceptum.
671 1027 814 1081 Dixit
836 1039 884 1081 et
907 1029 1048 1096 facta
1069 1039 1186 1082 sunt
1217 1027 1386 1104 (Psal.
1407 1028 1598 1099 11111111).
1631 1027 1793 1083 Vides

222 1113 343 1182 quia
374 1115 625 1171 voluntas
656 1126 896 1186 potestas
916 1127 1016 1173 est.
1043 1118 1250 1187 Itaque,
1299 1128 1429 1183 etc.,
1477 1135 1635 1188 usque
1681 1119 1749 1171 ad
1771 1131 1790 1169 :

225 1201 354 1256 Volo
383 1205 531 1258 enim
555 1206 688 1263 dicit
715 1218 934 1277 propter
965 1208 1213 1263 Potinum
1237 1250 1250 1274 ,
1300 1210 1526 1280 imperat
1572 1219 1792 1280 propter

216 1293 421 1356 Arium,
457 1296 626 1366 tangit
651 1306 868 1366 propter
900 1297 1271 1354 Manichacum.

1895 663 2236 717 constitutus.

1965 754 2126 810 Vens.
2176 756 2227 810 5.
2256 787 2324 796 -—-
2347 756 2476 810 Cum
2512 765 2687 810 autem
2720 755 2948 808 vidisset.
2977 753 3096 824 (11).)
3123 753 3343 806 Multum
3367 767 3461 806 va-

1894 846 1968 900 let
2012 849 2151 916 apud
2205 850 2370 902 Deum
2425 847 2558 902 fides
2611 846 2852 916 propria,
2905 846 2992 900 ubi
3044 854 3249 898 tantum
3294 843 3462 897 valuit

1893 935 2065 990 aliena
2100 951 2115 989 :
2144 946 2201 991 ut
2224 939 2384 991 homo
2413 937 2638 991 interius
2663 946 2718 990 01
2737 935 2974 990 exterius
2996 944 3214 990 sanatus
3243 942 3462 1003 repente

1892 1037 2225 1096 exsurgeret,
2275 1029 2608 1098 aliorumque
2654 1026 2861 1081 meritis
2889 1041 2982 1080 sua
3005 1026 3052 1080 ei
3092 1024 3462 1078 relaxarentur

1889 1125 2088 1172 errata.

1962 1205 2088 1260 Fili.
2124 1207 2255 1262 Mira
2287 1209 2585 1275 humilitas,
2623 1209 2936 1277 despectum
2965 1205 3033 1260 ab
3057 1204 3330 1268 omnibus,
3352 1202 3536 1256 dis-\
3578 1289 3585 1296 ι

1887 1297 2118 1352 solutum
2155 1300 2282 1354 totis
2315 1301 2556 1365 artubus,
2590 1299 2756 1352 ﬁlium
2787 1305 2962 1353 vocat.
3005 1295 3114 1350 Aut
3138 1303 3286 1351 certe
3315 1293 3458 1357 ideo,

285 1383 448 1436 Vens.
483 1384 572 1438 44.
598 1415 668 1425 --
696 1385 842 1451 Vide,
871 1395 976 1442 etc.
1003 1389 1126 1460 (11).)
1154 1389 1268 1445 Νο11
1292 1390 1418 1459 quia
1452 1391 1618 1445 voluit
1646 1392 1789 1460 quod
1887 1387 2014 1457 quia
2040 1387 2384 1443 dimittuntur
2417 1390 2465 1444 ei
2494 1398 2740 1459 peccata.

213 1487 312 1526 non
342 1473 544 1540 potuit,
573 1475 695 1542 quia
727 1478 901 1531 omnia
927 1495 1248 1550 qutecunque
1275 1480 1434 1535 voluit
1454 1482 1573 1551 fecit
1610 1480 1781 1552 (Psal.

1955 1477 2118 1534 Vens.
2179 1479 2232 1534 6.
2283 1511 2354 1520 —
2389 1480 2738 1534 Dimittuntur
2784 1479 2875 1532 tibi
2923 1486 3154 1548 peccata.
3214 1472 3462 1530 Ostendit

212 1561 384 1632 cxm).
418 1560 533 1618 Sed
561 1565 717 1619 docet
744 1575 930 1621 nostra
973 1568 1235 1624 beneﬁcia
1259 1571 1500 1640 reprimi,
1527 1587 1632 1626 non
1670 1580 1787 1625 tan-
1883 1578 2102 1639 propter
2129 1579 2345 1639 peccata
2371 1571 2536 1626 fuisse
2560 1571 2748 1627 morbo
2769 1585 3106 1640 percussum,
3129 1576 3186 1622 et
3213 1567 3333 1620 ideo
3351 1579 3460 1618 non

210 1661 316 1707 tum
339 1671 369 1707 a
400 1657 656 1711 mercede
683 1659 941 1726 pecuniae,
979 1649 1073 1714 sed
1101 1662 1262 1715 etiam
1295 1663 1499 1732 gratiae.

1881 1675 2040 1730 posse
2061 1662 2237 1715 sanari
2267 1663 2369 1718 nisi
2396 1663 2547 1732 prius
2583 1663 2668 1718 his
2708 1661 2961 1717 dimissis.
2988 1661 3136 1714 Sicut
3159 1657 3460 1728 paralytico

277 1743 512 1800 Ostende
535 1756 605 1812 te,
638 1758 741 1802 etc.
775 1748 900 1819 (11).)
950 1749 1020 1806 Ut
1072 1751 1334 1822 intelligat
1377 1770 1482 1809 non
1530 1754 1662 1826 legis
1696 1770 1786 1810 or-
1881 1752 1948 1806 ad
1975 1752 2274 1821 piscinam:
2306 1753 2441 1807 Ecce
2468 1770 2627 1808 sanus
2659 1752 2828 1821 factus
2849 1769 2921 1816 es,
2939 1751 3052 1819 jam
3081 1749 3185 1803 noli
3223 1763 3459 1818 peccare,

206 1834 346 1900 dine,
372 1837 466 1890 sed
506 1838 674 1908 gratia
707 1855 825 1910 quae
847 1857 1006 1912 super
1037 1842 1207 1913 legem
1239 1838 1464 1902 estesse
1509 1856 1765 1902 curatum.

1886 1857 1949 1894 ne
1973 1841 2199 1896 deterius
2223 1842 2314 1895 tibi
2349 1843 2610 1912 contingat
2641 1841 2821 1913 (Ioan.
2852 1841 2927 1912 v).
2963 1840 3174 1912 (BI-10A.)
3214 1839 3461 1906 Quinque

207 1923 406 1980 Offerre
429 1926 615 1995 jubet,
637 1938 694 1983 ut
721 1933 970 1986 ostendat
993 1933 1117 2002 quia
1148 1950 1254 1988 non
1282 1935 1453 2006 legem
1477 1937 1658 2004 solvit,
1682 1940 1777 1993 sed

205 2015 402 2086 implet,
430 2017 566 2073 dum
599 2023 890 2076 secundum
911 2023 1100 2095 .legem
1127 2027 1377 2095 gradiens
1415 2043 1578 2099 supra
1606 2029 1778 2100 legem

203 2117 370 2172 sanat,
410 2123 556 2178 quos
585 2113 819 2166 remedia
851 2112 983 2184 legis
1010 2132 1116 2170 non
1145 2118 1431 2172 sanabant.
1470 2118 1579 2174 Nec
1605 2121 1776 2176 sacri-

203 2197 372 2252 ﬁcium
406 2201 730 2269 signiﬁcans
753 2219 966 2260 cessare
991 2207 1235 2271 debebat,
1264 2225 1386 2263 cum
1436 2212 1675 2266 nondum
1705 2212 1778 2267 si-

201 2289 517 2360 gniﬁcatum
545 2294 923 2350 conﬁrmatum
951 2308 1070 2353 erat
1099 2301 1481 2358 constitutione
1507 2304 1778 2374 apostolo-

199 2395 310 2433 rum
339 2390 395 2435 et
414 2382 528 2437 ﬁde
559 2385 910 2441 credentium.

266 2467 429 2525 Vens.
459 2472 558 2527 45.
585 2505 653 2513 —-
698 2476 764 2528 At
793 2477 880 2530 ille
908 2494 1164 2548 egressus.
1200 2480 1324 2552 (11).)
1357 2481 1528 2538 Unius
1550 2485 1775 2541 salvatio

200 2559 386 2614 multos
411 2562 488 2614 ad
510 2562 791 2618 Dominum
817 2566 977 2636 cogit.
1002 2566 1118 2622 Non
1143 2578 1324 2639 potest
1368 2579 1550 2627 tacere
1579 2573 1776 2628 beneﬁ-

199 2651 352 2714 cium,
385 2653 558 2707 etiam
586 2655 771 2722 jussus
807 2657 875 2712 ab
919 2673 984 2714 eo
1012 2659 1103 2729 qui
1153 2662 1318 2716 dedit.
1358 2662 1621 2734 Praecepit
1665 2665 1771 2720 Do-

199 2743 370 2799 minus
396 2745 678 2802 abscondi.
725 2748 846 2804 Vult
869 2752 1036 2817 enim,
1068 2762 1127 2808 ut
1155 2756 1207 2810 in
1232 2756 1386 2811 bonis
1407 2772 1526 2826 quae
1557 2759 1770 2829 agimus

198 2831 359 2889 latere
383 2836 634 2905 velimus,
661 2841 802 2908 quod
831 2850 913 2896 est
935 2842 1253 2900 humilitatis
1283 2862 1296 2912 ;
1330 2855 1386 2900 et
1435 2847 1590 2901 inviti
1639 2865 1768 2918 pro-

197 2926 382 2979 damur
417 2936 480 2981 ut
511 2928 628 2982 aliis
656 2931 941 2999 prosimus,
973 2934 1114 3002 quod
1137 2950 1342 3006 magna:
1356 2944 1439 2991 est
1462 2936 1768 2994 sublimita-

197 3017 280 3081 tis,
311 3033 441 3074 cum
473 3023 686 3077 etiamsi
722 3023 824 3093 ipsi
871 3025 1098 3082 velimus
1120 3067 1134 3093 ,
1184 3043 1347 3099 opera
1384 3045 1488 3084 non
1542 3041 1767 3100 possunt

196 3112 378 3166 taceri.

1881 1932 1948 1986 de
1974 1933 2152 1987 causis
2177 1933 2496 2000 afﬁciuntur,
2534 1934 2782 1988 homines
2811 1933 3072 1988 molestiis
3107 1930 3308 1986 carnis.
3351 1927 3461 1982 Aut

1879 2031 2102 2094 prapter
2139 2026 2332 2080 merita
2386 2027 2650 2096 augenda,
2685 2035 2746 2081 ut
2785 2026 2886 2080 Job
2924 2035 2986 2101 et,
3021 2033 3308 2095 martyres.
3353 2022 3462 2103 Aut

1877 2122 2099 2182 propter
2129 2114 2510 2180 humilitatem,
2541 2123 2670 2180 etc.,
2701 2132 2863 2184 usque
2905 2115 2973 2168 ad
3009 2115 3274 2177 Lazarus,
3306 2109 3460 2181 cujus

1879 2202 2167 2257 inﬁrmitas
2203 2219 2310 2259 non
2330 2203 2518 2258 fuitad
2547 2211 2794 2266 mortem,
2840 2203 2932 2258 sed
2960 2217 3059 2274 pro
3117 2201 3284 2270 gloria
3338 2198 3454 2264 Dei,

1877 2299 1971 2345 aut
1997 2291 2065 2347 ad
2103 2292 2316 2346 initium
2343 2301 2558 2347 10101010
2599 2292 2980 2356 damnationis,
3021 2299 3084 2345 ut
3124 2289 3386 2344 Herodes.

1947 2383 2111 2437 Vens.
2127 2383 2385 2449 7.—Quis
2407 2392 2570 2454 potest
2587 2383 2868 2437 dimittere.
2889 2382 3010 2454 (11).)
3027 2383 3224 2438 Verum
3239 2380 3420 2435 dicunt
3440 2396 3453 2432 :

1878 2471 2037 2528 Solus
2049 2473 2190 2528 Deus
2209 2475 2310 2529 hoc
2324 2483 2520 2544 potest,
2536 2474 2682 2529 solus
2697 2474 2856 2528 etiam
2880 2489 2974 2544 per
2990 2488 3082 2528 eos
3095 2471 3317 2526 dimittit
3331 2469 3453 2538 qui-

1875 2565 1976 2618 bus
2008 2573 2329 2634 potestatem
2352 2567 2656 2621 dimittendi
2688 2576 2907 2638 peccata
2939 2566 3147 2632 tribuit,
3185 2559 3304 2619 ideo
3329 2576 3457 2617 vere

1875 2655 2035 2710 Deus.
2057 2654 2250 2710 Verum
2277 2664 2564 2722 testantur,
2580 2657 2672 2712 sed
2692 2673 2974 2727 personam
2990 2655 3187 2712 Christi
3211 2652 3457 2725 negando

1873 2744 2150 2802 falluntur.
2170 2749 2367 2802 Errant
2395 2749 2577 2819 igitur,
2594 2749 2720 2819 quia
2739 2759 2797 2804 ut
2812 2750 2978 2804 Deum
2995 2763 3133 2809 esse.
3159 2757 3214 2803 et
3234 2753 3456 2817 peccata

1872 2840 2142 2896 dimittere
2162 2841 2404 2907 credunt,
2421 2841 2694 2896 Christum
2719 2851 2899 2896 tamen
2925 2857 3043 2896 esse
3063 2856 3183 2895 cum
3211 2854 3315 2893 non
3336 2852 3456 2892 cre-

1871 2930 2021 2985 dunt.
2056 2931 2160 2986 Sed
2189 2933 2488 2988 dementius
2511 2933 2716 2997 Ariani,
2749 2933 2838 3004 qui
2863 2945 2918 2989 et
2941 2933 3213 3006 Christum
3246 2947 3368 2986 esse
3398 2936 3456 2984 et

1869 3029 2086 3090 peccata
2115 3021 2384 3078 dimittere
2417 3037 2616 3094 negare
2663 3040 2768 3079 000
2817 3026 3052 3078 audent:
3105 3023 3273 3078 Deum
3326 3036 3449 3077 esse

1871 3124 2070 3178 negare
2101 3126 2206 3164 non
2234 3112 2440 3167 timent.
3375 3128 3377 3130 ‘

259 3203 350 3257 Ita
375 3212 434 3256 ut
455 3220 593 3273 1am,
619 3215 722 3261 etc.
755 3207 956 3280 (111011.)
979 3208 1094 3264 Non
1125 3212 1372 3266 omnibus
1394 3212 1765 3270 manifestatus

1939 3200 2100 3253 Vens.
2126 3201 2178 3252 9.
2201 3231 2268 3240 —
2297 3200 2434 3265 Quid
2465 3211 2556 3255 est.
2595 3201 2714 3271 (11).)
2745 3201 2908 3269 Quasi
2941 3203 3086 3257 dicat
3128 3218 3142 3254 :
3185 3200 3300 3268 Qua
3352 3215 3450 3270 po-

195 3303 269 3347 est
307 3293 491 3360 Jesus,
524 3297 612 3366 qui
662 3298 785 3354 latis
821 3308 981 3369 atque
1023 3301 1287 3372 plataneis
1317 3305 1556 3359 serviunt
1601 3305 1770 3360 laudi-

194 3384 289 3438 bus
334 3393 391 3438 et
421 3387 656 3456 pmpriis
686 3388 1064 3458 voluptatibus,
1091 3391 1184 3445 sed
1217 3393 1319 3458 his,
1353 3403 1482 3458 etc.,
1515 3411 1674 3466 usque
1697 3396 1767 3449 ad

195 3490 325 3544 quos
357 3476 493 3530 nihil
521 3487 699 3547 potest
726 3493 978 3549 separare
1015 3497 1044 3535 a
1089 3483 1350 3540 cbaritate
1379 3486 1492 3541 Dei.

793 3634 1017 3690 CAPUT
1075 3636 1139 3691 11.

261 3742 421 3797 Vens.
443 3745 502 3798 2.
542 3775 610 3784 -—
645 3744 731 3798 Ita
761 3755 944 3800 utnon
971 3757 1193 3818 caperet,
1233 3758 1339 3804 etc.
1375 3750 1587 3822 (111101.)
1624 3753 1764 3808 Prte-

198 3830 401 3888 dicante
423 3833 672 3900 Domino,
704 3836 758 3889 in
789 3837 948 3892 domo
987 3853 1092 3892 1100
1123 3841 1428 3910 capiuntur,
1461 3858 1634 3912 neque
1688 3845 1756 3899 ad

191 3919 398 3988 ianuam
428 3943 441 3980 :
478 3927 602 3995 quia
629 3927 952 3996 praedicante
976 3929 1031 3983 in
1058 3928 1237 3986 Judzea
1267 3931 1482 3989 Christo
1531 3935 1760 4005 gentiles

197 4012 259 4064 ad
285 4016 608 4070 audiendum
649 4018 885 4072 nondum
915 4019 1116 4074 intrare
1151 4022 1456 4088 voluerunt,
1509 4025 1576 4079 ad
1622 4041 1759 4095 quos

196 4108 361 4157 tamen
388 4105 515 4175 (etsi
544 4106 677 4162 furis
701 4108 924 4178 positos)
952 4111 1210 4166 doctrinae
1243 4129 1352 4168 suae
1375 4117 1538 4170 verba
1559 4117 1757 4173 direxit

194 4206 284 4260 per
309 4197 693 4264 praedicatores
731 4215 875 4254 suos.
1060 4256 1063 4260 .

259 4286 416 4343 Vens.
451 4290 508 4343 5.
533 4321 602 4328 —
624 4289 1003 4361 Paralyticum.
1049 4294 1250 4366 (l-lten.)
1279 4297 1550 4369 Paralysis
1598 4309 1756 4372 typus

195 4386 270 4431 est
294 4381 544 4450 torporis,
577 4398 682 4450 quo
706 4384 855 4453 piger
868 4383 1015 4452 jacet
1043 4387 1096 4440 111
1141 4387 1366 4444 mollitie
1405 4391 1608 4457 carnis,
1660 4393 1755 4446 ha-

196 4465 315 4523 bens
338 4472 664 4526 desiderium
698 4473 884 4528 salutis
916 4492 928 4528 :
957 4477 1050 4530 sed
1087 4478 1273 4542 turbis,
1299 4489 1401 4534 etc.
1426 4520 1442 4544 ,
1490 4497 1648 4552 usque
1685 4484 1753 4537 ad

1876 3288 2037 3340 tentia
2062 3289 2237 3343 cordis
2256 3289 2464 3343 occulta
2490 3291 2717 3351 intueor,
2748 3291 2935 3345 eadem
2959 3302 3181 3360 peccata
3212 3290 3441 3344 dimitto.

1870 3378 2033 3445 Quasi
2062 3381 2246 3436 dicat:
2289 3382 2368 3436 Ex
2407 3381 2558 3436 vobis
2605 3382 2883 3454 iutelligitc
2915 3383 3046 3452 quid
3086 3390 3448 3450 consequatur

1866 3471 2219 3540 paralyticus.

1939 3559 2099 3615 Vens.
2127 3563 2210 3615 10.
2235 3592 2307 3602 —
2336 3560 2506 3617 Filius
2530 3564 2773 3617 hominis.
2819 3562 2940 3634 (11).)
2981 3563 3140 3618 Solus
3190 3563 3328 3617 Deus
3362 3559 3444 3615 di-

1864 3652 2031 3706 mittit
2058 3663 2300 3722 pcccata,
2346 3663 2400 3710 et
2436 3655 2605 3710 Filius
2647 3656 2882 3710 hominis
2923 3656 3084 3710 habet
3121 3664 3440 3726 potestatem

1864 3744 2165 3800 dimittendi
2195 3756 2415 3816 peccata
2450 3766 2464 3802 :
2491 3763 2622 3820 ergo
2657 3748 2796 3803 idem
2824 3749 2964 3803 Deus
2984 3758 3037 3804 et
3067 3739 3235 3802 Filius
3263 3749 3439 3804 homi-

1863 3841 1946 3895 nis
1975 3850 2076 3896 est.
2108 3842 2187 3896 Ita
2227 3843 2388 3898 homo
2420 3843 2668 3899 Christus
2695 3860 2792 3915 per
2845 3845 3179 3899 divinitatem
3216 3843 3439 3898 dimittit

1861 3941 2098 4002 peccata,
2125 3948 2225 4002 per
2263 3935 2648 3991 humanitatem
2701 3951 2799 4006 pro
2835 3936 3208 4006 peccatoribus
3257 3943 3437 4006 potest

1861 4025 2016 4080 mori.
2538 4047 2542 4050 ι

1858 4182 1863 4186 _
1930 4115 2091 4170 Vens.
2137 4117 2222 4171 11.
2249 4147 2319 4156 -
2353 4115 2492 4169 Vade
2517 4117 2570 4169 in
2596 4116 2806 4170 domum
2839 4125 3004 4168 tuam.
3032 4114 3153 4184 (11).)
3177 4113 3277 4180 Qui
3317 4113 3434 4167 lan-

1858 4212 2068 4276 guerat,
2099 4204 2379 4274 grabatum
2403 4205 2619 4259 domum
2661 4212 2916 4272 reportat,
2949 4218 3070 4257 cum
3102 4203 3279 4256 anima
3306 4217 3432 4271 pec-

1857 4306 2097 4350 catorum
2125 4296 2441 4351 remissione
2479 4303 2687 4360 curata,
2713 4311 2770 4349 se
2796 4295 2863 4348 ad
2894 4295 3200 4348 diuturnam
3228 4294 3311 4349 sui
3335 4311 3430 4348 cu-

1856 4386 2085 4440 stodiam
2118 4402 2238 4440 cum
2262 4386 2376 4454 ipso
2413 4400 2641 4455 corpore
2675 4384 2840 4439 refert
2873 4401 2885 4437 :
2936 4399 3004 4439 ne
3051 4384 3178 4454 quid
3233 4383 3428 4439 iterum

1858 4477 1995 4530 unde
2022 4476 2247 4530 feriatur
2281 4477 2550 4531 admittat.

195 4567 248 4610 ut
275 4575 365 4627 per
390 4563 554 4616 aliam
590 4563 732 4617 viam
761 4580 883 4619 cum
914 4565 1079 4636 Magis
1110 4566 1161 4620 in
1194 4583 1342 4622 suam
1367 4573 1638 4640 regionem
1662 4589 1746 4628 re-
1770 4571 1824 4630 D
1922 4567 2081 4622 Vens.
2115 4567 2200 4620 l5.
2223 4567 2363 4620 -—Et
2382 4584 2633 4637 egressus,
2660 4573 2766 4621 etc.
2795 4565 2915 4637 (11).)
2943 4564 3069 4619 Post
3092 4566 3425 4620 curationem

197 4645 324 4701 deat.

258 4739 295 4792 A
321 4753 544 4810 quatuor
570 4744 892 4814 portabatur.
923 4743 1134 4816 (Bt-2m.)
1157 4745 1292 4813 Quia
1317 4757 1552 4816 quatuor
1572 4753 1745 4806 virtu-

198 4828 326 4884 tibus
344 4834 406 4886 ad
443 4835 727 4888 Dominum
766 4835 956 4888 ﬁducia
1000 4837 1198 4892 mentis
1236 4838 1478 4910 erigitur.
1512 4839 1586 4895 De
1624 4843 1744 4911 qui-

194 4915 283 4971 bus
308 4921 499 4977 dicitur
528 4924 579 4976 in
617 4924 755 4977 111110
796 4923 1128 4993 Sapientiae:
1181 4925 1523 4983 Sobrietatem
1568 4941 1615 4984 et
1661 4949 1745 4986 sa-

194 5007 418 5070 pientiam
445 5015 626 5079 docet,
657 5024 704 5067 et
734 5015 1000 5068 scientiam
1042 5025 1090 5069 et
1129 5017 1365 5070 virtutem
1411 5017 1556 5090 (Sap.
1598 5021 1739 5091 vui),

194 5107 314 5160 quas
357 5101 444 5156 alii
480 5104 841 5172 prudentiam,
881 5103 1278 5181 fortitudinem,
1334 5111 1739 5180 temperantiam

195 5192 241 5236 el
270 5186 524 5252 justitiam
564 5207 894 5264 nuncupant.

259 5275 408 5333 Vens.
438 5283 491 5335 lt.
519 5313 588 5324 -—
611 5283 1159 5342 Nudaveranttectum
1201 5288 1288 5340 ubi
1331 5298 1462 5341 erat.
1513 5290 1737 5346 Tectum

197 5367 365 5424 domus
390 5372 440 5426 in
465 5389 568 5444 qua
592 5376 836 5430 Christus
888 5378 1064 5441 docet,
1115 5379 1416 5434 sublimitas
1458 5390 1541 5436 est
1591 5382 1739 5438 Scri-

195 5465 366 5527 pturaz,
400 5467 452 5520 in
477 5484 578 5538 qua
601 5469 810 5538 corrigit
831 5469 1205 5524 adolescentior
1226 5473 1358 5524 viam
1380 5488 1548 5539 suam,
1565 5475 1617 5528 in
1646 5491 1738 5528 cu-

194 5549 438 5608 stodiendo
470 5575 726 5612 sermones
745 5568 876 5613 tuos
902 5557 1072 5630 (Psal.
1098 5562 1308 5632 cxvm).

256 5635 452 5714 (BEDA.)
476 5646 676 5703 Domus
705 5647 831 5703 Jesu
851 5650 1143 5705 secundum
1165 5649 1325 5705 alium
1353 5653 1732 5723 evangelistam

196 5729 366 5789 “titulis
393 5743 527 5794 tecta
551 5740 768 5804 dicitur,
799 5741 923 5804 quia
954 5739 1158 5796 vilitate
1184 5740 1375 5796 littera:
1402 5756 1589 5798 sensus
1625 5743 1730 5812 spi-

1849 4655 2128 4726 paralytici
2165 4656 2218 4709 in
2253 4655 2628 4724 Capharnaum
2663 4654 2730 4708 ad
2769 4668 2918 4708 mare
2965 4654 3255 4723 egreditur,
3298 4654 3425 4722 quia

1849 4761 1955 4798 11011
1987 4745 2156 4799 solum
2191 4746 2360 4810 cives,
2396 4745 2489 4799 sed
2519 4755 2574 4798 et
2608 4744 2773 4798 maris
2804 4743 3132 4798 habitatores
3179 4743 3420 4809 instruit,

1847 4851 1902 4898 et
1927 4840 2239 4912 fluctivagos
2262 4841 2444 4896 mundi
2463 4850 2639 4896 motus
2663 4839 2782 4894 ﬁdei
2808 4840 3082 4904 ﬁrmitate,
3106 4847 3239 4904 etc.,
3263 4855 3423 4909 usque

1842 4933 1913 4986 ad
1945 4941 2000 4987 ct
2035 4934 2102 4988 ab
2124 4933 2280 4988 undis
2302 4933 2651 5002 cupiditatum
2675 4940 2953 5000 separatos
2968 4931 3033 4984 ad
3056 4930 3418 4993 solitudinem,

1849 5023 2030 5090 quiete
2067 5023 2489 5080 conversationis
2512 5038 2631 5092 qua:
2651 5030 2733 5076 est
2755 5022 2807 5074 in
2834 5037 2929 5091 spe
2955 5022 3277 5086 caelestium,
3299 5033 3420 5089 per-

1851 5113 2030 5166 trahit.

1917 5201 2077 5256 Vens.
2112 5201 2198 5255 14.
2241 5231 2312 5241 -
2355 5200 2494 5256 Levi.
2530 5199 2734 5273 (111011.)
2778 5200 2902 5256 Levi
2951 5201 3181 5265 additus,
3223 5199 3411 5270 quia'a

1843 5292 2042 5348 telonio
2075 5292 2410 5362 negotiorum
2457 5291 2789 5346 saecularium
2818 5293 3060 5360 sequitur
3093 5291 3264 5346 solum
3287 5307 3410 5346 ver-

1841 5381 1968 5436 bum
1999 5383 2139 5451 quod
2165 5382 2293 5435 dicit
2321 5398 2333 5434 :
2364 5381 2487 5450 quia
2513 5381 2602 5451 qui
2627 5398 2728 5435 non
2746 5382 3004 5435 renuntiat
3029 5382 3267 5451 omnibus
3296 5395 3414 5451 qua:

1839 5473 2089 5543 possidet,
2123 5487 2224 5525 non
2253 5481 2415 5541 potest
2445 5488 2586 5524 meus
2627 5489 2735 5526 esse
2778 5470 3063 5541 discipulus
3091 5470 3241 5542 (Luc.
3274 5469 3398 5537 xw).

1912 5563 2124 5634 (BEDA.)
2156 5562 2367 5618 Marcus
2396 5572 2450 5618 et
2476 5563 2649 5618 Lucas
2675 5563 3009 5620 verecundia:
3038 5578 3196 5618 causa
3228 5570 3283 5616 et
3316 5563 3411 5616 hoc

1838 5667 1972 5706 nore
1996 5651 2340 5722 evangelista:
2366 5668 2556 5708 nomen
2599 5653 2871 5724 vulgatum
2902 5669 3008 5708 non
3034 5660 3260 5722 ponunt.
3293 5650 3409 5718 Ipse

1840 5741 2156 5813 (secundum
2187 5744 2290 5799 hoc
2313 5745 2453 5814 quod
2495 5745 2752 5814 scriptum
2775 5753 2857 5801 est
2884 5763 2896 5798 :
2927 5743 3113 5797 Justus
3143 5743 3196 5795 in
3223 5741 3413 5810 primis
