3960 6336
559 337 663 395 187

1055 338 1445 397 WALAFRIDI
1483 339 1730 395 STRABI
1762 339 1965 397 FULD.
2008 335 2179 393 MON.
2220 335 2370 393 OPP.
2412 339 2592 397 PARS
2623 340 2665 397 l.
2708 372 2775 383 —
2814 340 3268 400 THEOLOGICA.

3691 348 3787 404 188

560 455 838 501 accusator
867 457 944 502 est
978 450 1061 504 sui
1085 447 1267 521 (Prov.
1296 450 1486 521 xviii);
1516 450 1825 507 Mattbzeum
1852 466 1912 507 se
1939 458 1995 506 et
2019 464 2121 519 pu-
2157 450 2202 510 Α
2297 449 2459 509 Vens.
2485 454 2576 509 21.
2599 483 2669 496 —-
2716 456 2885 512 Nemo
2911 468 3286 514 assumtum.
3319 459 3441 531 (10.)
3469 458 3786 546 Discipulos,

556 534 827 592 bllcanum
862 539 1139 593 nominat:
1182 549 1243 594 ut
1270 543 1518 596 ostendat
1565 543 1767 598 nullum
1807 555 2133 623 conversum
2230 542 2552 598 vestimenta
2578 554 2761 601 vetera
2794 547 2947 613 dicit,
2969 548 3023 603 id
3048 556 3150 615 est,
3180 549 3356 605 adhuc
3380 537 3789 613 carnales,hec-

556 627 755 684 debere
798 630 865 685 de
889 630 1060 686 salute
1093 632 1333 690 dillidere
1362 651 1484 690 cum
1517 637 1789 705 apostolus
1818 645 1874 692 et
1896 650 2128 706 evange-

518 718 676 774 -lista
704 723 769 776 de
803 724 1089 792 publicano
1115 726 1187 780 sit
1229 727 1403 782 factus
1440 742 1674 798 repente.

2229 630 2355 685 dum
2378 633 2657 690 iunovatos
2686 636 2809 691 ﬁdei
2850 637 3123 705 ﬁrmitate,
3147 648 3277 706 etc.,
3306 657 3465 711 usque
3491 642 3561 696 ad
3589 643 3783 707 vinum,

2227 717 2407 776 fervor
2434 722 2578 790 ﬁdet,
2610 726 2722 794 spei
2749 735 2802 781 et
2831 729 3131 795 charitatts,
3162 746 3268 799 quo
3296 732 3350 785 iu
3372 742 3665 802 conspectu
3696 732 3786 788 Dei

629 811 851 868 Secutus
889 824 963 869 est
1002 833 1142 870 eum.
1174 819 1296 889 (ln.)
1331 819 1504 876 Lucas
1545 821 1790 890 plenius:
1825 821 1893 875 Et
1931 821 2125 876 relictis
2225 813 2370 871 imus
2393 832 2583 874 sensus
2608 820 2844 876 novitate
2879 821 3256 878 reformamur.

553 903 791 957 omnibus
820 916 1027 959 secutus
1076 918 1153 961 est
1183 925 1299 963 eum
1340 909 1489 983 (Luc.
1519 913 1594 980 v).
1630 912 1906 982 Sequitur,
1950 913 2041 982 qui
2067 919 2125 967 ut

549 1005 840 1062 pauperem
866 994 1136 1053 Christum
1178 1015 1284 1055 non
1314 1009 1423 1055 tam
1466 1003 1709 1073 corporis
1750 1019 1939 1074 gressu
1960 1005 2121 1074 quam

550 1081 745 1136 mentis
793 1082 988 1140 aﬁ‘ectu
1039 1088 1210 1156 possit
1237 1091 1408 1159 sequi,
1448 1094 1629 1148 omnia
1676 1094 1957 1164 relinquit,
1988 1102 2119 1160 etc.,

547 1188 709 1241 usque
744 1174 814 1228 ad
854 1179 1049 1234 merito
1089 1192 1219 1250 ergo
1245 1181 1337 1251 qui
1382 1182 1683 1239 obedicndo
1722 1186 1957 1240 humana
1987 1201 2119 1242 con-

544 1266 765 1333 tempsit
793 1268 1034 1338 negotia,
1071 1270 1375 1327 divinorum
1424 1274 1763 1345 dispensator
1812 1276 1986 1333 factus
2035 1288 2119 1333 est

544 1351 891 1409 talentorum.

664 1458 782 1498 ens.
808 1445 896 1500 15.
925 1476 998 1487 -—
1024 1447 1095 1503 Et
1122 1449 1316 1520 factum
1356 1462 1452 1508 est.
1484 1453 1607 1527 (1ο.)
1638 1455 1813 1512 Lucas
1837 1475 1850 1511 :
1874 1455 2022 1512 Fecit
2041 1459 2115 1513 eis

544 1534 833 1590 conuiuium
874 1556 1123 1611 magnum
1170 1543 1293 1600 Levi
1335 1548 1390 1602 in
1422 1548 1576 1603 domo
1598 1565 1696 1605 sua
1726 1549 1877 1623 (Luc.
1904 1550 1984 1624 v).
2012 1553 2114 1619 Qui

542 1624 688 1679 enim
732 1626 1005 1686 Christum
1035 1633 1181 1690 intus
1208 1638 1423 1709 recipit,
1452 1640 1785 1710 voluptatum
1817 1641 2116 1697 delectatur

540 1717 809 1786 ubertate,
833 1729 889 1776 et
919 1724 1179 1781 Dominus
1216 1727 1446 1786 libenter
1473 1731 1773 1804 ingreditur
1793 1774 1809 1801 ,
1838 1742 1894 1790 et
1918 1735 1973 1789 in
1997 1734 2113 1805 ejus

2295 909 2575 965 Vens.22.
2623 942 2695 953 —
2745 912 2852 968 Sed
2900 916 3074 969 vinum
3129 932 3335 971 novum.
3396 914 3564 971 Erant
3607 925 3787 971 autem

2223 998 2368 1063 novi,
2398 1015 2519 1056 cum
2544 1010 2665 1073 post
2702 1003 3073 1067 ascensionem
3107 1004 3377 1061 desiderio
3406 1004 3788 1061 consolationis

2220 1087 2336 1157 ejus
2374 1093 2639 1159 sperando
2663 1100 2718 1147 et
2736 1094 2948 1149 orando
2986 1093 3383 1150 innovabantur
3418 1112 3433 1151 :
3463 1103 3591 1151 tunc
3614 1095 3784 1165 Spiri-

2221 1184 2333 1233 tum
2383 1190 2629 1236 sanctum
2685 1192 3042 1253 acceperunt,
3079 1199 3187 1254 quo
3231 1185 3385 1256 quasi
3422 1200 3563 1241 novo
3611 1194 3786 1241 musto

2217 1269 2340 1324 novi
2368 1278 2517 1326 utres
2541 1271 2895 1341 repletisunt.

2289 1358 2453 1414 Vens.
2483 1360 2574 1416 25.
2625 1390 2696 1402 -—
2732 1361 2865 1418 Cum
2903 1364 3153 1419 sabbatis.
3177 1364 3392 1439 (Βιω.)
3438 1364 3578 1421 Nota
3608 1366 3784 1436 primo

2214 1448 2486 1515 apostolos
2533 1450 2765 1508 litteram
2810 1455 3019 1510 sabbati
3068 1464 3350 1511 destruere
3394 1464 3583 1512 contra
3626 1457 3785 1513 Ebio-

2212 1539 2374 1607 nitas,
2413 1541 2526 1612 qui,
2575 1556 2696 1598 cum
2728 1544 2862 1601 alios
2902 1545 3190 1616 discipulos
3233 1546 3514 1618 recipiant,
3555 1546 3780 1604 Paulum

2212 1633 2365 1702 quasi
2390 1641 2843 1705 transgressorem
2875 1636 3008 1708 legis
3032 1639 3337 1708 repudiant.

2285 1722 2354 1776 Et
2382 1723 2567 1779 vellere
2589 1727 2777 1795 spicas.
2819 1727 3076 1782 Esuriunt
3102 1737 3161 1782 ut
3196 1729 3463 1795 homines,
3489 1746 3601 1802 pra:
3626 1732 3782 1788 turba

526 1804 805 1864 'recumbit
827 1811 1041 1869 affectu.
1070 1816 1182 1873 Hoc
1205 1828 1290 1875 est
1312 1820 1590 1891 spirituale
1613 1824 1917 1880 convivium
1944 1804 2104 1891 bona

2224 1813 2576 1869 manducandi
2618 1816 2847 1883 spatium
2884 1833 2990 1872 non
3017 1819 3295 1875 habentes.
3335 1819 3440 1875 Sed
3473 1821 3781 1892 exemplum

536 1913 655 1953 rum
684 1915 1004 1974 pauperum,
1029 1923 1137 1977 quo
1167 1910 1315 1965 dives
1335 1922 1480 1981 eget,
1509 1929 1713 1985 pauper
1740 1915 2003 1985 epulatur.

604 1987 904 2049 Publicani.
948 1997 1046 2064 Qui
1069 2000 1279 2068 publica
1310 2003 1596 2074 vectigalia
1624 2006 1868 2077 exigunt,
1899 2007 2109 2065 vclsat-

538 2082 645 2138 culi
673 2084 822 2142 lucra
843 2097 1144 2157 sectantes,
1181 2095 1272 2163 qui
1300 2096 1547 2168 exemplo
1571 2098 1838 2168 publicani
1863 2101 2109 2157 conversi

533 2176 646 2247 jam
679 2179 744 2235 de
786 2182 958 2239 salute
990 2198 1342 2256 praesumunt,
1394 2206 1495 2248 nec
1540 2201 1599 2248 ut
1626 2194 2110 2252 Pharisaeicalum-

535 2267 754 2323 niantur
782 2271 837 2325 in
869 2273 1012 2329 vitiis
1044 2287 1439 2348 permanentes,
1467 2284 1559 2339 sed
1584 2285 1927 2354 ptenitentes.

612 2358 821 2434 (Βευλ.)
858 2363 940 2419 Ad
990 2368 1293 2424 convivium
1340 2384 1681 2442 peccatorum
1713 2378 1895 2432 vadit:
1921 2386 1981 2433 ut
2007 2380 2105 2434 do-

534 2450 689 2505 cendl
714 2456 1054 2538 occasionem
1084 2460 1298 2529 habeat,
1329 2471 1384 2517 et
1405 2465 1710 2536 spirituales
1730 2469 1882 2525 cibos
1904 2471 2104 2540 imper-

538 2540 654 2598 tiat.
676 2542 863 2603 Eundo
888 2548 955 2603 ad
981 2561 1312 2621 peccatores,
1368 2555 1577 2613 Domini
1610 2560 1887 2616 humilitas
1916 2569 2101 2616 osten-

534 2633 683 2688 ditur
711 2653 725 2690 :
760 2638 816 2692 in
842 2643 1194 2700 conversione
1241 2648 1618 2716 paenitentiam
1658 2658 1804 2720 patet
1839 2652 2102 2708 doctrinm

536 2724 652 2794 ejus
678 2730 936 2795 potentia.

609 2816 729 2889 (Ιυ.)
768 2819 871 2875 Per
896 2824 1227 2880 vocationem
1254 2826 1488 2883 Mattheei
1520 2828 1653 2886 ﬁdes
1668 2833 1929 2902 gentium:
1962 2850 2102 2905 quae,

536 2910 738 2967 relictis
757 2913 921 2969 lucris
946 2916 1149 2984 steculi,
1170 2919 1341 2988 epulis
1370 2919 1649 2978 charitatis
1669 2932 1725 2979 et
1756 2940 1978 2996 operum
2010 2927 2105 2981 bo-

535 3017 727 3056 norum
774 3019 894 3059 cum
922 3007 1148 3063 Domino
1176 3012 1550 3067 convivantur.
1576 3014 1683 3071 Per
1709 3017 2103 3088 pbarisaeorum

531 3093 894 3161 supercilium,
931 3097 998 3152 de
1042 3098 1213 3156 salute
1262 3103 1499 3171 gentium
1540 3101 1844 3162 Judazorum
1895 3107 2098 3165 invidia

2212 1904 2525 1961 austerioris
2561 1906 2685 1961 vitae
2728 1908 2968 1976 praabent
2995 1948 3011 1974 ,
3053 1906 3157 1964 non
3197 1920 3525 1981 praeparatas
3570 1916 3780 1983 epulas,

2211 1997 2305 2052 sed
2334 1996 2603 2067 simplices
2630 2009 2900 2069 quaerunt.

2281 2086 2494 2159 (Bt-:m.)
2532 2087 2787 2159 Discipuli
2814 2106 2911 2161 per
2935 2098 3051 2146 sata
3091 2101 3391 2162 transeunt,
3414 2110 3540 2150 cum
3569 2096 3779 2167 prtelati

2209 2177 2451 2233 subditos
2470 2180 2557 2249 pia
2585 2180 2945 2238 sollicitudine
2980 2185 3438 2256 circumspiciunt,
3463 2196 3520 2243 et
3544 2188 3780 2259 qualiter

2208 2287 2476 2343 quemque
2515 2275 2582 2328 ad
2612 2274 2772 2331 ﬁdem
2815 2278 3054 2343 trahant,
3100 2279 3301 2342 sedule,
3329 2288 3459 2345 etc.,
3505 2298 3669 2351 usque
3710 2284 3779 2336 ad

2208 2362 2310 2418 hoc
2339 2364 2597 2420 Dominus
2636 2365 2843 2421 sabbati
2880 2370 3093 2437 probat.
3133 2371 3281 2425 stulti
3311 2370 3626 2428 defensores
3648 2376 3775 2429 sab-

2204 2452 2317 2508 bati
2358 2453 2684 2525 improbant,
2728 2458 2820 2527 qui
2863 2459 3030 2514 solam
3061 2460 3251 2516 litterae
3293 2463 3634 2532 superﬁciem
3663 2465 3780 2520 dili-

2206 2549 2358 2612 gunt,
2383 2543 2579 2599 mentis
2620 2543 2966 2601 refectionem
2991 2549 3254 2615 nesciunt,
3300 2553 3540 2621 requiem
3571 2555 3778 2611 anima-

2208 2649 2328 2688 rum
2358 2650 2464 2689 non
2494 2645 2714 2693 norunt.

2277 2721 2441 2778 Vens.
2471 2725 2562 2780 25.
2605 2755 2678 2766 ——
2708 2726 2994 2798 Nunquam
3032 2729 3249 2798 legistis,
3279 2740 3385 2788 etc.
3423 2732 3544 2790 Prae
3566 2737 3778 2792 caeteris

2209 2815 2260 2869 iu
2295 2815 2524 2870 medium
2567 2816 2723 2873 all'ert
2773 2818 3051 2886 Davidem,
3098 2822 3191 2890 qui
3220 2812 3353 2893 legis
3402 2825 3778 2882 sanctimonia:

2207 2905 2521 2961 adversatus
2558 2907 2727 2962 videri
2762 2909 2953 2978 potuit.
2992 2909 3143 2965 Facit
3179 2921 3359 2967 autem
3394 2914 3499 2970 hoc
3543 2929 3610 2969 eo
3640 2930 3775 2971 cou—

2208 2995 2330 3050 silio
2356 3012 2463 3066 quo
2490 3013 2586 3067 per
2612 2999 2872 3055 honorem
2905 3008 2959 3055 et
3004 3004 3361 3058 reverentiam
3400 3020 3561 3075 quam
3586 3005 3777 3062 Davidi

2209 3084 2537 3154 deferebant,
2583 3100 2889 3159 compescat
2931 3093 3296 3163 impudentem
3340 3100 3775 3168 sycophantiam,

533 3157 1098 3259 designatumquibus
1136 3157 1331 3247 dicitur
1368 3212 1379 3247 :
1417 3191 1690 3252 Publicani
1729 3207 1778 3253 et
1807 3202 2098 3255 meretrices
2126 3157 2171 3223 C
2203 3191 2363 3246 quam
2406 3178 2661 3247 ³Ρ⁰⁵ι⁰¹ί⁵
2689 3180 2921 3250 maligne
2947 3182 3301 3240 intentam“
3330 3185 3492 3254 ρυθδί
3524 3189 3772 3246 dicere“

531 3277 819 3345 prwcedent
848 3297 933 3335 vos
957 3282 1009 3336 in
1036 3299 1191 3354 regno
1218 3284 1313 3339 Dei
1338 3285 1552 3357 (Matth.
1586 3288 1723 3359 ut).

602 3367 763 3424 Vens.
799 3371 883 3425 17.
911 3404 981 3413 -
1012 3374 1136 3429 Non
1165 3393 1387 3431 necesse.
1420 3377 1541 3450 (Ιυ.)
1571 3379 1627 3434 Si
1648 3382 1917 3436 medicum
1942 3382 2096 3448 dicit,

528 3459 620 3528 qui
670 3461 807 3516 miro
832 3464 1132 3519 medicandi
1180 3482 1377 3537 genere
1415 3468 1724 3525 vulneratus
1755 3480 1841 3526 est
1878 3479 2100 3542 propter

529 3547 826 3618 iniquitates
887 3563 1091 3608 nostras
1118 3594 1133 3621 ,
1200 3566 1249 3611 et
1304 3555 1463 3612 livore
1530 3559 1644 3629 ejus
1710 3563 1886 3617 sanati
1919 3579 2099 3619 sumus

531 3637 665 3709 (lsa.
703 3643 842 3713 un).

602 3729 765 3787 Vens.
795 3734 881 3789 l8.
906 3766 977 3776 —
1003 3735 1071 3789 Et
1094 3749 1243 3793 erant
1290 3740 1551 3811 discipuli.
1588 3742 1707 3813 (Ιυ.)
1738 3744 1839 3799 Alii
1873 3761 2101 3815 evange-

531 3818 669 3874 listae
714 3823 898 3878 dicunt
949 3825 1243 3896 pharisaeos
1289 3838 1346 3885 et
1395 3831 1687 3901 discipulos
1724 3832 1946 3891 Joannis
1998 3837 2101 3892 boc

530 3911 860 3979 quaesivisse.
888 3914 988 3971 Hic
1015 3917 1226 3973 videtur
1244 3920 1445 3989 dicere,
1471 3924 1615 3993 quod
1653 3925 1741 3979 alii
1771 3928 2098 3997 qutesierunt

533 4017 668 4070 quos
693 4002 931 4071 ejusdem
960 4009 1035 4063 rei
1066 4025 1196 4065 cura
1223 4015 1496 4070 movisset.
1530 4015 1684 4072 Unde
1703 4018 1973 4090 colligitur
1997 4021 2099 4077 hoc

536 4108 565 4180 a
599 4094 837 4161 pluribus
869 4095 1037 4154 fuisse
1060 4100 1350 4171 objectum,
1390 4120 1418 4159 a
1442 4107 1739 4176 pliarisazis,
1771 4123 1801 4163 a
1825 4109 2100 4180 discipulis

535 4178 777 4249 Joannis,
828 4200 859 4239 a
888 4189 1151 4257 convivis,
1179 4192 1261 4246 vel
1290 4194 1617 4264 quibuslibet
1640 4198 1779 4253 aliis.

605 4274 726 4345 (lo.)
768 4277 1021 4349 Discipuli
1074 4280 1293 4338 Joannis
1326 4294 1379 4340 et
1406 4285 1795 4344 Pharisaeorum
1822 4290 2097 4362 jejunant,

534 4368 659 4437 quia
702 4372 791 4440 qui
819 4375 1072 4443 operibus
1100 4375 1231 4448 legis
1268 4377 1600 4449 gloriantur,
1642 4383 1726 4439 vel
1759 4383 1921 4454 (quod
1948 4383 2101 4455 pejus

529 4462 634 4535 est)
676 4467 989 4526 traditiones
1016 4482 1330 4542 sequuntur,
1360 4483 1486 4541 ctc.,
1520 4493 1680 4549 usque
1717 4477 1785 4531 ad
1808 4479 2100 4534 manduca-

531 4553 609 4607 vit
635 4568 755 4609 cum
805 4561 1211 4629 peccatoribus,
1253 4572 1312 4618 ut
1344 4566 1572 4635 gratiam
1609 4581 1834 4623 cernens
1865 4575 2099 4639 potesta-

531 4650 637 4698 tem
659 4659 997 4717 agnosceres.

606 4734 767 4791 Vens.
822 4740 905 4795 l9.
953 4772 1021 4781 —
1060 4741 1311 4813 Nnnquta
1360 4756 1594 4814 possunt.
1653 4721 1936 4804 blatthmus
1971 4749 2092 4803 ita:

540 4824 793 4898 Nunquid
819 4843 1033 4899 possunt
1057 4833 1155 4903 [illi
1187 4837 1365 4903 sponsi
1388 4835 1562 4907 lugere
1586 4838 1818 4908 quandiu
1841 4855 1959 4893 cum
1987 4838 2095 4894 illis

531 4926 607 4971 est
650 4934 909 4989 sponsus,
953 4932 1057 4978 etc.
1110 4924 1322 4995 (Matth.
1375 4927 1474 4997 ix.)
1531 4928 1770 4997 Sponsus
1808 4928 2093 4994 Christus,

535 5022 731 5076 sponsa
768 5010 1034 5078 Ecclesia,
1060 5014 1124 5069 de
1154 5030 1261 5084 quo
1295 5016 1557 5085 spirituali
1584 5018 1854 5071 connubio
1875 5019 2097 5087 apostoli

534 5101 701 5156 creati
749 5115 909 5170 sunt,
955 5107 1044 5175 qui
1102 5106 1286 5178 lugere
1316 5115 1370 5161 et
1405 5107 1648 5176 jejunare
1695 5124 1802 5161 non
1852 5120 2095 5178 possunt,

534 5193 772 5260 quandiu
842 5211 1094 5266 sponsum
1162 5213 1284 5253 cum
1350 5212 1547 5268 sponsa
1605 5199 1806 5254 vident.
1874 5200 2098 5268 Quando

537 5284 848 5341 transierint
895 5289 1112 5358 nuptiae,
1174 5305 1237 5344 ac
1288 5289 1551 5358 passionis
1598 5299 1653 5346 et
1686 5293 2096 5351 resurrectionis

536 5383 745 5447 tempus
766 5381 1066 5448 advenerit,
1094 5392 1219 5439 tunc
1238 5383 1579 5453 jejunabunt.

604 5466 813 5543 (Buns.)
844 5473 1089 5540 Quandiu
1119 5489 1347 5544 sponsus
1374 5475 1663 5530 nobiscum
1689 5483 1790 5541 est,
1825 5476 1879 5531 in
1915 5475 2096 5531 lmtitia

534 5574 741 5628 sumus,
766 5579 865 5620 nec
883 5564 1126 5636 jejunare
1142 5581 1444 5636 possumus,
1470 5583 1571 5622 nec
1597 5567 1806 5639 lugere;
1834 5584 1954 5624 cum
1967 5572 2098 5626 vero

535 5665 632 5719 pro
669 5663 891 5722 peccato
927 5657 1132 5712 recedit
1175 5669 1229 5710 et
1276 5658 1493 5726 avolat,
1528 5667 1654 5714 tunc
1674 5658 1936 5730 jejunium
1961 5661 2097 5717 indi-

532 5744 781 5811 cendum,
807 5754 935 5803 tunc
976 5746 1150 5803 luctus
1177 5748 1631 5820 multiplicandus.

2200 3270 2283 3327 An
2310 3289 2414 3327 non
2460 3272 2709 3330 Davidem
2757 3276 2891 3347 legis
2927 3279 3185 3334 servitute
3216 3280 3536 3336 obstrictum
3575 3283 3776 3336 memi-

2203 3368 2393 3421 nistis?
2419 3367 2530 3437 Ego
2559 3378 2761 3433 autem,
2782 3369 2883 3424 etsi
2909 3368 3077 3426 Filius
3105 3370 3336 3427 hominis
3364 3372 3531 3438 dicar,
3560 3373 3777 3429 sabbati

2203 3457 2461 3513 Dominus
2484 3472 2626 3513 sum.

2273 3546 2435 3603 Vsus.
2483 3548 2571 3603 26.
2621 3579 2691 3590 —
2741 3547 2852 3605 Sub
2902 3548 3178 3619 Abiatltar,
3225 3561 3330 3609 etc.
3380 3552 3494 3609 Non
3524 3554 3781 3610 teturbet

2201 3640 2344 3709 quod
2374 3639 2465 3694 alii
2507 3639 2691 3695 dicunt
2727 3639 3073 3696 Achimelech
3093 3681 3108 3706 ,
3144 3643 3303 3698 ambo
3326 3644 3466 3699 enim
3499 3653 3625 3700 tunc
3657 3646 3777 3703 illic

2201 3732 2445 3788 aderant.
2477 3732 2826 3789 Achimelech
2880 3741 3054 3803 pater,
3082 3741 3138 3789 et
3177 3734 3438 3790 Alnathar
3468 3736 3609 3792 ﬁlius
3637 3739 3778 3809 :qui

2202 3824 2382 3880 occiso
2409 3832 2563 3895 patre
2595 3840 2627 3879 a
2650 3824 2830 3889 Saule,
2871 3840 3052 3881 comes
3073 3827 3246 3881 exsilii
3272 3827 3437 3883 David
3465 3828 3638 3884 factus
3659 3841 3774 3896 est,

2200 3924 2256 3971 et
2294 3931 2360 3972 eo
2402 3924 2663 3987 regnante
2709 3931 2952 3972 summus
2991 3917 3234 3988 pontifex
3282 3917 3502 3987 majoris
3535 3922 3779 3979 nominis

2202 4023 2363 4077 quam
2394 4017 2548 4078 pater
2579 4026 2593 4063 :
2632 4016 2688 4063 et
2722 4009 2841 4064 ideo
2888 4010 3079 4080 dignus
3121 4009 3273 4079 cujus
3315 4011 3572 4068 Dominus
3612 4027 3775 4069 men-

2205 4098 2404 4154 tionem
2425 4098 2650 4166 faceret,
2679 4099 2832 4169 quasi
2862 4101 3055 4155 summi
3078 4101 3391 4169 sacerdotis,
3421 4103 3584 4159 etiam
3611 4112 3778 4173 patre

2204 4191 2432 4245 vivente.

2275 4280 2448 4338 Panes
2475 4285 2859 4354 propositionis.
2893 4285 3102 4357 (ch.)
3122 4286 3283 4353 Quasi
3317 4288 3487 4345 dicat:
3521 4288 3579 4345 Si
3601 4290 3781 4345 David

2203 4375 2613 4432 etAchimclech
2632 4392 2663 4431 a
2694 4377 2852 4433 nobis
2882 4392 2988 4432 non
3021 4379 3507 4449 reprehenduntur.
3539 4380 3633 4435 sed
3666 4396 3776 4451 pro

2205 4464 2345 4520 fame
2375 4475 2703 4522 excusantur
2733 4508 2750 4532 ,
2803 4483 2902 4521 cur
2942 4468 2995 4521 in
3042 4469 3126 4523 his
3180 4484 3401 4524 causam
3450 4470 3781 4540 improbatis

2205 4571 2365 4625 quam
2396 4556 2449 4609 in
2482 4558 2689 4612 caeteris
2715 4557 2995 4627 probatis?
3030 4560 3277 4627 quamvis
3307 4560 3397 4623 sit,
3428 4568 3560 4625 etc.,
3608 4577 3780 4631 usque

2209 4648 2276 4700 ad
2303 4657 2357 4703 et
2383 4665 2569 4703 omnes
2608 4649 2701 4703 ﬁlii
2734 4649 2985 4704 Ecclesiae
3018 4652 3325 4707 sacerdotes
3353 4661 3496 4717 sunt,
3518 4652 3690 4721 juncti
3717 4654 3778 4708 in

2209 4742 2566 4795 sacerdotium
2593 4750 2837 4797 sanctum
2856 4783 2871 4808 ,
2901 4740 3189 4799 oﬁ‘ercntes
3230 4745 3437 4816 seipsos
3461 4745 3776 4816 spirituales

2206 4830 2408 4885 hostias
2435 4831 2563 4885 Deo.

2275 4920 2343 4974 Et
2370 4922 2511 4974 dedit
2537 4924 2631 4976 eis.
2663 4921 2777 4977 Hoc
2819 4932 3054 4978 secutus.
3092 4924 3508 4979 Misericordiam
3539 4927 3657 4980 volo
3678 4967 3695 4991 ,
3725 4938 3774 4980 et

2205 5029 2308 5067 non
2342 5014 2658 5082 sacriﬁcium
2686 5013 2828 5080 (οδε.
2870 5017 2985 5086 νι);
3026 5016 3216 5071 melius
3251 5017 3513 5087 judicavit
3551 5032 3581 5071 a
3614 5018 3776 5072 fatuis

2202 5106 2441 5173 periculo
2474 5105 2716 5160 homines
2753 5106 2980 5161 liberare
3013 5123 3171 5177 quam
3198 5108 3524 5163 sacriﬁcium
3552 5106 3771 5164 offerte.

2203 5196 2383 5250 llustia
2411 5197 2517 5251 Deo
2546 5198 2840 5267 placabilis,
2883 5198 3156 5253 hominum
3193 5200 3359 5254 salus.

2274 5289 2435 5344 Vens.
2476 5288 2564 5343 27.
2601 5321 2667 5329 —
2696 5290 2866 5344 Homo
2900 5300 3106 5361 propter
3138 5291 3427 5344 sabbatum.
3454 5278 3669 5361 (Βεω.)
3693 5290 3771 5344 lta

2203 5380 2485 5435 sabbatum
2515 5382 2772 5436 custodiri
2810 5390 3135 5451 praeceptum
3168 5391 3269 5446 est,
3296 5390 3353 5434 ut
3388 5382 3432 5436 si
3472 5382 3773 5437 necessitas

2203 5471 2385 5535 fuerit,
2410 5488 2517 5526 non
2555 5471 2625 5526 sit
2646 5487 2792 5539 reus,
2823 5482 2952 5538 etc.,
2992 5488 3153 5543 usque
3189 5474 3258 5525 ad
3281 5471 3325 5527 si
3359 5473 3481 5542 quis
3503 5472 3771 5543 jejunium

2202 5562 2427 5633 fregerit
2453 5571 2718 5634 aegrotus,
2750 5577 2875 5618 reus
2903 5577 3010 5618 non
3039 5570 3270 5618 tenetur.

2273 5655 2438 5712 Vens.
2481 5656 2569 5712 ‘28.
2614 5687 2683 5697 —
2728 5655 2912 5726 Itaque
2953 5656 3223 5712 Dominus.
3262 5655 3426 5723 Quasi
3477 5654 3670 5709 dicat:
3708 5650 3772 5706 Si

2206 5748 2371 5804 David
2415 5763 2511 5804 rex
2555 5755 2610 5803 et
2649 5747 2958 5803 sacerdotes
2983 5746 3297 5817 (secundum
3337 5746 3500 5802 alium
3536 5757 3771 5814 evanger
