3960 6336
1111 392 1376 449 GLOSSA
1413 392 1806 451 ORDINARIA.
1846 425 1913 436 -—
1951 397 2200 457 EVANG.
2243 400 2474 460 MARCI.

3327 410 3430 468 190

182 494 397 567 linum)
444 502 666 565 propter
691 495 874 567 templi
916 497 1277 556 ministerium
1320 504 1603 559 sabbatum
1643 505 1760 560 vio-
1793 506 1839 565 A
1865 506 2062 564 multos
2097 510 2163 565 ad
2184 525 2242 566 se
2267 513 2544 570 venientes
2586 515 2838 586 suscepit,
2866 525 2920 573 et
2945 517 3304 578 desideratam
3343 539 3431 579 sa-

185 585 392 653 lantes,
423 587 652 644 crimine
683 597 907 656 carent,
943 601 1148 662 quanto
1185 594 1358 665 magis
1390 594 1560 651 Filius
1593 596 1767 651 homi-

184 676 277 731 nis
303 692 460 731 verus
479 676 594 732 Rex
627 686 681 733 et
698 678 964 736 Sacerdos
988 683 1001 735 l
1041 689 1098 738 et
1124 683 1245 739 ideo
1271 685 1525 740 Dominus
1552 684 1763 741 sabbati

184 766 247 822 in
288 769 515 825 sabbato
543 769 817 827 vulsarum
845 774 1111 845 spicarum
1145 776 1371 833 crimine
1401 792 1505 832 non
1550 786 1765 834 tenetur

183 877 341 918 reus.

805 977 1031 1037 CAPUT
1066 978 1151 1037 III.

259 1134 429 1191 Vens.
480 1136 531 1190 1.
574 1167 647 1177 -
682 1137 900 1193 Manum
947 1140 1175 1194 aridam.
1233 1138 1466 1211 (8213s.)
1515 1138 1645 1206 Quae
1694 1141 1761 1195 ad

185 1225 422 1283 fructum
470 1228 700 1285 vetitum
743 1238 967 1287 extensa
1004 1240 1107 1297 est,
1136 1231 1329 1287 abono
1378 1245 1543 1303 apere
1573 1234 1715 1286 aruit
1744 1272 1777 1296 ,,

184 1335 286 1391 per
315 1335 509 1376 manus
531 1320 730 1376 Christi
772 1323 827 1378 in
856 1337 1018 1379 cruce
1039 1331 1315 1390 extensas,
1343 1324 1607 1379 bonorum
1631 1339 1760 1395 ope-

186 1426 307 1467 rum
334 1412 510 1468 succis
531 1414 795 1469 restituta.

255 1501 466 1574 (Ηιειι.)
497 1502 668 1558 Homo
706 1505 807 1559 iste
840 1504 1107 1577 signiﬁcat
1131 1521 1345 1574 avaros,
1376 1508 1490 1578 qui,
1516 1509 1762 1566 nolentes

184 1594 337 1661 dare,
364 1594 552 1651 volunt
583 1598 849 1667 accipere,
894 1597 1125 1668 praedari
1157 1606 1213 1655 et
1242 1614 1350 1656 non
1378 1599 1561 1671 largiri
1594 1620 1607 1655 :
1637 1601 1760 1671 qui-

182 1687 284 1744 bus
305 1687 506 1744 dicitur
525 1695 583 1743 ut
605 1689 901 1745 extendant
930 1704 1122 1746 manus
1149 1705 1296 1758 suas,
1337 1691 1390 1746 id
1421 1702 1526 1757 est,
1553 1692 1643 1763 qui
1670 1692 1758 1761 fu-

183 1777 405 1832 rabatur
441 1778 559 1849 jam
591 1796 694 1834 non
733 1781 969 1851 furatur,
1002 1783 1171 1849 magis
1204 1792 1375 1837 autem
1412 1781 1611 1838 laboret
1636 1800 1755 1853 ope-

1867 600 2030 657 lutem
2060 603 2222 659 dedit.

1937 690 2005 746 Et
2028 693 2192 747 multa
2233 696 2403 750 turba.
2435 695 2556 768 (ln.)
2589 697 2824 769 Magistri
2875 700 3043 770 plebis
3089 710 3143 758 et
3192 704 3427 761 ministri

1866 784 2011 856 regis
2053 787 2178 840 odio
2236 797 2637 858 persequuntur
2680 806 2695 843 :
2739 790 2930 860 vulgus
2972 794 3245 849 indoctum
3299 796 3429 850 dile-

1865 875 2042 929 ctione
2070 876 2334 946 sequitur,
2365 886 2419 932 et
2445 878 2660 948 plurimi
2683 882 2859 934 sanari
2888 891 3179 938 merentur.

1934 962 2097 1019 Vens.
2128 965 2182 1020 9.
2212 994 2284 1006 —-
2322 965 2599 1021 Navicula.
2638 966 2877 1023 Ecclesia
2911 971 2975 1024 de
3004 970 3269 1040 gentibus
3295 989 3425 1029 con—

1862 1061 2084 1124 gregata
2135 1052 2326 1110 ﬂuctus
2384 1057 2565 1111 sat-culi
2624 1068 2803 1113 mente
2852 1067 3184 1130 transgressa
3236 1082 3248 1116 :
3308 1078 3427 1131 qum

1861 1154 2064 1214 quanto
2078 1145 2251 1201 sinum
2276 1148 2452 1203 cordis
2476 1150 2662 1221 gratia:
2698 1150 3016 1220 recipiendae
3046 1153 3255 1217 dilatat,
3277 1164 3428 1208 tanto

1860 1232 2050 1288 ﬂuctus
2102 1236 2282 1291 saeculi
2333 1239 2575 1294 securius
2621 1238 2814 1293 calcat.
2873 1239 2955 1294 Ne
3010 1244 3423 1311 comprimerent.

1859 1323 2247 1396 Comprimunt,
2285 1330 2375 1399 qui
2406 1329 2655 1386 Ecclesite
2686 1346 2870 1401 pacem
2900 1332 3129 1386 turbant.
3158 1332 3425 1404 Tangunt,

1861 1415 1952 1485 qui
1988 1414 2146 1471 ﬁdem
2196 1432 2326 1473 vero
2373 1422 2535 1475 corde
2576 1429 2630 1476 et
2685 1421 2969 1477 dilectione
2987 1421 3302 1491 suscipiunt,
3334 1423 3425 1491 qui

1863 1506 2084 1576 tetigere
2127 1507 2301 1561 sanati
2344 1522 2465 1564 esse
2494 1509 2845 1579 perhibentur
2881 1529 2894 1563 :
2950 1511 3171 1582 fugiens-
3197 1512 3428 1581 compri-

1861 1604 2074 1652 mentes
2098 1597 2395 1654 naviculam
2422 1600 2682 1655 ascendit.

1936 1689 2095 1744 Vens.
2127 1689 2214 1745 il.
2268 1721 2340 1731 —
2380 1690 2449 1747 Et
2493 1693 2708 1763 spiritus
2750 1693 3027 1759 immundi,
3055 1701 3159 1748 etc.
3212 1692 3425 1764 (Beas.)

1862 1778 2101 1850 Uterque
2137 1789 2194 1836 et
2213 1781 2394 1853 plagas
2430 1783 2728 1849 habentes,
2780 1791 2835 1839 et
2878 1783 3135 1838 immundi
3181 1783 3420 1854 spiritus.

180 1885 308 1924 rans
333 1847 574 1925 manibus
606 1847 894 1942 suis-quod
940 1847 1130 1927 bonum
1167 1881 1263 1938 est,
1297 1881 1355 1927 ut
1393 1873 1580 1927 habeat
1614 1847 1753 1928 unde
1786 1847 1828 1905 Β
1859 1873 1964 1930 Sed
2011 1847 2230 1930 inﬁrmi
2260 1847 2344 1947 pia
2383 1875 2679 1931 intentione
2716 1847 2909 1931 salutis
2939 1893 2953 1930 :
2978 1847 3309 1939 daemoniaci,
3344 1874 3427 1929 vel

178 1961 382 2017 tribuat
404 1964 751 2018 necessitatem
769 1966 986 2034 patienti
1008 1966 1221 2038 (Ephes.
1249 1967 1344 2038 tv).

253 2049 421 2108 Vens.
458 2052 514 2109 2.
550 2083 623 2095 --
659 2051 728 2109 Et
762 2055 1125 2112 observabant.
1171 2057 1384 2130 (Bene)
1423 2057 1558 2126 Quia
1589 2056 1754 2113 disci-

181 2139 340 2211 pulos
386 2141 739 2211 probabiliter
784 2155 1171 2202 excusaverat:
1223 2148 1395 2217 ipsum
1436 2150 1751 2213 observant,

180 2239 242 2285 ut
270 2232 317 2287 si
347 2232 398 2288 in
428 2233 649 2289 sabbato
671 2244 844 2301 curet,
866 2239 1314 2309 transgressionis
1343 2254 1358 2294 :
1386 2240 1430 2295 si
1456 2255 1561 2296 non
1581 2248 1752 2307 curet,

186 2320 523 2377 crudelitatis
552 2331 647 2378 aut
674 2324 1059 2383 imbecillitatis
1083 2336 1330 2400 arguant.

252 2408 396 2465 Licet
428 2411 658 2467 sabbatis
704 2413 1020 2485 benefacere.
1052 2416 1174 2490 (lu.)
1208 2418 1420 2488 Arguit,
1451 2419 1593 2489 quod
1619 2418 1754 2490 legis

179 2510 452 2571 praecepta
495 2519 658 2573 prava
694 2505 1136 2575 interpretatione
1174 2508 1392 2575 violant,
1426 2510 1755 2565 testimantcs

180 2589 236 2645 in
263 2589 487 2647 sabbato
514 2608 542 2646 a
573 2593 715 2649 bono
753 2595 1079 2662 feriandum,
1120 2612 1243 2652 cum
1281 2597 1366 2653 lex
1413 2596 1577 2662 dicat,
1623 2605 1751 2664 etc.,

179 2697 345 2752 usque
379 2684 447 2735 ad
487 2683 889 2741 similitudinem
926 2687 1218 2756 praeposuit
1255 2686 1323 2741 de
1367 2700 1488 2755 ove,
1526 2694 1582 2743 et
1618 2701 1750 2744 con-

176 2772 339 2829 clusit
364 2774 505 2843 quod
535 2773 651 2829 licet
674 2776 888 2830 sabbato
920 2777 1237 2847 benefacere.

246 2864 513 2919 Animam.
541 2863 664 2938 (ln.)
690 2866 971 2924 Hominem
1008 2876 1181 2924 totum
1226 2883 1325 2939 per
1352 2876 1561 2939 partem
1588 2868 1752 2941 signi-

178 2954 328 3012 ﬁcat.
365 2954 460 3010 Vel
500 2958 626 3027 quia
664 2969 885 3029 pr0pter
928 2960 1169 3015 animum
1212 2960 1317 3015 hoc
1351 2959 1605 3025 faciebat,
1664 2960 1751 3015 vel

175 3048 323 3120 quod
362 3049 479 3105 haec
509 3065 699 3105 manus
735 3052 944 3107 sanatio
977 3051 1171 3107 anima:
1200 3050 1425 3106 salutem
1460 3051 1744 3122 signiﬁcat.

1856 1965 2035 2036 potius
2058 1965 2112 2019 in
2144 1965 2223 2020 eis
2250 1966 2519 2022 daemones
2553 1981 2568 2021 :
2598 1981 2703 2021 non
2734 1966 2904 2022 solum
2942 1966 3133 2022 timore
3159 1965 3329 2021 coacti
3356 1963 3425 2019 ad

1854 2053 2262 2124 procidendum,
2292 2064 2478 2109 verum
2507 2055 2670 2109 etiam
2701 2053 2767 2109 ad
2787 2053 3149 2110 conﬁtendum
3176 2051 3427 2120 majesta-

1854 2156 1963 2203 tem
1992 2146 2127 2217 ejus.
2156 2146 2447 2201 Praesentia
2487 2147 2631 2202 enim
2660 2145 2778 2215 ejus
2804 2143 3098 2216 perterriti,
3141 2157 3300 2213 quem
3327 2142 3422 2195 Fi-

1854 2241 1983 2295 lium
2013 2238 2107 2293 Dei
2137 2251 2254 2293 esse
2269 2237 2600 2309 jamjamque
2635 2244 2917 2301 noverant,
2957 2235 3136 2291 celare
3176 2250 3285 2289 non
3333 2247 3423 2303 po-

1855 2337 2051 2386 terant.
2102 2328 2360 2385 Saniores
2403 2329 2641 2396 Arianis,
2692 2328 2785 2399 qui
2823 2327 2988 2383 etiam
3028 2325 3188 2381 hodie
3224 2329 3426 2397 negant

1853 2421 2049 2477 Filium
2077 2420 2169 2475 Dei
2193 2434 2334 2476 esse.

1924 2513 2201 2570 Vens.12.
2253 2542 2325 2554 —
2368 2510 2452 2566 Ne
2472 2510 2887 2580 manifestarent.
2923 2506 3046 2580 (ln.)
3094 2507 3210 2562 Non
3249 2506 3423 2562 solum

1854 2605 2149 2669 daemones,
2198 2602 2291 2674 qui
2327 2602 2502 2668 inviti,
2533 2600 2614 2657 vel
2650 2602 2719 2655 ab
2769 2614 2836 2654 eo
2872 2598 3069 2665 sanati,
3107 2597 3199 2667 qui
3235 2603 3425 2667 sponte

1850 2694 2177 2752 conﬁtentur
2212 2694 2348 2750 :sed
2382 2702 2440 2751 et
2486 2692 2709 2764 apostoli
2747 2699 2862 2748 toto
2899 2692 3031 2746 orbe
3072 2698 3194 2761 post
3214 2686 3423 2758 passio-

1852 2795 1975 2837 nem
2004 2779 2365 2849 pradicaturi,
2410 2788 2537 2833 ante
2574 2778 2878 2848 passionem
2920 2784 3101 2831 tacere
3139 2773 3421 2843 jubentur,

1850 2886 1921 2927 ne
1941 2869 2118 2926 divina
2157 2868 2442 2939 majestate
2489 2867 2775 2939 prmdicata
2800 2866 2980 2937 passio
3002 2865 3332 2930 dilferretur,
3371 2871 3428 2917 et

1851 2976 1933 3017 sic
1957 2960 2103 3016 salus
2130 2960 2337 3015 mundi.

1922 3049 2089 3106 Vens.
2113 3051 2199 3106 15.
2219 3081 2291 3092 -
2310 3049 2381 3105 Et
2399 3046 2701 3107 ascendens.
2734 3047 2859 3120 (ln.)
2886 3045 3176 3117 Postquam
3196 3046 3424 3100 immun-

247 3138 499 3193 Perdere.
543 3138 664 3209 (ln.)
705 3138 823 3194 Non
870 3141 1010 3209 quod
1040 3157 1248 3197 summe
1279 3142 1397 3212 pius
1424 3156 1748 3213 quemquam
1783 3201 1822 3213 _
1852 3142 1951 3197 dos
2001 3142 2222 3212 spiritus
2248 3155 2308 3197 se
2336 3142 2630 3213 praedicare
2665 3136 3420 3212 prohibdi‘tysanetss-eiegit,

175 3230 350 3301 possit
382 3201 627 3300 perdere,
647 3201 754 3284 sed
790 3201 909 3300 ejus
950 3246 1055 3285 non
1096 3201 1304 3285 salvari:
1346 3201 1459 3287 est.
1497 3201 1824 3300 perdere.“
1855 3232 1949 3301 qui
1979 3201 2104 3286 etim
2138 3201 2494 3302 praedicarent
2529 3241 2584 3288 et
2609 3201 2868 3287 nefandos
2892 3201 3113 3302 spiritus
3144 3201 3422 3299 ejicerevnt.

179 3318 333 3376 Sicut
377 3319 580 3375 dicitur
622 3319 906 3374 indurasse
955 3334 1049 3375 cor
1086 3320 1418 3401 Pharaonis,
1462 3334 1571 3375 non
1609 3318 1754 3390 quod

175 3413 488 3478 obduravit,
506 3414 599 3469 sed
626 3414 950 3469 obduratum
978 3430 1081 3469 non
1110 3390 1390 3471 emollM‘i.

245 3503 415 3560 Vens.
450 3503 503 3559 5.
545 3534 616 3544 ——
638 3502 872 3561 Extende
900 3522 1132 3559 manum.
1169 3505 1381 3577 (Bt-20A.)
1411 3505 1748 3561 infructuosa

177 3596 431 3653 debilitas
469 3596 661 3653 animae
703 3613 811 3652 non
850 3598 1043 3653 melius
1081 3608 1303 3654 curatur
1323 3615 1483 3669 quam
1512 3600 1747 3655 eleemo-

176 3702 328 3759 synze
371 3685 683 3758 largitione;
715 3687 858 3743 unde
886 3705 898 3741 :
934 3687 1036 3753 Qui
1075 3689 1224 3742 liabet
1249 3691 1378 3743 duas
1407 3691 1634 3753 tunicas,
1665 3690 1748 3743 det

176 3794 283 3831 non
333 3777 542 3831 habenti
593 3795 605 3829 :
654 3787 702 3833 et
748 3779 838 3847 qui
877 3778 1025 3838 habet
1073 3795 1255 3842 escas,
1309 3780 1550 3833 similiter
1587 3780 1747 3848 faciat

177 3866 330 3938 (Luc.
354 3866 457 3939 ιιι).
500 3867 566 3922 Et
614 3868 667 3922 in
697 3867 1117 3924 Ecclesiastico;
1163 3866 1289 3933 Fili,
1336 3886 1435 3923 non
1472 3872 1538 3923 sit
1562 3886 1748 3924 manus

175 3965 271 4009 tua
311 3965 551 4026 porrecta
603 3955 674 4010 ad
721 3958 1027 4028 capiendum
1061 3967 1108 4011 et
1142 3958 1211 4011 ad
1255 3957 1487 4012 dandum
1532 3957 1748 4012 collecta

175 4044 349 4120 (Eccl.
393 4047 488 4118 tv).
518 4046 742 4103 Frustra
772 4049 914 4104 enim
958 4048 1011 4103 in
1037 4049 1281 4104 oratione
1313 4065 1503 4104 manus
1535 4050 1601 4103 ad
1636 4051 1743 4105 Do-

173 4139 382 4193 minum
412 4139 697 4210 expandit,
731 4140 823 4210 qui
851 4155 943 4196 eas
977 4141 1042 4195 ad
1086 4148 1365 4212 rogantem
1394 4139 1610 4203 viduam
1639 4157 1744 4197 non

172 4230 436 4287 extendit.

247 4321 316 4377 Et
340 4325 578 4379 restituta
617 4333 692 4380 est
728 4341 913 4380 manus
961 4324 1061 4379 illi.
1102 4324 1351 4397 Magnum
1391 4325 1628 4382 studium
1653 4342 1747 4381 ne-

171 4412 358 4486 quitize
380 4415 453 4486 ⁸ἰη
486 4417 688 4471 crimen
724 4424 1011 4487 reputant.,
1043 4416 1186 4487 quod
1233 4416 1300 4472 ad
1329 4417 1551 4472 verbum
1603 4416 1745 4472 illius

172 4512 366 4560 sanata
392 4514 474 4560 est
503 4522 712 4562 manus.
743 4504 928 4576 Neque
956 4515 1009 4562 et
1039 4507 1261 4561 sabbato
1291 4517 1467 4575 potest
1495 4508 1741 4563 convinei

169 4593 471 4662 laborasse,
510 4597 598 4665 qui
639 4596 772 4652 dixit
806 4606 861 4652 et
902 4596 1046 4651 facta
1068 4604 1234 4652 sunt:
1264 4612 1387 4651 cum
1414 4598 1514 4667 ipsi
1542 4599 1597 4653 in
1621 4600 1742 4654 sab-

168 4685 314 4743 batis
336 4688 486 4744 cibos
513 4697 750 4759 portent,
782 4689 979 4746 calices
1021 4689 1320 4761 porrigant,
1347 4698 1401 4745 et
1432 4699 1622 4746 caetera
1664 4693 1743 4745 vi-

166 4780 281 4839 ctui
314 4783 638 4838 necessaria.

237 4870 403 4927 Vens.
435 4872 487 4927 6.
528 4904 599 4913 —
633 4872 898 4929 Exehntes
926 4880 1122 4928 autem.
1151 4871 1252 4938 Qui
1282 4887 1379 4944 per
1408 4886 1466 4927 se
1494 4888 1599 4927 non
1627 4888 1746 4942 pos-

164 4968 314 5026 sunt,
348 4962 523 5017 socios
575 4963 875 5032 iniquitatis
916 4971 1183 5034 quatrunt.
1221 4960 1353 5017 Cum
1401 4961 1736 5017 Herodianis.

165 5052 399 5108 Ministri
432 5052 655 5110 Herodis
693 5063 914 5126 propter
961 5053 1270 5108 inimicitias
1310 5069 1444 5123 quas
1477 5054 1587 5122 ipse
1645 5054 1743 5108 ad-

163 5159 361 5200 versus
406 5146 677 5201 hominem
703 5148 1031 5212 exercebat,
1079 5144 1260 5202 Jesum
1290 5146 1501 5201 insidiis
1526 5154 1580 5201 et
1603 5146 1742 5203 odiis

160 5235 629 5307 persequebantur
656 5252 817 5307 quem
855 5236 1087 5292 Joannes
1108 5236 1456 5307 praedicabat.

235 5326 403 5384 Vens.
432 5327 485 5382 7.
515 5359 586 5369 —
608 5327 848 5384 Secessit.
879 5328 1036 5400 Fugit
1061 5338 1119 5384 ut
1144 5329 1326 5395 homo,
1350 5330 1475 5400 quia
1500 5330 1737 5388 nondum

162 5426 392 5473 venerat
411 5419 542 5475 hora
572 5420 710 5490 ejus,
739 5429 796 5476 et
821 5421 1087 5491 passionis
1107 5422 1225 5492 ejus
1250 5430 1401 5477 extra
1437 5420 1734 5479 Jerusalem

160 5524 270 5565 non
292 5519 413 5566 erat
440 5510 605 5567 locus.

234 5602 453 5675 (Bem.)
471 5604 548 5660 De
568 5606 836 5677 synagoga
861 5607 1147 5663 seceditad
1171 5619 1342 5674 mare,
1369 5616 1474 5663 etc.
1497 5605 1735 5663 Iudaeam

158 5693 444 5764 relinquit,
496 5697 565 5750 ad
611 5703 801 5767 gentes
844 5696 992 5752 venit
1024 5712 1144 5752 cum
1193 5697 1490 5767 discipulis,
1528 5698 1737 5753 scilicet

161 5788 583 5862 praedicantibus
618 5791 873 5861 apostolis
906 5792 1067 5848 corda
1103 5793 1341 5863 gentium
1372 5793 1541 5848 adiit:
1570 5800 1624 5849 et
1652 5793 1734 5849 sic

1926 3321 2078 3377 Mons
2120 3322 2224 3378 iste
2274 3322 2539 3393 signiﬁcat
2574 3323 2906 3378 altitudinem
2929 3322 3172 3393 justitiae,
3207 3336 3312 3391 qua
3345 3321 3427 3375 in-

1853 3411 2136 3480 struendi,
2186 3419 2242 3467 et
2279 3428 2439 3484 quam
2488 3412 2828 3483 prtedicaturi
2879 3421 3056 3478 erant,
3103 3425 3201 3481 per
3246 3412 3422 3465 locum

1855 3503 2110 3558 admonet
2154 3501 2223 3557 ad
2273 3502 2514 3558 caelestia
2549 3503 2705 3574 erigi,
2747 3502 2826 3558 sic
2860 3509 2916 3558 et
2952 3502 3124 3573 legem
3155 3502 3207 3556 in
3239 3511 3421 3556 monte

1852 3595 2017 3651 dedit.

1920 3684 2128 3758 (ﬂii-SR.)
2180 3684 2524 3742 Consuetudo
2563 3686 2757 3742 divinae
2787 3684 3078 3756 Scriptura:
3110 3693 3194 3740 est
3222 3685 3420 3757 allego.

1850 3777 1962 3832 rice
1984 3777 2130 3847 loqui
2163 3793 2179 3831 :
2222 3776 2317 3832 sed
2343 3791 2443 3831 nos
2467 3777 2545 3832 sic
2591 3776 2806 3832 excelsa
2832 3777 3078 3832 sensibus
3102 3776 3303 3831 nostris
3323 3792 3419 3845 ap-

1850 3868 2106 3938 plicemus
2127 3908 2143 3933 ,
2194 3874 2255 3921 ut
2281 3866 2522 3923 historiae
2566 3867 2873 3931 veritatem,
2908 3874 3038 3932 etc.,
3066 3883 3229 3936 usque
3270 3866 3338 3919 ad
3361 3866 3417 3920 in

1847 3965 2083 4013 montem
2113 3966 2374 4012 vocantur
2399 3957 2600 4013 excelsi
2627 3966 2683 4013 et
2717 3958 2910 4014 merito
2939 3969 2998 4013 et
3031 3959 3218 4023 verbo,
3248 3967 3310 4012 ut
3345 3957 3420 4012 lo-

1847 4064 1942 4105 cus
1978 4057 2239 4119 congruat
2262 4048 2471 4103 meritis
2498 4047 2643 4102 altis.

1917 4138 2080 4192 Vens.
2114 4137 2200 4191 14.
2227 4166 2295 4177 —-
2319 4134 2386 4190 Ut
2433 4144 2601 4191 essent
2640 4136 2932 4190 duodecim.
2969 4135 3217 4204 Speciem
3242 4133 3410 4190 Jacob

1845 4230 2033 4287 dilexit
2077 4230 2220 4285 Deus
2243 4244 2366 4285 cum
2407 4228 2616 4284 videret
2658 4227 2904 4283 excelsus
2935 4236 3145 4298 gentes,
3170 4235 3226 4282 et
3263 4242 3419 4296 sepa-

1846 4328 1991 4376 raret
2012 4320 2149 4375 lilios
2168 4319 2361 4374 Adam.
2399 4317 2599 4374 Statuit
2629 4320 2887 4374 terminos
2915 4319 3233 4389 populorum
3258 4318 3414 4388 juxta

1842 4425 2127 4466 numerum
2156 4409 2387 4464 ﬁliorum
2414 4409 2599 4473 lsrael,
2624 4416 2681 4463 ut
2705 4408 2813 4463 sint
2842 4424 3006 4479 super
3031 4410 3253 4465 thronos
3275 4408 3411 4463 duo-

1845 4500 2040 4566 decim,
2085 4498 2391 4568 judicantes
2439 4498 2719 4555 duodecim
2755 4498 2925 4553 tribus
2964 4497 3146 4553 lsrael.
3210 4498 3416 4565 Quibus

1844 4592 1969 4647 data
1997 4599 2083 4647 est
2111 4597 2348 4661 potestas
2370 4630 2386 4656 ,
2427 4606 2588 4660 quam
2612 4589 2781 4644 Filius
2820 4590 3031 4658 accepit
3070 4604 3100 4642 a
3136 4587 3297 4643 Patre
3323 4603 3409 4644 se—

1845 4683 2075 4739 cundum
2124 4697 2363 4737 carnem.
2393 4692 2454 4736 ut
2486 4696 2649 4751 opera
2677 4696 2796 4750 qum
2825 4682 2940 4751 ipse
2964 4680 3092 4734 fecit
3113 4688 3171 4734 et
3194 4679 3294 4749 ipsi
3328 4677 3412 4733 fa-

1844 4774 2013 4838 ciant,
2040 4782 2095 4828 et
2116 4771 2318 4841 majora
2347 4773 2539 4827 horum
2568 4772 2788 4827 iaciant.

1913 4861 2125 4934 (ΒευΑ.)
2179 4862 2337 4917 Dedit
2386 4862 2548 4916 etiam
2593 4867 2914 4930 potestatem
2957 4866 3198 4913 mortuos
3240 4858 3413 4914 susci—

1846 4953 2011 5019 tandi,
2068 4953 2208 5008 sicut
2260 4952 2542 5008 Mattbmus
2575 4953 2734 5014 dicit,
2782 4960 2842 5005 ut
2888 4950 3061 5005 virtus
3089 4957 3305 5005 ostensa
3353 4951 3411 5002 ti-

1848 5046 1989 5110 dem,
2017 5053 2153 5109 ctc.,
2184 5061 2346 5116 usque
2379 5046 2448 5098 ad
2477 5046 2599 5114 quia
2627 5044 2817 5115 lingua:
2842 5044 2896 5096 in
2932 5044 3138 5114 signum
3162 5050 3285 5096 sunt
3311 5056 3416 5094 non

1847 5138 2106 5207 ﬁdelibus,
2142 5140 2233 5192 sed
2256 5138 2550 5207 inﬁdelibus
2574 5138 2626 5210 (1
2648 5137 2768 5193 Cor.
2798 5138 2932 5211 xlv).

1916 5227 2081 5284 Vens.
2112 5229 2197 5283 l6.
2219 5259 2288 5269 -—
2311 5228 2379 5282 Et
2395 5229 2654 5298 imposuit.
2684 5227 2805 5300 (ιθ.)
2837 5228 2952 5282 Νοη
2974 5228 3131 5282 modo
3155 5227 3414 5296 primum,

1844 5321 1940 5377 sed
1976 5336 2099 5376 cum
2146 5318 2375 5375 adducto
2413 5320 2480 5373 ab
2529 5317 2758 5374 Andma
2805 5318 2985 5373 dixit:
3035 5316 3113 5372 Tu
3140 5316 3411 5371 vocaberis

1844 5412 2064 5484 Cephas,
2100 5412 2238 5483 quod
2265 5412 2638 5480 interpretatur
2665 5410 2852 5465 Petrus
2876 5408 3057 5482 (Joan.
3090 5411 3152 5479 ι).
3188 5407 3295 5463 Sed
3321 5408 3413 5462 hic

1845 5502 2169 5573 evangelista
2214 5510 2265 5557 te
2317 5509 2578 5556 attentum
2625 5501 2798 5557 reddit
2838 5502 3043 5567 dicens,
3086 5499 3248 5569 quod,
3278 5509 3408 5563 etc.,

1842 5610 2003 5665 usque
2026 5594 2096 5648 ad
2121 5594 2207 5649 vel
2243 5593 2468 5649 audiens
2492 5593 2766 5649 tristitiam
2817 5594 3029 5659 mortis,
3054 5592 3259 5647 scilicet
3285 5604 3416 5645 cum

1841 5683 1891 5739 ei
1911 5682 2142 5737 dicitur:
2195 5682 2341 5739 Alius
2388 5693 2436 5738 te
2482 5684 2649 5753 cinget
2678 5692 2725 5738 et
2766 5684 2919 5738 ducet
2961 5698 3063 5753 quo
3111 5691 3167 5735 tu
3210 5677 3417 5735 nonvis

1842 5775 1895 5847 (ι
1917 5774 2040 5831 Cor.
2066 5775 2164 5846 tv).
