3960 6336
589 692 793 748 nerges,
831 680 972 757 quod
998 692 1071 735 est
1114 683 1217 751 ﬁlii
1253 689 1489 744 tonitrui.
1522 692 1761 759 Quorum
1792 699 2020 755 sublime
2051 719 2171 758 me-

590 766 752 821 ritum
802 767 856 822 in
909 783 1093 827 monte
1134 785 1374 831 meretur
1412 781 1599 837 audire
1644 786 1943 844 tonitruum
1991 790 2169 849 Patris

542 866 545 869 ‘
586 871 689 926 per
715 860 914 914 nubem
941 861 1006 915 de
1034 862 1171 919 Filio
1194 870 1466 925 tonantis:
1502 872 1605 928 Hic
1627 886 1701 931 est
1725 876 1775 931 F
1778 878 1900 935 ilius
1922 899 2068 939 meus
2088 886 2172 939 di-
2272 860 2461 955 iniuat,
2512 893 2639 962 quia
2676 893 2847 952 frater

584 947 749 1003 tectus
778 949 993 1020 (Matth.
1029 956 1163 1026 xvn)
1191 997 1206 1022 ,
1262 968 1322 1013 ut
1366 977 1463 1031 per
1493 967 1690 1022 nubem
1739 973 1920 1028 carnis
1973 984 2026 1030 et
2064 977 2170 1049 ipsi
2269 977 2414 1033 citur
2439 981 2580 1039 ﬁlius
2609 984 2793 1043 Mariae
2841 993 3030 1048 matris

582 1037 786 1095 Christi
829 1041 1009 1113 ignem
1037 1061 1100 1099 ac
1147 1047 1359 1119 fulgura
1389 1053 1443 1108 in
1486 1055 1723 1131 pluviam
1751 1077 2068 1137 spargerent
2112 1070 2167 1125 in

581 1131 744 1186 terris
766 1172 778 1184 .
814 1135 1070 1202 quoniam
1101 1139 1359 1197 Dominus
1392 1144 1446 1199 in
1492 1147 1728 1217 pluviam
1771 1131 1983 1224 fulgura
2017 1157 2163 1227 fecit,

579 1228 643 1275 ut
690 1224 998 1295 exstinguat
1046 1230 1421 1290 misericordia
1467 1240 1609 1309 quod
1651 1240 1917 1310 judicium
1945 1252 2163 1320 exurit;

576 1311 722 1367 unde
750 1331 764 1366 :
799 1313 1221 1377 Misericordiam
1257 1336 1306 1380 et
1342 1328 1607 1397 judicium
1642 1336 1865 1392 cantabo
1892 1340 2006 1408 tibi,
2054 1342 2164 1399 Do-

575 1402 714 1456 mine
740 1402 910 1474 (Psal.
951 1410 1025 1478 c).

644 1494 922 1553 Jacobum.
957 1501 1054 1568 Qui
1082 1518 1270 1562 curam
1307 1512 1491 1568 carnis
1518 1513 1748 1574 Domino
1771 1531 2002 1580 vocante
2029 1540 2160 1598 sup-

573 1585 859 1659 plantavit,
888 1602 943 1649 et
982 1595 1157 1667 ipsam
1187 1614 1409 1659 carnem
1456 1605 1670 1664 Herode
1702 1613 2004 1672 trucidante
2032 1585 2159 1673 con-

572 1680 812 1749 tempsit.

644 1769 924 1830 Joannem.
958 1776 1173 1854 (Bson)
1214 1782 1273 1839 In
1301 1799 1409 1855 quo
1454 1797 1536 1845 est
1578 1793 1773 1862 gratia,

566 1862 760 1930 gratia,
783 1865 876 1934 qui
902 1868 973 1924 ob
998 1874 1202 1930 amoris
1228 1879 1485 1949 praecipui
1528 1884 1758 1954 gratiam
1784 1903 1948 1959 quam
1989 1891 2158 1963 virgi-

565 1951 676 2007 nali
699 1954 867 2026 gloria
899 1967 1223 2034 promeruit,
1263 1985 1425 2042 supra
1454 1951 1835 2048 Redemptoris
1861 1982 1944 2037 sui
1968 1951 2158 2053 pectus

563 2041 621 2097 in
648 2059 805 2114 poma
840 2053 1108 2111 recubuit.

636 2134 787 2192 Filii.
837 2140 960 2214 (10.)
992 2144 1231 2212 Quorum
1264 2168 1402 2209 unus
1430 2154 1705 2227 intonans,
1733 2176 1920 2219 vocem
1948 2165 2157 2224 theolo-

562 2243 686 2299 gam
714 2232 899 2304 (quam
928 2253 1089 2299 nemo
1128 2245 1282 2315 prius
1332 2251 1493 2307 cdere
1533 2257 1780 2330 noverat)
1824 2261 2005 2318 emisit
2036 2282 2051 2319 :
2086 2263 2155 2320 In

557 2321 817 2394 principio
861 2339 973 2384 erat
1025 2331 1270 2403 Verbum,
1308 2348 1413 2398 etc.
1448 2342 1628 2413 (Joan.
1674 2321 1957 2420 1.)'Quam
2001 2362 2153 2413 tanto

560 2415 800 2482 pondere
822 2423 1101 2490 gravidam
1129 2429 1366 2502 reliquit,
1408 2443 1468 2491 ut
1495 2438 1543 2493 si
1569 2415 1845 2511 aliquanto
1865 2444 1987 2514 plus
2010 2447 2153 2503 into-

559 2515 697 2558 nare
715 2506 995 2579 voluisset,
1042 2531 1145 2572 nec
1171 2518 1286 2588 ipse
1314 2525 1548 2583 mundus
1572 2544 1767 2600 capere
1790 2535 2076 2604 potuisset.

631 2595 794 2654 Vsus.
851 2604 937 2659 is.
973 2608 1469 2681 -Ειβηάητιηι
1521 2595 1728 2696 (HIs-1t.)
1783 2595 1885 2695 Qui
1916 2631 2150 2689 viriliter

552 2683 663 2740 vim
692 2686 824 2744 facit
849 2696 1170 2761 perditionis
1210 2718 1321 2760 sua:
1341 2718 1401 2761 ut
1429 2724 1752 2781 responsum
1776 2719 1969 2775 mortis
2005 2737 2147 2778 sem-

551 2788 652 2843 per
701 2778 758 2833 in
813 2796 872 2837 se
923 2784 1119 2845 habeat
1169 2800 1225 2847 et
1269 2778 1766 2875 animam—semper
1800 2807 1857 2862 in
1898 2812 2147 2871 manibus

555 2879 691 2922 SUIS.

610 3508 677 3563 Et
715 3511 1185 3582 Bartholomazum.
1218 3529 1340 3602 (Ιυ.)
1391 3534 1491 3602 Qui
1519 3549 1603 3595 est
1627 3541 1771 3601 filius
1805 3551 2133 3619 suspenden-

537 3599 610 3655 tis
626 3616 815 3674 aquas,
842 3609 987 3668 illius
1008 3599 1234 3675 scilicet
1261 3599 1351 3693 qui
1386 3599 1556 3685 dixit:
1609 3599 2123 3702 nauigauit;

534 3697 663 3752 meis
690 3716 753 3755 ne
783 3702 968 3773 pluunt
991 3708 1128 3767 (Isa.
1153 3714 1229 3787 v).
1260 3716 1467 3777 Nomen
1493 3738 1623 3780 vero
1651 3726 1745 3783 filii
1788 3730 1881 3787 Dei
1910 3747 2007 3804 per
2027 3697 2129 3806 pa;

534 3799 653 3842 cem
678 3798 734 3845 et
766 3794 1108 3857 dilectionem
1148 3810 1486 3879 acquiritur:
1534 3815 1685 3874 Beati
1720 3822 1864 3878 enim
1893 3828 2125 3897 paciﬁci,

531 3885 782 3950 quoniam
806 3887 907 3957 ﬁlii
948 3891 1049 3948 Dei
1078 3900 1397 3958 vocabuntur
1422 3906 1639 3978 (Matth.
1667 3911 1744 3980 v).
1779 3915 1845 3970 Et
1869 3885 2125 3991 :Diligite

531 3970 773 4031 inimicos
804 3990 997 4038 vestros
1024 3995 1083 4041 ut
1109 3988 1229 4046 sitis
1256 3992 1359 4062 ﬁlii
1382 3970 1483 4053 Dei
1512 3999 1666 4071 (Luc.
1692 4004 1790 4076 v1).

599 4063 670 4118 Et
697 4065 1025 4130 Matt/neum.
1056 4078 1158 4146 Qui
1187 4093 1271 4138 est
1299 4063 1529 4145 donatus
1548 4107 1567 4146 :
1595 4094 1680 4148 cui
1710 4063 1813 4152 non
1841 4097 2015 4155 solum
2040 4115 2122 4157 re-

527 4153 714 4212 missio
747 4173 1092 4229 peccatorum
1115 4210 1131 4235 ,
1181 4173 1274 4228 sed
1309 4178 1474 4254 etiam
1504 4180 1557 4236 in
1604 4187 1969 4254 apostolorum
2015 4208 2119 4248 nu-

525 4261 677 4304 mero
711 4266 831 4309 esse
861 4256 1051 4325 datur,
1102 4272 1159 4315 ut
1185 4262 1264 4317 leo
1303 4277 1353 4321 et
1402 4250 1492 4326 bos
1537 4250 1694 4329 simul
1739 4279 2039 4347 comedunt,
2068 4291 2120 4337 et

527 4336 683 4409 lupus
705 4360 825 4397 cum
850 4362 986 4417 agno
1017 4349 1152 4420 (Isa.
1180 4354 1281 4426 ιι).

593 4428 749 4498 Nota,
784 4438 928 4505 quod
953 4439 1041 4495 alii
1064 4446 1406 4517 evangelistze
1431 4450 1743 4512 Matthreum
1768 4474 2110 4536 praeponunt,

520 4527 573 4575 et
601 4523 950 4592 publicanum
981 4548 1085 4588 non
1119 4536 1323 4593 dicunt.
1355 4540 1472 4613 Ipse
1499 4554 1621 4615 post
1640 4523 1902 4609 Thomam
1928 4570 1987 4612 se
2009 4523 2107 4629 po:

518 4615 619 4682 nit,
651 4628 702 4673 et
726 4622 1072 4690 publicanum
1106 4644 1165 4684 se
1196 4630 1347 4687 dicit.
1901 4694 1915 4713 ,

589 4706 658 4761 Ει
687 4708 960 4770 Thomam.
986 4717 1111 4791 (Ιυ.)
1139 4718 1240 4787 Qui
1267 4732 1351 4780 est
1370 4725 1610 4797 abyssus.
1639 4730 1791 4789 Multi
1812 4706 1959 4793 enim
1980 4755 2105 4811 pro-

517 4797 681 4857 funda
710 4805 904 4872 sciunt,
931 4812 1027 4867 sed
1053 4829 1158 4871 non
1188 4817 1487 4887 proferunt.
1529 4823 1682 4883 Unde
1710 4830 1819 4884 scio
1838 4832 2101 4892 hominem

514 4891 570 4947 in
601 4892 832 4964 Christo,
882 4909 1011 4969 ctc.,
1044 4922 1256 4978 usque:
1310 4928 1430 4984 quia
1471 4934 1573 4974 mn
1611 4919 1730 4976 licet
1773 4924 1973 4981 homini
2017 4928 2097 4984 lo-

510 4985 603 5054 qui
630 4986 715 5057 (11
746 4987 870 5044 Cor.
913 4992 1033 5062 xu).

582 5072 796 5149 (ΒευΑ.)
824 5078 1062 5157 Thomas
1103 5086 1330 5158 abyssus
1357 5111 1371 5147 :
1408 5095 1533 5165 quia
1562 5098 1902 5162 altitudinem
1928 5108 2100 5167 virtu-

511 5162 580 5217 tis
607 5163 662 5219 in
693 5173 1090 5230 resurrectione
1117 5185 1441 5249 penetravit.
1486 5189 1581 5245 Vel
1609 5195 1856 5264 geminus
1880 5240 1896 5265 ,
1926 5217 2103 5272 graece

508 5256 651 5324 quod
682 5259 884 5319 dicitur
908 5264 1173 5337 didymus,
1198 5272 1252 5328 id
1279 5284 1379 5337 est.
1404 5256 1851 5358 dubiusvpropter

507 5362 620 5413 cor,
653 5352 777 5421 quia
809 5361 1262 5420 resurrectionem
1293 5368 1384 5424 vix
1413 5374 1664 5430 credidit.

575 5439 645 5496 Et
672 5443 932 5504 Iacobum
977 5451 1199 5523 Alphwi.
1253 5458 1308 5515 ld
1354 5471 1454 5531 cst,
1497 5467 1639 5524 docti
1682 5475 1767 5526 vel
1798 5474 2088 5545 millesimi,

505 5531 655 5602 cujus
684 5552 717 5590 a
758 5536 921 5595 latere
946 5545 1132 5601 cadent
1180 5550 1343 5621 mille,
1371 5565 1419 5609 et
1440 5557 1619 5614 decem
1644 5562 1812 5618 millia
1834 5582 1867 5620 a
1893 5567 2091 5627 dextris

504 5624 609 5679 tuis
639 5623 808 5697 (Psal.
847 5631 957 5705 xc).

574 5715 787 5791 (ΒειιΑ.)
814 5721 1076 5793 Jacobum
1103 5728 1333 5803 Alpbiri,
1375 5739 1467 5808 qui
1494 5749 1549 5797 et
1579 5741 1747 5801 frater
1772 5746 1984 5807 Domini
2010 5753 2089 5820 di-

2264 622 2365 673 tur
2393 618 2694 691 episcopus,
2739 632 2998 697 tanquam
3026 632 3221 690 doctus
3242 638 3328 692 vel
3354 618 3498 697 docti
3528 642 3693 701 ﬁlius.

2322 700 2692 768 ‘Thaddwum.
2732 714 2928 775 Custos
2956 723 3155 780 cordis.
3212 725 3367 784 Hunc
3396 730 3571 790 Lucas
3602 700 3663 790 in
3688 736 3841 796 Evan-

2272 795 2443 866 gelio,
2489 807 2543 855 et
2567 801 2623 856 in
2665 804 2890 863 Actibus
2925 814 3292 880 apostolorum
3323 817 3516 876 Judam
3544 795 3839 886 Jacobi

2887 899 3073 957 Jacobi
3102 905 3287 963 fratris
3323 908 3559 967 Domini.
3598 915 3751 973 Unde
3775 920 3839 974 di-

3073 993 3260 1053 Jacobi
3298 1008 3354 1055 et
3382 999 3582 1073 Josepb
3613 1016 3670 1061 et
3708 1005 3837 1067 inda:

2266 1078 2326 1125 et
2352 1070 2607 1132 Simonis.

2341 1163 2546 1240 (HIER.)
2584 1169 2654 1224 Et
2687 1170 3036 1245 Thaddteum,
3073 1182 3167 1252 qui
3215 1194 3299 1241 est
3323 1189 3595 1259 corculus,
3648 1192 3707 1250 id
3748 1206 3835 1263 est,

2266 1254 2446 1310 cordis
2495 1258 2672 1315 cultor
2715 1264 2806 1333 qui
2851 1276 3032 1324 servat
3073 1287 3169 1327 cor
3196 1289 3355 1332 suum
3389 1282 3538 1336 omni
3588 1288 3833 1344 custodia.

2265 1343 2526 1402 Munditia
2566 1366 2800 1424 namque
2824 1358 3004 1415 cordis
3028 1362 3241 1422 videtur
3267 1368 3408 1426 Deus
3441 1378 3500 1426 ut
3530 1388 3630 1443 per
3653 1377 3833 1436 vitrum

2264 1437 2543 1492 mundum.

2333 1524 2402 1580 Et
2452 1527 2734 1588 Simonem.
2775 1534 2989 1612 (Bsm.)
3045 1542 3231 1623 Simon
3281 1549 3582 1612 Cananaeus
3628 1573 3662 1613 a
3707 1559 3835 1618 Cana

2261 1617 2381 1676 vico
2402 1619 2656 1692 Galilaeam,
2690 1629 2780 1698 qui
2811 1639 2868 1686 et
2916 1620 3107 1692 Simon
3133 1637 3360 1711 Zelotes,
3396 1644 3451 1702 id
3478 1656 3584 1716 est,
3623 1654 3833 1713 temnis-

2261 1718 2364 1767 tor.
2393 1712 2560 1782 Cana,
2582 1717 2772 1787 Zelus;
2804 1720 3123 1796 Cananaaus,
3153 1731 3385 1792 Zelotes.

1816 1794 1901 1851 vel
1946 1796 2161 1854 Domini
2189 1787 2236 1848 Β
2333 1804 2404 1859 Et
2456 1805 2723 1865 Simonem
2767 1787 3120 1874 Cenandum.
3166 1787 3611 1892 Quirevt'Zelotes
3662 1835 3834 1896 Simon

2260 1911 2467 1966 ponens
2491 1901 2576 1956 vel
2604 1901 2812 1962 habens
2846 1909 3145 1969 tristitiam.
3182 1916 3335 1976 Beati
3371 1939 3607 1997 namque
3640 1933 3738 2001 qui
3762 1932 3835 1987 lit-

2259 2000 2397 2062 gent,
2427 1996 2677 2064 quoniam
2701 1999 2803 2069 ipsi
2824 2005 3234 2065 consolabuntur
3266 2012 3482 2085 (Matth.
3511 1996 3590 2091 v).
3623 1996 3835 2083 'l’rinum

2260 2079 2463 2139 luctum
2515 2087 2701 2159 implet
2745 2092 2839 2161 qui
2883 2079 3310 2159 consolationem
3352 2079 3560 2179 quzerit'
3580 2112 3831 2174 futuram.

2257 2174 2426 2232 Deilet
2438 2182 2656 2251 propria
2676 2196 2898 2254 peccata
2910 2205 3036 2247 eum
3051 2193 3216 2251 David
3228 2208 3283 2255 et
3298 2174 3487 2259 Maria.
3519 2206 3662 2265 Cum
3682 2210 3833 2271 Paulo

2256 2263 2349 2321 ﬂet
2370 2282 2492 2324 cum
2519 2272 2790 2332 ﬂentibus.
2833 2278 2900 2334 Et
2938 2280 3033 2338 flet
3077 2287 3305 2346 multum
3334 2308 3457 2349 cum
3501 2294 3718 2359 Joanne
3754 2313 3831 2376 qui

2254 2357 2508 2417 dicebat:
2542 2363 2615 2418 Et
2659 2384 2753 2438 ego
2778 2371 2968 2457 ﬂebfzm
3011 2378 3232 2435 multum
3264 2401 3277 2437 :
3319 2387 3445 2456 quia
3474 2407 3630 2447 nemo

2251 2450 2490 2511 inventus
2531 2469 2605 2512 est
2631 2463 2836 2529 aperire
2863 2450 3055 2522 librum
3096 2480 3145 2526 et
3169 2473 3366 2532 solvere
3407 2480 3693 2552 signacula
3732 2489 3830 2560 ejus

2258 2541 2275 2560 ι
2296 2542 2313 2560 ι
2504 2547 2516 2560 ι
2595 2550 2631 2560 -
2672 2552 2686 2560 -

2253 2541 2436 2614 (Apoc.
2467 2547 2542 2619 v).
2595 2550 2809 2610 Zelotes
2835 2566 3013 2614 autem
3042 2561 3244 2620 dicitur
3284 2541 3730 2640 quem-comedit
3750 2541 3830 2638 ’ze-

2249 2629 2335 2688 lus
2379 2634 2572 2695 domus
2616 2640 2738 2709 Dei,
2769 2652 2829 2700 ut
2874 2645 3149 2708 Phinees:
3193 2655 3263 2712 Et
3300 2629 3521 2718 cessauit
3568 2672 3827 2738 quassatio

2251 2722 2438 2793 (Num.
2470 2730 2621 2802 xxv).

2318 2835 2483 2892 Vrsas.
2516 2839 2602 2897 l9.
2634 2869 2703 2884 -α
2728 2843 2798 2901 Et
2830 2848 3031 2907 ludam
3068 2854 3381 2918 Scariotem.
3427 2863 3530 2933 Qui
3560 2883 3674 2925 non
3702 2871 3828 2929 delet

2243 2938 2526 2995 peccatum
2574 2948 2734 2990 suum
2779 2954 2878 3008 per
2899 2943 3294 3016 paenitentiam,
3340 2968 3443 3010 nec
3470 2955 3600 3013 illud
3626 2961 3828 3019 deletur

2237 3301 2441 3355 mortis.
2470 3302 2821 3395 Conf§sores
2842 3314 2996 3370 multi
3022 3331 3149 3375 sunt
3174 3321 3228 3377 in
3257 3323 3502 3385 Ecclesia
3528 3337 3754 3404 superbi
3778 3346 3826 3392 et

2110 3400 2135 3411 ⁸
2236 3391 2454 3461 gloriosi
2489 3391 2718 3467 quorum
2748 3404 2956 3472 primus
2992 3408 3180 3469 Simon
3210 3414 3416 3488 Magus,
3447 3430 3503 3477 et
3525 3391 3622 3479 alii

2238 3483 2325 3540 tici
2347 3527 2361 3551 ,
2403 3503 2630 3558 quorum
2659 3497 2920 3554 memoria
2948 3503 3194 3562 mortalis
3224 3506 3278 3564 in
3307 3509 3549 3569 Ecclesia
3578 3518 3823 3576 celebra-

2234 3580 2358 3629 tur:
2391 3584 2451 3631 ut
2476 3577 2739 3638 deleatur.

2304 3665 2510 3740 (HIER.)
2542 3669 2707 3728 Judas
2737 3674 2988 3736 Scarioth
3025 3696 3057 3738 a
3096 3684 3217 3743 vico
3242 3686 3297 3744 in
3324 3704 3432 3760 quo
3458 3704 3637 3767 ortus,
3674 3712 3770 3757 aut
3792 3720 3822 3759 a

2231 3755 2377 3812 tribu
2419 3758 2685 3821 Issachar.
2754 3767 3266 3847 Issachar'merces,
3322 3786 3557 3854 pretium
3609 3791 3822 3851 scilicet

2225 3850 2592 3918 perditionis:
2637 3844 2923 3928 Scarioth,
2975 3874 3080 3923 etc.
3107 3909 3122 3935 ,
3159 3844 3420 3945 usquead
3468 3894 3608 3949 quos
3663 3886 3821 3942 unius

2226 3941 2532 4012 exemplum
2564 3945 2630 4000 ad
2672 3948 2920 4008 timorem
2949 3955 3198 4023 humiliat
3271 3972 3330 4019 ut
3358 3941 3580 4039 angelos
3606 3971 3820 4033 lnciferi

2224 4044 2384 4086 casus
2412 4073 2426 4098 ,
2482 4042 2544 4089 ut
2590 4035 2714 4093 Non
2745 4039 3003 4111 glorietur
3047 4051 3255 4121 sapiens
3302 4055 3357 4110 in
3412 4035 3680 4130 sapientia
3729 4082 3821 4121 sua

2223 4121 2359 4194 (Jer.
2410 4126 2523 4199 nt),
2552 4132 2665 4187 'sed
2705 4134 2795 4204 qui
2834 4136 3134 4207 gloriatur,
3188 4144 3244 4199 in
3293 4121 3521 4206 Domino
3562 4152 3822 4224 glorietur

2223 4212 2273 4286 (ι
2307 4215 2430 4272 Cor.
2468 4219 2532 4291 ι).

2295 4304 2362 4360 Et
2393 4310 2623 4377 veniunt,
2652 4322 2755 4370 etc.
2783 4316 2997 4395 (BI-30A.)
3028 4322 3129 4390 Qui
3156 4327 3385 4385 aliorum
3408 4347 3596 4390 curam
3629 4353 3819 4396 susce-

2216 4408 2445 4467 perunt,
2493 4402 2720 4462 sollicite
2769 4415 3041 4471 custodire
3074 4418 3273 4477 debent
3320 4426 3672 4487 conscientiae
3721 4433 3816 4491 do-

2136 4505 2192 4567 D
2218 4501 2371 4557 num,
2410 4501 2471 4549 ut
2498 4510 2556 4550 se
2584 4497 2756 4566 prius,
2790 4501 2914 4558 inde
2945 4504 3079 4562 alios
3107 4519 3320 4582 regant.

2281 4605 2445 4664 Vens.
2476 4608 2568 4664 20.
2600 4642 2673 4652 —
2699 4612 2905 4688 (Hii-1R.)
2954 4619 3156 4678 Domus
3203 4625 3258 4680 in
3300 4642 3408 4699 qua
3450 4634 3807 4701 conveniunt,

2204 4699 2479 4768 primitiva
2502 4702 2745 4759 Ecclesia
2772 4715 2876 4762 est.
2907 4708 3102 4768 Turbae
3120 4729 3241 4785 quse
3270 4717 3570 4791 impediunt
3604 4699 3811 4795 panem

2205 4794 2554 4861 manducare,
2583 4806 2808 4867 peccata
2833 4809 2890 4857 et
2928 4804 3062 4861 vitia
3099 4818 3256 4877 sunt,
3292 4813 3420 4883 quia
3448 4816 3539 4887 qui
3578 4820 3812 4874 mandu-

2203 4895 2287 4940 cat
2309 4903 2498 4958 corpus
2535 4888 2750 4945 Domini
2793 4893 3040 4966 indigne,
3086 4900 3354 4969 judicium
3392 4906 3493 4961 sibi
3517 4910 3811 4964 manduca!

2208 4988 2259 5034 et
2302 4979 2451 5047 bibit,
2477 4997 2583 5038 non
2625 4984 2928 5054 dijudicans
2959 5008 3149 5063 corpus
3187 4995 3398 5053 Domini
3443 4998 3496 5070 (I
3543 5000 3671 5058 Cor.
3700 5003 3807 5075 ιι).

2212 5068 2364 5126 Unde
2389 5070 2650 5130 Dominus
2675 5075 2729 5130 in
2763 5076 2999 5136 furorem
3042 5085 3272 5141 vertitur
3314 5068 3644 5146 cumldicit:
3681 5068 3809 5149 Nisi

2207 5162 2647 5222 manducaveritis
2691 5185 2901 5227 carnem
2930 5172 3061 5229 Filii
3090 5176 3316 5234 hominis
3342 5190 3391 5235 et
3426 5182 3659 5239 biberitis
3688 5185 3808 5258 ejus

2205 5254 2534 5324 sanguinem,
2567 5275 2673 5314 non
2694 5261 2948 5320 habebitis
2979 5267 3135 5322 vitam
3163 5268 3344 5342 (Joan.
3381 5273 3478 5345 vl).

2283 5361 2443 5422 Vens.
2480 5368 2570 5424 2|.
2614 5403 2685 5414 -—
2714 5373 2785 5429 Et
2826 5392 2944 5443 cum
2971 5380 3259 5447 audissent,
3314 5394 3420 5441 etc.
3473 5386 3655 5445 Turba
3686 5388 3805 5446 ἠιθ-

2200 5467 2426 5526 quentat
2469 5476 2615 5530 eum,
2657 5466 2741 5521 sui
2796 5475 3050 5541 tanquam
3081 5472 3346 5531 furiosum
3374 5477 3708 5549 despiciunt,
3745 5481 3802 5535 in

2199 5562 2306 5619 quo
2328 5552 2475 5611 salus
2501 5558 2745 5627 gentium
2773 5570 2994 5618 notatur
3011 5604 3027 5631 ,
3057 5574 3112 5622 et
3140 5565 3341 5624 invidia
3366 5567 3678 5627 Iudaeorum
3713 5587 3803 5628 re-

2198 5644 2476 5714 Ρνοδαιυΐ,
2500 5649 2568 5706 de
2588 5652 2784 5721 quibus
2808 5674 2822 5710 :
2846 5655 2914 5713 In
2940 5663 3155 5732 propria
3177 5664 3334 5733 venit,
3360 5674 3407 5719 et
3436 5664 3520 5719 sui
3544 5680 3663 5719 eum
3686 5680 3800 5721 non

2197 5747 2496 5811 receperunt
2522 5737 2703 5810 (Joan.
2737 5745 2835 5817 vr).
