  <div class='ocr_page' id='page_1' title='image "/cluster/home/n/w/nwhite01/storage/ocr_20150623/114/hvd.32044018909580/102.png"; bbox 0 0 3960 6336; ppageno 0'>
   <div class='ocr_carea' id='block_1_1' title="bbox 152 396 242 455">
    <p class='ocr_par' dir='ltr' id='par_1_1' title="bbox 152 396 242 455">
     <span class='ocr_line' id='line_1_1' title="bbox 152 396 242 455; baseline 0.044 -9"><span class='ocrx_word' id='word_1_1' title='bbox 152 396 242 455; x_wconf 61' lang='grc'><strong>103</strong></span> 
     </span>
    </p>
   </div>
   <div class='ocr_carea' id='block_1_2' title="bbox 1022 364 2398 438">
    <p class='ocr_par' dir='ltr' id='par_1_2' title="bbox 1022 364 2398 438">
     <span class='ocr_line' id='line_1_2' title="bbox 1022 364 2398 438; baseline -0.01 0"><span class='ocrx_word' id='word_1_2' title='bbox 1022 377 1290 438; x_wconf 82' lang='lat' dir='ltr'><strong>GLOSSA</strong></span> <span class='ocrx_word' id='word_1_3' title='bbox 1327 364 1721 436; x_wconf 55' lang='lat' dir='ltr'><strong>ORDINARIA.</strong></span> <span class='ocrx_word' id='word_1_4' title='bbox 1761 400 1831 412; x_wconf 94' lang='lat'><strong><em>—</em></strong></span> <span class='ocrx_word' id='word_1_5' title='bbox 1869 368 2123 427; x_wconf 84' lang='lat' dir='ltr'><strong>EVANG.</strong></span> <span class='ocrx_word' id='word_1_6' title='bbox 2164 368 2398 425; x_wconf 83' lang='lat' dir='ltr'><strong>MARCI.</strong></span> 
     </span>
    </p>
   </div>
   <div class='ocr_carea' id='block_1_3' title="bbox 3243 357 3351 420">
    <p class='ocr_par' dir='ltr' id='par_1_3' title="bbox 3243 357 3351 420">
     <span class='ocr_line' id='line_1_3' title="bbox 3243 357 3351 420; baseline -0.009 0"><span class='ocrx_word' id='word_1_7' title='bbox 3243 357 3351 420; x_wconf 74' lang='grc'><strong>194</strong></span> 
     </span>
    </p>
   </div>
   <div class='ocr_carea' id='block_1_4' title="bbox 208 476 3346 566">
    <p class='ocr_par' dir='ltr' id='par_1_4' title="bbox 208 476 3346 566">
     <span class='ocr_line' id='line_1_4' title="bbox 208 476 3346 566; baseline -0.009 -8"><span class='ocrx_word' id='word_1_8' title='bbox 208 507 356 565; x_wconf 70' lang='lat' dir='ltr'><strong>Vnus.</strong></span> <span class='ocrx_word' id='word_1_9' title='bbox 383 501 468 557; x_wconf 87' lang='lat'><strong>22.</strong></span> <span class='ocrx_word' id='word_1_10' title='bbox 492 528 562 540; x_wconf 87' lang='lat'><strong>-—</strong></span> <span class='ocrx_word' id='word_1_11' title='bbox 582 496 650 550; x_wconf 89' lang='lat' dir='ltr'><strong>Et</strong></span> <span class='ocrx_word' id='word_1_12' title='bbox 682 494 894 550; x_wconf 59' lang='lat' dir='ltr'><strong>Scribat.</strong></span> <span class='ocrx_word' id='word_1_13' title='bbox 928 493 1134 566; x_wconf 53' lang='lat' dir='ltr'><strong>(Bson.</strong></span> <span class='ocrx_word' id='word_1_14' title='bbox 1159 494 1176 563; x_wconf 96' lang='lat'><strong>)</strong></span> <span class='ocrx_word' id='word_1_15' title='bbox 1207 492 1264 547; x_wconf 89' lang='lat' dir='ltr'><strong>Si</strong></span> <span class='ocrx_word' id='word_1_16' title='bbox 1298 490 1389 561; x_wconf 86' lang='lat' dir='ltr'><strong>qui</strong></span> <span class='ocrx_word' id='word_1_17' title='bbox 1429 485 1681 543; x_wconf 75' lang='lat' dir='ltr'><strong>tarditate</strong></span> <span class='ocrx_word' id='word_1_18' title='bbox 1706 491 1756 550; x_wconf 77' lang='grc' dir='ltr'><strong>Α</strong></span> <span class='ocrx_word' id='word_1_19' title='bbox 1782 491 2001 536; x_wconf 88' lang='lat' dir='ltr'><strong>matrem</strong></span> <span class='ocrx_word' id='word_1_20' title='bbox 2024 481 2140 552; x_wconf 89' lang='lat' dir='ltr'><strong>plus</strong></span> <span class='ocrx_word' id='word_1_21' title='bbox 2169 498 2325 552; x_wconf 87' lang='lat' dir='ltr'><strong>quam</strong></span> <span class='ocrx_word' id='word_1_22' title='bbox 2350 496 2450 546; x_wconf 87' lang='lat' dir='ltr'><strong>me,</strong></span> <span class='ocrx_word' id='word_1_23' title='bbox 2481 491 2583 533; x_wconf 88' lang='lat' dir='ltr'><strong>non</strong></span> <span class='ocrx_word' id='word_1_24' title='bbox 2607 488 2680 533; x_wconf 87' lang='lat' dir='ltr'><strong>est</strong></span> <span class='ocrx_word' id='word_1_25' title='bbox 2708 495 2784 534; x_wconf 91' lang='lat' dir='ltr'><strong>me</strong></span> <span class='ocrx_word' id='word_1_26' title='bbox 2808 480 2995 549; x_wconf 82' lang='lat' dir='ltr'><strong>dignus</strong></span> <span class='ocrx_word' id='word_1_27' title='bbox 3026 476 3239 546; x_wconf 82' lang='lat' dir='ltr'><strong>(Matth.</strong></span> <span class='ocrx_word' id='word_1_28' title='bbox 3265 477 3346 546; x_wconf 69' lang='grc' dir='ltr'><strong>χ).</strong></span> 
     </span>
    </p>
   </div>
   <div class='ocr_carea' id='block_1_5' title="bbox 149 585 1680 661">
    <p class='ocr_par' dir='ltr' id='par_1_5' title="bbox 149 585 1680 661">
     <span class='ocr_line' id='line_1_5' title="bbox 149 585 1680 661; baseline -0.018 -1"><span class='ocrx_word' id='word_1_29' title='bbox 149 599 322 661; x_wconf 86' lang='lat' dir='ltr'><strong>mentis</strong></span> <span class='ocrx_word' id='word_1_30' title='bbox 356 609 458 650; x_wconf 92' lang='lat' dir='ltr'><strong>non</strong></span> <span class='ocrx_word' id='word_1_31' title='bbox 487 589 788 659; x_wconf 82' lang='lat' dir='ltr'><strong>intelligunt</strong></span> <span class='ocrx_word' id='word_1_32' title='bbox 812 587 1033 642; x_wconf 87' lang='lat' dir='ltr'><strong>verbum</strong></span> <span class='ocrx_word' id='word_1_33' title='bbox 1062 585 1156 640; x_wconf 85' lang='lat' dir='ltr'><strong>Dei</strong></span> <span class='ocrx_word' id='word_1_34' title='bbox 1175 625 1190 651; x_wconf 94' lang='lat'><strong>,</strong></span> <span class='ocrx_word' id='word_1_35' title='bbox 1223 589 1466 638; x_wconf 80' lang='lat' dir='ltr'><strong>remanet</strong></span> <span class='ocrx_word' id='word_1_36' title='bbox 1500 589 1680 634; x_wconf 90' lang='lat' dir='ltr'><strong>tamen</strong></span> 
     </span>
    </p>
   </div>
   <div class='ocr_carea' id='block_1_6' title="bbox 151 672 1682 764">
    <p class='ocr_par' dir='ltr' id='par_1_6' title="bbox 151 672 1682 764">
     <span class='ocr_line' id='line_1_6' title="bbox 151 672 1682 764; baseline -0.018 -15"><span class='ocrx_word' id='word_1_37' title='bbox 151 705 256 764; x_wconf 84' lang='lat' dir='ltr'><strong>spes</strong></span> <span class='ocrx_word' id='word_1_38' title='bbox 282 686 491 747; x_wconf 89' lang='lat' dir='ltr'><strong>salutis;</strong></span> <span class='ocrx_word' id='word_1_39' title='bbox 522 683 568 736; x_wconf 91' lang='lat' dir='ltr'><strong>si</strong></span> <span class='ocrx_word' id='word_1_40' title='bbox 607 681 744 735; x_wconf 90' lang='lat' dir='ltr'><strong>forte</strong></span> <span class='ocrx_word' id='word_1_41' title='bbox 781 677 1115 748; x_wconf 74' lang='lat' dir='ltr'><strong>intelligant,</strong></span> <span class='ocrx_word' id='word_1_42' title='bbox 1154 675 1318 730; x_wconf 88' lang='lat' dir='ltr'><strong>nulla.</strong></span> <span class='ocrx_word' id='word_1_43' title='bbox 1357 672 1458 738; x_wconf 84' lang='lat' dir='ltr'><strong>Qui</strong></span> <span class='ocrx_word' id='word_1_44' title='bbox 1500 678 1682 724; x_wconf 89' lang='lat' dir='ltr'><strong>autem</strong></span> 
     </span>
    </p>
   </div>
   <div class='ocr_carea' id='block_1_7' title="bbox 150 762 1679 852">
    <p class='ocr_par' dir='ltr' id='par_1_7' title="bbox 150 762 1679 852">
     <span class='ocr_line' id='line_1_7' title="bbox 150 762 1679 852; baseline -0.016 -13"><span class='ocrx_word' id='word_1_45' title='bbox 150 762 417 852; x_wconf 80' lang='lat' dir='ltr'><strong>intelligere</strong></span> <span class='ocrx_word' id='word_1_46' title='bbox 469 775 660 829; x_wconf 93' lang='lat' dir='ltr'><strong>nolunt</strong></span> <span class='ocrx_word' id='word_1_47' title='bbox 709 780 766 827; x_wconf 90' lang='lat' dir='ltr'><strong>et</strong></span> <span class='ocrx_word' id='word_1_48' title='bbox 814 771 1090 825; x_wconf 85' lang='lat' dir='ltr'><strong>invertunt</strong></span> <span class='ocrx_word' id='word_1_49' title='bbox 1141 769 1286 837; x_wconf 92' lang='lat' dir='ltr'><strong>quod</strong></span> <span class='ocrx_word' id='word_1_50' title='bbox 1338 762 1679 831; x_wconf 86' lang='lat' dir='ltr'><strong>intelligunt,</strong></span> 
     </span>
    </p>
   </div>
   <div class='ocr_carea' id='block_1_8' title="bbox 151 855 1679 940">
    <p class='ocr_par' dir='ltr' id='par_1_8' title="bbox 151 855 1679 940">
     <span class='ocr_line' id='line_1_8' title="bbox 151 855 1679 940; baseline -0.017 -9"><span class='ocrx_word' id='word_1_51' title='bbox 151 875 275 932; x_wconf 89' lang='lat' dir='ltr'><strong>nulla</strong></span> <span class='ocrx_word' id='word_1_52' title='bbox 303 883 420 940; x_wconf 88' lang='lat' dir='ltr'><strong>spes</strong></span> <span class='ocrx_word' id='word_1_53' title='bbox 447 873 549 920; x_wconf 89' lang='lat' dir='ltr'><strong>est.</strong></span> <span class='ocrx_word' id='word_1_54' title='bbox 586 863 759 926; x_wconf 87' lang='lat' dir='ltr'><strong>Unde,</strong></span> <span class='ocrx_word' id='word_1_55' title='bbox 785 859 1002 925; x_wconf 60' lang='lat' dir='ltr'><strong>Scribat,</strong></span> <span class='ocrx_word' id='word_1_56' title='bbox 1042 859 1096 913; x_wconf 91' lang='lat' dir='ltr'><strong>id</strong></span> <span class='ocrx_word' id='word_1_57' title='bbox 1141 866 1224 913; x_wconf 87' lang='lat' dir='ltr'><strong>est</strong></span> <span class='ocrx_word' id='word_1_58' title='bbox 1254 855 1542 924; x_wconf 82' lang='lat' dir='ltr'><strong>sapientes,</strong></span> <span class='ocrx_word' id='word_1_59' title='bbox 1574 861 1679 907; x_wconf 88' lang='lat' dir='ltr'><strong>etc.</strong></span> 
     </span>
    </p>
   </div>
   <div class='ocr_carea' id='block_1_9' title="bbox 151 943 1684 1027">
    <p class='ocr_par' dir='ltr' id='par_1_9' title="bbox 151 943 1684 1027">
     <span class='ocr_line' id='line_1_9' title="bbox 151 943 1684 1027; baseline -0.018 -4"><span class='ocrx_word' id='word_1_60' title='bbox 151 967 216 1023; x_wconf 82' lang='lat' dir='ltr'><strong>Ab</strong></span> <span class='ocrx_word' id='word_1_61' title='bbox 243 957 625 1027; x_wconf 78' lang='lat' dir='ltr'><strong>Hierosolymis.</strong></span> <span class='ocrx_word' id='word_1_62' title='bbox 657 953 810 1020; x_wconf 85' lang='lat' dir='ltr'><strong>Quod</strong></span> <span class='ocrx_word' id='word_1_63' title='bbox 835 951 1101 1022; x_wconf 84' lang='lat' dir='ltr'><strong>signiﬁcat</strong></span> <span class='ocrx_word' id='word_1_64' title='bbox 1126 964 1248 1004; x_wconf 92' lang='lat' dir='ltr'><strong>eum</strong></span> <span class='ocrx_word' id='word_1_65' title='bbox 1278 964 1308 1000; x_wconf 91' lang='lat' dir='ltr'><strong>a</strong></span> <span class='ocrx_word' id='word_1_66' title='bbox 1337 945 1545 1001; x_wconf 84' lang='lat' dir='ltr'><strong>civibus</strong></span> <span class='ocrx_word' id='word_1_67' title='bbox 1572 943 1684 998; x_wconf 88' lang='lat' dir='ltr'><strong>suis</strong></span> 
     </span>
    </p>
   </div>
   <div class='ocr_carea' id='block_1_10' title="bbox 152 1035 1684 1122">
    <p class='ocr_par' dir='ltr' id='par_1_10' title="bbox 152 1035 1684 1122">
     <span class='ocr_line' id='line_1_10' title="bbox 152 1035 1684 1122; baseline -0.016 -13"><span class='ocrx_word' id='word_1_68' title='bbox 152 1069 252 1111; x_wconf 86' lang='lat' dir='ltr'><strong>esse</strong></span> <span class='ocrx_word' id='word_1_69' title='bbox 278 1046 697 1122; x_wconf 90' lang='lat' dir='ltr'><strong>persequendum</strong></span> <span class='ocrx_word' id='word_1_70' title='bbox 728 1057 898 1111; x_wconf 89' lang='lat' dir='ltr'><strong>usque</strong></span> <span class='ocrx_word' id='word_1_71' title='bbox 923 1042 990 1095; x_wconf 92' lang='lat' dir='ltr'><strong>ad</strong></span> <span class='ocrx_word' id='word_1_72' title='bbox 1023 1047 1270 1094; x_wconf 88' lang='lat' dir='ltr'><strong>mortem.</strong></span> <span class='ocrx_word' id='word_1_73' title='bbox 1303 1035 1556 1105; x_wconf 81' lang='lat' dir='ltr'><strong>Legimus</strong></span> <span class='ocrx_word' id='word_1_74' title='bbox 1594 1047 1684 1086; x_wconf 80' lang='lat' dir='ltr'><strong>su-</strong></span> 
     </span>
    </p>
   </div>
   <div class='ocr_carea' id='block_1_11' title="bbox 149 1124 1684 1218">
    <p class='ocr_par' dir='ltr' id='par_1_11' title="bbox 149 1124 1684 1218">
     <span class='ocr_line' id='line_1_11' title="bbox 149 1124 1684 1218; baseline -0.016 -18"><span class='ocrx_word' id='word_1_75' title='bbox 149 1163 229 1218; x_wconf 86' lang='lat' dir='ltr'><strong>pra</strong></span> <span class='ocrx_word' id='word_1_76' title='bbox 264 1143 380 1214; x_wconf 83' lang='lat' dir='ltr'><strong>quia</strong></span> <span class='ocrx_word' id='word_1_77' title='bbox 414 1145 597 1196; x_wconf 85' lang='lat' dir='ltr'><strong>secuta</strong></span> <span class='ocrx_word' id='word_1_78' title='bbox 629 1145 713 1192; x_wconf 89' lang='lat' dir='ltr'><strong>est</strong></span> <span class='ocrx_word' id='word_1_79' title='bbox 744 1151 865 1189; x_wconf 89' lang='lat' dir='ltr'><strong>eum</strong></span> <span class='ocrx_word' id='word_1_80' title='bbox 905 1133 1059 1188; x_wconf 88' lang='lat' dir='ltr'><strong>turba</strong></span> <span class='ocrx_word' id='word_1_81' title='bbox 1091 1145 1121 1184; x_wconf 91' lang='lat' dir='ltr'><strong>a</strong></span> <span class='ocrx_word' id='word_1_82' title='bbox 1148 1127 1362 1184; x_wconf 68' lang='lat' dir='ltr'><strong>Galilaaa</strong></span> <span class='ocrx_word' id='word_1_83' title='bbox 1391 1134 1444 1180; x_wconf 91' lang='lat' dir='ltr'><strong>et</strong></span> <span class='ocrx_word' id='word_1_84' title='bbox 1471 1124 1684 1178; x_wconf 87' lang='lat' dir='ltr'><strong>Jcroso-</strong></span> 
     </span>
    </p>
   </div>
   <div class='ocr_carea' id='block_1_12' title="bbox 150 1213 1681 1312">
    <p class='ocr_par' dir='ltr' id='par_1_12' title="bbox 150 1213 1681 1312">
     <span class='ocr_line' id='line_1_12' title="bbox 150 1213 1681 1312; baseline -0.019 -16"><span class='ocrx_word' id='word_1_85' title='bbox 150 1213 318 1312; x_wconf 83' lang='lat' dir='ltr'><strong>lymis,</strong></span> <span class='ocrx_word' id='word_1_86' title='bbox 347 1241 399 1289; x_wconf 92' lang='lat' dir='ltr'><strong>et</strong></span> <span class='ocrx_word' id='word_1_87' title='bbox 433 1242 586 1286; x_wconf 90' lang='lat' dir='ltr'><strong>trans</strong></span> <span class='ocrx_word' id='word_1_88' title='bbox 611 1229 897 1284; x_wconf 73' lang='lat' dir='ltr'><strong>Iordanem</strong></span> <span class='ocrx_word' id='word_1_89' title='bbox 931 1235 988 1280; x_wconf 89' lang='lat' dir='ltr'><strong>et</strong></span> <span class='ocrx_word' id='word_1_90' title='bbox 1015 1225 1160 1278; x_wconf 89' lang='lat' dir='ltr'><strong>circa</strong></span> <span class='ocrx_word' id='word_1_91' title='bbox 1195 1221 1397 1290; x_wconf 84' lang='lat' dir='ltr'><strong>Tyrum</strong></span> <span class='ocrx_word' id='word_1_92' title='bbox 1428 1225 1484 1270; x_wconf 90' lang='lat' dir='ltr'><strong>et</strong></span> <span class='ocrx_word' id='word_1_93' title='bbox 1523 1213 1681 1270; x_wconf 86' lang='lat' dir='ltr'><strong>Sido-</strong></span> 
     </span>
    </p>
   </div>
   <div class='ocr_carea' id='block_1_13' title="bbox 150 1307 1684 1395">
    <p class='ocr_par' dir='ltr' id='par_1_13' title="bbox 150 1307 1684 1395">
     <span class='ocr_line' id='line_1_13' title="bbox 150 1307 1684 1395; baseline -0.018 -9"><span class='ocrx_word' id='word_1_94' title='bbox 150 1307 286 1394; x_wconf 76' lang='lat' dir='ltr'><strong>nem,</strong></span> <span class='ocrx_word' id='word_1_95' title='bbox 322 1341 434 1395; x_wconf 74' lang='lat' dir='ltr'><strong>qua:</strong></span> <span class='ocrx_word' id='word_1_96' title='bbox 465 1331 593 1378; x_wconf 86' lang='lat' dir='ltr'><strong>sunt</strong></span> <span class='ocrx_word' id='word_1_97' title='bbox 629 1321 880 1377; x_wconf 80' lang='lat' dir='ltr'><strong>civitates</strong></span> <span class='ocrx_word' id='word_1_98' title='bbox 913 1315 1230 1386; x_wconf 80' lang='lat' dir='ltr'><strong>gentilium:</strong></span> <span class='ocrx_word' id='word_1_99' title='bbox 1265 1321 1320 1366; x_wconf 89' lang='lat' dir='ltr'><strong>et</strong></span> <span class='ocrx_word' id='word_1_100' title='bbox 1367 1307 1569 1364; x_wconf 84' lang='lat' dir='ltr'><strong>Scribae</strong></span> <span class='ocrx_word' id='word_1_101' title='bbox 1616 1308 1684 1360; x_wconf 89' lang='lat' dir='ltr'><strong>ab</strong></span> 
     </span>
    </p>
   </div>
   <div class='ocr_carea' id='block_1_14' title="bbox 148 1394 1682 1488">
    <p class='ocr_par' dir='ltr' id='par_1_14' title="bbox 148 1394 1682 1488">
     <span class='ocr_line' id='line_1_14' title="bbox 148 1394 1682 1488; baseline -0.018 -13"><span class='ocrx_word' id='word_1_102' title='bbox 148 1394 465 1488; x_wconf 67' lang='lat' dir='ltr'><strong>lerosolj&#39;mis</strong></span> <span class='ocrx_word' id='word_1_103' title='bbox 507 1411 995 1482; x_wconf 86' lang='lat' dir='ltr'><strong>blasphemabant:</strong></span> <span class='ocrx_word' id='word_1_104' title='bbox 1029 1405 1154 1475; x_wconf 85' lang='lat' dir='ltr'><strong>quia</strong></span> <span class='ocrx_word' id='word_1_105' title='bbox 1181 1403 1334 1456; x_wconf 88' lang='lat' dir='ltr'><strong>turba</strong></span> <span class='ocrx_word' id='word_1_106' title='bbox 1375 1397 1557 1470; x_wconf 89' lang='lat' dir='ltr'><strong>populi</strong></span> <span class='ocrx_word' id='word_1_107' title='bbox 1586 1394 1682 1450; x_wconf 84' lang='lat' dir='ltr'><strong>Ju-</strong></span> 
     </span>
    </p>
   </div>
   <div class='ocr_carea' id='block_1_15' title="bbox 148 1488 1681 1572">
    <p class='ocr_par' dir='ltr' id='par_1_15' title="bbox 148 1488 1681 1572">
     <span class='ocr_line' id='line_1_15' title="bbox 148 1488 1681 1572; baseline -0.018 -5"><span class='ocrx_word' id='word_1_108' title='bbox 148 1514 352 1568; x_wconf 69' lang='lat' dir='ltr'><strong>dteorum</strong></span> <span class='ocrx_word' id='word_1_109' title='bbox 397 1507 548 1562; x_wconf 90' lang='lat' dir='ltr'><strong>illum</strong></span> <span class='ocrx_word' id='word_1_110' title='bbox 594 1519 717 1560; x_wconf 92' lang='lat' dir='ltr'><strong>cum</strong></span> <span class='ocrx_word' id='word_1_111' title='bbox 762 1501 954 1572; x_wconf 91' lang='lat' dir='ltr'><strong>palmis</strong></span> <span class='ocrx_word' id='word_1_112' title='bbox 999 1505 1055 1553; x_wconf 90' lang='lat' dir='ltr'><strong>et</strong></span> <span class='ocrx_word' id='word_1_113' title='bbox 1100 1495 1346 1550; x_wconf 89' lang='lat' dir='ltr'><strong>laudibus</strong></span> <span class='ocrx_word' id='word_1_114' title='bbox 1391 1488 1681 1561; x_wconf 80' lang='lat' dir='ltr'><strong>perduxit;</strong></span> 
     </span>
    </p>
   </div>
   <div class='ocr_carea' id='block_1_16' title="bbox 147 1577 1686 1674">
    <p class='ocr_par' dir='ltr' id='par_1_16' title="bbox 147 1577 1686 1674">
     <span class='ocr_line' id='line_1_16' title="bbox 147 1577 1686 1674; baseline -0.019 -15"><span class='ocrx_word' id='word_1_115' title='bbox 147 1601 341 1674; x_wconf 72' lang='lat' dir='ltr'><strong>gentiles</strong></span> <span class='ocrx_word' id='word_1_116' title='bbox 367 1596 778 1658; x_wconf 76' lang='lat' dir='ltr'><strong>desiderabant;</strong></span> <span class='ocrx_word' id='word_1_117' title='bbox 808 1591 1012 1646; x_wconf 85' lang='lat' dir='ltr'><strong>Scribae</strong></span> <span class='ocrx_word' id='word_1_118' title='bbox 1053 1596 1110 1644; x_wconf 89' lang='lat' dir='ltr'><strong>et</strong></span> <span class='ocrx_word' id='word_1_119' title='bbox 1149 1585 1391 1641; x_wconf 85' lang='lat' dir='ltr'><strong>seniores</strong></span> <span class='ocrx_word' id='word_1_120' title='bbox 1413 1579 1594 1650; x_wconf 85' lang='lat' dir='ltr'><strong>populi</strong></span> <span class='ocrx_word' id='word_1_121' title='bbox 1619 1577 1686 1632; x_wconf 89' lang='lat' dir='ltr'><strong>de</strong></span> 
     </span>
    </p>
   </div>
   <div class='ocr_carea' id='block_1_17' title="bbox 147 1673 1688 1760">
    <p class='ocr_par' dir='ltr' id='par_1_17' title="bbox 147 1673 1688 1760">
     <span class='ocr_line' id='line_1_17' title="bbox 147 1673 1688 1760; baseline -0.017 -12"><span class='ocrx_word' id='word_1_122' title='bbox 147 1673 256 1748; x_wconf 86' lang='lat' dir='ltr'><strong>nece</strong></span> <span class='ocrx_word' id='word_1_123' title='bbox 292 1690 401 1760; x_wconf 84' lang='lat' dir='ltr'><strong>ejus</strong></span> <span class='ocrx_word' id='word_1_124' title='bbox 448 1686 773 1743; x_wconf 82' lang='lat' dir='ltr'><strong>tractabant.</strong></span> <span class='ocrx_word' id='word_1_125' title='bbox 816 1679 1099 1736; x_wconf 75' lang='lat' dir='ltr'><strong>Beelzebub</strong></span> <span class='ocrx_word' id='word_1_126' title='bbox 1143 1677 1314 1730; x_wconf 86' lang='lat' dir='ltr'><strong>habet.</strong></span> <span class='ocrx_word' id='word_1_127' title='bbox 1343 1673 1438 1727; x_wconf 78' lang='lat' dir='ltr'><strong>Vir</strong></span> <span class='ocrx_word' id='word_1_128' title='bbox 1474 1684 1688 1725; x_wconf 84' lang='lat' dir='ltr'><strong>musca-</strong></span> 
     </span>
    </p>
   </div>
   <div class='ocr_carea' id='block_1_18' title="bbox 1785 568 3343 641">
    <p class='ocr_par' dir='ltr' id='par_1_18' title="bbox 1785 568 3343 641">
     <span class='ocr_line' id='line_1_18' title="bbox 1785 568 3343 641; baseline -0.004 -12"><span class='ocrx_word' id='word_1_129' title='bbox 1785 574 1895 629; x_wconf 88' lang='lat' dir='ltr'><strong>Nec</strong></span> <span class='ocrx_word' id='word_1_130' title='bbox 1916 574 2113 629; x_wconf 82' lang='lat' dir='ltr'><strong>fratres</strong></span> <span class='ocrx_word' id='word_1_131' title='bbox 2139 573 2395 641; x_wconf 88' lang='lat' dir='ltr'><strong>injuriose</strong></span> <span class='ocrx_word' id='word_1_132' title='bbox 2419 572 2746 637; x_wconf 90' lang='lat' dir='ltr'><strong>contemnit,</strong></span> <span class='ocrx_word' id='word_1_133' title='bbox 2778 571 2872 626; x_wconf 91' lang='lat' dir='ltr'><strong>sed</strong></span> <span class='ocrx_word' id='word_1_134' title='bbox 2901 585 3035 640; x_wconf 91' lang='lat' dir='ltr'><strong>opus</strong></span> <span class='ocrx_word' id='word_1_135' title='bbox 3060 568 3343 639; x_wconf 85' lang='lat' dir='ltr'><strong>spirituale</strong></span> 
     </span>
    </p>
   </div>
   <div class='ocr_carea' id='block_1_19' title="bbox 1781 659 3350 734">
    <p class='ocr_par' dir='ltr' id='par_1_19' title="bbox 1781 659 3350 734">
     <span class='ocr_line' id='line_1_19' title="bbox 1781 659 3350 734; baseline -0.003 -17"><span class='ocrx_word' id='word_1_136' title='bbox 1781 663 2006 734; x_wconf 69' lang='lat' dir='ltr'><strong>praeficit</strong></span> <span class='ocrx_word' id='word_1_137' title='bbox 2037 663 2340 733; x_wconf 87' lang='lat' dir='ltr'><strong>cognationi</strong></span> <span class='ocrx_word' id='word_1_138' title='bbox 2360 701 2375 726; x_wconf 91' lang='lat'><strong>,</strong></span> <span class='ocrx_word' id='word_1_139' title='bbox 2402 662 2600 716; x_wconf 89' lang='lat' dir='ltr'><strong>docens</strong></span> <span class='ocrx_word' id='word_1_140' title='bbox 2637 662 2911 716; x_wconf 87' lang='lat' dir='ltr'><strong>meliorem</strong></span> <span class='ocrx_word' id='word_1_141' title='bbox 2950 676 3071 716; x_wconf 89' lang='lat' dir='ltr'><strong>esse</strong></span> <span class='ocrx_word' id='word_1_142' title='bbox 3099 659 3350 729; x_wconf 86' lang='lat' dir='ltr'><strong>copulam</strong></span> 
     </span>
    </p>
   </div>
   <div class='ocr_carea' id='block_1_20' title="bbox 1783 751 2547 821">
    <p class='ocr_par' dir='ltr' id='par_1_20' title="bbox 1783 751 2547 821">
     <span class='ocr_line' id='line_1_20' title="bbox 1783 751 2547 821; baseline -0.005 -14"><span class='ocrx_word' id='word_1_143' title='bbox 1783 751 2024 808; x_wconf 89' lang='lat' dir='ltr'><strong>cordium</strong></span> <span class='ocrx_word' id='word_1_144' title='bbox 2052 767 2214 821; x_wconf 90' lang='lat' dir='ltr'><strong>quam</strong></span> <span class='ocrx_word' id='word_1_145' title='bbox 2242 765 2547 820; x_wconf 88' lang='lat' dir='ltr'><strong>corporum.</strong></span> 
     </span>
    </p>
   </div>
   <div class='ocr_carea' id='block_1_21' title="bbox 1850 840 3351 914">
    <p class='ocr_par' dir='ltr' id='par_1_21' title="bbox 1850 840 3351 914">
     <span class='ocr_line' id='line_1_21' title="bbox 1850 840 3351 914; baseline 0 -16"><span class='ocrx_word' id='word_1_146' title='bbox 1850 843 2017 899; x_wconf 73' lang='lat' dir='ltr'><strong>Vsus.</strong></span> <span class='ocrx_word' id='word_1_147' title='bbox 2052 844 2139 897; x_wconf 73' lang='grc'><strong>54.</strong></span> <span class='ocrx_word' id='word_1_148' title='bbox 2169 874 2238 883; x_wconf 92' lang='grc'><strong><em>-</em></strong></span> <span class='ocrx_word' id='word_1_149' title='bbox 2265 840 2398 896; x_wconf 87' lang='lat' dir='ltr'><strong>Ecce</strong></span> <span class='ocrx_word' id='word_1_150' title='bbox 2437 850 2604 895; x_wconf 83' lang='lat' dir='ltr'><strong>mater</strong></span> <span class='ocrx_word' id='word_1_151' title='bbox 2642 858 2756 896; x_wconf 88' lang='lat' dir='ltr'><strong>mea</strong></span> <span class='ocrx_word' id='word_1_152' title='bbox 2779 882 2794 908; x_wconf 90' lang='lat'><strong>,</strong></span> <span class='ocrx_word' id='word_1_153' title='bbox 2837 851 2943 898; x_wconf 89' lang='lat' dir='ltr'><strong>etc.</strong></span> <span class='ocrx_word' id='word_1_154' title='bbox 2991 841 3240 914; x_wconf 72' lang='grc' dir='ltr'><strong>(Ηιειι.)</strong></span> <span class='ocrx_word' id='word_1_155' title='bbox 3277 842 3351 898; x_wconf 89' lang='lat' dir='ltr'><strong>Ut</strong></span> 
     </span>
    </p>
   </div>
   <div class='ocr_carea' id='block_1_22' title="bbox 1783 931 3352 1000">
    <p class='ocr_par' dir='ltr' id='par_1_22' title="bbox 1783 931 3352 1000">
     <span class='ocr_line' id='line_1_22' title="bbox 1783 931 3352 1000; baseline 0.001 -11"><span class='ocrx_word' id='word_1_156' title='bbox 1783 937 2016 990; x_wconf 85' lang='lat' dir='ltr'><strong>sciamus</strong></span> <span class='ocrx_word' id='word_1_157' title='bbox 2040 950 2137 989; x_wconf 91' lang='lat' dir='ltr'><strong>nos</strong></span> <span class='ocrx_word' id='word_1_158' title='bbox 2165 948 2282 988; x_wconf 90' lang='lat' dir='ltr'><strong>esse</strong></span> <span class='ocrx_word' id='word_1_159' title='bbox 2305 942 2360 987; x_wconf 89' lang='lat' dir='ltr'><strong>et</strong></span> <span class='ocrx_word' id='word_1_160' title='bbox 2381 933 2576 987; x_wconf 82' lang='lat' dir='ltr'><strong>fratres</strong></span> <span class='ocrx_word' id='word_1_161' title='bbox 2605 931 2720 1000; x_wconf 86' lang='lat' dir='ltr'><strong>ejus</strong></span> <span class='ocrx_word' id='word_1_162' title='bbox 2748 942 2804 987; x_wconf 93' lang='lat' dir='ltr'><strong>et</strong></span> <span class='ocrx_word' id='word_1_163' title='bbox 2833 943 3060 988; x_wconf 87' lang='lat' dir='ltr'><strong>matrem</strong></span> <span class='ocrx_word' id='word_1_164' title='bbox 3091 935 3133 988; x_wconf 90' lang='lat' dir='ltr'><strong>si</strong></span> <span class='ocrx_word' id='word_1_165' title='bbox 3163 934 3352 990; x_wconf 87' lang='lat' dir='ltr'><strong>volun-</strong></span> 
     </span>
    </p>
   </div>
   <div class='ocr_carea' id='block_1_23' title="bbox 1783 1023 3345 1092">
    <p class='ocr_par' dir='ltr' id='par_1_23' title="bbox 1783 1023 3345 1092">
     <span class='ocr_line' id='line_1_23' title="bbox 1783 1023 3345 1092; baseline -0.001 -13"><span class='ocrx_word' id='word_1_166' title='bbox 1783 1033 1946 1080; x_wconf 88' lang='lat' dir='ltr'><strong>tatem</strong></span> <span class='ocrx_word' id='word_1_167' title='bbox 1977 1025 2151 1079; x_wconf 89' lang='lat' dir='ltr'><strong>Patris</strong></span> <span class='ocrx_word' id='word_1_168' title='bbox 2182 1023 2296 1092; x_wconf 87' lang='lat' dir='ltr'><strong>ejus</strong></span> <span class='ocrx_word' id='word_1_169' title='bbox 2329 1024 2645 1088; x_wconf 83' lang='lat' dir='ltr'><strong>fecerimus,</strong></span> <span class='ocrx_word' id='word_1_170' title='bbox 2689 1032 2747 1076; x_wconf 89' lang='lat' dir='ltr'><strong>ut</strong></span> <span class='ocrx_word' id='word_1_171' title='bbox 2788 1025 3093 1079; x_wconf 84' lang='lat' dir='ltr'><strong>cohaeredes</strong></span> <span class='ocrx_word' id='word_1_172' title='bbox 3138 1025 3309 1079; x_wconf 90' lang='lat' dir='ltr'><strong>simus</strong></span> <span class='ocrx_word' id='word_1_173' title='bbox 3329 1065 3345 1090; x_wconf 90' lang='lat'><strong>,</strong></span> 
     </span>
    </p>
   </div>
   <div class='ocr_carea' id='block_1_24' title="bbox 1784 1112 3351 1185">
    <p class='ocr_par' dir='ltr' id='par_1_24' title="bbox 1784 1112 3351 1185">
     <span class='ocr_line' id='line_1_24' title="bbox 1784 1112 3351 1185; baseline -0.001 -17"><span class='ocrx_word' id='word_1_174' title='bbox 1784 1115 1910 1185; x_wconf 89' lang='lat' dir='ltr'><strong>quia</strong></span> <span class='ocrx_word' id='word_1_175' title='bbox 1939 1130 2044 1169; x_wconf 90' lang='lat' dir='ltr'><strong>non</strong></span> <span class='ocrx_word' id='word_1_176' title='bbox 2080 1115 2134 1168; x_wconf 90' lang='lat' dir='ltr'><strong>in</strong></span> <span class='ocrx_word' id='word_1_177' title='bbox 2170 1115 2386 1168; x_wconf 76' lang='lat' dir='ltr'><strong>sexibus</strong></span> <span class='ocrx_word' id='word_1_178' title='bbox 2410 1153 2426 1179; x_wconf 91' lang='lat'><strong>,</strong></span> <span class='ocrx_word' id='word_1_179' title='bbox 2462 1113 2555 1167; x_wconf 90' lang='lat' dir='ltr'><strong>sed</strong></span> <span class='ocrx_word' id='word_1_180' title='bbox 2592 1113 2646 1167; x_wconf 91' lang='lat' dir='ltr'><strong>in</strong></span> <span class='ocrx_word' id='word_1_181' title='bbox 2681 1113 2836 1167; x_wconf 89' lang='lat' dir='ltr'><strong>factis</strong></span> <span class='ocrx_word' id='word_1_182' title='bbox 2870 1114 3145 1167; x_wconf 87' lang='lat' dir='ltr'><strong>discernit.</strong></span> <span class='ocrx_word' id='word_1_183' title='bbox 3184 1112 3351 1168; x_wconf 91' lang='lat' dir='ltr'><strong>Soror</strong></span> 
     </span>
    </p>
   </div>
   <div class='ocr_carea' id='block_1_25' title="bbox 1783 1202 3342 1271">
    <p class='ocr_par' dir='ltr' id='par_1_25' title="bbox 1783 1202 3342 1271">
     <span class='ocr_line' id='line_1_25' title="bbox 1783 1202 3342 1271; baseline 0 -15"><span class='ocrx_word' id='word_1_184' title='bbox 1783 1211 1839 1256; x_wconf 91' lang='lat' dir='ltr'><strong>et</strong></span> <span class='ocrx_word' id='word_1_185' title='bbox 1874 1203 2042 1258; x_wconf 87' lang='lat' dir='ltr'><strong>frater</strong></span> <span class='ocrx_word' id='word_1_186' title='bbox 2076 1203 2377 1266; x_wconf 90' lang='lat' dir='ltr'><strong>credendo,</strong></span> <span class='ocrx_word' id='word_1_187' title='bbox 2425 1211 2600 1255; x_wconf 87' lang='lat' dir='ltr'><strong>mater</strong></span> <span class='ocrx_word' id='word_1_188' title='bbox 2646 1202 3017 1271; x_wconf 65' lang='lat' dir='ltr'><strong>praedicando,</strong></span> <span class='ocrx_word' id='word_1_189' title='bbox 3064 1203 3191 1255; x_wconf 91' lang='lat' dir='ltr'><strong>dum</strong></span> <span class='ocrx_word' id='word_1_190' title='bbox 3243 1217 3342 1270; x_wconf 88' lang='lat' dir='ltr'><strong>per</strong></span> 
     </span>
    </p>
   </div>
   <div class='ocr_carea' id='block_1_26' title="bbox 1782 1291 3348 1362">
    <p class='ocr_par' dir='ltr' id='par_1_26' title="bbox 1782 1291 3348 1362">
     <span class='ocr_line' id='line_1_26' title="bbox 1782 1291 3348 1362; baseline 0.001 -17"><span class='ocrx_word' id='word_1_191' title='bbox 1782 1293 2215 1361; x_wconf 63' lang='lat' dir='ltr'><strong>prtedicatiouem</strong></span> <span class='ocrx_word' id='word_1_192' title='bbox 2257 1307 2410 1346; x_wconf 91' lang='lat' dir='ltr'><strong>amor</strong></span> <span class='ocrx_word' id='word_1_193' title='bbox 2451 1291 2648 1346; x_wconf 87' lang='lat' dir='ltr'><strong>Christi</strong></span> <span class='ocrx_word' id='word_1_194' title='bbox 2688 1293 2840 1362; x_wconf 89' lang='lat' dir='ltr'><strong>quasi</strong></span> <span class='ocrx_word' id='word_1_195' title='bbox 2872 1292 2986 1362; x_wconf 91' lang='lat' dir='ltr'><strong>ipse</strong></span> <span class='ocrx_word' id='word_1_196' title='bbox 3013 1291 3261 1348; x_wconf 81' lang='lat' dir='ltr'><strong>Christus</strong></span> <span class='ocrx_word' id='word_1_197' title='bbox 3291 1293 3348 1346; x_wconf 89' lang='lat' dir='ltr'><strong>in</strong></span> 
     </span>
    </p>
   </div>
   <div class='ocr_carea' id='block_1_27' title="bbox 1784 1381 2579 1455">
    <p class='ocr_par' dir='ltr' id='par_1_27' title="bbox 1784 1381 2579 1455">
     <span class='ocr_line' id='line_1_27' title="bbox 1784 1381 2579 1455; baseline -0.004 -15"><span class='ocrx_word' id='word_1_198' title='bbox 1784 1385 1947 1440; x_wconf 90' lang='lat' dir='ltr'><strong>corde</strong></span> <span class='ocrx_word' id='word_1_199' title='bbox 1975 1381 2235 1440; x_wconf 79' lang='lat' dir='ltr'><strong>auditoris</strong></span> <span class='ocrx_word' id='word_1_200' title='bbox 2266 1392 2579 1455; x_wconf 78' lang='lat' dir='ltr'><strong>generatur.</strong></span> 
     </span>
    </p>
   </div>
   <div class='ocr_carea' id='block_1_28' title="bbox 2402 1541 2754 1600">
    <p class='ocr_par' dir='ltr' id='par_1_28' title="bbox 2402 1541 2754 1600">
     <span class='ocr_line' id='line_1_28' title="bbox 2402 1541 2754 1600; baseline -0.006 -1"><span class='ocrx_word' id='word_1_201' title='bbox 2402 1543 2628 1600; x_wconf 84' lang='lat' dir='ltr'><strong>CAPUT</strong></span> <span class='ocrx_word' id='word_1_202' title='bbox 2664 1541 2754 1598; x_wconf 87' lang='lat' dir='ltr'><strong>1V.</strong></span> 
     </span>
    </p>
   </div>
   <div class='ocr_carea' id='block_1_29' title="bbox 1858 1669 3356 1740">
    <p class='ocr_par' dir='ltr' id='par_1_29' title="bbox 1858 1669 3356 1740">
     <span class='ocr_line' id='line_1_29' title="bbox 1858 1669 3356 1740; baseline -0.002 -12"><span class='ocrx_word' id='word_1_203' title='bbox 1858 1674 2019 1728; x_wconf 73' lang='lat' dir='ltr'><strong>Vnus.</strong></span> <span class='ocrx_word' id='word_1_204' title='bbox 2048 1674 2099 1728; x_wconf 92' lang='grc'><strong>1.</strong></span> <span class='ocrx_word' id='word_1_205' title='bbox 2121 1703 2192 1713; x_wconf 91' lang='lat'>—</span> <span class='ocrx_word' id='word_1_206' title='bbox 2211 1669 2278 1726; x_wconf 88' lang='lat' dir='ltr'><strong>Et</strong></span> <span class='ocrx_word' id='word_1_207' title='bbox 2302 1673 2490 1731; x_wconf 79' lang='lat' dir='ltr'><strong>iterum</strong></span> <span class='ocrx_word' id='word_1_208' title='bbox 2512 1671 2660 1740; x_wconf 74' lang='lat' dir='ltr'><strong>coepit</strong></span> <span class='ocrx_word' id='word_1_209' title='bbox 2687 1671 2887 1724; x_wconf 86' lang='lat' dir='ltr'><strong>docere.</strong></span> <span class='ocrx_word' id='word_1_210' title='bbox 2915 1669 3125 1739; x_wconf 74' lang='lat' dir='ltr'><strong>(BEDA.)</strong></span> <span class='ocrx_word' id='word_1_211' title='bbox 3156 1669 3356 1736; x_wconf 80' lang='lat' dir='ltr'><strong>Exiens</strong></span> 
     </span>
    </p>
   </div>
   <div class='ocr_carea' id='block_1_30' title="bbox 147 1760 1693 1840">
    <p class='ocr_par' dir='ltr' id='par_1_30' title="bbox 147 1760 1684 1840">
     <span class='ocr_line' id='line_1_30' title="bbox 147 1760 1684 1840; baseline -0.015 -3"><span class='ocrx_word' id='word_1_212' title='bbox 147 1798 247 1837; x_wconf 89' lang='lat' dir='ltr'><strong>rum</strong></span> <span class='ocrx_word' id='word_1_213' title='bbox 285 1782 391 1836; x_wconf 91' lang='lat' dir='ltr'><strong>sive</strong></span> <span class='ocrx_word' id='word_1_214' title='bbox 440 1779 648 1834; x_wconf 89' lang='lat' dir='ltr'><strong>habens</strong></span> <span class='ocrx_word' id='word_1_215' title='bbox 694 1787 947 1828; x_wconf 91' lang='lat' dir='ltr'><strong>muscas:</strong></span> <span class='ocrx_word' id='word_1_216' title='bbox 977 1784 1084 1840; x_wconf 92' lang='lat' dir='ltr'><strong>quo</strong></span> <span class='ocrx_word' id='word_1_217' title='bbox 1127 1766 1344 1822; x_wconf 89' lang='lat' dir='ltr'><strong>nomine</strong></span> <span class='ocrx_word' id='word_1_218' title='bbox 1385 1760 1684 1833; x_wconf 89' lang='lat' dir='ltr'><strong>principem</strong></span> 
     </span>
    </p>
   </div>
   <div class='ocr_carea' id='block_1_31' title="bbox 1807 1760 3356 1840">
    <p class='ocr_par' dir='ltr' id='par_1_31' title="bbox 1807 1762 3356 1828">
     <span class='ocr_line' id='line_1_31' title="bbox 1807 1762 3356 1828; baseline -0.004 -7"><span class='ocrx_word' id='word_1_219' title='bbox 1807 1766 1854 1823; x_wconf 90' lang='lat' dir='ltr'><strong>Ie</strong></span> <span class='ocrx_word' id='word_1_220' title='bbox 1887 1768 2048 1822; x_wconf 92' lang='lat' dir='ltr'><strong>domo</strong></span> <span class='ocrx_word' id='word_1_221' title='bbox 2081 1766 2173 1820; x_wconf 91' lang='lat' dir='ltr'><strong>ubi</strong></span> <span class='ocrx_word' id='word_1_222' title='bbox 2211 1765 2533 1820; x_wconf 66' lang='lat' dir='ltr'><strong>daemonium</strong></span> <span class='ocrx_word' id='word_1_223' title='bbox 2573 1763 2773 1817; x_wconf 87' lang='lat' dir='ltr'><strong>habere</strong></span> <span class='ocrx_word' id='word_1_224' title='bbox 2822 1762 3036 1828; x_wconf 89' lang='lat' dir='ltr'><strong>dicitur,</strong></span> <span class='ocrx_word' id='word_1_225' title='bbox 3088 1763 3244 1816; x_wconf 89' lang='lat' dir='ltr'><strong>docet</strong></span> <span class='ocrx_word' id='word_1_226' title='bbox 3287 1762 3356 1816; x_wconf 90' lang='lat' dir='ltr'><strong>ad</strong></span> 
     </span>
    </p>
   </div>
   <div class='ocr_carea' id='block_1_32' title="bbox 145 1839 3353 1938">
    <p class='ocr_par' dir='ltr' id='par_1_32' title="bbox 145 1839 3353 1938">
     <span class='ocr_line' id='line_1_32' title="bbox 145 1839 3353 1938; baseline -0.016 -9"><span class='ocrx_word' id='word_1_227' title='bbox 145 1872 508 1929; x_wconf 64' lang='lat' dir='ltr'><strong>dtemoniorum</strong></span> <span class='ocrx_word' id='word_1_228' title='bbox 546 1864 997 1938; x_wconf 86' lang='lat' dir='ltr'><strong>cognominabant</strong></span> <span class='ocrx_word' id='word_1_229' title='bbox 1030 1868 1249 1931; x_wconf 89' lang='lat' dir='ltr'><strong>propter</strong></span> <span class='ocrx_word' id='word_1_230' title='bbox 1273 1855 1459 1913; x_wconf 89' lang='lat' dir='ltr'><strong>sordes</strong></span> <span class='ocrx_word' id='word_1_231' title='bbox 1490 1853 1686 1907; x_wconf 89' lang='lat' dir='ltr'><strong>immo-</strong></span> <span class='ocrx_word' id='word_1_232' title='bbox 1717 1839 1763 1901; x_wconf 84' lang='grc' dir='ltr'><strong>Β</strong></span> <span class='ocrx_word' id='word_1_233' title='bbox 1789 1873 1969 1923; x_wconf 62' lang='lat' dir='ltr'><strong>mare,</strong></span> <span class='ocrx_word' id='word_1_234' title='bbox 2002 1865 2062 1911; x_wconf 77' lang='grc' dir='ltr'><strong>ιη</strong></span> <span class='ocrx_word' id='word_1_235' title='bbox 2087 1855 2394 1911; x_wconf 54' lang='lat' dir='ltr'><strong>ostendere;</strong></span> <span class='ocrx_word' id='word_1_236' title='bbox 2420 1867 2478 1908; x_wconf 71' lang='lat' dir='ltr'><strong>se</strong></span> <span class='ocrx_word' id='word_1_237' title='bbox 2503 1854 2572 1910; x_wconf 75' lang='lat' dir='ltr'><strong>ob</strong></span> <span class='ocrx_word' id='word_1_238' title='bbox 2602 1851 2836 1920; x_wconf 61' lang='lat' dir='ltr'><strong>perﬁdm</strong></span> <span class='ocrx_word' id='word_1_239' title='bbox 2863 1852 3071 1920; x_wconf 66' lang='lat' dir='ltr'><strong>culpam</strong></span> <span class='ocrx_word' id='word_1_240' title='bbox 3117 1851 3353 1906; x_wconf 52' lang='lat' dir='ltr'><strong>Judmm</strong></span> 
     </span>
    </p>
   </div>
   <div class='ocr_carea' id='block_1_33' title="bbox 142 1960 532 2017">
    <p class='ocr_par' dir='ltr' id='par_1_33' title="bbox 142 1960 532 2017">
     <span class='ocr_line' id='line_1_33' title="bbox 142 1960 532 2017; baseline -0.01 0"><span class='ocrx_word' id='word_1_241' title='bbox 142 1963 280 2017; x_wconf 90' lang='lat' dir='ltr'><strong>latitii</strong></span> <span class='ocrx_word' id='word_1_242' title='bbox 303 1960 532 2017; x_wconf 83' lang='lat' dir='ltr'><strong>cruoris.</strong></span> 
     </span>
    </p>
   </div>
   <div class='ocr_carea' id='block_1_34' title="bbox 202 2033 1700 2117">
    <p class='ocr_par' dir='ltr' id='par_1_34' title="bbox 202 2033 1700 2117">
     <span class='ocr_line' id='line_1_34' title="bbox 202 2033 1700 2117; baseline -0.009 -8"><span class='ocrx_word' id='word_1_243' title='bbox 202 2054 348 2109; x_wconf 68' lang='lat' dir='ltr'><strong>Vens.</strong></span> <span class='ocrx_word' id='word_1_244' title='bbox 372 2053 473 2108; x_wconf 77' lang='lat'><strong>25.</strong></span> <span class='ocrx_word' id='word_1_245' title='bbox 494 2082 567 2093; x_wconf 92' lang='lat'><strong><em>—</em></strong></span> <span class='ocrx_word' id='word_1_246' title='bbox 585 2049 856 2117; x_wconf 82' lang='lat' dir='ltr'><strong>Quomodo</strong></span> <span class='ocrx_word' id='word_1_247' title='bbox 873 2055 1039 2117; x_wconf 88' lang='lat' dir='ltr'><strong>potest</strong></span> <span class='ocrx_word' id='word_1_248' title='bbox 1062 2046 1288 2101; x_wconf 77' lang='lat' dir='ltr'><strong>Satanas</strong></span> <span class='ocrx_word' id='word_1_249' title='bbox 1305 2081 1322 2108; x_wconf 94' lang='lat'><strong>,</strong></span> <span class='ocrx_word' id='word_1_250' title='bbox 1342 2049 1446 2097; x_wconf 87' lang='lat' dir='ltr'><strong>etc.</strong></span> <span class='ocrx_word' id='word_1_251' title='bbox 1473 2033 1700 2110; x_wconf 49' lang='lat' dir='ltr'><strong>(813nm).</strong></span> 
     </span>
    </p>
   </div>
   <div class='ocr_carea' id='block_1_35' title="bbox 141 2132 1689 2214">
    <p class='ocr_par' dir='ltr' id='par_1_35' title="bbox 141 2132 1689 2214">
     <span class='ocr_line' id='line_1_35' title="bbox 141 2132 1689 2214; baseline -0.012 -16"><span class='ocrx_word' id='word_1_252' title='bbox 141 2142 332 2214; x_wconf 78' lang='lat' dir='ltr'><strong>Eligant</strong></span> <span class='ocrx_word' id='word_1_253' title='bbox 370 2141 524 2212; x_wconf 88' lang='lat' dir='ltr'><strong>quod</strong></span> <span class='ocrx_word' id='word_1_254' title='bbox 551 2139 756 2194; x_wconf 89' lang='lat' dir='ltr'><strong>volunt.</strong></span> <span class='ocrx_word' id='word_1_255' title='bbox 802 2137 860 2192; x_wconf 88' lang='lat' dir='ltr'><strong>Si</strong></span> <span class='ocrx_word' id='word_1_256' title='bbox 901 2136 1129 2191; x_wconf 88' lang='lat' dir='ltr'><strong>Satanas</strong></span> <span class='ocrx_word' id='word_1_257' title='bbox 1171 2132 1427 2188; x_wconf 87' lang='lat' dir='ltr'><strong>Satanam</strong></span> <span class='ocrx_word' id='word_1_258' title='bbox 1459 2143 1564 2183; x_wconf 92' lang='lat' dir='ltr'><strong>non</strong></span> <span class='ocrx_word' id='word_1_259' title='bbox 1593 2141 1689 2196; x_wconf 91' lang='lat' dir='ltr'><strong>po-</strong></span> 
     </span>
    </p>
   </div>
   <div class='ocr_carea' id='block_1_36' title="bbox 146 2219 1687 2304">
    <p class='ocr_par' dir='ltr' id='par_1_36' title="bbox 146 2219 1687 2304">
     <span class='ocr_line' id='line_1_36' title="bbox 146 2219 1687 2304; baseline -0.011 -15"><span class='ocrx_word' id='word_1_260' title='bbox 146 2242 232 2289; x_wconf 85' lang='lat' dir='ltr'><strong>test</strong></span> <span class='ocrx_word' id='word_1_261' title='bbox 254 2234 446 2304; x_wconf 84' lang='lat' dir='ltr'><strong>ejicere</strong></span> <span class='ocrx_word' id='word_1_262' title='bbox 469 2273 483 2298; x_wconf 90' lang='lat'><strong>,</strong></span> <span class='ocrx_word' id='word_1_263' title='bbox 510 2230 644 2286; x_wconf 91' lang='lat' dir='ltr'><strong>nihil</strong></span> <span class='ocrx_word' id='word_1_264' title='bbox 673 2236 860 2285; x_wconf 89' lang='lat' dir='ltr'><strong>contra</strong></span> <span class='ocrx_word' id='word_1_265' title='bbox 884 2227 1166 2282; x_wconf 88' lang='lat' dir='ltr'><strong>Dominum</strong></span> <span class='ocrx_word' id='word_1_266' title='bbox 1194 2224 1392 2279; x_wconf 90' lang='lat' dir='ltr'><strong>dicunt.</strong></span> <span class='ocrx_word' id='word_1_267' title='bbox 1426 2219 1484 2275; x_wconf 91' lang='lat' dir='ltr'><strong>Si</strong></span> <span class='ocrx_word' id='word_1_268' title='bbox 1509 2225 1687 2274; x_wconf 88' lang='lat' dir='ltr'><strong>autem</strong></span> 
     </span>
    </p>
   </div>
   <div class='ocr_carea' id='block_1_37' title="bbox 142 2313 1688 2395">
    <p class='ocr_par' dir='ltr' id='par_1_37' title="bbox 142 2313 1688 2395">
     <span class='ocr_line' id='line_1_37' title="bbox 142 2313 1688 2395; baseline -0.01 -15"><span class='ocrx_word' id='word_1_269' title='bbox 142 2333 324 2395; x_wconf 87' lang='lat' dir='ltr'><strong>potest,</strong></span> <span class='ocrx_word' id='word_1_270' title='bbox 354 2323 619 2379; x_wconf 90' lang='lat' dir='ltr'><strong>recedant</strong></span> <span class='ocrx_word' id='word_1_271' title='bbox 657 2336 689 2375; x_wconf 90' lang='lat' dir='ltr'><strong>a</strong></span> <span class='ocrx_word' id='word_1_272' title='bbox 730 2334 900 2392; x_wconf 85' lang='lat' dir='ltr'><strong>regno</strong></span> <span class='ocrx_word' id='word_1_273' title='bbox 930 2318 1078 2389; x_wconf 88' lang='lat' dir='ltr'><strong>ejus,</strong></span> <span class='ocrx_word' id='word_1_274' title='bbox 1109 2315 1252 2387; x_wconf 90' lang='lat' dir='ltr'><strong>quod</strong></span> <span class='ocrx_word' id='word_1_275' title='bbox 1282 2313 1512 2368; x_wconf 89' lang='lat' dir='ltr'><strong>divisum</strong></span> <span class='ocrx_word' id='word_1_276' title='bbox 1544 2321 1688 2366; x_wconf 89' lang='lat' dir='ltr'><strong>stare</strong></span> 
     </span>
    </p>
   </div>
   <div class='ocr_carea' id='block_1_38' title="bbox 145 2424 461 2485">
    <p class='ocr_par' dir='ltr' id='par_1_38' title="bbox 145 2424 461 2485">
     <span class='ocr_line' id='line_1_38' title="bbox 145 2424 461 2485; baseline 0 -17"><span class='ocrx_word' id='word_1_277' title='bbox 145 2431 234 2469; x_wconf 92' lang='lat' dir='ltr'><strong>non</strong></span> <span class='ocrx_word' id='word_1_278' title='bbox 263 2424 461 2485; x_wconf 84' lang='lat' dir='ltr'><strong>potest.</strong></span> 
     </span>
    </p>
   </div>
   <div class='ocr_carea' id='block_1_39' title="bbox 200 2489 1687 2568">
    <p class='ocr_par' dir='ltr' id='par_1_39' title="bbox 200 2489 1687 2568">
     <span class='ocr_line' id='line_1_39' title="bbox 200 2489 1687 2568; baseline -0.011 -8"><span class='ocrx_word' id='word_1_279' title='bbox 200 2504 350 2560; x_wconf 76' lang='lat' dir='ltr'><strong>Vsus.</strong></span> <span class='ocrx_word' id='word_1_280' title='bbox 375 2504 475 2559; x_wconf 89' lang='lat'><strong>27.</strong></span> <span class='ocrx_word' id='word_1_281' title='bbox 502 2533 572 2544; x_wconf 93' lang='lat'><strong>——</strong></span> <span class='ocrx_word' id='word_1_282' title='bbox 592 2501 662 2557; x_wconf 87' lang='lat' dir='ltr'><strong>Et</strong></span> <span class='ocrx_word' id='word_1_283' title='bbox 693 2511 814 2556; x_wconf 89' lang='lat' dir='ltr'><strong>tunc</strong></span> <span class='ocrx_word' id='word_1_284' title='bbox 843 2501 1054 2555; x_wconf 86' lang='lat' dir='ltr'><strong>domum</strong></span> <span class='ocrx_word' id='word_1_285' title='bbox 1090 2497 1205 2568; x_wconf 85' lang='lat' dir='ltr'><strong>ejus</strong></span> <span class='ocrx_word' id='word_1_286' title='bbox 1246 2494 1474 2563; x_wconf 87' lang='lat' dir='ltr'><strong>diripiet.</strong></span> <span class='ocrx_word' id='word_1_287' title='bbox 1522 2492 1541 2562; x_wconf 94' lang='lat'><strong>(</strong></span> <span class='ocrx_word' id='word_1_288' title='bbox 1566 2490 1642 2545; x_wconf 84' lang='lat' dir='ltr'><strong>In.</strong></span> <span class='ocrx_word' id='word_1_289' title='bbox 1667 2489 1687 2561; x_wconf 95' lang='lat'><strong>)</strong></span> 
     </span>
    </p>
   </div>
   <div class='ocr_carea' id='block_1_40' title="bbox 143 2581 1690 2666">
    <p class='ocr_par' dir='ltr' id='par_1_40' title="bbox 143 2581 1690 2666">
     <span class='ocr_line' id='line_1_40' title="bbox 143 2581 1690 2666; baseline -0.008 -17"><span class='ocrx_word' id='word_1_290' title='bbox 143 2596 345 2652; x_wconf 90' lang='lat' dir='ltr'><strong>Domum</strong></span> <span class='ocrx_word' id='word_1_291' title='bbox 375 2597 632 2666; x_wconf 83' lang='lat' dir='ltr'><strong>diripuit,</strong></span> <span class='ocrx_word' id='word_1_292' title='bbox 657 2594 782 2663; x_wconf 89' lang='lat' dir='ltr'><strong>quia</strong></span> <span class='ocrx_word' id='word_1_293' title='bbox 810 2608 998 2648; x_wconf 88' lang='lat' dir='ltr'><strong>omnes</strong></span> <span class='ocrx_word' id='word_1_294' title='bbox 1020 2589 1200 2645; x_wconf 91' lang='lat' dir='ltr'><strong>mundi</strong></span> <span class='ocrx_word' id='word_1_295' title='bbox 1228 2595 1407 2658; x_wconf 90' lang='lat' dir='ltr'><strong>partes</strong></span> <span class='ocrx_word' id='word_1_296' title='bbox 1429 2601 1458 2638; x_wconf 92' lang='lat' dir='ltr'><strong>a</strong></span> <span class='ocrx_word' id='word_1_297' title='bbox 1480 2581 1690 2639; x_wconf 87' lang='lat' dir='ltr'><strong>diabolo</strong></span> 
     </span>
    </p>
   </div>
   <div class='ocr_carea' id='block_1_41' title="bbox 143 2673 1689 2756">
    <p class='ocr_par' dir='ltr' id='par_1_41' title="bbox 143 2673 1689 2756">
     <span class='ocr_line' id='line_1_41' title="bbox 143 2673 1689 2756; baseline -0.009 -16"><span class='ocrx_word' id='word_1_298' title='bbox 143 2701 427 2756; x_wconf 90' lang='lat' dir='ltr'><strong>possessas,</strong></span> <span class='ocrx_word' id='word_1_299' title='bbox 481 2685 736 2755; x_wconf 85' lang='lat' dir='ltr'><strong>apostolis</strong></span> <span class='ocrx_word' id='word_1_300' title='bbox 777 2694 832 2739; x_wconf 91' lang='lat' dir='ltr'><strong>et</strong></span> <span class='ocrx_word' id='word_1_301' title='bbox 870 2698 1055 2738; x_wconf 90' lang='lat' dir='ltr'><strong>eorum</strong></span> <span class='ocrx_word' id='word_1_302' title='bbox 1097 2678 1498 2736; x_wconf 90' lang='lat' dir='ltr'><strong>successoribus</strong></span> <span class='ocrx_word' id='word_1_303' title='bbox 1535 2673 1689 2744; x_wconf 88' lang='lat' dir='ltr'><strong>quasi</strong></span> 
     </span>
    </p>
   </div>
   <div class='ocr_carea' id='block_1_42' title="bbox 143 2770 1691 2848">
    <p class='ocr_par' dir='ltr' id='par_1_42' title="bbox 143 2770 1691 2848">
     <span class='ocr_line' id='line_1_42' title="bbox 143 2770 1691 2848; baseline -0.009 -17"><span class='ocrx_word' id='word_1_304' title='bbox 143 2778 322 2834; x_wconf 87' lang='lat' dir='ltr'><strong>divisas</strong></span> <span class='ocrx_word' id='word_1_305' title='bbox 356 2777 702 2848; x_wconf 83' lang='lat' dir='ltr'><strong>provincias,</strong></span> <span class='ocrx_word' id='word_1_306' title='bbox 745 2784 805 2830; x_wconf 92' lang='lat' dir='ltr'><strong>ut</strong></span> <span class='ocrx_word' id='word_1_307' title='bbox 840 2773 1170 2848; x_wconf 84' lang='lat' dir='ltr'><strong>populosad</strong></span> <span class='ocrx_word' id='word_1_308' title='bbox 1213 2770 1372 2825; x_wconf 85' lang='lat' dir='ltr'><strong>fidem</strong></span> <span class='ocrx_word' id='word_1_309' title='bbox 1411 2772 1691 2822; x_wconf 88' lang='lat' dir='ltr'><strong>converte-</strong></span> 
     </span>
    </p>
   </div>
   <div class='ocr_carea' id='block_1_43' title="bbox 143 2847 1096 2934">
    <p class='ocr_par' dir='ltr' id='par_1_43' title="bbox 143 2847 1096 2934">
     <span class='ocr_line' id='line_1_43' title="bbox 143 2847 1096 2934; baseline -0.006 -12"><span class='ocrx_word' id='word_1_310' title='bbox 143 2877 275 2934; x_wconf 90' lang='lat' dir='ltr'><strong>rent,</strong></span> <span class='ocrx_word' id='word_1_311' title='bbox 306 2847 602 2924; x_wconf 80' lang='lat' dir='ltr'><strong>distribuit.</strong></span> <span class='ocrx_word' id='word_1_312' title='bbox 1084 2847 1096 2857; x_wconf 74' lang='grc'><strong>’</strong></span> 
     </span>
    </p>
   </div>
   <div class='ocr_carea' id='block_1_44' title="bbox 199 2943 1687 3024">
    <p class='ocr_par' dir='ltr' id='par_1_44' title="bbox 199 2943 1687 3024">
     <span class='ocr_line' id='line_1_44' title="bbox 199 2943 1687 3024; baseline -0.011 -10"><span class='ocrx_word' id='word_1_313' title='bbox 199 2957 353 3015; x_wconf 73' lang='lat' dir='ltr'><strong>Vsus.</strong></span> <span class='ocrx_word' id='word_1_314' title='bbox 380 2961 477 3016; x_wconf 86' lang='lat'><strong>29.</strong></span> <span class='ocrx_word' id='word_1_315' title='bbox 505 2988 575 2998; x_wconf 97' lang='lat'><strong>—</strong></span> <span class='ocrx_word' id='word_1_316' title='bbox 606 2957 710 3024; x_wconf 89' lang='lat' dir='ltr'><strong>Qui</strong></span> <span class='ocrx_word' id='word_1_317' title='bbox 747 2966 923 3012; x_wconf 84' lang='lat' dir='ltr'><strong>autem</strong></span> <span class='ocrx_word' id='word_1_318' title='bbox 954 2950 1396 3023; x_wconf 83' lang='lat' dir='ltr'><strong>blasphemaverit.</strong></span> <span class='ocrx_word' id='word_1_319' title='bbox 1443 2947 1461 3018; x_wconf 98' lang='lat'><strong>(</strong></span> <span class='ocrx_word' id='word_1_320' title='bbox 1487 2945 1643 3001; x_wconf 72' lang='lat' dir='ltr'><strong>thn.</strong></span> <span class='ocrx_word' id='word_1_321' title='bbox 1668 2943 1687 3010; x_wconf 85' lang='lat'><strong>)</strong></span> 
     </span>
    </p>
   </div>
   <div class='ocr_carea' id='block_1_45' title="bbox 142 3038 1690 3117">
    <p class='ocr_par' dir='ltr' id='par_1_45' title="bbox 142 3038 1690 3117">
     <span class='ocr_line' id='line_1_45' title="bbox 142 3038 1690 3117; baseline -0.008 -16"><span class='ocrx_word' id='word_1_322' title='bbox 142 3045 258 3114; x_wconf 85' lang='lat' dir='ltr'><strong>Quia</strong></span> <span class='ocrx_word' id='word_1_323' title='bbox 290 3063 396 3103; x_wconf 93' lang='lat' dir='ltr'><strong>non</strong></span> <span class='ocrx_word' id='word_1_324' title='bbox 433 3056 673 3103; x_wconf 89' lang='lat' dir='ltr'><strong>meretur</strong></span> <span class='ocrx_word' id='word_1_325' title='bbox 697 3046 1067 3117; x_wconf 72' lang='lat' dir='ltr'><strong>pmnitentiam</strong></span> <span class='ocrx_word' id='word_1_326' title='bbox 1096 3057 1254 3114; x_wconf 87' lang='lat' dir='ltr'><strong>agere</strong></span> <span class='ocrx_word' id='word_1_327' title='bbox 1283 3050 1342 3095; x_wconf 91' lang='lat' dir='ltr'><strong>ut</strong></span> <span class='ocrx_word' id='word_1_328' title='bbox 1380 3038 1690 3107; x_wconf 85' lang='lat' dir='ltr'><strong>recipiatur,</strong></span> 
     </span>
    </p>
   </div>
   <div class='ocr_carea' id='block_1_46' title="bbox 140 3130 1692 3208">
    <p class='ocr_par' dir='ltr' id='par_1_46' title="bbox 140 3130 1692 3208">
     <span class='ocr_line' id='line_1_46' title="bbox 140 3130 1692 3208; baseline -0.008 -16"><span class='ocrx_word' id='word_1_329' title='bbox 140 3140 214 3208; x_wconf 90' lang='lat' dir='ltr'><strong>qui</strong></span> <span class='ocrx_word' id='word_1_330' title='bbox 231 3141 510 3194; x_wconf 82' lang='lat' dir='ltr'><strong>Christum</strong></span> <span class='ocrx_word' id='word_1_331' title='bbox 531 3137 832 3206; x_wconf 85' lang='lat' dir='ltr'><strong>intelligens</strong></span> <span class='ocrx_word' id='word_1_332' title='bbox 850 3137 1143 3206; x_wconf 89' lang='lat' dir='ltr'><strong>principem</strong></span> <span class='ocrx_word' id='word_1_333' title='bbox 1167 3130 1551 3187; x_wconf 70' lang='lat' dir='ltr'><strong>daamoniorum</strong></span> <span class='ocrx_word' id='word_1_334' title='bbox 1571 3140 1692 3181; x_wconf 90' lang='lat' dir='ltr'><strong>esse</strong></span> 
     </span>
    </p>
   </div>
   <div class='ocr_carea' id='block_1_47' title="bbox 1788 1941 3357 2015">
    <p class='ocr_par' dir='ltr' id='par_1_47' title="bbox 1788 1941 3357 2015">
     <span class='ocr_line' id='line_1_47' title="bbox 1788 1941 3357 2015; baseline -0.006 -12"><span class='ocrx_word' id='word_1_335' title='bbox 1788 1949 2100 2004; x_wconf 89' lang='lat' dir='ltr'><strong>relicturum</strong></span> <span class='ocrx_word' id='word_1_336' title='bbox 2121 1955 2176 2001; x_wconf 92' lang='lat' dir='ltr'><strong>et</strong></span> <span class='ocrx_word' id='word_1_337' title='bbox 2197 1945 2262 2000; x_wconf 88' lang='lat' dir='ltr'><strong>ad</strong></span> <span class='ocrx_word' id='word_1_338' title='bbox 2287 1953 2472 2015; x_wconf 88' lang='lat' dir='ltr'><strong>gentes</strong></span> <span class='ocrx_word' id='word_1_339' title='bbox 2492 1942 2864 1997; x_wconf 87' lang='lat' dir='ltr'><strong>transiturum.</strong></span> <span class='ocrx_word' id='word_1_340' title='bbox 2895 1941 3043 1996; x_wconf 88' lang='lat' dir='ltr'><strong>Unde</strong></span> <span class='ocrx_word' id='word_1_341' title='bbox 3068 1951 3190 2009; x_wconf 87' lang='lat' dir='ltr'><strong>apte</strong></span> <span class='ocrx_word' id='word_1_342' title='bbox 3218 1956 3357 2010; x_wconf 66' lang='lat' dir='ltr'><strong>prte-</strong></span> 
     </span>
    </p>
   </div>
   <div class='ocr_carea' id='block_1_48' title="bbox 1786 2032 3356 2109">
    <p class='ocr_par' dir='ltr' id='par_1_48' title="bbox 1786 2032 3356 2109">
     <span class='ocr_line' id='line_1_48' title="bbox 1786 2032 3356 2109; baseline -0.008 -13"><span class='ocrx_word' id='word_1_343' title='bbox 1786 2041 2038 2105; x_wconf 81' lang='lat' dir='ltr'><strong>mittitur,</strong></span> <span class='ocrx_word' id='word_1_344' title='bbox 2081 2039 2202 2109; x_wconf 90' lang='lat' dir='ltr'><strong>quia</strong></span> <span class='ocrx_word' id='word_1_345' title='bbox 2252 2037 2580 2107; x_wconf 72' lang='lat' dir='ltr'><strong>prtedicaute</strong></span> <span class='ocrx_word' id='word_1_346' title='bbox 2624 2049 2690 2090; x_wconf 92' lang='lat' dir='ltr'><strong>eo</strong></span> <span class='ocrx_word' id='word_1_347' title='bbox 2736 2033 2790 2087; x_wconf 94' lang='lat' dir='ltr'><strong>in</strong></span> <span class='ocrx_word' id='word_1_348' title='bbox 2836 2032 3029 2098; x_wconf 92' lang='lat' dir='ltr'><strong>domo,</strong></span> <span class='ocrx_word' id='word_1_349' title='bbox 3081 2041 3260 2086; x_wconf 89' lang='lat' dir='ltr'><strong>mater</strong></span> <span class='ocrx_word' id='word_1_350' title='bbox 3301 2040 3356 2086; x_wconf 89' lang='lat' dir='ltr'><strong>et</strong></span> 
     </span>
    </p>
   </div>
   <div class='ocr_carea' id='block_1_49' title="bbox 1785 2132 2488 2188">
    <p class='ocr_par' dir='ltr' id='par_1_49' title="bbox 1785 2132 2488 2188">
     <span class='ocr_line' id='line_1_49' title="bbox 1785 2132 2488 2188; baseline -0.009 0"><span class='ocrx_word' id='word_1_351' title='bbox 1785 2133 1982 2188; x_wconf 87' lang='lat' dir='ltr'><strong>fratres</strong></span> <span class='ocrx_word' id='word_1_352' title='bbox 2021 2132 2152 2186; x_wconf 86' lang='lat' dir='ltr'><strong>foris</strong></span> <span class='ocrx_word' id='word_1_353' title='bbox 2202 2137 2488 2185; x_wconf 88' lang='lat' dir='ltr'><strong>steterunt.</strong></span> 
     </span>
    </p>
   </div>
   <div class='ocr_carea' id='block_1_50' title="bbox 1857 2211 3356 2295">
    <p class='ocr_par' dir='ltr' id='par_1_50' title="bbox 1857 2211 3356 2295">
     <span class='ocr_line' id='line_1_50' title="bbox 1857 2211 3356 2295; baseline -0.009 -18"><span class='ocrx_word' id='word_1_354' title='bbox 1857 2223 2052 2295; x_wconf 74' lang='lat' dir='ltr'><strong>(Hren.</strong></span> <span class='ocrx_word' id='word_1_355' title='bbox 2077 2223 2096 2293; x_wconf 94' lang='lat'><strong>)</strong></span> <span class='ocrx_word' id='word_1_356' title='bbox 2132 2221 2307 2289; x_wconf 77' lang='lat' dir='ltr'><strong>Crepit</strong></span> <span class='ocrx_word' id='word_1_357' title='bbox 2336 2219 2530 2272; x_wconf 89' lang='lat' dir='ltr'><strong>docere</strong></span> <span class='ocrx_word' id='word_1_358' title='bbox 2566 2217 2633 2270; x_wconf 91' lang='lat' dir='ltr'><strong>ad</strong></span> <span class='ocrx_word' id='word_1_359' title='bbox 2678 2229 2824 2270; x_wconf 90' lang='lat' dir='ltr'><strong>mare</strong></span> <span class='ocrx_word' id='word_1_360' title='bbox 2845 2254 2860 2281; x_wconf 94' lang='lat'><strong>,</strong></span> <span class='ocrx_word' id='word_1_361' title='bbox 2892 2222 2950 2267; x_wconf 90' lang='lat' dir='ltr'><strong>ut</strong></span> <span class='ocrx_word' id='word_1_362' title='bbox 2979 2212 3127 2267; x_wconf 89' lang='lat' dir='ltr'><strong>locus</strong></span> <span class='ocrx_word' id='word_1_363' title='bbox 3157 2211 3356 2266; x_wconf 90' lang='lat' dir='ltr'><strong>indicet</strong></span> 
     </span>
    </p>
   </div>
   <div class='ocr_carea' id='block_1_51' title="bbox 1789 2307 3356 2374">
    <p class='ocr_par' dir='ltr' id='par_1_51' title="bbox 1789 2307 3356 2374">
     <span class='ocr_line' id='line_1_51' title="bbox 1789 2307 3356 2374; baseline -0.008 -5"><span class='ocrx_word' id='word_1_364' title='bbox 1789 2316 2061 2369; x_wconf 89' lang='lat' dir='ltr'><strong>auditores</strong></span> <span class='ocrx_word' id='word_1_365' title='bbox 2091 2327 2304 2367; x_wconf 89' lang='lat' dir='ltr'><strong>amaros</strong></span> <span class='ocrx_word' id='word_1_366' title='bbox 2333 2319 2388 2364; x_wconf 90' lang='lat' dir='ltr'><strong>et</strong></span> <span class='ocrx_word' id='word_1_367' title='bbox 2415 2309 2712 2364; x_wconf 87' lang='lat' dir='ltr'><strong>instabiles.</strong></span> <span class='ocrx_word' id='word_1_368' title='bbox 2749 2307 2816 2362; x_wconf 84' lang='lat' dir='ltr'><strong>Et</strong></span> <span class='ocrx_word' id='word_1_369' title='bbox 2854 2307 3005 2371; x_wconf 89' lang='lat' dir='ltr'><strong>ideo,</strong></span> <span class='ocrx_word' id='word_1_370' title='bbox 3035 2315 3165 2370; x_wconf 89' lang='lat' dir='ltr'><strong>etc.,</strong></span> <span class='ocrx_word' id='word_1_371' title='bbox 3195 2321 3356 2374; x_wconf 88' lang='lat' dir='ltr'><strong>usque</strong></span> 
     </span>
    </p>
   </div>
   <div class='ocr_carea' id='block_1_52' title="bbox 1787 2395 3354 2472">
    <p class='ocr_par' dir='ltr' id='par_1_52' title="bbox 1787 2395 3354 2472">
     <span class='ocr_line' id='line_1_52' title="bbox 1787 2395 3354 2472; baseline -0.006 -14"><span class='ocrx_word' id='word_1_372' title='bbox 1787 2405 1857 2458; x_wconf 84' lang='lat' dir='ltr'><strong>ad</strong></span> <span class='ocrx_word' id='word_1_373' title='bbox 1901 2404 1992 2472; x_wconf 89' lang='lat' dir='ltr'><strong>qui</strong></span> <span class='ocrx_word' id='word_1_374' title='bbox 2037 2418 2219 2456; x_wconf 87' lang='lat' dir='ltr'><strong>amara</strong></span> <span class='ocrx_word' id='word_1_375' title='bbox 2266 2399 2570 2464; x_wconf 88' lang='lat' dir='ltr'><strong>dulcilicat,</strong></span> <span class='ocrx_word' id='word_1_376' title='bbox 2616 2398 2788 2451; x_wconf 89' lang='lat' dir='ltr'><strong>tristia</strong></span> <span class='ocrx_word' id='word_1_377' title='bbox 2831 2395 3099 2451; x_wconf 83' lang='lat' dir='ltr'><strong>convertit</strong></span> <span class='ocrx_word' id='word_1_378' title='bbox 3137 2396 3193 2448; x_wconf 92' lang='lat' dir='ltr'><strong>in</strong></span> <span class='ocrx_word' id='word_1_379' title='bbox 3221 2410 3354 2465; x_wconf 87' lang='lat' dir='ltr'><strong>gau-</strong></span> 
     </span>
    </p>
   </div>
   <div class='ocr_carea' id='block_1_53' title="bbox 1789 2490 3360 2566">
    <p class='ocr_par' dir='ltr' id='par_1_53' title="bbox 1789 2490 3360 2566">
     <span class='ocr_line' id='line_1_53' title="bbox 1789 2490 3360 2566; baseline -0.009 -15"><span class='ocrx_word' id='word_1_380' title='bbox 1789 2497 1970 2560; x_wconf 89' lang='lat' dir='ltr'><strong>dium,</strong></span> <span class='ocrx_word' id='word_1_381' title='bbox 1998 2494 2371 2566; x_wconf 73' lang='lat' dir='ltr'><strong>zegritudinem</strong></span> <span class='ocrx_word' id='word_1_382' title='bbox 2413 2492 2467 2545; x_wconf 91' lang='lat' dir='ltr'><strong>in</strong></span> <span class='ocrx_word' id='word_1_383' title='bbox 2508 2490 2756 2545; x_wconf 87' lang='lat' dir='ltr'><strong>salutem.</strong></span> <span class='ocrx_word' id='word_1_384' title='bbox 3350 2546 3360 2552; x_wconf 28' lang='grc' dir='ltr'><strong><em>θ</em></strong></span> 
     </span>
    </p>
   </div>
   <div class='ocr_carea' id='block_1_54' title="bbox 1786 2579 3360 2658">
    <p class='ocr_par' dir='ltr' id='par_1_54' title="bbox 1786 2579 3360 2658">
     <span class='ocr_line' id='line_1_54' title="bbox 1786 2579 3360 2658; baseline -0.003 -17"><span class='ocrx_word' id='word_1_385' title='bbox 1786 2653 1794 2658; x_wconf 27' lang='grc'><strong>⁴</strong></span> <span class='ocrx_word' id='word_1_386' title='bbox 1862 2587 2071 2640; x_wconf 85' lang='lat' dir='ltr'><strong>Navim.</strong></span> <span class='ocrx_word' id='word_1_387' title='bbox 2094 2591 2375 2639; x_wconf 82' lang='lat' dir='ltr'><strong>ascendens</strong></span> <span class='ocrx_word' id='word_1_388' title='bbox 2398 2623 2413 2647; x_wconf 92' lang='lat'><strong>,</strong></span> <span class='ocrx_word' id='word_1_389' title='bbox 2460 2591 2566 2637; x_wconf 89' lang='lat' dir='ltr'><strong>etc.</strong></span> <span class='ocrx_word' id='word_1_390' title='bbox 2611 2583 2845 2652; x_wconf 72' lang='grc' dir='ltr'><strong>(Βεω.)</strong></span> <span class='ocrx_word' id='word_1_391' title='bbox 2879 2579 3172 2635; x_wconf 76' lang='lat' dir='ltr'><strong>Ecclesium</strong></span> <span class='ocrx_word' id='word_1_392' title='bbox 3193 2619 3209 2644; x_wconf 93' lang='lat'><strong>,</strong></span> <span class='ocrx_word' id='word_1_393' title='bbox 3237 2593 3360 2648; x_wconf 68' lang='lat' dir='ltr'><strong>quae</strong></span> 
     </span>
    </p>
   </div>
   <div class='ocr_carea' id='block_1_55' title="bbox 1790 2669 3357 2741">
    <p class='ocr_par' dir='ltr' id='par_1_55' title="bbox 1790 2669 3357 2741">
     <span class='ocr_line' id='line_1_55' title="bbox 1790 2669 3357 2741; baseline -0.004 -10"><span class='ocrx_word' id='word_1_394' title='bbox 1790 2684 1873 2732; x_wconf 86' lang='lat' dir='ltr'><strong>est</strong></span> <span class='ocrx_word' id='word_1_395' title='bbox 1909 2677 1961 2730; x_wconf 91' lang='lat' dir='ltr'><strong>in</strong></span> <span class='ocrx_word' id='word_1_396' title='bbox 2012 2676 2147 2730; x_wconf 86' lang='lat' dir='ltr'><strong>mari</strong></span> <span class='ocrx_word' id='word_1_397' title='bbox 2177 2675 2316 2729; x_wconf 88' lang='lat' dir='ltr'><strong>inter</strong></span> <span class='ocrx_word' id='word_1_398' title='bbox 2345 2672 2615 2736; x_wconf 83' lang='lat' dir='ltr'><strong>infideles,</strong></span> <span class='ocrx_word' id='word_1_399' title='bbox 2648 2686 2809 2741; x_wconf 91' lang='lat' dir='ltr'><strong>quam</strong></span> <span class='ocrx_word' id='word_1_400' title='bbox 2858 2672 3000 2725; x_wconf 92' lang='lat' dir='ltr'><strong>Deus</strong></span> <span class='ocrx_word' id='word_1_401' title='bbox 3033 2669 3206 2736; x_wconf 79' lang='lat' dir='ltr'><strong>gratia</strong></span> <span class='ocrx_word' id='word_1_402' title='bbox 3243 2685 3357 2725; x_wconf 70' lang='lat' dir='ltr'><strong>suae</strong></span> 
     </span>
    </p>
   </div>
   <div class='ocr_carea' id='block_1_56' title="bbox 1790 2759 3355 2821">
    <p class='ocr_par' dir='ltr' id='par_1_56' title="bbox 1790 2759 3355 2821">
     <span class='ocr_line' id='line_1_56' title="bbox 1790 2759 3355 2821; baseline -0.005 0"><span class='ocrx_word' id='word_1_403' title='bbox 1790 2766 2117 2821; x_wconf 90' lang='lat' dir='ltr'><strong>visitationis</strong></span> <span class='ocrx_word' id='word_1_404' title='bbox 2171 2763 2404 2819; x_wconf 85' lang='lat' dir='ltr'><strong>illustrat</strong></span> <span class='ocrx_word' id='word_1_405' title='bbox 2455 2770 2509 2816; x_wconf 90' lang='lat' dir='ltr'><strong>et</strong></span> <span class='ocrx_word' id='word_1_406' title='bbox 2567 2759 2817 2816; x_wconf 88' lang='lat' dir='ltr'><strong>dilectam</strong></span> <span class='ocrx_word' id='word_1_407' title='bbox 2865 2760 2968 2814; x_wconf 89' lang='lat' dir='ltr'><strong>sibi</strong></span> <span class='ocrx_word' id='word_1_408' title='bbox 3020 2759 3355 2814; x_wconf 88' lang='lat' dir='ltr'><strong>mansionem</strong></span> 
     </span>
    </p>
   </div>
   <div class='ocr_carea' id='block_1_57' title="bbox 1793 2863 2091 2912">
    <p class='ocr_par' dir='ltr' id='par_1_57' title="bbox 1793 2863 2091 2912">
     <span class='ocr_line' id='line_1_57' title="bbox 1793 2863 2091 2912; baseline -0.013 0"><span class='ocrx_word' id='word_1_409' title='bbox 1793 2863 2091 2912; x_wconf 88' lang='lat' dir='ltr'><strong>consecrat.</strong></span> 
     </span>
    </p>
   </div>
   <div class='ocr_carea' id='block_1_58' title="bbox 1862 2938 3360 3012">
    <p class='ocr_par' dir='ltr' id='par_1_58' title="bbox 1862 2938 3360 3012">
     <span class='ocr_line' id='line_1_58' title="bbox 1862 2938 3360 3012; baseline -0.004 -12"><span class='ocrx_word' id='word_1_410' title='bbox 1862 2947 1930 3000; x_wconf 88' lang='lat' dir='ltr'><strong>Et</strong></span> <span class='ocrx_word' id='word_1_411' title='bbox 1961 2947 2124 3002; x_wconf 87' lang='lat' dir='ltr'><strong>omnis</strong></span> <span class='ocrx_word' id='word_1_412' title='bbox 2153 2944 2303 3000; x_wconf 90' lang='lat' dir='ltr'><strong>turba</strong></span> <span class='ocrx_word' id='word_1_413' title='bbox 2332 2943 2472 2998; x_wconf 91' lang='lat' dir='ltr'><strong>circa</strong></span> <span class='ocrx_word' id='word_1_414' title='bbox 2513 2957 2675 2996; x_wconf 87' lang='lat' dir='ltr'><strong>mare.</strong></span> <span class='ocrx_word' id='word_1_415' title='bbox 2717 2939 2962 3012; x_wconf 72' lang='lat' dir='ltr'><strong>(Hii-2R.)</strong></span> <span class='ocrx_word' id='word_1_416' title='bbox 3002 2939 3068 2994; x_wconf 84' lang='lat' dir='ltr'><strong>Hi</strong></span> <span class='ocrx_word' id='word_1_417' title='bbox 3105 2946 3229 2994; x_wconf 88' lang='lat' dir='ltr'><strong>sunt</strong></span> <span class='ocrx_word' id='word_1_418' title='bbox 3265 2938 3360 3007; x_wconf 88' lang='lat' dir='ltr'><strong>qui</strong></span> 
     </span>
    </p>
   </div>
   <div class='ocr_carea' id='block_1_59' title="bbox 1794 3030 3364 3108">
    <p class='ocr_par' dir='ltr' id='par_1_59' title="bbox 1794 3030 3364 3108">
     <span class='ocr_line' id='line_1_59' title="bbox 1794 3030 3364 3108; baseline -0.006 -16"><span class='ocrx_word' id='word_1_419' title='bbox 1794 3052 1965 3108; x_wconf 87' lang='lat' dir='ltr'><strong>nuper</strong></span> <span class='ocrx_word' id='word_1_420' title='bbox 1993 3039 2059 3092; x_wconf 91' lang='lat' dir='ltr'><strong>ad</strong></span> <span class='ocrx_word' id='word_1_421' title='bbox 2091 3036 2413 3091; x_wconf 90' lang='lat' dir='ltr'><strong>audiendum</strong></span> <span class='ocrx_word' id='word_1_422' title='bbox 2444 3035 2668 3088; x_wconf 84' lang='lat' dir='ltr'><strong>verbum</strong></span> <span class='ocrx_word' id='word_1_423' title='bbox 2697 3039 2991 3094; x_wconf 88' lang='lat' dir='ltr'><strong>venerunt,</strong></span> <span class='ocrx_word' id='word_1_424' title='bbox 3020 3039 3076 3084; x_wconf 93' lang='lat' dir='ltr'><strong>et</strong></span> <span class='ocrx_word' id='word_1_425' title='bbox 3102 3030 3224 3084; x_wconf 89' lang='lat' dir='ltr'><strong>inde</strong></span> <span class='ocrx_word' id='word_1_426' title='bbox 3253 3031 3364 3098; x_wconf 86' lang='lat' dir='ltr'><strong>pie-</strong></span> 
     </span>
    </p>
   </div>
   <div class='ocr_carea' id='block_1_60' title="bbox 1797 3120 3362 3190">
    <p class='ocr_par' dir='ltr' id='par_1_60' title="bbox 1797 3120 3362 3190">
     <span class='ocr_line' id='line_1_60' title="bbox 1797 3120 3362 3190; baseline -0.005 -10"><span class='ocrx_word' id='word_1_427' title='bbox 1797 3135 1907 3181; x_wconf 88' lang='lat' dir='ltr'><strong>tate</strong></span> <span class='ocrx_word' id='word_1_428' title='bbox 1936 3127 2099 3181; x_wconf 90' lang='lat' dir='ltr'><strong>animi</strong></span> <span class='ocrx_word' id='word_1_429' title='bbox 2123 3164 2137 3190; x_wconf 91' lang='lat'><strong>,</strong></span> <span class='ocrx_word' id='word_1_430' title='bbox 2169 3125 2238 3179; x_wconf 88' lang='lat' dir='ltr'><strong>ab</strong></span> <span class='ocrx_word' id='word_1_431' title='bbox 2264 3122 2621 3178; x_wconf 81' lang='lat' dir='ltr'><strong>amaritudine</strong></span> <span class='ocrx_word' id='word_1_432' title='bbox 2647 3120 2995 3189; x_wconf 89' lang='lat' dir='ltr'><strong>reproborum</strong></span> <span class='ocrx_word' id='word_1_433' title='bbox 3025 3129 3295 3187; x_wconf 85' lang='lat' dir='ltr'><strong>tamquam</strong></span> <span class='ocrx_word' id='word_1_434' title='bbox 3327 3132 3362 3172; x_wconf 84' lang='lat' dir='ltr'><strong>a</strong></span> 
     </span>
    </p>
   </div>
   <div class='ocr_carea' id='block_1_61' title="bbox 141 3207 3361 3295">
    <p class='ocr_par' dir='ltr' id='par_1_61' title="bbox 141 3207 3361 3295">
     <span class='ocr_line' id='line_1_61' title="bbox 141 3207 3361 3295; baseline -0.007 -12"><span class='ocrx_word' id='word_1_435' title='bbox 141 3229 358 3295; x_wconf 87' lang='lat' dir='ltr'><strong>dicebat,</strong></span> <span class='ocrx_word' id='word_1_436' title='bbox 388 3237 522 3293; x_wconf 92' lang='lat' dir='ltr'><strong>etc.,</strong></span> <span class='ocrx_word' id='word_1_437' title='bbox 551 3243 712 3293; x_wconf 86' lang='lat' dir='ltr'><strong>usque</strong></span> <span class='ocrx_word' id='word_1_438' title='bbox 740 3227 808 3279; x_wconf 88' lang='lat' dir='ltr'><strong>ad</strong></span> <span class='ocrx_word' id='word_1_439' title='bbox 834 3225 972 3291; x_wconf 86' lang='lat' dir='ltr'><strong>:Qui</strong></span> <span class='ocrx_word' id='word_1_440' title='bbox 993 3227 1128 3278; x_wconf 85' lang='lat' dir='ltr'><strong>enim</strong></span> <span class='ocrx_word' id='word_1_441' title='bbox 1155 3223 1331 3292; x_wconf 79' lang='lat' dir='ltr'><strong>fecerit</strong></span> <span class='ocrx_word' id='word_1_442' title='bbox 1353 3231 1398 3274; x_wconf 91' lang='lat' dir='ltr'><strong>et</strong></span> <span class='ocrx_word' id='word_1_443' title='bbox 1421 3217 1687 3280; x_wconf 86' lang='lat' dir='ltr'><strong>docuerit,</strong></span> <span class='ocrx_word' id='word_1_444' title='bbox 1717 3211 1762 3273; x_wconf 90' lang='lat' dir='ltr'><strong>C</strong></span> <span class='ocrx_word' id='word_1_445' title='bbox 1793 3230 1931 3270; x_wconf 79' lang='lat' dir='ltr'><strong>mari</strong></span> <span class='ocrx_word' id='word_1_446' title='bbox 1959 3215 2125 3270; x_wconf 88' lang='lat' dir='ltr'><strong>secuti</strong></span> <span class='ocrx_word' id='word_1_447' title='bbox 2154 3224 2278 3270; x_wconf 89' lang='lat' dir='ltr'><strong>sunt</strong></span> <span class='ocrx_word' id='word_1_448' title='bbox 2303 3232 2315 3266; x_wconf 89' lang='lat'><strong>:</strong></span> <span class='ocrx_word' id='word_1_449' title='bbox 2347 3214 2440 3267; x_wconf 88' lang='lat' dir='ltr'><strong>sed</strong></span> <span class='ocrx_word' id='word_1_450' title='bbox 2465 3211 2698 3268; x_wconf 88' lang='lat' dir='ltr'><strong>nondum</strong></span> <span class='ocrx_word' id='word_1_451' title='bbox 2725 3227 2844 3265; x_wconf 91' lang='lat' dir='ltr'><strong>cum</strong></span> <span class='ocrx_word' id='word_1_452' title='bbox 2873 3209 3098 3264; x_wconf 89' lang='lat' dir='ltr'><strong>Domino</strong></span> <span class='ocrx_word' id='word_1_453' title='bbox 3144 3209 3196 3263; x_wconf 91' lang='lat' dir='ltr'><strong>in</strong></span> <span class='ocrx_word' id='word_1_454' title='bbox 3234 3207 3361 3262; x_wconf 83' lang='lat' dir='ltr'><strong>navi</strong></span> 
     </span>
    </p>
   </div>
   <div class='ocr_carea' id='block_1_62' title="bbox 140 3309 1690 3390">
    <p class='ocr_par' dir='ltr' id='par_1_62' title="bbox 140 3309 1690 3390">
     <span class='ocr_line' id='line_1_62' title="bbox 140 3309 1690 3390; baseline -0.008 -17"><span class='ocrx_word' id='word_1_455' title='bbox 140 3320 207 3374; x_wconf 83' lang='lat' dir='ltr'><strong>hic</strong></span> <span class='ocrx_word' id='word_1_456' title='bbox 230 3336 458 3390; x_wconf 85' lang='lat' dir='ltr'><strong>magnus</strong></span> <span class='ocrx_word' id='word_1_457' title='bbox 485 3319 750 3373; x_wconf 84' lang='lat' dir='ltr'><strong>vocabitur</strong></span> <span class='ocrx_word' id='word_1_458' title='bbox 775 3318 826 3370; x_wconf 88' lang='lat' dir='ltr'><strong>in</strong></span> <span class='ocrx_word' id='word_1_459' title='bbox 857 3332 1013 3386; x_wconf 87' lang='lat' dir='ltr'><strong>regno</strong></span> <span class='ocrx_word' id='word_1_460' title='bbox 1042 3314 1282 3369; x_wconf 75' lang='lat' dir='ltr'><strong>caelorum</strong></span> <span class='ocrx_word' id='word_1_461' title='bbox 1339 3311 1354 3379; x_wconf 95' lang='lat'><strong>(</strong></span> <span class='ocrx_word' id='word_1_462' title='bbox 1380 3309 1569 3364; x_wconf 83' lang='lat' dir='ltr'><strong>Matth.</strong></span> <span class='ocrx_word' id='word_1_463' title='bbox 1598 3325 1629 3360; x_wconf 88' lang='lat' dir='ltr'><strong>v</strong></span> <span class='ocrx_word' id='word_1_464' title='bbox 1651 3309 1690 3378; x_wconf 91' lang='lat'><strong>).</strong></span> 
     </span>
    </p>
   </div>
   <div class='ocr_carea' id='block_1_63' title="bbox 197 3399 1696 3483">
    <p class='ocr_par' dir='ltr' id='par_1_63' title="bbox 197 3399 1696 3483">
     <span class='ocr_line' id='line_1_63' title="bbox 197 3399 1696 3483; baseline -0.011 -16"><span class='ocrx_word' id='word_1_465' title='bbox 197 3411 448 3483; x_wconf 76' lang='grc' dir='ltr'><strong>(ΒευΑ.)</strong></span> <span class='ocrx_word' id='word_1_466' title='bbox 488 3410 769 3465; x_wconf 74' lang='lat' dir='ltr'><strong>Matthacus</strong></span> <span class='ocrx_word' id='word_1_467' title='bbox 809 3408 940 3463; x_wconf 87' lang='lat' dir='ltr'><strong>dicit</strong></span> <span class='ocrx_word' id='word_1_468' title='bbox 979 3407 1209 3479; x_wconf 85' lang='lat' dir='ltr'><strong>(Matth.</strong></span> <span class='ocrx_word' id='word_1_469' title='bbox 1243 3404 1356 3475; x_wconf 83' lang='lat' dir='ltr'><strong>xu)</strong></span> <span class='ocrx_word' id='word_1_470' title='bbox 1385 3421 1396 3455; x_wconf 91' lang='lat'>:</span> <span class='ocrx_word' id='word_1_471' title='bbox 1426 3401 1527 3466; x_wconf 86' lang='lat' dir='ltr'><strong>Qui</strong></span> <span class='ocrx_word' id='word_1_472' title='bbox 1559 3399 1696 3453; x_wconf 87' lang='lat' dir='ltr'><strong>blas-</strong></span> 
     </span>
    </p>
   </div>
   <div class='ocr_carea' id='block_1_64' title="bbox 139 3487 1694 3570">
    <p class='ocr_par' dir='ltr' id='par_1_64' title="bbox 139 3487 1694 3570">
     <span class='ocr_line' id='line_1_64' title="bbox 139 3487 1694 3570; baseline -0.008 -16"><span class='ocrx_word' id='word_1_473' title='bbox 139 3501 437 3569; x_wconf 89' lang='lat' dir='ltr'><strong>phemaverit</strong></span> <span class='ocrx_word' id='word_1_474' title='bbox 464 3503 518 3554; x_wconf 87' lang='lat' dir='ltr'><strong>in</strong></span> <span class='ocrx_word' id='word_1_475' title='bbox 543 3499 797 3570; x_wconf 87' lang='lat' dir='ltr'><strong>Spiritum</strong></span> <span class='ocrx_word' id='word_1_476' title='bbox 826 3508 1060 3552; x_wconf 87' lang='lat' dir='ltr'><strong>sanctum</strong></span> <span class='ocrx_word' id='word_1_477' title='bbox 1089 3495 1162 3549; x_wconf 85' lang='lat' dir='ltr'><strong>vel</strong></span> <span class='ocrx_word' id='word_1_478' title='bbox 1187 3494 1388 3548; x_wconf 82' lang='lat' dir='ltr'><strong>verbum</strong></span> <span class='ocrx_word' id='word_1_479' title='bbox 1410 3532 1424 3554; x_wconf 87' lang='lat'><strong>,</strong></span> <span class='ocrx_word' id='word_1_480' title='bbox 1452 3501 1557 3546; x_wconf 89' lang='lat' dir='ltr'><strong>etc.</strong></span> <span class='ocrx_word' id='word_1_481' title='bbox 1597 3487 1694 3544; x_wconf 87' lang='lat' dir='ltr'><strong>Ubi</strong></span> 
     </span>
    </p>
   </div>
   <div class='ocr_carea' id='block_1_65' title="bbox 139 3579 1694 3659">
    <p class='ocr_par' dir='ltr' id='par_1_65' title="bbox 139 3579 1694 3659">
     <span class='ocr_line' id='line_1_65' title="bbox 139 3579 1694 3659; baseline -0.007 -16"><span class='ocrx_word' id='word_1_482' title='bbox 139 3591 354 3645; x_wconf 87' lang='lat' dir='ltr'><strong>ostendit</strong></span> <span class='ocrx_word' id='word_1_483' title='bbox 390 3590 637 3659; x_wconf 75' lang='lat' dir='ltr'><strong>quzedam</strong></span> <span class='ocrx_word' id='word_1_484' title='bbox 674 3587 903 3644; x_wconf 88' lang='lat' dir='ltr'><strong>revelari</strong></span> <span class='ocrx_word' id='word_1_485' title='bbox 938 3587 993 3640; x_wconf 89' lang='lat' dir='ltr'><strong>in</strong></span> <span class='ocrx_word' id='word_1_486' title='bbox 1037 3585 1234 3640; x_wconf 89' lang='lat' dir='ltr'><strong>futuro.</strong></span> <span class='ocrx_word' id='word_1_487' title='bbox 1265 3582 1414 3650; x_wconf 82' lang='lat' dir='ltr'><strong>Quod</strong></span> <span class='ocrx_word' id='word_1_488' title='bbox 1443 3583 1508 3637; x_wconf 91' lang='lat' dir='ltr'><strong>de</strong></span> <span class='ocrx_word' id='word_1_489' title='bbox 1537 3579 1694 3634; x_wconf 83' lang='lat' dir='ltr'><strong>mini—</strong></span> 
     </span>
    </p>
   </div>
   <div class='ocr_carea' id='block_1_66' title="bbox 140 3671 1694 3752">
    <p class='ocr_par' dir='ltr' id='par_1_66' title="bbox 140 3671 1694 3752">
     <span class='ocr_line' id='line_1_66' title="bbox 140 3671 1694 3752; baseline -0.006 -19"><span class='ocrx_word' id='word_1_490' title='bbox 140 3681 228 3734; x_wconf 89' lang='lat' dir='ltr'><strong>mis</strong></span> <span class='ocrx_word' id='word_1_491' title='bbox 255 3681 658 3752; x_wconf 89' lang='lat' dir='ltr'><strong>intelligendum</strong></span> <span class='ocrx_word' id='word_1_492' title='bbox 683 3688 766 3735; x_wconf 92' lang='lat' dir='ltr'><strong>est</strong></span> <span class='ocrx_word' id='word_1_493' title='bbox 785 3721 800 3744; x_wconf 95' lang='lat'><strong>,</strong></span> <span class='ocrx_word' id='word_1_494' title='bbox 823 3686 884 3733; x_wconf 92' lang='lat' dir='ltr'><strong>ut</strong></span> <span class='ocrx_word' id='word_1_495' title='bbox 909 3678 974 3733; x_wconf 92' lang='lat' dir='ltr'><strong>de</strong></span> <span class='ocrx_word' id='word_1_496' title='bbox 996 3691 1242 3732; x_wconf 91' lang='lat' dir='ltr'><strong>sermone</strong></span> <span class='ocrx_word' id='word_1_497' title='bbox 1263 3674 1435 3728; x_wconf 92' lang='lat' dir='ltr'><strong>otioso</strong></span> <span class='ocrx_word' id='word_1_498' title='bbox 1451 3713 1464 3737; x_wconf 92' lang='lat'><strong>,</strong></span> <span class='ocrx_word' id='word_1_499' title='bbox 1493 3671 1558 3724; x_wconf 89' lang='lat' dir='ltr'><strong>de</strong></span> <span class='ocrx_word' id='word_1_500' title='bbox 1581 3671 1694 3724; x_wconf 86' lang='lat' dir='ltr'><strong>risu</strong></span> 
     </span>
    </p>
   </div>
   <div class='ocr_carea' id='block_1_67' title="bbox 141 3761 1657 3841">
    <p class='ocr_par' dir='ltr' id='par_1_67' title="bbox 141 3761 1657 3841">
     <span class='ocr_line' id='line_1_67' title="bbox 141 3761 1657 3841; baseline -0.007 -18"><span class='ocrx_word' id='word_1_501' title='bbox 141 3771 292 3827; x_wconf 86' lang='lat' dir='ltr'><strong>nimio</strong></span> <span class='ocrx_word' id='word_1_502' title='bbox 321 3791 335 3838; x_wconf 87' lang='lat'><strong>;</strong></span> <span class='ocrx_word' id='word_1_503' title='bbox 367 3787 600 3841; x_wconf 89' lang='lat' dir='ltr'><strong>quorum</strong></span> <span class='ocrx_word' id='word_1_504' title='bbox 630 3770 793 3824; x_wconf 90' lang='lat' dir='ltr'><strong>etiam</strong></span> <span class='ocrx_word' id='word_1_505' title='bbox 819 3769 933 3824; x_wconf 61' lang='lat' dir='ltr'><strong>haec</strong></span> <span class='ocrx_word' id='word_1_506' title='bbox 960 3767 1071 3822; x_wconf 92' lang='lat' dir='ltr'><strong>vita</strong></span> <span class='ocrx_word' id='word_1_507' title='bbox 1100 3767 1310 3822; x_wconf 89' lang='lat' dir='ltr'><strong>veniam</strong></span> <span class='ocrx_word' id='word_1_508' title='bbox 1341 3761 1657 3834; x_wconf 83' lang='lat' dir='ltr'><strong>promeruit.</strong></span> 
     </span>
    </p>
   </div>
   <div class='ocr_carea' id='block_1_68' title="bbox 198 3854 1696 3930">
    <p class='ocr_par' dir='ltr' id='par_1_68' title="bbox 198 3854 1696 3930">
     <span class='ocr_line' id='line_1_68' title="bbox 198 3854 1696 3930; baseline -0.007 -14"><span class='ocrx_word' id='word_1_509' title='bbox 198 3863 262 3918; x_wconf 88' lang='lat' dir='ltr'><strong>In</strong></span> <span class='ocrx_word' id='word_1_510' title='bbox 305 3876 582 3919; x_wconf 73' lang='lat' dir='ltr'><strong>teter-num.</strong></span> <span class='ocrx_word' id='word_1_511' title='bbox 623 3863 736 3918; x_wconf 87' lang='lat' dir='ltr'><strong>Hoc</strong></span> <span class='ocrx_word' id='word_1_512' title='bbox 763 3871 950 3917; x_wconf 88' lang='lat' dir='ltr'><strong>contra</strong></span> <span class='ocrx_word' id='word_1_513' title='bbox 976 3859 1290 3930; x_wconf 86' lang='lat' dir='ltr'><strong>Origenem,</strong></span> <span class='ocrx_word' id='word_1_514' title='bbox 1321 3856 1411 3926; x_wconf 88' lang='lat' dir='ltr'><strong>qui</strong></span> <span class='ocrx_word' id='word_1_515' title='bbox 1447 3854 1696 3909; x_wconf 79' lang='lat' dir='ltr'><strong>erunibus</strong></span> 
     </span>
    </p>
   </div>
   <div class='ocr_carea' id='block_1_69' title="bbox 141 3949 1697 4022">
    <p class='ocr_par' dir='ltr' id='par_1_69' title="bbox 141 3949 1697 4022">
     <span class='ocr_line' id='line_1_69' title="bbox 141 3949 1697 4022; baseline -0.006 -14"><span class='ocrx_word' id='word_1_516' title='bbox 141 3956 503 4021; x_wconf 87' lang='lat' dir='ltr'><strong>peccatoribus</strong></span> <span class='ocrx_word' id='word_1_517' title='bbox 533 3956 745 4010; x_wconf 88' lang='lat' dir='ltr'><strong>veniam</strong></span> <span class='ocrx_word' id='word_1_518' title='bbox 772 3953 1037 4022; x_wconf 88' lang='lat' dir='ltr'><strong>promittit</strong></span> <span class='ocrx_word' id='word_1_519' title='bbox 1076 3957 1198 4021; x_wconf 90' lang='lat' dir='ltr'><strong>post</strong></span> <span class='ocrx_word' id='word_1_520' title='bbox 1235 3949 1496 4020; x_wconf 87' lang='lat' dir='ltr'><strong>judicium</strong></span> <span class='ocrx_word' id='word_1_521' title='bbox 1523 3954 1697 4000; x_wconf 88' lang='lat' dir='ltr'><strong>trans-</strong></span> 
     </span>
    </p>
   </div>
   <div class='ocr_carea' id='block_1_70' title="bbox 141 4045 843 4100">
    <p class='ocr_par' dir='ltr' id='par_1_70' title="bbox 141 4045 843 4100">
     <span class='ocr_line' id='line_1_70' title="bbox 141 4045 843 4100; baseline 0 -3"><span class='ocrx_word' id='word_1_522' title='bbox 141 4047 260 4100; x_wconf 90' lang='lat' dir='ltr'><strong>actis</strong></span> <span class='ocrx_word' id='word_1_523' title='bbox 286 4046 588 4100; x_wconf 89' lang='lat' dir='ltr'><strong>innumeris</strong></span> <span class='ocrx_word' id='word_1_524' title='bbox 615 4045 843 4100; x_wconf 62' lang='lat' dir='ltr'><strong>saeculis.</strong></span> 
     </span>
    </p>
   </div>
   <div class='ocr_carea' id='block_1_71' title="bbox 202 4124 1699 4203">
    <p class='ocr_par' dir='ltr' id='par_1_71' title="bbox 202 4124 1699 4203">
     <span class='ocr_line' id='line_1_71' title="bbox 202 4124 1699 4203; baseline -0.008 -13"><span class='ocrx_word' id='word_1_525' title='bbox 202 4136 335 4190; x_wconf 86' lang='lat' dir='ltr'><strong>Reus</strong></span> <span class='ocrx_word' id='word_1_526' title='bbox 369 4139 471 4191; x_wconf 86' lang='lat' dir='ltr'><strong>erit</strong></span> <span class='ocrx_word' id='word_1_527' title='bbox 511 4137 692 4190; x_wconf 73' lang='grc' dir='ltr'><strong><em>(ειετηὶ</em></strong></span> <span class='ocrx_word' id='word_1_528' title='bbox 737 4135 930 4188; x_wconf 86' lang='lat' dir='ltr'><strong>delicti.</strong></span> <span class='ocrx_word' id='word_1_529' title='bbox 974 4131 1185 4203; x_wconf 72' lang='grc' dir='ltr'><strong>(ΒευΑ.)</strong></span> <span class='ocrx_word' id='word_1_530' title='bbox 1224 4128 1338 4184; x_wconf 85' lang='lat' dir='ltr'><strong>Non</strong></span> <span class='ocrx_word' id='word_1_531' title='bbox 1384 4127 1508 4199; x_wconf 88' lang='lat' dir='ltr'><strong>quia</strong></span> <span class='ocrx_word' id='word_1_532' title='bbox 1538 4124 1699 4197; x_wconf 79' lang='lat' dir='ltr'><strong>Spiri-</strong></span> 
     </span>
    </p>
   </div>
   <div class='ocr_carea' id='block_1_72' title="bbox 144 4225 1698 4301">
    <p class='ocr_par' dir='ltr' id='par_1_72' title="bbox 144 4225 1698 4301">
     <span class='ocr_line' id='line_1_72' title="bbox 144 4225 1698 4301; baseline -0.007 -15"><span class='ocrx_word' id='word_1_533' title='bbox 144 4241 242 4289; x_wconf 90' lang='lat' dir='ltr'><strong>tum</strong></span> <span class='ocrx_word' id='word_1_534' title='bbox 295 4253 401 4291; x_wconf 88' lang='lat' dir='ltr'><strong>uon</strong></span> <span class='ocrx_word' id='word_1_535' title='bbox 461 4248 584 4289; x_wconf 84' lang='lat' dir='ltr'><strong>esse</strong></span> <span class='ocrx_word' id='word_1_536' title='bbox 639 4251 652 4286; x_wconf 91' lang='lat'>:</span> <span class='ocrx_word' id='word_1_537' title='bbox 709 4231 794 4286; x_wconf 89' lang='lat' dir='ltr'><strong>vel</strong></span> <span class='ocrx_word' id='word_1_538' title='bbox 842 4231 966 4301; x_wconf 89' lang='lat' dir='ltr'><strong>quia</strong></span> <span class='ocrx_word' id='word_1_539' title='bbox 1018 4245 1170 4292; x_wconf 87' lang='lat' dir='ltr'><strong>esse,</strong></span> <span class='ocrx_word' id='word_1_540' title='bbox 1229 4227 1322 4282; x_wconf 91' lang='lat' dir='ltr'><strong>sed</strong></span> <span class='ocrx_word' id='word_1_541' title='bbox 1369 4239 1475 4278; x_wconf 92' lang='lat' dir='ltr'><strong>non</strong></span> <span class='ocrx_word' id='word_1_542' title='bbox 1529 4225 1698 4278; x_wconf 87' lang='lat' dir='ltr'><strong>Deum</strong></span> 
     </span>
    </p>
   </div>
   <div class='ocr_carea' id='block_1_73' title="bbox 141 4313 1696 4388">
    <p class='ocr_par' dir='ltr' id='par_1_73' title="bbox 141 4313 1696 4388">
     <span class='ocr_line' id='line_1_73' title="bbox 141 4313 1696 4388; baseline -0.009 -10"><span class='ocrx_word' id='word_1_543' title='bbox 141 4338 283 4380; x_wconf 90' lang='lat' dir='ltr'><strong>esse:</strong></span> <span class='ocrx_word' id='word_1_544' title='bbox 316 4327 399 4381; x_wconf 90' lang='lat' dir='ltr'><strong>vel</strong></span> <span class='ocrx_word' id='word_1_545' title='bbox 437 4326 615 4381; x_wconf 89' lang='lat' dir='ltr'><strong>Deum</strong></span> <span class='ocrx_word' id='word_1_546' title='bbox 649 4338 798 4388; x_wconf 91' lang='lat' dir='ltr'><strong>esse,</strong></span> <span class='ocrx_word' id='word_1_547' title='bbox 837 4321 929 4376; x_wconf 92' lang='lat' dir='ltr'><strong>sed</strong></span> <span class='ocrx_word' id='word_1_548' title='bbox 968 4321 1229 4374; x_wconf 86' lang='lat' dir='ltr'><strong>minorem</strong></span> <span class='ocrx_word' id='word_1_549' title='bbox 1259 4317 1416 4370; x_wconf 86' lang='lat' dir='ltr'><strong>Patre</strong></span> <span class='ocrx_word' id='word_1_550' title='bbox 1445 4324 1498 4368; x_wconf 93' lang='lat' dir='ltr'><strong>et</strong></span> <span class='ocrx_word' id='word_1_551' title='bbox 1523 4313 1696 4367; x_wconf 87' lang='lat' dir='ltr'><strong>Filio:</strong></span> 
     </span>
    </p>
   </div>
   <div class='ocr_carea' id='block_1_74' title="bbox 143 4404 1699 4481">
    <p class='ocr_par' dir='ltr' id='par_1_74' title="bbox 143 4404 1699 4481">
     <span class='ocr_line' id='line_1_74' title="bbox 143 4404 1699 4481; baseline -0.008 -14"><span class='ocrx_word' id='word_1_552' title='bbox 143 4414 254 4481; x_wconf 90' lang='lat' dir='ltr'><strong>quia</strong></span> <span class='ocrx_word' id='word_1_553' title='bbox 279 4416 379 4472; x_wconf 89' lang='lat' dir='ltr'><strong>hoc</strong></span> <span class='ocrx_word' id='word_1_554' title='bbox 405 4430 521 4471; x_wconf 87' lang='lat' dir='ltr'><strong>non</strong></span> <span class='ocrx_word' id='word_1_555' title='bbox 559 4414 760 4470; x_wconf 89' lang='lat' dir='ltr'><strong>invidia</strong></span> <span class='ocrx_word' id='word_1_556' title='bbox 795 4411 1059 4468; x_wconf 88' lang='lat' dir='ltr'><strong>diabolica</strong></span> <span class='ocrx_word' id='word_1_557' title='bbox 1083 4449 1098 4476; x_wconf 92' lang='lat'><strong>,</strong></span> <span class='ocrx_word' id='word_1_558' title='bbox 1145 4407 1238 4464; x_wconf 92' lang='lat' dir='ltr'><strong>sed</strong></span> <span class='ocrx_word' id='word_1_559' title='bbox 1272 4407 1507 4461; x_wconf 88' lang='lat' dir='ltr'><strong>humana</strong></span> <span class='ocrx_word' id='word_1_560' title='bbox 1544 4404 1699 4473; x_wconf 85' lang='lat' dir='ltr'><strong>igno-</strong></span> 
     </span>
    </p>
   </div>
   <div class='ocr_carea' id='block_1_75' title="bbox 143 4508 480 4573">
    <p class='ocr_par' dir='ltr' id='par_1_75' title="bbox 143 4508 480 4573">
     <span class='ocr_line' id='line_1_75' title="bbox 143 4508 480 4573; baseline 0.015 -16"><span class='ocrx_word' id='word_1_561' title='bbox 143 4508 301 4561; x_wconf 90' lang='lat' dir='ltr'><strong>rantia</strong></span> <span class='ocrx_word' id='word_1_562' title='bbox 321 4549 335 4573; x_wconf 94' lang='lat'><strong>,</strong></span> <span class='ocrx_word' id='word_1_563' title='bbox 367 4518 480 4564; x_wconf 89' lang='lat' dir='ltr'><strong>etc.</strong></span> 
     </span>
    </p>
   </div>
   <div class='ocr_carea' id='block_1_76' title="bbox 210 4596 361 4654">
    <p class='ocr_par' dir='ltr' id='par_1_76' title="bbox 210 4596 361 4654">
     <span class='ocr_line' id='line_1_76' title="bbox 210 4596 361 4654; baseline 0.02 -5"><span class='ocrx_word' id='word_1_564' title='bbox 210 4596 361 4654; x_wconf 66' lang='lat' dir='ltr'><strong>Vens.</strong></span> 
     </span>
    </p>
   </div>
   <div class='ocr_carea' id='block_1_77' title="bbox 147 4678 1702 4760">
    <p class='ocr_par' dir='ltr' id='par_1_77' title="bbox 147 4678 1702 4760">
     <span class='ocr_line' id='line_1_77' title="bbox 147 4678 1702 4760; baseline -0.006 -19"><span class='ocrx_word' id='word_1_565' title='bbox 147 4701 342 4760; x_wconf 81' lang='lat' dir='ltr'><strong>semper</strong></span> <span class='ocrx_word' id='word_1_566' title='bbox 370 4690 616 4760; x_wconf 75' lang='lat' dir='ltr'><strong>Virginis</strong></span> <span class='ocrx_word' id='word_1_567' title='bbox 635 4730 649 4756; x_wconf 92' lang='lat'><strong>,</strong></span> <span class='ocrx_word' id='word_1_568' title='bbox 675 4698 736 4744; x_wconf 92' lang='lat' dir='ltr'><strong>ut</strong></span> <span class='ocrx_word' id='word_1_569' title='bbox 762 4688 1020 4744; x_wconf 89' lang='lat' dir='ltr'><strong>mentitur</strong></span> <span class='ocrx_word' id='word_1_570' title='bbox 1047 4684 1322 4739; x_wconf 81' lang='lat' dir='ltr'><strong>Helvidius</strong></span> <span class='ocrx_word' id='word_1_571' title='bbox 1346 4698 1360 4735; x_wconf 84' lang='lat'><strong>;</strong></span> <span class='ocrx_word' id='word_1_572' title='bbox 1393 4681 1478 4734; x_wconf 87' lang='lat' dir='ltr'><strong>vel</strong></span> <span class='ocrx_word' id='word_1_573' title='bbox 1506 4678 1702 4747; x_wconf 84' lang='lat' dir='ltr'><strong>Joseph</strong></span> 
     </span>
    </p>
   </div>
   <div class='ocr_carea' id='block_1_78' title="bbox 147 4775 1560 4850">
    <p class='ocr_par' dir='ltr' id='par_1_78' title="bbox 147 4775 1560 4850">
     <span class='ocr_line' id='line_1_78' title="bbox 147 4775 1560 4850; baseline -0.004 -19"><span class='ocrx_word' id='word_1_574' title='bbox 147 4793 206 4832; x_wconf 81' lang='lat' dir='ltr'><strong>ex</strong></span> <span class='ocrx_word' id='word_1_575' title='bbox 232 4781 329 4836; x_wconf 91' lang='lat' dir='ltr'><strong>alia</strong></span> <span class='ocrx_word' id='word_1_576' title='bbox 365 4799 540 4838; x_wconf 73' lang='lat' dir='ltr'><strong>uxore</strong></span> <span class='ocrx_word' id='word_1_577' title='bbox 563 4823 576 4846; x_wconf 89' lang='lat'><strong>,</strong></span> <span class='ocrx_word' id='word_1_578' title='bbox 611 4783 749 4837; x_wconf 84' lang='lat' dir='ltr'><strong>sicut</strong></span> <span class='ocrx_word' id='word_1_579' title='bbox 775 4781 864 4834; x_wconf 89' lang='lat' dir='ltr'><strong>alii</strong></span> <span class='ocrx_word' id='word_1_580' title='bbox 894 4780 1171 4850; x_wconf 86' lang='lat' dir='ltr'><strong>garriunt,</strong></span> <span class='ocrx_word' id='word_1_581' title='bbox 1205 4777 1297 4832; x_wconf 90' lang='lat' dir='ltr'><strong>sed</strong></span> <span class='ocrx_word' id='word_1_582' title='bbox 1329 4775 1560 4844; x_wconf 84' lang='lat' dir='ltr'><strong>cognati.</strong></span> 
     </span>
    </p>
   </div>
   <div class='ocr_carea' id='block_1_79' title="bbox 210 4865 1704 4946">
    <p class='ocr_par' dir='ltr' id='par_1_79' title="bbox 210 4865 1704 4946">
     <span class='ocr_line' id='line_1_79' title="bbox 210 4865 1704 4946; baseline -0.008 -19"><span class='ocrx_word' id='word_1_583' title='bbox 210 4873 418 4946; x_wconf 72' lang='grc' dir='ltr'><strong>(Βεω.)</strong></span> <span class='ocrx_word' id='word_1_584' title='bbox 475 4875 646 4928; x_wconf 81' lang='lat' dir='ltr'><strong>Mater</strong></span> <span class='ocrx_word' id='word_1_585' title='bbox 688 4884 743 4928; x_wconf 92' lang='lat' dir='ltr'><strong>et</strong></span> <span class='ocrx_word' id='word_1_586' title='bbox 787 4871 1003 4936; x_wconf 86' lang='lat' dir='ltr'><strong>fratres,</strong></span> <span class='ocrx_word' id='word_1_587' title='bbox 1044 4870 1273 4940; x_wconf 89' lang='lat' dir='ltr'><strong>populus</strong></span> <span class='ocrx_word' id='word_1_588' title='bbox 1313 4865 1615 4920; x_wconf 65' lang='lat' dir='ltr'><strong>Judmorum</strong></span> <span class='ocrx_word' id='word_1_589' title='bbox 1638 4877 1704 4917; x_wconf 86' lang='lat' dir='ltr'><strong>ex</strong></span> 
     </span>
    </p>
   </div>
   <div class='ocr_carea' id='block_1_80' title="bbox 149 4953 1706 5028">
    <p class='ocr_par' dir='ltr' id='par_1_80' title="bbox 149 4953 1706 5028">
     <span class='ocr_line' id='line_1_80' title="bbox 149 4953 1706 5028; baseline -0.006 -14"><span class='ocrx_word' id='word_1_590' title='bbox 149 4962 326 5028; x_wconf 90' lang='lat' dir='ltr'><strong>quibus</strong></span> <span class='ocrx_word' id='word_1_591' title='bbox 373 4965 626 5020; x_wconf 87' lang='lat' dir='ltr'><strong>Christus</strong></span> <span class='ocrx_word' id='word_1_592' title='bbox 665 4963 958 5018; x_wconf 91' lang='lat' dir='ltr'><strong>secundum</strong></span> <span class='ocrx_word' id='word_1_593' title='bbox 1000 4975 1268 5022; x_wconf 81' lang='lat' dir='ltr'><strong>carnem,</strong></span> <span class='ocrx_word' id='word_1_594' title='bbox 1296 4956 1425 5011; x_wconf 90' lang='lat' dir='ltr'><strong>foris</strong></span> <span class='ocrx_word' id='word_1_595' title='bbox 1466 4961 1612 5009; x_wconf 88' lang='lat' dir='ltr'><strong>stant</strong></span> <span class='ocrx_word' id='word_1_596' title='bbox 1651 4953 1706 5006; x_wconf 90' lang='lat' dir='ltr'><strong>in</strong></span> 
     </span>
    </p>
   </div>
   <div class='ocr_carea' id='block_1_81' title="bbox 150 5042 1707 5117">
    <p class='ocr_par' dir='ltr' id='par_1_81' title="bbox 150 5042 1707 5117">
     <span class='ocr_line' id='line_1_81' title="bbox 150 5042 1707 5117; baseline -0.003 -15"><span class='ocrx_word' id='word_1_597' title='bbox 150 5048 353 5109; x_wconf 88' lang='lat' dir='ltr'><strong>litterali</strong></span> <span class='ocrx_word' id='word_1_598' title='bbox 383 5071 568 5110; x_wconf 89' lang='lat' dir='ltr'><strong>sensu.</strong></span> <span class='ocrx_word' id='word_1_599' title='bbox 596 5053 776 5107; x_wconf 88' lang='lat' dir='ltr'><strong>Turba</strong></span> <span class='ocrx_word' id='word_1_600' title='bbox 807 5053 860 5106; x_wconf 92' lang='lat' dir='ltr'><strong>in</strong></span> <span class='ocrx_word' id='word_1_601' title='bbox 888 5052 1046 5106; x_wconf 90' lang='lat' dir='ltr'><strong>domo</strong></span> <span class='ocrx_word' id='word_1_602' title='bbox 1065 5090 1080 5113; x_wconf 96' lang='lat'><strong>,</strong></span> <span class='ocrx_word' id='word_1_603' title='bbox 1122 5056 1308 5117; x_wconf 86' lang='lat' dir='ltr'><strong>gentes</strong></span> <span class='ocrx_word' id='word_1_604' title='bbox 1350 5047 1403 5099; x_wconf 89' lang='lat' dir='ltr'><strong>in</strong></span> <span class='ocrx_word' id='word_1_605' title='bbox 1442 5042 1707 5114; x_wconf 90' lang='lat' dir='ltr'><strong>spirituali</strong></span> 
     </span>
    </p>
   </div>
   <div class='ocr_carea' id='block_1_82' title="bbox 151 5134 1706 5212">
    <p class='ocr_par' dir='ltr' id='par_1_82' title="bbox 151 5134 1706 5212">
     <span class='ocr_line' id='line_1_82' title="bbox 151 5134 1706 5212; baseline -0.005 -18"><span class='ocrx_word' id='word_1_606' title='bbox 151 5146 413 5212; x_wconf 83' lang='lat' dir='ltr'><strong>mysterio.</strong></span> <span class='ocrx_word' id='word_1_607' title='bbox 440 5145 598 5201; x_wconf 90' lang='lat' dir='ltr'><strong>Foris</strong></span> <span class='ocrx_word' id='word_1_608' title='bbox 623 5143 809 5198; x_wconf 91' lang='lat' dir='ltr'><strong>volunt</strong></span> <span class='ocrx_word' id='word_1_609' title='bbox 829 5141 998 5197; x_wconf 68' lang='lat' dir='ltr'><strong>Judaai</strong></span> <span class='ocrx_word' id='word_1_610' title='bbox 1021 5141 1204 5195; x_wconf 89' lang='lat' dir='ltr'><strong>videre</strong></span> <span class='ocrx_word' id='word_1_611' title='bbox 1231 5138 1502 5193; x_wconf 88' lang='lat' dir='ltr'><strong>Christum</strong></span> <span class='ocrx_word' id='word_1_612' title='bbox 1522 5176 1536 5200; x_wconf 94' lang='lat'><strong>,</strong></span> <span class='ocrx_word' id='word_1_613' title='bbox 1561 5134 1706 5204; x_wconf 90' lang='lat' dir='ltr'><strong>quia,</strong></span> 
     </span>
    </p>
   </div>
   <div class='ocr_carea' id='block_1_83' title="bbox 152 5227 1708 5308">
    <p class='ocr_par' dir='ltr' id='par_1_83' title="bbox 152 5227 1708 5308">
     <span class='ocr_line' id='line_1_83' title="bbox 152 5227 1708 5308; baseline -0.005 -21"><span class='ocrx_word' id='word_1_614' title='bbox 152 5236 474 5302; x_wconf 87' lang='lat' dir='ltr'><strong>spiritualem</strong></span> <span class='ocrx_word' id='word_1_615' title='bbox 503 5238 909 5308; x_wconf 85' lang='lat' dir='ltr'><strong>intelligentiam</strong></span> <span class='ocrx_word' id='word_1_616' title='bbox 938 5251 1042 5289; x_wconf 90' lang='lat' dir='ltr'><strong>non</strong></span> <span class='ocrx_word' id='word_1_617' title='bbox 1073 5240 1376 5303; x_wconf 64' lang='lat' dir='ltr'><strong>quaerentes</strong></span> <span class='ocrx_word' id='word_1_618' title='bbox 1395 5269 1408 5294; x_wconf 92' lang='lat'><strong>,</strong></span> <span class='ocrx_word' id='word_1_619' title='bbox 1436 5229 1612 5298; x_wconf 87' lang='lat' dir='ltr'><strong>potius</strong></span> <span class='ocrx_word' id='word_1_620' title='bbox 1642 5227 1708 5280; x_wconf 88' lang='lat' dir='ltr'><strong>ad</strong></span> 
     </span>
    </p>
   </div>
   <div class='ocr_carea' id='block_1_84' title="bbox 155 5322 1602 5395">
    <p class='ocr_par' dir='ltr' id='par_1_84' title="bbox 155 5322 1602 5395">
     <span class='ocr_line' id='line_1_84' title="bbox 155 5322 1602 5395; baseline -0.005 -17"><span class='ocrx_word' id='word_1_621' title='bbox 155 5328 379 5382; x_wconf 82' lang='lat' dir='ltr'><strong>carnalia</strong></span> <span class='ocrx_word' id='word_1_622' title='bbox 409 5329 650 5384; x_wconf 89' lang='lat' dir='ltr'><strong>docenda</strong></span> <span class='ocrx_word' id='word_1_623' title='bbox 674 5343 794 5382; x_wconf 88' lang='lat' dir='ltr'><strong>eum</strong></span> <span class='ocrx_word' id='word_1_624' title='bbox 824 5327 972 5381; x_wconf 77' lang='lat' dir='ltr'><strong>exire</strong></span> <span class='ocrx_word' id='word_1_625' title='bbox 996 5331 1195 5395; x_wconf 87' lang='lat' dir='ltr'><strong>cogunt</strong></span> <span class='ocrx_word' id='word_1_626' title='bbox 1220 5322 1304 5375; x_wconf 90' lang='lat' dir='ltr'><strong>vel</strong></span> <span class='ocrx_word' id='word_1_627' title='bbox 1333 5328 1602 5390; x_wconf 61' lang='lat' dir='ltr'><strong>quierunt.</strong></span> 
     </span>
    </p>
   </div>
   <div class='ocr_carea' id='block_1_85' title="bbox 219 5407 1713 5483">
    <p class='ocr_par' dir='ltr' id='par_1_85' title="bbox 219 5407 1713 5483">
     <span class='ocr_line' id='line_1_85' title="bbox 219 5407 1713 5483; baseline -0.005 -17"><span class='ocrx_word' id='word_1_628' title='bbox 219 5411 742 5482; x_wconf 73' lang='lat' dir='ltr'><strong>Vsus.55.——Quw</strong></span> <span class='ocrx_word' id='word_1_629' title='bbox 790 5424 864 5470; x_wconf 86' lang='lat' dir='ltr'><strong>est</strong></span> <span class='ocrx_word' id='word_1_630' title='bbox 913 5424 1096 5468; x_wconf 88' lang='lat' dir='ltr'><strong>muter.</strong></span> <span class='ocrx_word' id='word_1_631' title='bbox 1143 5409 1295 5483; x_wconf 79' lang='grc' dir='ltr'><strong>(Ιο.)</strong></span> <span class='ocrx_word' id='word_1_632' title='bbox 1352 5409 1466 5463; x_wconf 85' lang='grc' dir='ltr'><strong>Νοιι</strong></span> <span class='ocrx_word' id='word_1_633' title='bbox 1515 5407 1713 5463; x_wconf 82' lang='lat' dir='ltr'><strong>refutat</strong></span> 
     </span>
    </p>
   </div>
   <div class='ocr_carea' id='block_1_86' title="bbox 155 5500 1711 5575">
    <p class='ocr_par' dir='ltr' id='par_1_86' title="bbox 155 5500 1711 5575">
     <span class='ocr_line' id='line_1_86' title="bbox 155 5500 1711 5575; baseline -0.005 -17"><span class='ocrx_word' id='word_1_634' title='bbox 155 5500 366 5572; x_wconf 85' lang='lat' dir='ltr'><strong>obsequi</strong></span> <span class='ocrx_word' id='word_1_635' title='bbox 410 5507 571 5560; x_wconf 91' lang='lat' dir='ltr'><strong>matri</strong></span> <span class='ocrx_word' id='word_1_636' title='bbox 611 5507 701 5575; x_wconf 89' lang='lat' dir='ltr'><strong>qui</strong></span> <span class='ocrx_word' id='word_1_637' title='bbox 741 5506 872 5561; x_wconf 89' lang='lat' dir='ltr'><strong>dicit</strong></span> <span class='ocrx_word' id='word_1_638' title='bbox 901 5523 913 5558; x_wconf 88' lang='lat'><strong>:</strong></span> <span class='ocrx_word' id='word_1_639' title='bbox 946 5503 1162 5558; x_wconf 86' lang='lat' dir='ltr'><strong>Honora</strong></span> <span class='ocrx_word' id='word_1_640' title='bbox 1189 5511 1387 5571; x_wconf 84' lang='lat' dir='ltr'><strong>patrem</strong></span> <span class='ocrx_word' id='word_1_641' title='bbox 1417 5508 1464 5553; x_wconf 91' lang='lat' dir='ltr'><strong>et</strong></span> <span class='ocrx_word' id='word_1_642' title='bbox 1493 5508 1711 5551; x_wconf 89' lang='lat' dir='ltr'><strong>matrem</strong></span> 
     </span>
    </p>
   </div>
   <div class='ocr_carea' id='block_1_87' title="bbox 156 5585 1714 5667">
    <p class='ocr_par' dir='ltr' id='par_1_87' title="bbox 156 5585 1714 5667">
     <span class='ocr_line' id='line_1_87' title="bbox 156 5585 1714 5667; baseline -0.004 -21"><span class='ocrx_word' id='word_1_643' title='bbox 156 5588 364 5661; x_wconf 70' lang='lat' dir='ltr'><strong>(Exod.</strong></span> <span class='ocrx_word' id='word_1_644' title='bbox 395 5595 505 5667; x_wconf 81' lang='lat' dir='ltr'><strong>xx)</strong></span> <span class='ocrx_word' id='word_1_645' title='bbox 537 5614 550 5651; x_wconf 90' lang='lat'>:</span> <span class='ocrx_word' id='word_1_646' title='bbox 583 5597 676 5651; x_wconf 89' lang='lat' dir='ltr'><strong>sed</strong></span> <span class='ocrx_word' id='word_1_647' title='bbox 703 5595 938 5650; x_wconf 72' lang='lat' dir='ltr'><strong>ostendit</strong></span> <span class='ocrx_word' id='word_1_648' title='bbox 976 5607 1034 5648; x_wconf 88' lang='lat' dir='ltr'><strong>se</strong></span> <span class='ocrx_word' id='word_1_649' title='bbox 1073 5593 1192 5662; x_wconf 89' lang='lat' dir='ltr'><strong>plus</strong></span> <span class='ocrx_word' id='word_1_650' title='bbox 1237 5590 1434 5644; x_wconf 86' lang='lat' dir='ltr'><strong>debere</strong></span> <span class='ocrx_word' id='word_1_651' title='bbox 1474 5585 1714 5657; x_wconf 88' lang='lat' dir='ltr'><strong>paternis</strong></span> 
     </span>
    </p>
   </div>
   <div class='ocr_carea' id='block_1_88' title="bbox 158 5674 1713 5758">
    <p class='ocr_par' dir='ltr' id='par_1_88' title="bbox 158 5674 1713 5758">
     <span class='ocr_line' id='line_1_88' title="bbox 158 5674 1713 5758; baseline -0.005 -23"><span class='ocrx_word' id='word_1_652' title='bbox 158 5686 424 5754; x_wconf 85' lang='lat' dir='ltr'><strong>mysteriis</strong></span> <span class='ocrx_word' id='word_1_653' title='bbox 443 5727 460 5752; x_wconf 89' lang='lat'><strong>,</strong></span> <span class='ocrx_word' id='word_1_654' title='bbox 486 5703 647 5758; x_wconf 90' lang='lat' dir='ltr'><strong>quam</strong></span> <span class='ocrx_word' id='word_1_655' title='bbox 679 5685 935 5741; x_wconf 87' lang='lat' dir='ltr'><strong>maternis</strong></span> <span class='ocrx_word' id='word_1_656' title='bbox 964 5681 1271 5741; x_wconf 81' lang='lat' dir='ltr'><strong>affectibus,</strong></span> <span class='ocrx_word' id='word_1_657' title='bbox 1302 5678 1440 5733; x_wconf 90' lang='lat' dir='ltr'><strong>idem</strong></span> <span class='ocrx_word' id='word_1_658' title='bbox 1468 5674 1713 5744; x_wconf 79' lang='lat' dir='ltr'><strong>exemplo</strong></span> 
     </span>
    </p>
   </div>
   <div class='ocr_carea' id='block_1_89' title="bbox 161 5771 1714 5842">
    <p class='ocr_par' dir='ltr' id='par_1_89' title="bbox 161 5771 1714 5842">
     <span class='ocr_line' id='line_1_89' title="bbox 161 5771 1714 5842; baseline -0.008 -12"><span class='ocrx_word' id='word_1_659' title='bbox 161 5778 678 5842; x_wconf 83' lang='lat' dir='ltr'><strong>monstravit,&#39;quod</strong></span> <span class='ocrx_word' id='word_1_660' title='bbox 717 5777 880 5832; x_wconf 87' lang='lat' dir='ltr'><strong>verbo</strong></span> <span class='ocrx_word' id='word_1_661' title='bbox 910 5775 984 5829; x_wconf 87' lang='lat' dir='ltr'><strong>ait</strong></span> <span class='ocrx_word' id='word_1_662' title='bbox 1023 5791 1036 5825; x_wconf 85' lang='lat'><strong>:</strong></span> <span class='ocrx_word' id='word_1_663' title='bbox 1074 5771 1176 5838; x_wconf 83' lang='lat' dir='ltr'><strong>Qui</strong></span> <span class='ocrx_word' id='word_1_664' title='bbox 1216 5778 1357 5824; x_wconf 86' lang='lat' dir='ltr'><strong>amat</strong></span> <span class='ocrx_word' id='word_1_665' title='bbox 1386 5778 1583 5838; x_wconf 89' lang='lat' dir='ltr'><strong>patrem</strong></span> <span class='ocrx_word' id='word_1_666' title='bbox 1624 5773 1714 5819; x_wconf 90' lang='lat' dir='ltr'><strong>aut</strong></span> 
     </span>
    </p>
   </div>
   <div class='ocr_carea' id='block_1_90' title="bbox 1799 3298 3358 3374">
    <p class='ocr_par' dir='ltr' id='par_1_90' title="bbox 1799 3298 3358 3374">
     <span class='ocr_line' id='line_1_90' title="bbox 1799 3298 3358 3374; baseline -0.004 -14"><span class='ocrx_word' id='word_1_667' title='bbox 1799 3314 1954 3370; x_wconf 89' lang='lat' dir='ltr'><strong>sunt,</strong></span> <span class='ocrx_word' id='word_1_668' title='bbox 1987 3305 2110 3374; x_wconf 85' lang='lat' dir='ltr'><strong>quia</strong></span> <span class='ocrx_word' id='word_1_669' title='bbox 2141 3304 2377 3358; x_wconf 91' lang='lat' dir='ltr'><strong>nondum</strong></span> <span class='ocrx_word' id='word_1_670' title='bbox 2407 3303 2717 3357; x_wconf 62' lang='lat' dir='ltr'><strong>caelestibus</strong></span> <span class='ocrx_word' id='word_1_671' title='bbox 2743 3301 3016 3370; x_wconf 82' lang='lat' dir='ltr'><strong>mysteriis</strong></span> <span class='ocrx_word' id='word_1_672' title='bbox 3055 3298 3134 3352; x_wconf 88' lang='lat' dir='ltr'><strong>vel</strong></span> <span class='ocrx_word' id='word_1_673' title='bbox 3175 3313 3358 3353; x_wconf 81' lang='lat' dir='ltr'><strong>sacra-</strong></span> 
     </span>
    </p>
   </div>
   <div class='ocr_carea' id='block_1_91' title="bbox 1799 3391 2869 3462">
    <p class='ocr_par' dir='ltr' id='par_1_91' title="bbox 1799 3391 2869 3462">
     <span class='ocr_line' id='line_1_91' title="bbox 1799 3391 2869 3462; baseline -0.008 -13"><span class='ocrx_word' id='word_1_674' title='bbox 1799 3395 1993 3450; x_wconf 90' lang='lat' dir='ltr'><strong>mentis</strong></span> <span class='ocrx_word' id='word_1_675' title='bbox 2024 3410 2141 3462; x_wconf 72' lang='lat' dir='ltr'><strong>quce</strong></span> <span class='ocrx_word' id='word_1_676' title='bbox 2173 3393 2479 3448; x_wconf 75' lang='lat' dir='ltr'><strong>dcsrderant</strong></span> <span class='ocrx_word' id='word_1_677' title='bbox 2505 3391 2694 3444; x_wconf 79' lang='lat' dir='ltr'><strong>imbuti</strong></span> <span class='ocrx_word' id='word_1_678' title='bbox 2725 3397 2869 3444; x_wconf 90' lang='lat' dir='ltr'><strong>sunt.</strong></span> 
     </span>
    </p>
   </div>
   <div class='ocr_carea' id='block_1_92' title="bbox 1868 3478 3363 3552">
    <p class='ocr_par' dir='ltr' id='par_1_92' title="bbox 1868 3478 3363 3552">
     <span class='ocr_line' id='line_1_92' title="bbox 1868 3478 3363 3552; baseline -0.004 -14"><span class='ocrx_word' id='word_1_679' title='bbox 1868 3484 2027 3539; x_wconf 70' lang='lat' dir='ltr'><strong>Vens.</strong></span> <span class='ocrx_word' id='word_1_680' title='bbox 2053 3484 2108 3537; x_wconf 84' lang='lat'><strong>2.</strong></span> <span class='ocrx_word' id='word_1_681' title='bbox 2139 3513 2204 3522; x_wconf 91' lang='lat'><strong>—</strong></span> <span class='ocrx_word' id='word_1_682' title='bbox 2229 3483 2297 3537; x_wconf 84' lang='lat' dir='ltr'><strong>In</strong></span> <span class='ocrx_word' id='word_1_683' title='bbox 2331 3481 2593 3552; x_wconf 81' lang='lat' dir='ltr'><strong>parabolis</strong></span> <span class='ocrx_word' id='word_1_684' title='bbox 2632 3480 2816 3534; x_wconf 86' lang='lat' dir='ltr'><strong>multa.</strong></span> <span class='ocrx_word' id='word_1_685' title='bbox 2855 3478 3115 3532; x_wconf 88' lang='lat' dir='ltr'><strong>Parabola</strong></span> <span class='ocrx_word' id='word_1_686' title='bbox 3155 3484 3238 3533; x_wconf 86' lang='lat' dir='ltr'><strong>est</strong></span> <span class='ocrx_word' id='word_1_687' title='bbox 3275 3491 3363 3532; x_wconf 85' lang='lat' dir='ltr'><strong>re-</strong></span> 
     </span>
    </p>
   </div>
   <div class='ocr_carea' id='block_1_93' title="bbox 1797 3567 3362 3641">
    <p class='ocr_par' dir='ltr' id='par_1_93' title="bbox 1797 3567 3362 3641">
     <span class='ocr_line' id='line_1_93' title="bbox 1797 3567 3362 3641; baseline -0.004 -12"><span class='ocrx_word' id='word_1_688' title='bbox 1797 3591 1916 3629; x_wconf 89' lang='lat' dir='ltr'><strong>rum</strong></span> <span class='ocrx_word' id='word_1_689' title='bbox 1957 3583 2147 3628; x_wconf 89' lang='lat' dir='ltr'><strong>natura</strong></span> <span class='ocrx_word' id='word_1_690' title='bbox 2177 3571 2595 3641; x_wconf 69' lang='lat' dir='ltr'><strong>diSi-repantium</strong></span> <span class='ocrx_word' id='word_1_691' title='bbox 2625 3570 2726 3624; x_wconf 90' lang='lat' dir='ltr'><strong>sibi</strong></span> <span class='ocrx_word' id='word_1_692' title='bbox 2757 3570 2856 3624; x_wconf 88' lang='lat' dir='ltr'><strong>sub</strong></span> <span class='ocrx_word' id='word_1_693' title='bbox 2897 3567 3074 3636; x_wconf 90' lang='lat' dir='ltr'><strong>aliqua</strong></span> <span class='ocrx_word' id='word_1_694' title='bbox 3113 3567 3362 3622; x_wconf 88' lang='lat' dir='ltr'><strong>similitu-</strong></span> 
     </span>
    </p>
   </div>
   <div class='ocr_carea' id='block_1_94' title="bbox 1797 3655 3360 3732">
    <p class='ocr_par' dir='ltr' id='par_1_94' title="bbox 1797 3655 3360 3732">
     <span class='ocr_line' id='line_1_94' title="bbox 1797 3655 3360 3732; baseline -0.005 -14"><span class='ocrx_word' id='word_1_695' title='bbox 1797 3665 1921 3721; x_wconf 90' lang='lat' dir='ltr'><strong>dine</strong></span> <span class='ocrx_word' id='word_1_696' title='bbox 1944 3663 2085 3718; x_wconf 89' lang='lat' dir='ltr'><strong>facta</strong></span> <span class='ocrx_word' id='word_1_697' title='bbox 2116 3661 2467 3732; x_wconf 88' lang='lat' dir='ltr'><strong>comparatio.</strong></span> <span class='ocrx_word' id='word_1_698' title='bbox 2514 3660 2658 3715; x_wconf 86' lang='lat' dir='ltr'><strong>More</strong></span> <span class='ocrx_word' id='word_1_699' title='bbox 2698 3674 2808 3713; x_wconf 68' lang='lat' dir='ltr'><strong>sua:</strong></span> <span class='ocrx_word' id='word_1_700' title='bbox 2848 3658 3144 3727; x_wconf 72' lang='lat' dir='ltr'><strong>prudentia:</strong></span> <span class='ocrx_word' id='word_1_701' title='bbox 3183 3655 3360 3726; x_wconf 89' lang='lat' dir='ltr'><strong>loqui-</strong></span> 
     </span>
    </p>
   </div>
   <div class='ocr_carea' id='block_1_95' title="bbox 1798 3746 3364 3824">
    <p class='ocr_par' dir='ltr' id='par_1_95' title="bbox 1798 3746 3364 3824">
     <span class='ocr_line' id='line_1_95' title="bbox 1798 3746 3364 3824; baseline -0.007 -13"><span class='ocrx_word' id='word_1_702' title='bbox 1798 3765 1906 3822; x_wconf 89' lang='lat' dir='ltr'><strong>tur,</strong></span> <span class='ocrx_word' id='word_1_703' title='bbox 1941 3766 1999 3810; x_wconf 91' lang='lat' dir='ltr'><strong>ut</strong></span> <span class='ocrx_word' id='word_1_704' title='bbox 2026 3756 2118 3824; x_wconf 89' lang='lat' dir='ltr'><strong>qui</strong></span> <span class='ocrx_word' id='word_1_705' title='bbox 2147 3755 2384 3809; x_wconf 85' lang='lat' dir='ltr'><strong>coelestia</strong></span> <span class='ocrx_word' id='word_1_706' title='bbox 2418 3767 2607 3821; x_wconf 90' lang='lat' dir='ltr'><strong>sapere</strong></span> <span class='ocrx_word' id='word_1_707' title='bbox 2632 3765 2737 3805; x_wconf 92' lang='lat' dir='ltr'><strong>non</strong></span> <span class='ocrx_word' id='word_1_708' title='bbox 2764 3757 3049 3819; x_wconf 90' lang='lat' dir='ltr'><strong>poterant,</strong></span> <span class='ocrx_word' id='word_1_709' title='bbox 3091 3761 3184 3817; x_wconf 91' lang='lat' dir='ltr'><strong>per</strong></span> <span class='ocrx_word' id='word_1_710' title='bbox 3215 3746 3364 3800; x_wconf 88' lang='lat' dir='ltr'><strong>simi-</strong></span> 
     </span>
    </p>
   </div>
   <div class='ocr_carea' id='block_1_96' title="bbox 1795 3836 3359 3910">
    <p class='ocr_par' dir='ltr' id='par_1_96' title="bbox 1795 3836 3359 3910">
     <span class='ocr_line' id='line_1_96' title="bbox 1795 3836 3359 3910; baseline -0.007 -9"><span class='ocrx_word' id='word_1_711' title='bbox 1795 3848 2078 3902; x_wconf 90' lang='lat' dir='ltr'><strong>litudinem</strong></span> <span class='ocrx_word' id='word_1_712' title='bbox 2128 3853 2397 3899; x_wconf 89' lang='lat' dir='ltr'><strong>terrenam</strong></span> <span class='ocrx_word' id='word_1_713' title='bbox 2429 3843 2663 3896; x_wconf 89' lang='lat' dir='ltr'><strong>auditam</strong></span> <span class='ocrx_word' id='word_1_714' title='bbox 2711 3842 2991 3910; x_wconf 88' lang='lat' dir='ltr'><strong>percipere</strong></span> <span class='ocrx_word' id='word_1_715' title='bbox 3040 3836 3359 3908; x_wconf 86' lang='lat' dir='ltr'><strong>potuissent.</strong></span> 
     </span>
    </p>
   </div>
   <div class='ocr_carea' id='block_1_97' title="bbox 1797 3926 3365 4001">
    <p class='ocr_par' dir='ltr' id='par_1_97' title="bbox 1797 3926 3365 4001">
     <span class='ocr_line' id='line_1_97' title="bbox 1797 3926 3365 4001; baseline -0.01 -8"><span class='ocrx_word' id='word_1_716' title='bbox 1797 3937 1982 3994; x_wconf 61' lang='lat' dir='ltr'><strong>Grac‘ce</strong></span> <span class='ocrx_word' id='word_1_717' title='bbox 2012 3937 2302 3992; x_wconf 88' lang='lat' dir='ltr'><strong>similitudo</strong></span> <span class='ocrx_word' id='word_1_718' title='bbox 2351 3934 2547 3989; x_wconf 90' lang='lat' dir='ltr'><strong>dicitur</strong></span> <span class='ocrx_word' id='word_1_719' title='bbox 2585 3933 2800 4001; x_wconf 90' lang='lat' dir='ltr'><strong>quando</strong></span> <span class='ocrx_word' id='word_1_720' title='bbox 2845 3926 2986 3998; x_wconf 91' lang='lat' dir='ltr'><strong>quod</strong></span> <span class='ocrx_word' id='word_1_721' title='bbox 3019 3926 3242 3994; x_wconf 85' lang='lat' dir='ltr'><strong>intelligi</strong></span> <span class='ocrx_word' id='word_1_722' title='bbox 3270 3939 3365 3979; x_wconf 85' lang='lat' dir='ltr'><strong>vo-</strong></span> 
     </span>
    </p>
   </div>
   <div class='ocr_carea' id='block_1_98' title="bbox 1798 4021 3368 4098">
    <p class='ocr_par' dir='ltr' id='par_1_98' title="bbox 1798 4021 3368 4098">
     <span class='ocr_line' id='line_1_98' title="bbox 1798 4021 3368 4098; baseline -0.009 -14"><span class='ocrx_word' id='word_1_723' title='bbox 1798 4032 2005 4094; x_wconf 88' lang='lat' dir='ltr'><strong>lumus,</strong></span> <span class='ocrx_word' id='word_1_724' title='bbox 2054 4045 2150 4098; x_wconf 87' lang='lat' dir='ltr'><strong>per</strong></span> <span class='ocrx_word' id='word_1_725' title='bbox 2197 4028 2405 4096; x_wconf 88' lang='lat' dir='ltr'><strong>aliquas</strong></span> <span class='ocrx_word' id='word_1_726' title='bbox 2447 4023 2875 4093; x_wconf 85' lang='lat' dir='ltr'><strong>comparationes</strong></span> <span class='ocrx_word' id='word_1_727' title='bbox 2925 4021 3256 4082; x_wconf 89' lang='lat' dir='ltr'><strong>indicamus,</strong></span> <span class='ocrx_word' id='word_1_728' title='bbox 3303 4025 3368 4070; x_wconf 88' lang='lat' dir='ltr'><strong>ut</strong></span> 
     </span>
    </p>
   </div>
   <div class='ocr_carea' id='block_1_99' title="bbox 1799 4111 3366 4186">
    <p class='ocr_par' dir='ltr' id='par_1_99' title="bbox 1799 4111 3366 4186">
     <span class='ocr_line' id='line_1_99' title="bbox 1799 4111 3366 4186; baseline -0.008 -12"><span class='ocrx_word' id='word_1_729' title='bbox 1799 4121 2023 4183; x_wconf 90' lang='lat' dir='ltr'><strong>ferrum,</strong></span> <span class='ocrx_word' id='word_1_730' title='bbox 2039 4119 2269 4186; x_wconf 84' lang='lat' dir='ltr'><strong>aliquem</strong></span> <span class='ocrx_word' id='word_1_731' title='bbox 2293 4118 2504 4178; x_wconf 88' lang='lat' dir='ltr'><strong>durum,</strong></span> <span class='ocrx_word' id='word_1_732' title='bbox 2518 4113 2778 4174; x_wconf 83' lang='lat' dir='ltr'><strong>velocem,</strong></span> <span class='ocrx_word' id='word_1_733' title='bbox 2795 4111 2969 4164; x_wconf 89' lang='lat' dir='ltr'><strong>ventis</strong></span> <span class='ocrx_word' id='word_1_734' title='bbox 2991 4123 3366 4177; x_wconf 89' lang='lat' dir='ltr'><strong>comparamus</strong></span> 
     </span>
    </p>
   </div>
   <div class='ocr_carea' id='block_1_100' title="bbox 1801 4203 3366 4269">
    <p class='ocr_par' dir='ltr' id='par_1_100' title="bbox 1801 4203 3366 4269">
     <span class='ocr_line' id='line_1_100' title="bbox 1801 4203 3366 4269; baseline -0.01 -3"><span class='ocrx_word' id='word_1_735' title='bbox 1801 4219 1856 4266; x_wconf 91' lang='lat' dir='ltr'><strong>et</strong></span> <span class='ocrx_word' id='word_1_736' title='bbox 1881 4211 2089 4264; x_wconf 86' lang='lat' dir='ltr'><strong>avibus.</strong></span> <span class='ocrx_word' id='word_1_737' title='bbox 2125 4208 2268 4261; x_wconf 86' lang='lat' dir='ltr'><strong>Idem</strong></span> <span class='ocrx_word' id='word_1_738' title='bbox 2300 4205 2360 4258; x_wconf 87' lang='lat' dir='ltr'><strong>lit</strong></span> <span class='ocrx_word' id='word_1_739' title='bbox 2387 4205 2440 4258; x_wconf 90' lang='lat' dir='ltr'><strong>in</strong></span> <span class='ocrx_word' id='word_1_740' title='bbox 2472 4203 2742 4258; x_wconf 90' lang='lat' dir='ltr'><strong>tricesimo</strong></span> <span class='ocrx_word' id='word_1_741' title='bbox 2777 4214 3111 4269; x_wconf 76' lang='lat' dir='ltr'><strong>sexagesimo</strong></span> <span class='ocrx_word' id='word_1_742' title='bbox 3147 4207 3203 4251; x_wconf 88' lang='lat' dir='ltr'><strong>et</strong></span> <span class='ocrx_word' id='word_1_743' title='bbox 3236 4211 3366 4251; x_wconf 87' lang='lat' dir='ltr'><strong>cen-</strong></span> 
     </span>
    </p>
   </div>
   <div class='ocr_carea' id='block_1_101' title="bbox 1804 4286 3365 4364">
    <p class='ocr_par' dir='ltr' id='par_1_101' title="bbox 1804 4286 3365 4364">
     <span class='ocr_line' id='line_1_101' title="bbox 1804 4286 3365 4364; baseline -0.01 -8"><span class='ocrx_word' id='word_1_744' title='bbox 1804 4304 1994 4358; x_wconf 90' lang='lat' dir='ltr'><strong>tesimo</strong></span> <span class='ocrx_word' id='word_1_745' title='bbox 2024 4300 2224 4362; x_wconf 90' lang='lat' dir='ltr'><strong>fructu,</strong></span> <span class='ocrx_word' id='word_1_746' title='bbox 2251 4296 2305 4350; x_wconf 87' lang='lat' dir='ltr'><strong>id</strong></span> <span class='ocrx_word' id='word_1_747' title='bbox 2333 4305 2414 4350; x_wconf 92' lang='lat' dir='ltr'><strong>est</strong></span> <span class='ocrx_word' id='word_1_748' title='bbox 2445 4300 2577 4364; x_wconf 83' lang='lat' dir='ltr'><strong>lege,</strong></span> <span class='ocrx_word' id='word_1_749' title='bbox 2634 4292 2916 4363; x_wconf 87' lang='lat' dir='ltr'><strong>prophetia</strong></span> <span class='ocrx_word' id='word_1_750' title='bbox 2952 4299 3006 4344; x_wconf 88' lang='lat' dir='ltr'><strong>et</strong></span> <span class='ocrx_word' id='word_1_751' title='bbox 3055 4286 3365 4359; x_wconf 73' lang='lat' dir='ltr'><strong>Evangelia,</strong></span> 
     </span>
    </p>
   </div>
   <div class='ocr_carea' id='block_1_102' title="bbox 1802 4379 3369 4464">
    <p class='ocr_par' dir='ltr' id='par_1_102' title="bbox 1802 4379 3369 4464">
     <span class='ocr_line' id='line_1_102' title="bbox 1802 4379 3369 4464; baseline -0.01 -16"><span class='ocrx_word' id='word_1_752' title='bbox 1802 4394 1942 4464; x_wconf 91' lang='lat' dir='ltr'><strong>quod</strong></span> <span class='ocrx_word' id='word_1_753' title='bbox 1968 4392 2021 4445; x_wconf 90' lang='lat' dir='ltr'><strong>in</strong></span> <span class='ocrx_word' id='word_1_754' title='bbox 2047 4405 2140 4445; x_wconf 89' lang='lat' dir='ltr'><strong>ore</strong></span> <span class='ocrx_word' id='word_1_755' title='bbox 2167 4389 2326 4442; x_wconf 90' lang='lat' dir='ltr'><strong>trium</strong></span> <span class='ocrx_word' id='word_1_756' title='bbox 2359 4385 2572 4440; x_wconf 91' lang='lat' dir='ltr'><strong>testium</strong></span> <span class='ocrx_word' id='word_1_757' title='bbox 2596 4382 2906 4453; x_wconf 90' lang='lat' dir='ltr'><strong>mysterium</strong></span> <span class='ocrx_word' id='word_1_758' title='bbox 2933 4381 3081 4448; x_wconf 82' lang='lat' dir='ltr'><strong>regni</strong></span> <span class='ocrx_word' id='word_1_759' title='bbox 3104 4379 3157 4432; x_wconf 90' lang='lat' dir='ltr'><strong>in</strong></span> <span class='ocrx_word' id='word_1_760' title='bbox 3188 4386 3369 4433; x_wconf 89' lang='lat' dir='ltr'><strong>monte</strong></span> 
     </span>
    </p>
   </div>
   <div class='ocr_carea' id='block_1_103' title="bbox 1804 4470 3296 4545">
    <p class='ocr_par' dir='ltr' id='par_1_103' title="bbox 1804 4470 3296 4545">
     <span class='ocr_line' id='line_1_103' title="bbox 1804 4470 3296 4545; baseline -0.012 -6"><span class='ocrx_word' id='word_1_761' title='bbox 1804 4493 2079 4538; x_wconf 90' lang='lat' dir='ltr'><strong>ostensum</strong></span> <span class='ocrx_word' id='word_1_762' title='bbox 2101 4519 2114 4544; x_wconf 92' lang='lat'><strong>,</strong></span> <span class='ocrx_word' id='word_1_763' title='bbox 2145 4479 2197 4532; x_wconf 90' lang='lat' dir='ltr'><strong>id</strong></span> <span class='ocrx_word' id='word_1_764' title='bbox 2225 4485 2337 4541; x_wconf 89' lang='lat' dir='ltr'><strong>est,</strong></span> <span class='ocrx_word' id='word_1_765' title='bbox 2369 4475 2537 4545; x_wconf 84' lang='lat' dir='ltr'><strong>Moysi</strong></span> <span class='ocrx_word' id='word_1_766' title='bbox 2562 4515 2577 4538; x_wconf 91' lang='lat'><strong>,</strong></span> <span class='ocrx_word' id='word_1_767' title='bbox 2603 4474 2730 4527; x_wconf 69' lang='lat' dir='ltr'><strong>Elite</strong></span> <span class='ocrx_word' id='word_1_768' title='bbox 2759 4481 2813 4526; x_wconf 91' lang='lat' dir='ltr'><strong>et</strong></span> <span class='ocrx_word' id='word_1_769' title='bbox 2841 4471 2998 4534; x_wconf 84' lang='lat' dir='ltr'><strong>Jesu,</strong></span> <span class='ocrx_word' id='word_1_770' title='bbox 3030 4470 3296 4524; x_wconf 88' lang='lat' dir='ltr'><strong>consistit.</strong></span> 
     </span>
    </p>
   </div>
   <div class='ocr_carea' id='block_1_104' title="bbox 398 4551 3366 4666">
    <p class='ocr_par' dir='ltr' id='par_1_104' title="bbox 398 4551 3366 4666">
     <span class='ocr_line' id='line_1_104' title="bbox 398 4551 3366 4666; baseline -0.009 -26"><span class='ocrx_word' id='word_1_771' title='bbox 524 4627 595 4638; x_wconf 89' lang='lat'>__</span> <span class='ocrx_word' id='word_1_772' title='bbox 622 4596 859 4652; x_wconf 68' lang='grc' dir='ltr'><strong>Ρναενεε,</strong></span> <span class='ocrx_word' id='word_1_773' title='bbox 913 4593 1154 4666; x_wconf 67' lang='grc' dir='ltr'><strong>(Ηιειι,)</strong></span> <span class='ocrx_word' id='word_1_774' title='bbox 1203 4591 1318 4646; x_wconf 78' lang='lat' dir='ltr'><strong>Non</strong></span> <span class='ocrx_word' id='word_1_775' title='bbox 1376 4588 1471 4643; x_wconf 74' lang='lat' dir='ltr'><strong>ﬁlii</strong></span> <span class='ocrx_word' id='word_1_776' title='bbox 1522 4585 1702 4640; x_wconf 50' lang='lat' dir='ltr'><strong>Maria</strong></span> <span class='ocrx_word' id='word_1_777' title='bbox 1729 4551 1780 4610; x_wconf 81' lang='lat' dir='ltr'><strong>D</strong></span> <span class='ocrx_word' id='word_1_778' title='bbox 1874 4573 2038 4626; x_wconf 69' lang='lat' dir='ltr'><strong>Vens.</strong></span> <span class='ocrx_word' id='word_1_779' title='bbox 2072 4573 2124 4625; x_wconf 71' lang='grc'><strong>4.</strong></span> <span class='ocrx_word' id='word_1_780' title='bbox 2151 4569 2398 4621; x_wconf 85' lang='lat' dir='ltr'><strong>——Aliud</strong></span> <span class='ocrx_word' id='word_1_781' title='bbox 2425 4567 2606 4620; x_wconf 81' lang='lat' dir='ltr'><strong>cecidit</strong></span> <span class='ocrx_word' id='word_1_782' title='bbox 2637 4581 2780 4617; x_wconf 85' lang='lat' dir='ltr'><strong>secus</strong></span> <span class='ocrx_word' id='word_1_783' title='bbox 2807 4564 2973 4623; x_wconf 88' lang='lat' dir='ltr'><strong>viam,</strong></span> <span class='ocrx_word' id='word_1_784' title='bbox 3009 4571 3112 4614; x_wconf 83' lang='lat' dir='ltr'><strong>etc.</strong></span> <span class='ocrx_word' id='word_1_785' title='bbox 3156 4559 3366 4612; x_wconf 90' lang='lat' dir='ltr'><strong>Lucas:</strong></span> 
     </span>
    </p>
   </div>
   <div class='ocr_carea' id='block_1_105' title="bbox 1806 4648 3370 4720">
    <p class='ocr_par' dir='ltr' id='par_1_105' title="bbox 1806 4648 3370 4720">
     <span class='ocr_line' id='line_1_105' title="bbox 1806 4648 3370 4720; baseline -0.013 -2"><span class='ocrx_word' id='word_1_786' title='bbox 1806 4665 1873 4719; x_wconf 84' lang='lat' dir='ltr'><strong>Et</strong></span> <span class='ocrx_word' id='word_1_787' title='bbox 1926 4661 2284 4717; x_wconf 86' lang='lat' dir='ltr'><strong>conculcatum</strong></span> <span class='ocrx_word' id='word_1_788' title='bbox 2335 4665 2444 4720; x_wconf 91' lang='lat' dir='ltr'><strong>est,</strong></span> <span class='ocrx_word' id='word_1_789' title='bbox 2499 4666 2546 4709; x_wconf 89' lang='lat' dir='ltr'><strong>et</strong></span> <span class='ocrx_word' id='word_1_790' title='bbox 2598 4653 2826 4708; x_wconf 85' lang='lat' dir='ltr'><strong>volucres</strong></span> <span class='ocrx_word' id='word_1_791' title='bbox 2881 4650 2993 4702; x_wconf 84' lang='lat' dir='ltr'><strong>caeli</strong></span> <span class='ocrx_word' id='word_1_792' title='bbox 3040 4648 3370 4700; x_wconf 83' lang='lat' dir='ltr'><strong>comederunt</strong></span> 
     </span>
    </p>
   </div>
   <div class='ocr_carea' id='block_1_106' title="bbox 1808 4739 3373 4830">
    <p class='ocr_par' dir='ltr' id='par_1_106' title="bbox 1808 4739 3373 4830">
     <span class='ocr_line' id='line_1_106' title="bbox 1808 4739 3373 4830; baseline -0.012 -20"><span class='ocrx_word' id='word_1_793' title='bbox 1808 4756 1978 4830; x_wconf 88' lang='lat' dir='ltr'><strong>(Luc.</strong></span> <span class='ocrx_word' id='word_1_794' title='bbox 2011 4769 2105 4807; x_wconf 87' lang='lat' dir='ltr'><strong>vm</strong></span> <span class='ocrx_word' id='word_1_795' title='bbox 2129 4752 2168 4820; x_wconf 94' lang='lat'><strong>).</strong></span> <span class='ocrx_word' id='word_1_796' title='bbox 2207 4749 2308 4804; x_wconf 77' lang='lat' dir='ltr'><strong>Via</strong></span> <span class='ocrx_word' id='word_1_797' title='bbox 2354 4762 2537 4812; x_wconf 87' lang='lat' dir='ltr'><strong>mens,</strong></span> <span class='ocrx_word' id='word_1_798' title='bbox 2577 4753 2721 4800; x_wconf 89' lang='lat' dir='ltr'><strong>metu</strong></span> <span class='ocrx_word' id='word_1_799' title='bbox 2761 4740 3055 4796; x_wconf 86' lang='lat' dir='ltr'><strong>carnalium</strong></span> <span class='ocrx_word' id='word_1_800' title='bbox 3092 4739 3373 4808; x_wconf 81' lang='lat' dir='ltr'><strong>cogitatio-</strong></span> 
     </span>
    </p>
   </div>
   <div class='ocr_carea' id='block_1_107' title="bbox 1807 4833 3373 4911">
    <p class='ocr_par' dir='ltr' id='par_1_107' title="bbox 1807 4833 3373 4911">
     <span class='ocr_line' id='line_1_107' title="bbox 1807 4833 3373 4911; baseline -0.014 -3"><span class='ocrx_word' id='word_1_801' title='bbox 1807 4869 1932 4908; x_wconf 89' lang='lat' dir='ltr'><strong>num</strong></span> <span class='ocrx_word' id='word_1_802' title='bbox 1965 4851 2088 4905; x_wconf 89' lang='lat' dir='ltr'><strong>trita</strong></span> <span class='ocrx_word' id='word_1_803' title='bbox 2119 4868 2132 4902; x_wconf 87' lang='lat'><strong>:</strong></span> <span class='ocrx_word' id='word_1_804' title='bbox 2169 4847 2306 4901; x_wconf 91' lang='lat' dir='ltr'><strong>unde</strong></span> <span class='ocrx_word' id='word_1_805' title='bbox 2334 4859 2514 4898; x_wconf 84' lang='lat' dir='ltr'><strong>semen</strong></span> <span class='ocrx_word' id='word_1_806' title='bbox 2544 4841 2684 4911; x_wconf 84' lang='lat' dir='ltr'><strong>perit</strong></span> <span class='ocrx_word' id='word_1_807' title='bbox 2710 4853 2806 4892; x_wconf 90' lang='lat' dir='ltr'><strong>nec</strong></span> <span class='ocrx_word' id='word_1_808' title='bbox 2837 4835 3068 4888; x_wconf 86' lang='lat' dir='ltr'><strong>fructum</strong></span> <span class='ocrx_word' id='word_1_809' title='bbox 3097 4833 3250 4887; x_wconf 78' lang='lat' dir='ltr'><strong>affert</strong></span> <span class='ocrx_word' id='word_1_810' title='bbox 3270 4873 3283 4894; x_wconf 91' lang='lat'><strong>,</strong></span> <span class='ocrx_word' id='word_1_811' title='bbox 3318 4841 3373 4887; x_wconf 87' lang='lat' dir='ltr'><strong>et</strong></span> 
     </span>
    </p>
   </div>
   <div class='ocr_carea' id='block_1_108' title="bbox 1809 4924 3369 5006">
    <p class='ocr_par' dir='ltr' id='par_1_108' title="bbox 1809 4924 3369 5006">
     <span class='ocr_line' id='line_1_108' title="bbox 1809 4924 3369 5006; baseline -0.018 -5"><span class='ocrx_word' id='word_1_812' title='bbox 1809 4963 1839 5002; x_wconf 87' lang='lat' dir='ltr'><strong>a</strong></span> <span class='ocrx_word' id='word_1_813' title='bbox 1869 4943 2172 4999; x_wconf 89' lang='lat' dir='ltr'><strong>volucribus</strong></span> <span class='ocrx_word' id='word_1_814' title='bbox 2211 4938 2439 5006; x_wconf 86' lang='lat' dir='ltr'><strong>rapitur,</strong></span> <span class='ocrx_word' id='word_1_815' title='bbox 2469 4935 2520 4988; x_wconf 92' lang='lat' dir='ltr'><strong>id</strong></span> <span class='ocrx_word' id='word_1_816' title='bbox 2558 4945 2640 4999; x_wconf 86' lang='lat' dir='ltr'><strong>est</strong></span> <span class='ocrx_word' id='word_1_817' title='bbox 2685 4947 2715 4984; x_wconf 89' lang='lat' dir='ltr'><strong>a</strong></span> <span class='ocrx_word' id='word_1_818' title='bbox 2755 4925 3116 4989; x_wconf 66' lang='lat' dir='ltr'><strong>dtemonibus,</strong></span> <span class='ocrx_word' id='word_1_819' title='bbox 3153 4924 3242 4992; x_wconf 90' lang='lat' dir='ltr'><strong>qui</strong></span> <span class='ocrx_word' id='word_1_820' title='bbox 3274 4939 3369 4977; x_wconf 86' lang='lat' dir='ltr'><strong>vo-</strong></span> 
     </span>
    </p>
   </div>
   <div class='ocr_carea' id='block_1_109' title="bbox 1809 5014 3373 5091">
    <p class='ocr_par' dir='ltr' id='par_1_109' title="bbox 1809 5014 3373 5091">
     <span class='ocr_line' id='line_1_109' title="bbox 1809 5014 3373 5091; baseline -0.015 0"><span class='ocrx_word' id='word_1_821' title='bbox 1809 5039 1984 5091; x_wconf 89' lang='lat' dir='ltr'><strong>lucres</strong></span> <span class='ocrx_word' id='word_1_822' title='bbox 2012 5031 2134 5086; x_wconf 65' lang='grc' dir='ltr'><strong>θαέιί</strong></span> <span class='ocrx_word' id='word_1_823' title='bbox 2163 5031 2412 5084; x_wconf 88' lang='lat' dir='ltr'><strong>dicuntur</strong></span> <span class='ocrx_word' id='word_1_824' title='bbox 2459 5025 2571 5078; x_wconf 84' lang='lat' dir='ltr'><strong>sive</strong></span> <span class='ocrx_word' id='word_1_825' title='bbox 2595 5023 2719 5091; x_wconf 88' lang='lat' dir='ltr'><strong>quia</strong></span> <span class='ocrx_word' id='word_1_826' title='bbox 2742 5018 2975 5073; x_wconf 66' lang='lat' dir='ltr'><strong>caelestis</strong></span> <span class='ocrx_word' id='word_1_827' title='bbox 3000 5024 3054 5070; x_wconf 92' lang='lat' dir='ltr'><strong>et</strong></span> <span class='ocrx_word' id='word_1_828' title='bbox 3078 5014 3373 5084; x_wconf 87' lang='lat' dir='ltr'><strong>spiritualis</strong></span> 
     </span>
    </p>
   </div>
   <div class='ocr_carea' id='block_1_110' title="bbox 1808 5110 2880 5187">
    <p class='ocr_par' dir='ltr' id='par_1_110' title="bbox 1808 5110 2880 5187">
     <span class='ocr_line' id='line_1_110' title="bbox 1808 5110 2880 5187; baseline -0.021 -5"><span class='ocrx_word' id='word_1_829' title='bbox 1808 5136 2047 5187; x_wconf 63' lang='lat' dir='ltr'><strong>naturae,</strong></span> <span class='ocrx_word' id='word_1_830' title='bbox 2078 5119 2196 5183; x_wconf 87' lang='lat' dir='ltr'><strong>vel,</strong></span> <span class='ocrx_word' id='word_1_831' title='bbox 2226 5118 2351 5187; x_wconf 86' lang='lat' dir='ltr'><strong>quia</strong></span> <span class='ocrx_word' id='word_1_832' title='bbox 2383 5117 2434 5169; x_wconf 89' lang='lat' dir='ltr'><strong>in</strong></span> <span class='ocrx_word' id='word_1_833' title='bbox 2465 5128 2588 5167; x_wconf 88' lang='lat' dir='ltr'><strong>aere</strong></span> <span class='ocrx_word' id='word_1_834' title='bbox 2616 5110 2880 5164; x_wconf 83' lang='lat' dir='ltr'><strong>habitant.</strong></span> 
     </span>
    </p>
   </div>
   <div class='ocr_carea' id='block_1_111' title="bbox 1879 5194 3373 5268">
    <p class='ocr_par' dir='ltr' id='par_1_111' title="bbox 1879 5194 3373 5268">
     <span class='ocr_line' id='line_1_111' title="bbox 1879 5194 3373 5268; baseline -0.014 0"><span class='ocrx_word' id='word_1_835' title='bbox 1879 5214 2045 5268; x_wconf 71' lang='lat' dir='ltr'><strong>Vens.</strong></span> <span class='ocrx_word' id='word_1_836' title='bbox 2089 5210 2174 5264; x_wconf 79' lang='grc'><strong>15.</strong></span> <span class='ocrx_word' id='word_1_837' title='bbox 2206 5238 2275 5247; x_wconf 93' lang='grc'><strong>-</strong></span> <span class='ocrx_word' id='word_1_838' title='bbox 2307 5206 2377 5259; x_wconf 82' lang='lat' dir='ltr'><strong>Hi</strong></span> <span class='ocrx_word' id='word_1_839' title='bbox 2424 5214 2629 5265; x_wconf 82' lang='lat' dir='ltr'><strong>autem,</strong></span> <span class='ocrx_word' id='word_1_840' title='bbox 2680 5209 2785 5255; x_wconf 86' lang='lat' dir='ltr'><strong>etc.</strong></span> <span class='ocrx_word' id='word_1_841' title='bbox 2837 5197 3174 5252; x_wconf 83' lang='lat' dir='ltr'><strong>Diﬂ‘ereutias</strong></span> <span class='ocrx_word' id='word_1_842' title='bbox 3221 5194 3373 5264; x_wconf 90' lang='lat' dir='ltr'><strong>ponit</strong></span> 
     </span>
    </p>
   </div>
   <div class='ocr_carea' id='block_1_112' title="bbox 1811 5289 3376 5372">
    <p class='ocr_par' dir='ltr' id='par_1_112' title="bbox 1811 5289 3376 5372">
     <span class='ocr_line' id='line_1_112' title="bbox 1811 5289 3376 5372; baseline -0.014 -10"><span class='ocrx_word' id='word_1_843' title='bbox 1811 5321 1998 5372; x_wconf 85' lang='lat' dir='ltr'><strong>eorum</strong></span> <span class='ocrx_word' id='word_1_844' title='bbox 2025 5302 2117 5371; x_wconf 89' lang='lat' dir='ltr'><strong>qui</strong></span> <span class='ocrx_word' id='word_1_845' title='bbox 2145 5299 2369 5354; x_wconf 90' lang='lat' dir='ltr'><strong>audiunt</strong></span> <span class='ocrx_word' id='word_1_846' title='bbox 2400 5295 2640 5349; x_wconf 87' lang='lat' dir='ltr'><strong>verbum.</strong></span> <span class='ocrx_word' id='word_1_847' title='bbox 2672 5292 2807 5346; x_wconf 90' lang='lat' dir='ltr'><strong>Sunt</strong></span> <span class='ocrx_word' id='word_1_848' title='bbox 2835 5298 3011 5344; x_wconf 89' lang='lat' dir='ltr'><strong>autem</strong></span> <span class='ocrx_word' id='word_1_849' title='bbox 3036 5289 3250 5359; x_wconf 87' lang='lat' dir='ltr'><strong>quidam</strong></span> <span class='ocrx_word' id='word_1_850' title='bbox 3273 5327 3287 5353; x_wconf 94' lang='lat'><strong>,</strong></span> <span class='ocrx_word' id='word_1_851' title='bbox 3315 5297 3376 5341; x_wconf 88' lang='lat' dir='ltr'><strong>ut</strong></span> 
     </span>
    </p>
   </div>
   <div class='ocr_carea' id='block_1_113' title="bbox 1811 5388 2591 5470">
    <p class='ocr_par' dir='ltr' id='par_1_113' title="bbox 1811 5388 2591 5470">
     <span class='ocr_line' id='line_1_113' title="bbox 1811 5388 2591 5470; baseline -0.018 -18"><span class='ocrx_word' id='word_1_852' title='bbox 1811 5397 2036 5470; x_wconf 87' lang='lat' dir='ltr'><strong>gentiles</strong></span> <span class='ocrx_word' id='word_1_853' title='bbox 2055 5434 2069 5458; x_wconf 90' lang='lat'><strong>,</strong></span> <span class='ocrx_word' id='word_1_854' title='bbox 2102 5393 2193 5462; x_wconf 90' lang='lat' dir='ltr'><strong>qui</strong></span> <span class='ocrx_word' id='word_1_855' title='bbox 2223 5404 2322 5444; x_wconf 86' lang='lat' dir='ltr'><strong>nec</strong></span> <span class='ocrx_word' id='word_1_856' title='bbox 2349 5388 2591 5442; x_wconf 89' lang='lat' dir='ltr'><strong>audiunt.</strong></span> 
     </span>
    </p>
   </div>
   <div class='ocr_carea' id='block_1_114' title="bbox 1883 5472 3378 5548">
    <p class='ocr_par' dir='ltr' id='par_1_114' title="bbox 1883 5472 3378 5548">
     <span class='ocr_line' id='line_1_114' title="bbox 1883 5472 3378 5548; baseline -0.011 -6"><span class='ocrx_word' id='word_1_857' title='bbox 1883 5487 2046 5542; x_wconf 74' lang='lat' dir='ltr'><strong>Vsus.</strong></span> <span class='ocrx_word' id='word_1_858' title='bbox 2081 5485 2166 5539; x_wconf 89' lang='grc'><strong>19.</strong></span> <span class='ocrx_word' id='word_1_859' title='bbox 2197 5512 2268 5522; x_wconf 94' lang='lat'><strong>-—</strong></span> <span class='ocrx_word' id='word_1_860' title='bbox 2295 5479 2514 5548; x_wconf 84' lang='lat' dir='ltr'><strong>Reliqua</strong></span> <span class='ocrx_word' id='word_1_861' title='bbox 2558 5476 3015 5540; x_wconf 74' lang='lat' dir='ltr'><strong>concupiscentiae,</strong></span> <span class='ocrx_word' id='word_1_862' title='bbox 3069 5481 3174 5528; x_wconf 87' lang='lat' dir='ltr'><strong>etc.</strong></span> <span class='ocrx_word' id='word_1_863' title='bbox 3223 5472 3378 5540; x_wconf 86' lang='lat' dir='ltr'><strong>Quod</strong></span> 
     </span>
    </p>
   </div>
   <div class='ocr_carea' id='block_1_115' title="bbox 1813 5566 3376 5652">
    <p class='ocr_par' dir='ltr' id='par_1_115' title="bbox 1813 5566 3376 5652">
     <span class='ocr_line' id='line_1_115' title="bbox 1813 5566 3376 5652; baseline -0.012 -16"><span class='ocrx_word' id='word_1_864' title='bbox 1813 5587 2138 5652; x_wconf 71' lang='lat' dir='ltr'><strong>prmceptum</strong></span> <span class='ocrx_word' id='word_1_865' title='bbox 2183 5581 2285 5629; x_wconf 91' lang='lat' dir='ltr'><strong>est.</strong></span> <span class='ocrx_word' id='word_1_866' title='bbox 2328 5570 2643 5640; x_wconf 64' lang='lat' dir='ltr'><strong>Praecipitur</strong></span> <span class='ocrx_word' id='word_1_867' title='bbox 2679 5568 2821 5622; x_wconf 90' lang='lat' dir='ltr'><strong>enim</strong></span> <span class='ocrx_word' id='word_1_868' title='bbox 2853 5586 2866 5621; x_wconf 90' lang='lat'><strong>:</strong></span> <span class='ocrx_word' id='word_1_869' title='bbox 2910 5566 3249 5636; x_wconf 77' lang='lat' dir='ltr'><strong>Concupisces</strong></span> <span class='ocrx_word' id='word_1_870' title='bbox 3288 5583 3376 5618; x_wconf 87' lang='lat' dir='ltr'><strong>sa-</strong></span> 
     </span>
    </p>
   </div>
   <div class='ocr_carea' id='block_1_116' title="bbox 1814 5649 3378 5742">
    <p class='ocr_par' dir='ltr' id='par_1_116' title="bbox 1814 5649 3378 5742">
     <span class='ocr_line' id='line_1_116' title="bbox 1814 5649 3378 5742; baseline -0.014 -16"><span class='ocrx_word' id='word_1_871' title='bbox 1814 5649 2060 5742; x_wconf 76' lang='lat' dir='ltr'><strong>pientiam</strong></span> <span class='ocrx_word' id='word_1_872' title='bbox 2085 5649 2278 5721; x_wconf 10' lang='lat' dir='ltr'><strong>:iserva</strong></span> <span class='ocrx_word' id='word_1_873' title='bbox 2309 5661 2558 5715; x_wconf 86' lang='lat' dir='ltr'><strong>mandata</strong></span> <span class='ocrx_word' id='word_1_874' title='bbox 2587 5659 2779 5730; x_wconf 81' lang='lat' dir='ltr'><strong>(Prov.</strong></span> <span class='ocrx_word' id='word_1_875' title='bbox 2809 5655 2952 5727; x_wconf 84' lang='lat' dir='ltr'><strong>vn),</strong></span> <span class='ocrx_word' id='word_1_876' title='bbox 2985 5664 3092 5710; x_wconf 90' lang='lat' dir='ltr'><strong>etc.</strong></span> <span class='ocrx_word' id='word_1_877' title='bbox 3123 5656 3187 5709; x_wconf 86' lang='lat' dir='ltr'><strong>Et</strong></span> <span class='ocrx_word' id='word_1_878' title='bbox 3214 5654 3336 5707; x_wconf 87' lang='lat' dir='ltr'><strong>alibi</strong></span> <span class='ocrx_word' id='word_1_879' title='bbox 3365 5669 3378 5704; x_wconf 88' lang='lat'>:</span> 
     </span>
    </p>
   </div>
   <div class='ocr_carea' id='block_1_117' title="bbox 1816 5747 3386 5825">
    <p class='ocr_par' dir='ltr' id='par_1_117' title="bbox 1816 5747 3386 5825">
     <span class='ocr_line' id='line_1_117' title="bbox 1816 5747 3386 5825; baseline -0.013 -10"><span class='ocrx_word' id='word_1_880' title='bbox 1816 5760 2010 5815; x_wconf 81' lang='lat' dir='ltr'><strong>Beatus</strong></span> <span class='ocrx_word' id='word_1_881' title='bbox 2040 5757 2117 5813; x_wconf 86' lang='lat' dir='ltr'><strong>vir</strong></span> <span class='ocrx_word' id='word_1_882' title='bbox 2145 5756 2232 5825; x_wconf 85' lang='lat' dir='ltr'><strong>qui</strong></span> <span class='ocrx_word' id='word_1_883' title='bbox 2260 5755 2402 5808; x_wconf 88' lang='lat' dir='ltr'><strong>timet</strong></span> <span class='ocrx_word' id='word_1_884' title='bbox 2442 5751 2756 5816; x_wconf 88' lang='lat' dir='ltr'><strong>Dominum,</strong></span> <span class='ocrx_word' id='word_1_885' title='bbox 2785 5750 2837 5802; x_wconf 86' lang='lat' dir='ltr'><strong>in</strong></span> <span class='ocrx_word' id='word_1_886' title='bbox 2867 5747 3130 5800; x_wconf 84' lang='lat' dir='ltr'><strong>ntandatis</strong></span> <span class='ocrx_word' id='word_1_887' title='bbox 3159 5747 3270 5814; x_wconf 82' lang='lat' dir='ltr'><strong>ejus</strong></span> <span class='ocrx_word' id='word_1_888' title='bbox 3300 5760 3386 5796; x_wconf 77' lang='lat' dir='ltr'><strong>vo-</strong></span> 
     </span>
    </p>
   </div>
  </div>
