3960 6336
571 355 672 411 195

1062 341 1452 403 WALAFRIDI
1491 337 1738 396 STRABI
1774 337 1978 394 FULD.
2019 335 2183 394 MON.
2221 332 2370 390 OPP.
2414 332 2593 389 PARS
2631 333 2672 388 I.
2712 360 2780 371 —-
2819 327 3272 386 THEOLOGICA.

3705 328 3806 386 196

570 466 637 521 let
669 465 821 519 nimis
853 459 1034 533 (Psal.
1065 460 1180 530 ιιι).
1212 457 1306 510 Hae
1346 451 1791 524 concupiscentia:
1816 452 1970 506 bonae
1997 463 2012 503 :
2043 448 2134 517 qui
2162 455 2211 515 Α
2312 445 2472 499 Vens.
2507 445 2594 498 52.
2623 473 2693 484 -—
2715 441 2996 508 Ascendit,
3033 448 3139 498 etc.
3180 441 3310 508 Quae
3347 438 3664 507 altitudine,
3692 454 3804 494 am-

570 559 772 626 reliqua
801 552 1161 621 concupiscit,
1189 550 1426 604 aberrat.

643 647 807 700 Vens.
839 644 928 697 21.
955 673 986 681 -
1051 641 1303 704 Lucerna,
1332 647 1436 692 etc.
1479 634 1682 706 (Ηιιειι.)
1721 634 1963 689 Lucerna
2002 645 2134 710 ver-

569 741 697 794 bum
751 736 865 790 Dei.
915 732 1123 787 Modius
1167 742 1260 785 aut
1306 730 1513 793 lectus,
1565 728 1778 782 auditus
1826 724 2136 779 iuobcdicn-

571 831 726 884 tium.
756 825 1152 880 Candelabrum
1173 863 1186 888 ,
1215 822 1479 892 apostoli,
1507 835 1642 889 quos
1669 817 1989 873 illuminavit
2017 830 2134 870 ver-

565 920 694 974 bum
725 915 839 970 Dei.
862 913 1252 968 Absconditum
1278 920 1332 966 et
1359 909 1629 966 occultum
1647 949 1661 974 ,
1685 909 1826 978 quod
1857 907 2038 978 palam
2075 905 2136 960 ﬁt

565 1024 688 1062 cum
719 1021 748 1058 a
779 1004 1006 1058 Domino
1038 1011 1320 1058 tractatur.

633 1097 652 1167 (
682 1097 849 1150 BEDA.
881 1094 899 1165 )
937 1094 1174 1159 Modius,
1209 1094 1318 1146 vita
1357 1100 1543 1146 nostra
1583 1090 1761 1145 divina
1795 1086 2133 1159 prazscientia

561 1196 889 1243 mensurata.
930 1186 1161 1251 Lectus,
1201 1200 1357 1247 caro,
1401 1184 1456 1238 in
1495 1197 1635 1251 qua,
1674 1190 1780 1236 etc.
1809 1221 1825 1247 ,
1866 1195 2027 1250 usque
2062 1177 2130 1231 ad

559 1277 685 1346 quia
721 1276 770 1330 ei
797 1275 978 1330 carnis
1009 1271 1471 1343 concupiscentias
1496 1270 1774 1340 praeponit.

633 1365 823 1419 Nonne
857 1374 912 1418 ut
949 1380 1103 1432 super
1139 1361 1511 1416 candelabrum
1543 1361 1816 1431 ponatur?
1851 1357 1972 1430 (In.
2000 1356 2019 1428 )
2062 1354 2134 1412 Ut

561 1455 868 1509 dominetur
895 1453 1208 1524 praedicatio
1236 1451 1516 1515 veritatis,
1548 1449 1720 1504 subsit
1749 1449 1979 1504 servitus
2007 1461 2129 1502 cor-

557 1549 735 1619 poris,
766 1563 863 1618 per
890 1562 1050 1616 quam
1082 1555 1264 1600 tamen
1295 1542 1558 1598 excelsior
1586 1549 1842 1611 appareat
1886 1538 2129 1595 doctrina

557 1649 813 1709 tanquam
843 1654 942 1710 per
969 1637 1352 1693 candelabrum
1382 1634 1620 1687 lucerna.

627 1729 793 1783 Vnns.
821 1728 914 1782 22.
939 1757 1012 1768 —
1037 1724 1161 1780 Non
1210 1733 1297 1779 est-
1335 1725 1472 1777 enim
1516 1721 1718 1791 aliquid
1742 1760 1758 1786 ,
1805 1726 1912 1774 etc.
1960 1717 2128 1784 Quasi

2237 539 2520 608 plitudine,
2539 537 2844 592 annositate
2858 534 3189 591 transcendit
3209 534 3500 589 herbarum
3522 543 3770 588 naturam
3787 554 3800 588 :

2235 631 2360 684 Alta
2406 640 2520 695 est,
2565 629 2693 699 quia
2722 630 2789 682 ad
2824 629 3064 684 caelestia
3109 626 3370 691 sustollit;
3419 626 3631 697 ampla,
3679 627 3806 695 quia

2235 730 2405 777 totum
2437 722 2694 776 mundum
2723 721 3035 790 occupavit;
3061 732 3284 784 annosa,
3311 717 3437 787 quia
3467 732 3576 772 non
3609 726 3806 788 poterit

2235 813 2399 868 ﬁniri.
2439 811 2702 866 Oleribus.
2742 813 2949 882 (BEDA.
2979 810 2997 881 )
3033 809 3428 878 Philosophicis
3466 808 3765 879 disciplinis
3787 849 3802 874 ,

2235 919 2355 973 qua:
2385 911 2532 957 tanto
2563 903 2804 972 apertius
2833 907 3185 964 excrescunt,
3221 899 3439 954 viliores
3470 898 3608 953 ﬁunt
3633 917 3645 953 :
3678 900 3803 969 quia

2235 995 2374 1050 sicut
2401 995 2550 1050 olera
2580 995 3006 1050 herbarumtcito
3035 992 3304 1048 decident.

2303 1087 2464 1142 Vens.
2494 1084 2794 1141 54.—Sine
2823 1083 3091 1155 parabola.
3121 1082 3256 1154 (10.)
3286 1080 3403 1138 Non
3430 1083 3573 1152 quod
3601 1082 3805 1137 nullum

2231 1193 2538 1234 sermonem
2574 1178 2746 1233 turbis
2779 1186 3024 1247 apertum
3064 1175 3301 1239 faceret,
3340 1176 3433 1230 sed
3467 1175 3594 1244 quia
3629 1174 3806 1230 nullus

2234 1283 2413 1322 sermo
2442 1268 2558 1338 ejus
2587 1268 2860 1323 invenitur
2895 1268 2951 1322 in
2988 1282 3095 1336 quo
3129 1264 3329 1334 aliquid
3375 1264 3650 1334 parabolae
3697 1279 3807 1320 non

2234 1360 2562 1414 inveniatur.

2303 1447 2550 1504 Seorsum
2578 1458 2751 1503 autem
2779 1447 3041 1519 discipuli.
3091 1447 3108 1516 (
3131 1447 3287 1502 Hmn.
3312 1445 3332 1518 )
3373 1445 3453 1500 Illi
3481 1446 3628 1501 enim
3657 1446 3805 1517 digni

2232 1548 2389 1597 erant
2416 1541 2604 1594 audire
2630 1540 2881 1610 mysteria
2913 1539 2969 1592 in
3000 1537 3189 1592 intimo
3213 1536 3476 1606 penetrali
3503 1537 3804 1606 sapientiae,

2231 1632 2321 1702 qui
2341 1672 2355 1698 ,
2384 1633 2606 1687 remotis
2634 1631 3022 1702 cogitationum
3064 1629 3403 1694 tumultibus,
3432 1644 3488 1683 tn
3515 1629 3807 1684 solitudine

2230 1726 2489 1781 virtutum
2526 1726 2934 1796 permanebant.
2975 1724 3249 1794 Sapientia
3287 1723 3432 1778 enim
3464 1721 3632 1777 estin
3662 1730 3806 1776 tem-

556 1822 700 1876 dicat
729 1839 742 1874 :
794 1819 972 1874 Nolite
1019 1819 1345 1872 erubescere
1395 1813 1741 1884 Evangelium
1761 1852 1776 1877 ,
1827 1811 1953 1880 quia
1991 1810 2126 1864 nihil
2155 1801 2202 1860 B
2229 1831 2358 1887 ροιιε
2387 1817 2482 1870 om
2513 1816 2788 1870 discenda,

554 1910 826 1965 occultum
870 1909 1060 1972 modo,
1111 1907 1254 1976 quod
1300 1920 1407 1959 non
1456 1903 1551 1958 ﬁat
1597 1901 1774 1972 palam
1811 1900 1866 1956 in
1896 1901 2122 1970 judicio,

553 2001 769 2072 quando
802 1998 1120 2054 illuminabit
1151 1999 1292 2050 Deus
1328 1995 1634 2049 abscondita
1673 1992 2037 2057 tenebrarum,
2077 2000 2128 2045 et

555 2089 912 2157 manifestabit
954 2086 1174 2142 consilia
1209 2086 1444 2140 cordium
1484 2082 1720 2151 (Matth.
1750 2085 1866 2149 x);
1904 2081 1996 2136 ubi
2032 2096 2126 2136 vo-

556 2179 641 2234 bis
671 2194 700 2232 a
728 2179 840 2232 Deo
870 2177 1018 2243 laus,
1051 2176 1159 2230 illis
1190 2182 1368 2228 autem
1399 2186 1559 2242 poena
1588 2180 1810 2224 acterna.

628 2268 790 2323 Vens.
819 2268 912 2322 24.
937 2297 1008 2308 -
1032 2266 1100 2320 In
1135 2282 1240 2335 qua
1289 2280 1532 2317 mensura
1556 2303 1572 2326 ,
1601 2269 1708 2317 etc.
1754 2261 1774 2331 (
1797 2261 1954 2315 Huan.
1979 2259 1998 2331 )
2027 2260 2122 2315 Et-

552 2365 696 2418 enim
725 2362 1016 2417 secundum
1046 2373 1353 2414 mensuram
1387 2356 1510 2410 ﬁdei
1547 2355 1834 2424 unicuique
1871 2354 2129 2408 dividitur

551 2452 903 2522 intelligentia
929 2449 1340 2521 mysteriorum,
1364 2454 1420 2500 et
1440 2443 1723 2512 adjicietur
1748 2444 1902 2500 nobis
1927 2443 2127 2496 donum

552 2543 796 2600 scientiae
815 2583 830 2608 ,
862 2541 1024 2596 etiam
1057 2539 1379 2608 adjicientur
1407 2536 1654 2590 virtutes.

621 2633 787 2687 Vnns.
809 2631 899 2686 25.
924 2661 994 2672 —
1016 2629 1118 2695 Qui
1149 2628 1286 2682 enim
1313 2627 1464 2680 habet
1485 2664 1501 2691 ,
1529 2633 1638 2680 etc.
1671 2623 1888 2680 Scilicet
1925 2622 2018 2693 qui
2057 2621 2126 2676 ﬁ-

553 2723 677 2777 dem
724 2722 917 2784 habet,
961 2719 1180 2774 habebit
1227 2725 1515 2780 virtutem,
1562 2723 1619 2768 et
1658 2715 1752 2784 qui
1795 2715 1960 2768 habet
1992 2727 2127 2781 opus

551 2813 739 2877 verbi,
771 2810 991 2865 habebit
1040 2806 1448 2876 intelligentiam
1477 2803 1742 2874 mysterii.
1773 2804 1842 2857 Et
1869 2811 2124 2867 econtra,

551 2899 647 2970 qui
674 2915 782 2954 non
810 2899 973 2954 habet
999 2897 1157 2951 ﬁdem
1176 2936 1192 2962 ,
1221 2896 1403 2950 deﬁcit
1431 2895 1666 2959 virtute;
1699 2901 1754 2948 et
1779 2893 1870 2962 qui
1897 2909 2004 2948 non
2031 2893 2127 2947 ha-

551 2991 642 3046 bet
679 3003 813 3058 opus
847 2987 995 3042 verbi
1027 2985 1143 3055 ejus
1180 2985 1530 3056 intelligentia
1568 2992 1759 3050 caret;
1791 2992 1846 3038 et
1889 2983 1984 3054 qui
2018 2997 2126 3038 non

552 3079 840 3149 intelligit,
872 3078 1112 3132 auditum
1144 3076 1351 3146 perdit,
1385 3090 1450 3131 ac
1476 3075 1521 3129 si
1549 3089 1656 3128 non
1687 3075 1942 3129 audisset.

2297 1910 2462 1964 Vens.
2503 1907 2590 1962 '56.
2623 1906 2783 1962 —ln
2819 1907 2955 1960 navi.
2995 1904 3208 1976 (Βειιλ.)
3255 1903 3553 1974 Allegorice
3599 1921 3612 1956 :
3654 1902 3806 1958 Mare

2226 1999 2408 2056 sasculi
2455 2008 2640 2054 aestus.
2691 1997 2983 2063 Navicula,
3033 2011 3170 2052 crux
3214 2011 3319 2065 qua
3373 1995 3562 2050 mundi
3606 1993 3804 2050 ﬂuctus

2226 2090 2570 2146 ascendimus
2600 2097 2655 2145 et
2683 2090 2750 2144 ad
2782 2090 2936 2144 littus
2958 2089 3150 2158 patriae
3172 2087 3409 2144 caelestis
3433 2088 3800 2157 pervenimus.

2224 2182 2357 2236 Aliae
2383 2195 2578 2246 naves,
2611 2187 2716 2235 etc.
2738 2221 2752 2246 ,
2783 2196 2944 2250 usque
2974 2181 3043 2234 ad
3075 2187 3231 2235 erant
3258 2180 3401 2233 enim
3432 2177 3660 2233 forsitan
3689 2179 3803 2234 illa:

2226 2287 2393 2326 naves
2438 2286 2610 2340 nuper
2651 2271 2805 2326 factae
2838 2281 2894 2326 et
2927 2271 2980 2325 in
3020 2277 3232 2339 portum
3273 2277 3479 2322 tantum
3518 2269 3799 2335 deductae,

2226 2360 2310 2415 vel
2340 2368 2461 2429 post
2489 2360 2655 2414 maris
2683 2356 2921 2430 pericula
2951 2359 3017 2414 ad
3045 2367 3258 2428 portum
3289 2358 3544 2413 reductae.

2297 2450 2464 2505 Vens.
2493 2449 2584 2504 58.
2607 2479 2678 2488 —
2704 2448 2771 2502 In
2799 2449 2976 2519 puppi.
3027 2448 3226 2519 (Htsn.
3253 2453 3272 2519 )
3318 2447 3517 2518 Puppis
3565 2450 3801 2520 mortuis

2225 2537 2453 2607 pellibus
2500 2537 2652 2592 vivos
2695 2537 2938 2592 continet
2981 2546 3035 2592 et
3076 2536 3271 2592 ﬂuctus
3320 2546 3506 2603 arcet,
3553 2545 3606 2592 et
3649 2539 3802 2610 ligno

2227 2627 2504 2690 solidatur,
2537 2634 2667 2692 etc.,
2704 2643 2866 2698 usque
2898 2626 3007 2681 ad:
3035 2625 3406 2696 Tranquillitas
3439 2643 3660 2698 magna;
3684 2644 3799 2698 pax

2227 2717 2484 2772 Ecclesia:
2510 2725 2632 2788 post
2662 2731 2968 2787 prcssuras,
2994 2717 3108 2772 sive
3131 2717 3373 2774 theorica
3401 2726 3525 2788 post
3559 2719 3798 2775 activam

2227 2811 2412 2864 vitam.

2297 2903 2592 2958 Dormiens.
2631 2903 2878 2976 (ΒΕΒΔ.)
2912 2903 3199 2973 Discipulis
3235 2903 3610 2974 navigantibus
3635 2905 3800 2961 Chri-

2227 3002 2342 3050 stus
2375 2995 2644 3050 obdormit
2667 3036 2682 3061 ,
2719 2996 2845 3065 quia
2884 2994 3133 3051 ﬁdelibus
3170 2995 3323 3065 regni
3357 2996 3523 3050 futuri
3557 2997 3798 3065 quietem

2227 3087 2611 3142 meditantibus
2659 3095 2714 3142 et
2757 3086 2991 3156 Spiritus
3037 3086 3208 3142 sancti
3251 3087 3488 3142 secundo
3532 3087 3663 3142 ﬂatu
3707 3089 3798 3144 vel

621 3167 784 3223 Vens.
811 3167 898 3222 26.
928 3196 996 3208 -—
1016 3165 1104 3221 Sic
1129 3176 1203 3220 est
1232 3181 1442 3236 regnum
1468 3165 1586 3219 Dei.
1616 3164 1819 3236 (Ηιειι.)
1845 3163 2117 3232 Scriptura

2236 3177 2452 3247 remigio
2496 3177 2696 3246 proprii
2745 3184 2969 3232 conatus
3011 3176 3196 3230 mundi
3239 3174 3432 3231 ﬂuctus
3479 3185 3604 3245 post
3645 3185 3800 3248 terga

551 3260 730 3315 tivina
769 3273 865 3329 per
905 3267 1147 3313 terrenas
1183 3257 1564 3311 similitudines
1590 3266 1856 3312 monstrat
1881 3255 2122 3311 caelestia

549 3359 922 3414 sacramenta,
960 3350 1101 3404 sicut
1132 3361 1230 3418 per
1269 3356 1439 3404 totum
1475 3347 1888 3418 Evangeliorum
1926 3361 2124 3414 corpus

548 3450 780 3496 constat.
818 3441 1047 3511 Regnum
1081 3440 1178 3493 Dei
1215 3446 1299 3493 est
1334 3428 1592 3492 Ecclesia,
1612 3453 1730 3506 quae
1749 3477 1765 3503 ,
1795 3445 1898 3491 etc.
1918 3477 1932 3500 ,
1961 3451 2122 3505 usque

548 3533 617 3585 ad
645 3546 662 3583 :
693 3531 953 3596 Quoniam
983 3531 1126 3583 adest
1153 3529 1351 3592 messis,
1383 3527 1436 3582 id
1467 3536 1552 3582 est
1590 3526 1983 3581 consummatio
2015 3540 2118 3579 sae-

546 3624 686 3688 culi,
717 3623 772 3676 in
809 3637 914 3692 qua
942 3621 1073 3689 justi
1107 3621 1413 3692 gaudebunt
1449 3620 1541 3690 qui
1579 3620 1634 3674 in
1671 3619 1924 3690 lacrymis
1957 3619 2120 3674 semi-

546 3726 790 3766 naverun
799 3720 838 3765 ι.

614 3803 778 3858 Vens.
809 3804 901 3858 29.
925 3832 997 3842 —
1023 3801 1190 3856 Mittit
1222 3801 1428 3872 falcem.
1470 3802 1671 3873 (Vter.
1710 3801 1892 3873 Aur.)
1927 3801 2118 3858 Messis

546 3895 760 3964 quidem
803 3905 1013 3964 tempus
1049 3893 1556 3959 consummationis,
1596 3891 1703 3947 falx
1751 3892 1845 3947 Dei
1892 3893 2116 3948 verbum

543 3988 691 4041 omni
743 3987 921 4057 gladio
971 3987 1193 4057 ancipiti
1237 3985 1642 4056 penetrabilius.
1694 3984 1958 4040 Caeterum
2005 3984 2114 4040 falx

544 4078 646 4132 hoc
673 4076 790 4131 loco
830 4092 938 4131 non
967 4077 1218 4142 denotat,
1249 4084 1378 4140 etc.,
1415 4091 1576 4146 usque
1612 4075 1681 4128 ad
1731 4090 1920 4130 omnes
1968 4075 2112 4131 enim

541 4161 720 4218 ferunt
747 4161 1073 4218 frumentum
1091 4201 1106 4227 ,
1135 4163 1236 4216 etsi
1265 4178 1369 4216 non
1394 4175 1544 4230 teque
1574 4160 1798 4214 multum
1828 4175 2036 4215 omnes.

613 4255 775 4308 Vens.
812 4253 900 4306 51.
929 4284 999 4292 —
1025 4252 1172 4306 Sicut
1220 4269 1461 4322 granum.
1503 4251 1744 4323 (Ηιειι.)
1782 4251 1895 4307 Hoc
1928 4267 2112 4308 semen

542 4345 741 4398 iterum
775 4351 1054 4412 comparat
1086 4357 1255 4412 grano
1292 4341 1524 4411 sinapis,
1560 4343 1703 4410 quod
1729 4341 2018 4396 minimum
2055 4342 2112 4396 in

544 4435 736 4488 timore
768 4443 882 4498 est,
915 4449 1168 4504 magnum
1204 4433 1258 4486 in
1297 4434 1594 4498 cbaritate,
1646 4449 1765 4503 qua:
1811 4433 1983 4504 major
2027 4441 2110 4489 est

2217 3269 2583 3340 jacrantibus,
2614 3268 2793 3324 subito
2829 3268 3032 3323 Christi
3063 3268 3243 3336 passio
3279 3268 3522 3331 advenit,
3561 3283 3668 3338 quo
3699 3283 3797 3324 as-

2222 3362 2514 3426 cendente,
2551 3369 2691 3427 etc.,
2731 3377 2892 3432 usque
2929 3360 2997 3414 ad
3029 3360 3122 3414 sed
3157 3360 3222 3414 ad
3261 3361 3677 3430 gubernatorem
3707 3376 3799 3415 re-

2221 3465 2534 3517 curramus,
2570 3451 2718 3505 illum
2754 3450 2938 3506 sedulo
2968 3451 3297 3514 excitemus,
3331 3451 3422 3520 qui
3454 3464 3561 3505 non
3591 3450 3796 3516 servit,

2221 3542 2315 3596 sed
2344 3543 2572 3611 imperat
2600 3542 2774 3597 ventis
2793 3581 2808 3607 ,
2839 3542 2931 3611 qui
2959 3541 3138 3596 omnia
3168 3541 3379 3596 sedabit
3400 3579 3416 3606 ,
3435 3540 3539 3611 'qui
3572 3549 3794 3611 portum

2220 3631 2410 3686 salutis
2439 3621 2754 3702 indulgebit.

2290 3721 2451 3776 Vens.
2483 3720 2576 3776 39.
2629 3751 2678 3760 —-
2707 3720 2874 3787 Tace,
2912 3721 3219 3776 obmutesce.
3261 3721 3397 3777 Nota
3433 3722 3576 3792 quod
3613 3724 3798 3778 omnis

2217 3822 2461 3868 creatura
2487 3814 2651 3869 sentit
2674 3815 2955 3884 imperium
2981 3813 3274 3869 Creatoris.
3299 3813 3416 3868 Non
3441 3817 3583 3884 quod
3606 3816 3795 3870 omnia

2217 3907 2472 3973 animata,
2498 3915 2558 3961 ut
2583 3908 2913 3963 mentiuntur
2934 3908 3174 3962 haeretici
3195 3946 3210 3971 ,
3235 3908 3330 3962 sed
3355 3907 3638 3977 majestate
3661 3923 3798 3962 con—

2216 3997 2407 4051 ditoris
2433 4012 2551 4066 qua:
2578 3997 2733 4052 nobis
2763 3997 3095 4052 insensibilia
3114 4038 3128 4064 ,
3161 3997 3236 4052 illi
3265 4007 3390 4053 sunt
3420 3999 3716 4054 seusibilia.

2285 4086 2447 4141 Vens.
2479 4086 2568 4140 40.
2593 4117 2664 4126 —
2691 4085 2828 4152 Quid
2855 4088 3022 4141 timidi
3050 4090 3171 4142 estis
3195 4090 3219 4141 ?
3249 4087 3484 4159 (BEDA.)
3512 4087 3678 4154 Quasi
3703 4088 3792 4143 di-

2213 4183 2303 4231 cat
2326 4190 2340 4228 :
2364 4175 2501 4242 Quid
2526 4190 2612 4230 me
2637 4185 2900 4245 praesente
2927 4177 3161 4232 timetis?
3181 4176 3277 4233 Cui
3304 4177 3480 4233 simile
3501 4186 3586 4232 est
3605 4218 3621 4243 ,
3645 4179 3795 4247 quod

2211 4273 2332 4336 post
2362 4265 2810 4320 resurrectionem
2839 4265 3167 4335 exprobravit
3208 4265 3625 4320 incredulitatem
3666 4265 3791 4320 illo-

2214 4372 2358 4420 rum,
2404 4365 2450 4408 et
2496 4356 2748 4410 duritiam
2791 4358 2997 4422 cordis,
3034 4357 3158 4427 quia
3193 4357 3247 4410 Iti
3275 4358 3363 4428 qui
3393 4357 3634 4411 viderunt
3669 4374 3790 4412 eum

2213 4462 2506 4515 resurgere,
2563 4463 2664 4499 non
2703 4447 3031 4501 crediderunt
3070 4446 3282 4518 (Marc.
3316 4462 3405 4501 xvr
3428 4448 3469 4518 ).
3506 4447 3741 4502 Iit-item
3773 4468 3786 4503 :

541 4525 792 4579 omnibus
821 4524 1088 4586 oleribus,
1124 4524 1247 4592 quia
1278 4524 1418 4578 Deus
1447 4524 1684 4578 Charitas
1707 4532 1820 4590 est,
1851 4533 1906 4579 et
1933 4525 2110 4581 omnis
2137 4504 2187 4562 Ῑ)
2215 4534 2259 4590 0
2289 4504 2434 4590 δηᾶιξ
2463 4504 2512 4590 εξ
2537 4537 2675 4591 πατάξ
2703 4537 2856 4591 corde
2881 4538 2949 4590 αα
2977 4504 3288 4591 "alendum
3320 4553 3375 4591 ιη
3403 4504 3641 4591 σἠυιίθω
3669 4555 3788 4608 (ματ

540 4632 670 4672 caro
719 4615 898 4671 fenum
922 4657 935 4682 ,
967 4624 1024 4670 et
1057 4617 1147 4684 qui
1183 4615 1430 4670 inﬁrmus
1479 4624 1591 4680 cst,
1624 4616 1769 4670 olera
1800 4618 2106 4672 manducet.

540 4708 606 4761 Et
635 4708 761 4761 facit
788 4723 965 4762 ramos
992 4707 1376 4761 misericorditn
1401 4715 1454 4762 ct
1481 4708 1895 4777 compassionis.
1945 4707 2108 4775 Cujus

539 4797 640 4850 sub
677 4798 863 4850 umbra
902 4812 1163 4866 pauperes
1199 4796 1396 4851 Christi
1425 4797 1516 4867 qui
1547 4807 1671 4853 sunt
1703 4799 1824 4854 coeli
1855 4797 2107 4853 animalia

539 4884 875 4939 delectantur
905 4887 1170 4940 habitare.

610 4974 934 5028 Seminatum
965 4975 1138 5043 fuerit.
1179 4976 1223 5029 A
1262 4976 1476 5030 Christo
1526 4977 1639 5032 sive
1689 4977 1756 5031 ab
1801 4978 2017 5032 homine
2052 4979 2106 5032 in

540 5073 680 5116 terra
701 5105 714 5127 ,
745 5065 828 5118 vel
870 5065 921 5117 iu
953 5081 1081 5134 agro
1104 5107 1118 5130 ,
1150 5067 1201 5120 id
1235 5075 1318 5121 est
1365 5068 1418 5121 in
1465 5069 1624 5121 corde
1662 5084 1776 5121 suo.
1818 5067 1916 5121 Hic
1949 5070 2108 5124 homo

539 5161 621 5207 est
669 5168 857 5207 sensus
902 5164 1082 5210 uoster
1128 5165 1181 5210 ct
1223 5158 1468 5223 animus,
1517 5159 1607 5226 qui
1651 5157 1836 5213 fovens
1881 5177 2106 5229 granum

538 5243 934 5310 praedicationis
982 5247 1203 5300 humore
1253 5247 1374 5302 ﬁdei
1427 5248 1555 5302 facit
1593 5249 1851 5317 pullulare
1886 5251 1938 5304 in
1977 5267 2106 5321 agro

536 5341 771 5399 pectoris
813 5335 914 5387 sui.
966 5335 1141 5388 Minus
1179 5347 1286 5399 est,
1317 5346 1423 5390 etc.
1476 5338 1637 5404 Quasi
1685 5341 2101 5408 contemptibilia

534 5421 869 5491 praedicans,
916 5433 971 5477 et
1018 5426 1192 5494 primo
1241 5441 1345 5479 non
1385 5428 1643 5493 creditur,
1681 5428 1804 5496 quia
1853 5432 2104 5500 praedicat

537 5511 704 5568 Detun
735 5515 1005 5571 hominem
1037 5525 1328 5583 mortuum,
1356 5520 1695 5584 cruciﬁxum,
1714 5522 1814 5577 hoc
1845 5523 2103 5593 eloquen-

539 5602 628 5656 tite
649 5611 705 5658 et
740 5605 1016 5675 sapientiae
1050 5607 1488 5680 philosophorum
1525 5620 1891 5682 comparatum
1927 5615 2103 5671 minus

537 5693 823 5750 invenitur.

2215 4627 2373 4682 locuti
2412 4637 2532 4683 sunt
2571 4629 2834 4699 prOphette
2854 4629 2874 4681 .'
2904 4627 3093 4683 Nonne
3126 4630 3352 4698 oportuit
3380 4627 3492 4700 pati
3515 4629 3788 4684 Christum

2213 4729 2260 4772 et
2287 4718 2360 4772 sic
2389 4719 2586 4772 intrare
2613 4719 2667 4772 in
2695 4719 2914 4788 gloriam
2942 4735 3093 4772 suam
3123 4718 3290 4791 (Luc.
3320 4733 3444 4771 xxtv
3467 4719 3485 4787 )
3513 4720 3538 4771 Ζ)

2284 4806 2354 4859 Et
2403 4808 2705 4861 timuerunt.
2754 4807 3036 4863 Mattbaeus
3066 4826 3078 4859 :
3112 4807 3281 4861 Porro
3326 4810 3558 4862 homines
3605 4809 3786 4862 mirati

2213 4907 2370 4962 sunt,
2401 4899 2624 4952 dicentes
2651 4917 2662 4951 :
2692 4899 2875 4964 Qualis
2909 4909 3013 4963 est,
3036 4909 3140 4954 etc.
3185 4899 3418 4969 (Matth.
3460 4915 3575 4953 vm.
3604 4899 3623 4970 )
3664 4898 3784 4955 Non

2210 5000 2341 5056 ergo
2375 4987 2659 5057 discipuli,
2692 4989 2786 5042 sed
2813 4988 2903 5041 alii
2939 4990 3029 5058 qui
3067 4989 3119 5042 in
3157 4989 3278 5042 navi
3315 4997 3469 5043 erant
3502 4989 3782 5043 miraban-

2209 5086 2317 5142 tur,
2348 5080 2413 5133 de
2443 5095 2508 5134 co
2538 5081 2864 5145 dubitantes,
2894 5081 2978 5136 cui
3010 5095 3159 5135 mare
3181 5090 3235 5134 et
3258 5088 3450 5134 ventus
3474 5079 3779 5134 obedirent.

2210 5168 2304 5222 Vel
2340 5169 2502 5223 etiam
2541 5170 2639 5240 ipsi
2678 5170 2922 5240 discipuli
2970 5178 3115 5224 recte
3157 5170 3403 5232 homines
3445 5169 3606 5235 dicti,
3650 5168 3781 5238 quia

2207 5259 2435 5314 necdum
2464 5268 2727 5316 noverant
2745 5261 3040 5332 potentiam
3069 5261 3385 5315 Salvatoris.

2830 5416 3056 5472 CAPUT
3079 5417 3143 5471 V.

2282 5525 2439 5583 Vens.
2464 5529 2600 5582 1.-
2627 5529 2972 5596 Etvenerunt,
3011 5539 3115 5585 etc.
3154 5530 3362 5603 (Βευλ.)
3401 5528 3602 5586 Gerasa
3641 5533 3776 5588 urbs

2204 5617 2428 5688 insignis
2449 5620 2680 5684 Arabim,
2707 5631 2857 5675 trans
2885 5621 3194 5686 Jordanem,
3234 5621 3421 5692 juncta
3455 5621 3627 5677 monti
3663 5621 3774 5679 Ga-

2205 5708 2326 5764 laad
2356 5711 2408 5766 in
2452 5711 2591 5766 tribu
2633 5713 2896 5780 Manasse,
2930 5729 3033 5769 non
3066 5713 3221 5785 longe
3249 5729 3280 5769 a
3306 5722 3495 5785 stagno
3526 5714 3773 5771 Tiberia-

2551 5843 2572 5868 Ι
