3960 6336
187 340 272 394 197
1100 332 1368 391 GLOSSA
1403 331 1798 393 OleNARlA.
1837 364 1907 375 —
1941 335 2194 392 EVANG.
2234 336 2464 401 MARCI.

3290 344 3394 402 198

185 468 279 532 dis,
313 462 365 518 in
388 474 493 532 quo
526 462 676 533 porci
701 463 1022 536 praacipitati
1060 474 1206 531 sunt,
1250 463 1540 536 signiﬁcat,
1586 475 1717 534 etc.,

1843 446 2032 519 licunt,
2064 453 2189 523 quia
2216 468 2336 509 eam
2376 454 2598 526 implere
2623 470 2731 512 non
2776 464 3022 525 possunt,
3067 457 3398 519 admirantes

187 552 413 625 mund
436 559 488 606 et
507 552 598 621 qui
620 562 737 608 erat
766 553 942 627 longe,
974 554 1145 613 lactus
1173 564 1258 612 est
1291 571 1459 627 prope
1495 557 1551 612 in
1598 572 1726 614 san-

187 648 332 720 guine
355 642 566 699 Christi.

242 736 392 790 Vm.
420 731 474 787 2.
491 762 562 772 -
582 731 754 790 Homo
778 737 834 790 in
858 737 1062 807 spiritu.
1090 737 1261 810 (ls:n.)
1279 737 1450 797 Homo
1477 747 1579 794 iste
1604 740 1727 796 des-

183 822 532 896 peratissimus
569 830 655 877 est
694 824 922 893 populus
971 827 1209 895 gentium
1250 841 1408 896 quem
1446 836 1728 883 enumerat

182 914 461 985 Apostolus.
495 913 702 980 Elatus,
746 916 1028 986 superbus,
1062 918 1389 984 immundus,
1435 920 1726 990 sanguina-

184 1006 300 1069 rius,
327 1002 621 1069 idololatra,
658 1006 1063 1076 ignominiosus,
1093 1018 1224 1073 etc.,
1260 1026 1422 1079 usque
1450 1010 1519 1063 ad
1538 1010 1728 1079 ﬂagel-

181 1094 277 1149 lato
289 1095 427 1149 enim
442 1094 609 1149 stulto
623 1096 839 1165 sapiens
870 1099 1163 1167 sapientior
1188 1098 1249 1153 ﬁt
1273 1100 1357 1153 vel
1384 1102 1718 1168 prudentior.

172 1250 175 1253 ν
242 1184 390 1239 Vsus.
420 1184 471 1238 5.
498 1213 569 1223 —
592 1184 663 1238 Et
690 1202 851 1257 neque
878 1188 1093 1257 catenis,
1121 1196 1228 1243 etc.
1259 1189 1473 1260 (ΒευΑ.)
1510 1191 1726 1245 Catenis

182 1280 230 1330 et
252 1273 583 1343 compedibus
611 1291 823 1347 graves,
854 1285 910 1331 et
931 1277 1049 1333 duas
1078 1278 1223 1348 leges
1247 1280 1484 1348 gentium
1514 1281 1728 1351 signan-

181 1371 273 1429 tur,
296 1362 487 1432 quibus
509 1374 730 1433 peccata
754 1367 808 1421 in
838 1382 896 1422 re
923 1382 1110 1423 eorum
1144 1369 1356 1437 publica
1400 1369 1729 1425 cohibeban-

178 1463 268 1509 tur.
298 1453 486 1523 Ruptis
506 1457 713 1511 catenis
740 1457 822 1527 (ut
842 1457 1019 1513 Lucas
1051 1458 1260 1529 scribit)
1304 1459 1483 1514 subito
1525 1462 1725 1530 agebao

176 1552 252 1598 tur
279 1561 307 1597 a
343 1544 574 1599 Domino
613 1545 670 1599 in
716 1544 953 1612 deserto,
999 1550 1126 1618 quia
1161 1549 1326 1605 etiam
1369 1551 1724 1621 transgressis

173 1634 264 1691 illis
301 1635 510 1706 legibus
552 1637 621 1692 ad
664 1651 728 1693 ea
772 1639 975 1695 scelera
1020 1641 1314 1710 cupiditate
1347 1642 1718 1712 raptabantur,

170 1738 273 1794 qua
295 1723 402 1793 jam
435 1726 713 1796 vulgarem
755 1730 1078 1785 excederent
1115 1731 1575 1786 consuetudinem.

231 1792 378 1871 Vens.
414 1815 474 1869 7.
512 1792 580 1857 ξ-
619 1816 902 1888 Torqueas.
937 1819 1061 1891 (ln.)
1106 1818 1358 1889 Magnum
1397 1828 1723 1877 tormentum
1750 1792 1799 1851 Β

167 1906 211 1961 ei
235 1921 265 1961 a
296 1906 514 1963 lesione
539 1908 773 1964 hominis
801 1924 1034 1976 cessare,
1057 1919 1113 1967 et
1161 1919 1309 1966 tanto
1332 1911 1556 1969 dimittit
1594 1929 1721 1985 gra-

165 1999 273 2054 vius
290 2006 494 2068 quanto
516 1999 757 2068 possidet
794 2000 1015 2057 diutius.

228 2090 378 2146 Vsus.
405 2091 471 2146 9.
498 2120 572 2129 —
608 2090 761 2156 Quod
814 2091 906 2144 tibi
953 2108 1139 2145 nomen
1176 2092 1305 2147 est?
1345 2092 1559 2165 (Βεω.)
1606 2093 1725 2150 Non

163 2177 299 2247 quasi
347 2177 573 2233 nescius
625 2178 940 2249 interrogat,
973 2178 1070 2234 sed
1114 2189 1175 2234 ut
1212 2180 1460 2237 confessa
1510 2184 1724 2252 publica

161 2279 297 2340 peste
322 2284 491 2339 quam
520 2269 866 2336 toleraverat,
889 2270 1061 2326 virtus
1105 2273 1347 2328 curantis
1379 2274 1584 2346 gratior
1629 2291 1725 2346 ap-

160 2369 347 2429 pareat.
390 2359 511 2415 Sed
547 2360 712 2415 etiam
763 2361 1071 2417 sacerdotes
1112 2363 1282 2418 nostri
1333 2367 1592 2435 temporis
1632 2367 1726 2438 qui

161 2463 247 2519 per
293 2450 662 2507 exnrcismum
703 2450 977 2507 daemones
1017 2453 1237 2523 ejiciunt
1282 2454 1461 2510 solent
1499 2455 1724 2512 dicere:

162 2556 257 2596 non
283 2542 443 2597 aliter
472 2541 739 2611 patientes
764 2557 922 2611 posse
941 2544 1144 2609 curari,
1186 2544 1295 2600 nisi
1339 2553 1601 2615 quantum
1644 2561 1728 2603 sa-

164 2646 279 2700 pere
306 2640 559 2703 possunt,
586 2646 744 2687 omne
764 2633 908 2702 quod
932 2648 966 2686 a
989 2633 1322 2690 daemonibus
1352 2636 1494 2701 visu,
1519 2636 1724 2704 auditu,

162 2720 237 2776 vel
262 2722 505 2790 quolibet
531 2735 693 2777 sensu
713 2722 957 2792 corporis
989 2732 1086 2779 aut
1112 2724 1278 2779 animi
1301 2725 1581 2797 vigilantes
1607 2726 1729 2783 dor-

164 2812 453 2869 mientesve
471 2812 825 2884 pertulerunt,
853 2822 1103 2884 patenter
1135 2816 1511 2872 conﬁteantur.

218 2900 371 2972 Legio
399 2902 530 2956 mihi
550 2918 735 2957 nomen
762 2913 857 2957 est.
885 2903 1006 2974 (ln.)
1023 2903 1303 2976 Signiﬁcat
1324 2907 1576 2977 populum
1598 2923 1728 2979 gen-

162 2991 298 3047 tilem
318 2994 619 3049 innumeris
643 2993 956 3051 idololatriae
969 2996 1198 3052 cultibus
1226 2998 1589 3068 mancipatum
1610 3000 1729 3055 :cui

160 3090 371 3149 contra,
409 3090 515 3147 est,
546 3090 678 3147 etc.,
725 3098 886 3152 usque
928 3084 997 3137 ad
1034 3085 1291 3154 reprobus
1322 3094 1500 3141 autem
1542 3087 1724 3157 plures
1754 3134 1813 3157 ,ε

1753 3136 1801 3199 C

159 3180 314 3227 secta:
342 3187 511 3241 quam
530 3170 725 3240 linguae
750 3171 1089 3228 dissociando
1134 3172 1489 3229 confundunt.

218 3262 390 3319 Vsus.
419 3261 509 3315 12.
538 3289 607 3300 -
627 3258 776 3314 Mitte
802 3277 914 3316 nos.
946 3262 1067 3333 (ln.)
1108 3260 1284 3317 Lucas
1311 3277 1327 3317 :
1369 3263 1440 3316 Et
1480 3264 1725 3333 rogabant

159 3368 264 3406 eum
288 3370 353 3407 ne
380 3353 659 3421 imperaret
683 3351 809 3418 illis,
837 3362 891 3406 ut
922 3353 977 3406 in
993 3352 1235 3422 abyssum
1261 3353 1392 3408 irent
1405 3353 1555 3423 (Luc.
1582 3354 1723 3427 vui).

159 3442 410 3500 Sciebant
445 3458 572 3513 ergo
596 3442 886 3513 aliquando
924 3442 1167 3498 futurum
1213 3451 1272 3498 nt
1312 3458 1412 3513 per
1440 3446 1727 3502 adventum

158 3536 264 3605 ejus
291 3537 640 3591 mitterentur
666 3534 722 3588 in
760 3534 1037 3603 abyssum,
1061 3548 1168 3588 non
1194 3532 1397 3598 futura,
1413 3542 1543 3601 etc.,
1566 3551 1726 3606 usque

157 3626 218 3680 ad
245 3642 371 3681 nam
397 3625 508 3680 nisi
522 3624 647 3694 quis
668 3624 821 3692 porci
849 3639 1001 3679 more
1022 3624 1238 3689 vixerit,
1267 3624 1322 3680 in
1335 3640 1456 3679 eum
1484 3626 1727 3683 diabolus

152 3723 471 3785 potestatem
510 3729 619 3770 non
655 3714 870 3785 accipit,
912 3713 1018 3771 nisi
1073 3713 1214 3771 forte
1256 3717 1322 3769 ad
1350 3715 1685 3785 probandum
1707 3756 1725 3785 ,

157 3822 255 3862 non
302 3816 490 3863 autem
510 3807 579 3862 ad
608 3806 957 3876 perdendum.

216 3896 374 3953 Vsus.
404 3897 497 3951 l3.
526 3926 599 3936 --
638 3893 778 3950 Grex
815 3897 1167 3966 prcecipitatus
1214 3907 1307 3953 est.
1339 3898 1550 3970 (Βεω.)
1591 3898 1726 3967 Quia

146 3984 253 4053 jam
274 3987 574 4042 clariﬁcata
610 3985 876 4052 Ecclesia,
904 3994 959 4041 et
991 3987 1221 4043 liberato
1252 3989 1448 4059 populo
1489 3991 1725 4060 gentium

155 4077 513 4135 adamonum
538 4076 925 4144 dominatione,
951 4077 1008 4132 in
1050 4077 1248 4133 abditis
1298 4088 1461 4149 agunt
1501 4080 1724 4135 sacrile-

152 4181 243 4236 gos
273 4169 432 4237 ritus,
459 4176 592 4236 etc.,
621 4184 784 4241 usque
810 4169 879 4223 ad
904 4170 1160 4240 quoniam
1183 4170 1254 4226 ob
1287 4170 1446 4226 unius
1492 4170 1726 4227 hominis

155 4254 372 4315 salutem
394 4260 509 4315 duo
532 4257 700 4313 millia
727 4273 1015 4329 porcorum
1042 4258 1393 4315 sull‘ocantur.

219 4349 378 4405 Vsus.
410 4349 503 4405 14.
531 4380 601 4389 -
635 4348 738 4415 Qui
786 4360 979 4404 autent.
1030 4349 1167 4418 Quia
1209 4351 1425 4421 quidam
1465 4352 1725 4421 primates

156 4438 455 4511 impiorum,
480 4443 726 4512 quamvis
767 4441 1125 4498 Christianam
1170 4444 1341 4515 legem
1365 4445 1590 4517 fugiant,
1629 4460 1725 4516 po-

158 4534 367 4590 tentiam
395 4546 582 4592 tamen
611 4534 728 4605 ejus
754 4534 1016 4607 stupeudo
1037 4546 1093 4591 et
1113 4537 1357 4592 mirando
1396 4552 1494 4607 per
1537 4545 1725 4608 gentes

155 4626 463 4692 pradicant.

226 4715 381 4774 Vsus.
400 4720 492 4775 15.
509 4750 578 4761 —-—
592 4719 661 4776 Et
680 4720 851 4776 vident
870 4720 1039 4775 illum.
1066 4720 1278 4792 (Βεω.)
1299 4721 1501 4776 Lucas:
1526 4719 1725 4776 Seden-

157 4811 251 4861 tcm
274 4810 343 4863 ad
375 4811 536 4881 pedes
558 4811 672 4882 ejus
700 4827 721 4866 :
748 4813 889 4881 quod
918 4813 1097 4883 signat
1136 4827 1230 4868 eos
1274 4811 1366 4882 qui
1410 4826 1443 4865 a
1488 4811 1725 4881 peccatis

156 4903 377 4956 correcti
406 4912 555 4968 sunt,
583 4903 688 4957 ﬁxa
712 4905 904 4959 mentis
936 4904 1231 4959 intentione
1271 4901 1495 4973 vestigia
1540 4901 1725 4957 Salva-

162 4990 283 5045 toris
309 5009 434 5062 qua:
460 5001 773 5063 sequantur,
800 4994 1017 5048 intueri.

228 5080 501 5138 Vestitum.
539 5084 806 5139 Virtutum
823 5087 1019 5151 studio,
1036 5086 1177 5155 quod
1192 5099 1387 5141 vesana
1415 5093 1593 5139 mente
1607 5100 1724 5153 per-

159 5167 380 5228 diderat.
417 5173 573 5230 Unde
615 5175 760 5229 ﬁlius
806 5177 1060 5247 prodigus
1115 5176 1181 5229 ad
1231 5186 1436 5245 patrem
1489 5177 1719 5242 rediens,

160 5275 276 5317 mox
305 5266 444 5321 stola
466 5268 637 5337 prima
670 5282 793 5322 cum
836 5270 1034 5324 annulo
1077 5269 1351 5326 induitur:
1398 5270 1520 5339 quia
1572 5271 1723 5342 quis-

160 5352 272 5417 quis
297 5370 427 5411 vero
476 5358 637 5413 corde
683 5360 992 5429 paenituerit
1038 5368 1213 5430 potest
1251 5361 1483 5416 donante
1526 5360 1726 5417 Christi

160 5443 324 5508 gratia
373 5448 600 5517 pristina
622 5448 847 5518 justitim
876 5464 1059 5520 opera,
1088 5451 1155 5506 de
1200 5451 1395 5521 quibus
1433 5453 1722 5519 ceciderat,

160 5543 275 5589 cum
311 5538 516 5595 annulo
544 5540 814 5596 inviolata:
835 5540 961 5596 ﬁdei
991 5556 1338 5610 recuperare.

226 5622 290 5677 Et
324 5628 629 5685 timuerunt.
658 5629 806 5686 Multi
831 5632 976 5686 enim
1010 5632 1229 5702 antiqua
1251 5631 1520 5688 suavitate
1548 5632 1726 5689 delec-v

163 5717 253 5770 tati
274 5718 542 5780 honorare
568 5740 649 5790 se,
678 5733 774 5781 sed
801 5724 1098 5801 patlﬂnolle
1134 5724 1500 5781 Christianam
1549 5726 1722 5797 legem

1829 551 2011 599 tamen
2054 543 2273 601 ﬁdelem
2317 547 2574 617 populum
2622 565 2654 603 a
2702 549 2931 619 pristina
2988 556 3407 612 conversatione.

1826 643 2097 690 sanatum.

1897 726 2060 782 Vsus.
2087 728 2314 789 l7.—Et
2345 746 2528 800 rogare
2549 742 2806 801 coeperunt
2827 749 2965 787 eum.
2994 733 3175 806 (ΚΑΒ.)
3198 735 3270 792 Ut
3292 736 3395 794 Pe-

1829 824 1973 873 trus:
1993 817 2097 872 Exi
2115 834 2149 870 a
2169 834 2270 884 me,
2290 818 2528 885 Domine,
2555 822 2679 888 quia
2698 821 2852 875 homo
2872 832 3111 891 peccator
3131 841 3268 891 sum,
3282 835 3391 882 etc.

1828 908 1980 982 (Luc.
2014 909 2093 980 v.)
2121 909 2199 964 Ne
2224 918 2448 981 tangant
2482 926 2666 966 arcam
2698 912 2813 978 Dei,
2852 922 2911 967 ut
2932 912 3062 968 Oza.

1896 997 2061 1054 Vens.
2090 997 2402 1053 l9.—Vade
2423 999 2475 1053 in
2489 1000 2699 1052 domum
2723 1008 2884 1053 tuam.
2905 1000 3116 1071 (Bene)
3132 1001 3222 1057 Sic
3245 1001 3394 1071 quis-

1825 1104 1929 1160 que
1941 1098 2063 1159 post
2089 1091 2535 1145 resurrectionem
2565 1097 2907 1161 peccatorum
2929 1092 2980 1145 in
3007 1093 3396 1149 conscientiam

1825 1184 2022 1239 bonam
2053 1184 2234 1239 redeat
2262 1191 2317 1237 et
2348 1190 2570 1253 propter
2608 1182 2835 1237 aliorum
2879 1183 3106 1239 salutem
3154 1185 3396 1257 Evange-

1824 1272 1897 1328 lio
1926 1274 2124 1329 serviat
2153 1288 2168 1327 :
2200 1281 2258 1327 ut
2285 1280 2409 1343 post
2435 1288 2558 1327 cum
2583 1273 2801 1329 Christo
2841 1274 3105 1343 quiescat,
3154 1291 3220 1330 ne
3267 1277 3393 1332 dum

1823 1380 2163 1436 praepropere
2183 1365 2419 1437 vultjam
2442 1380 2562 1421 esse
2581 1382 2705 1421 cum
2732 1366 2967 1432 Christo,
2991 1366 3228 1438 negligat
3252 1382 3390 1438 pras-

1824 1455 2107 1510 dicationis
2132 1456 2449 1527 mysterium
2476 1456 2730 1511 fraternae
2776 1457 3134 1527 redemptioni
3174 1472 3390 1514 accom-

1824 1546 2118 1599 modatum.

1893 1636 2096 1707 (illam)
2126 1635 2299 1691 Homo
2320 1644 2538 1692 sanatus
2559 1636 2789 1690 mittitur
2815 1635 2871 1690 in
2897 1636 3113 1691 domum
3143 1650 3317 1701 suam,
3347 1634 3403 1690 id

1823 1735 1927 1793 est,
1955 1727 2008 1781 in
2035 1726 2365 1795 spiritualem
2388 1727 2523 1796 legis
2570 1726 2961 1783 observantiam
2990 1743 3005 1782 :
3037 1738 3092 1782 et
3115 1727 3394 1796 praedicat,

1825 1825 1953 1882 etc.,
1982 1833 2142 1889 usque
2160 1817 2230 1871 ad
2253 1818 2379 1887 quia
2424 1818 2647 1873 moralia
2668 1818 2735 1872 ad
2778 1817 3014 1873 litteram
3060 1819 3395 1873 observanda

1825 1916 1969 1962 sunt.
2436 1958 2443 1967 .

1897 1996 2107 2068 (Bson)
2137 1995 2419 2052 Matthazus
2446 1997 2598 2060 duos,
2642 1996 2856 2061 Marcus
2905 2004 2961 2051 et
3009 1995 3185 2053 Lucas
3227 2013 3392 2053 unum

1826 2102 1858 2141 a
1883 2087 2124 2142 daemone
2151 2094 2396 2140 curatum
2419 2085 2620 2151 dicunt,
2654 2087 2780 2156 quia
2808 2100 2945 2141 unus
2972 2100 3161 2141 eorum
3197 2085 3394 2143 clario-

1826 2177 1903 2233 ris
1921 2177 2176 2244 nominis,
2213 2186 2297 2234 est
2349 2176 2701 2234 famosioris:
2748 2188 2803 2232 et
2853 2179 2975 2234 ideo
3025 2179 3234 2234 curatio
3279 2168 3399 2249 ejus

1826 2263 1911 2325 est
1932 2268 2207 2325 famosior.
2237 2268 2537 2340 Allegorice
2563 2288 2576 2323 :
2611 2269 2745 2335 Duo,
2774 2280 2963 2341 gentes
2998 2269 3305 2341 signiﬁcant
3329 2273 3398 2328 de

1828 2360 2035 2415 duobus
2058 2360 2183 2415 ﬁlns
2204 2358 2335 2414 Noe.
2364 2360 2496 2415 Cum
2522 2360 2665 2415 enim
2696 2358 2808 2417 Noe
2855 2368 2963 2416 tres
2991 2360 3136 2418 ﬁlios
3188 2378 3391 2432 genue-

1829 2450 1919 2515 rit,
1951 2465 2088 2505 unus
2131 2460 2439 2521 assumptus
2477 2459 2562 2507 est
2598 2451 2656 2506 in
2694 2453 3092 2524 possessionem
3129 2455 3246 2522 Dei,
3289 2455 3399 2512 duo

1828 2542 1985 2598 idolis
2009 2541 2194 2597 dediti.

1898 2616 2069 2686 Vsus:
2096 2628 2185 2683 22.
2214 2658 2286 2670 -
2320 2629 2389 2683 Et
2419 2631 2555 2684 venit
2597 2630 2833 2702 quidam,
2873 2639 2979 2688 etc.
3025 2630 3231 2705 (Ηιειι.)
3276 2633 3405 2692 Post

1828 2720 1941 2776 haec
1961 2718 2141 2774 Jairus
2180 2719 2638 2792 archisynagogus
2682 2722 2850 2787 venit,
2895 2721 3021 2792 quia
3068 2739 3191 2779 cum
3229 2727 3400 2781 intra-

1827 2812 1968 2867 verit
1995 2811 2270 2882 plenitudo
2291 2813 2553 2882 gentium,
2583 2822 2713 2868 tunc
2738 2814 2914 2870 omnis
2935 2815 3118 2881 Israel,
3148 2825 3275 2884 etc.,
3312 2834 3403 2874 us-

1827 2920 1926 2975 que
1952 2904 2021 2958 ad
2046 2903 2315 2959 Abraham
2349 2913 2405 2960 et
2449 2903 2660 2977 Moyses
2702 2914 2759 2961 et
2799 2905 3020 2963 Samuel
3066 2918 3258 2980 rogant
3300 2925 3400 2981 pro

1828 2994 1982 3063 plebe
2007 3001 2239 3060 mortua,
2271 3004 2327 3049 et
2354 2996 2600 3065 sequitur
2618 2995 2776 3054 Jesus
2797 3011 2988 3067 preces
3008 3013 3219 3055 eorum.

1902 3078 2114 3151 (Βεω.)
2155 3077 2334 3149 Jairus
2372 3080 2677 3136 illuminans
2721 3082 2808 3137 vel
2849 3082 3179 3139 illuminatns
3206 3102 3226 3141 :
3273 3087 3402 3157 quia

1829 3170 2008 3225 verbis
2030 3171 2154 3225 vitae
2177 3172 2429 3242 pupulum
2459 3173 2778 3229 illuminavit
2810 3189 2826 3228 :
2864 3183 3004 3232 etut
3050 3176 3153 3233 hoc
3194 3188 3393 3248 posset,

1829 3276 1860 3316 a
1887 3261 2090 3329 Spiritu
2120 3272 2307 3318 sancto
2329 3264 2659 3319 illuminatns
2688 3274 2791 3320 est.

1899 3350 2059 3406 Vsus.
2086 3352 2174 3405 25.
2198 3383 2269 3392 —
2297 3352 2556 3419 Quoniam
2577 3355 2692 3423 filia
2734 3372 2869 3410 mea.
2914 3354 3125 3430 (Βεω.)
3172 3359 3348 3418 Lucas
3380 3381 3394 3417 :

1830 3442 1965 3508 Quia
1995 3443 2109 3511 ﬁlia
2136 3444 2291 3497 unica
2316 3454 2427 3499 erat
2454 3445 2534 3499 illi
2555 3445 2662 3513 fere
2707 3463 2964 3503 annorum
3003 3448 3301 3520 duodecim,
3349 3464 3402 3510 et

1829 3533 1941 3586 lucc
1968 3533 2285 3586 moriebatur
2324 3533 2472 3603 (Luc.
2508 3534 2650 3604 vm).
2688 3534 2823 3590 Filia
2849 3536 3271 3612 Archisynagogi
3313 3550 3399 3599 est

1829 3622 2109 3694 Synagoga
2142 3623 2255 3678 sola
2283 3624 2442 3695 legali
2466 3625 2823 3695 institutione,
2851 3637 2981 3695 etc.,
3028 3648 3190 3703 usque
3211 3635 3282 3689 ad
3308 3652 3400 3692 su-

1827 3714 1939 3769 bito
1967 3729 2211 3769 errorum
2243 3714 2500 3786 languore
2526 3728 2871 3775 consternata
2897 3760 2912 3787 ,
2947 3722 3257 3793 spirituales
3284 3730 3399 3784 vias

1827 3802 2235 3872 desperabiliter
2267 3805 2471 3861 omisit.

1899 3896 2060 3951 Vens.
2086 3895 2175 3951 24.
2210 3927 2282 3937 -
2317 3898 2387 3952 Et
2411 3901 2834 3971 comprimebant.
2874 3904 3009 3961 Dum
3052 3906 3118 3962 ad
3164 3910 3399 3980 puellam

1827 3989 2121 4043 sanandam
2152 3989 2316 4053 vadit.
2351 4005 2383 4045 a
2415 3993 2568 4047 turba
2596 3995 2971 4065 comprimitur
2996 4012 3011 4051 :
3040 4000 3167 4067 quia
3195 3999 3397 4058 Iudaeis

1827 4076 2018 4131 salutis
2068 4077 2269 4131 monita
2312 4079 2578 4148 pmbens,
2607 4083 2802 4151 quibus
2826 4100 3024 4154 aegram
3053 4102 3240 4144 eorum
3276 4106 3399 4146 con-

1826 4165 2110 4223 scientiam
2138 4167 2388 4237 erigeret,
2412 4170 2572 4224 noxia
2604 4172 2900 4227 carnalium
2925 4175 3243 4245 populorum
3266 4194 3396 4235 con-

1828 4256 2112 4313 suetudine
2132 4266 2387 4327 gravatus
2407 4267 2512 4313 est.

1898 4344 2063 4401 Vens.
2115 4345 2207 4400 25.
2251 4377 2322 4387 --
2350 4345 2418 4402 Et
2446 4348 2667 4417 mulier,
2715 4359 2822 4408 etc.
2869 4352 3134 4427 Pergente
3170 4357 3397 4415 Domino

1751 4473 1807 4532 ο
1830 4437 1899 4493 ad
1925 4437 2088 4491 ﬁliam
2127 4437 2561 4510 archisynagogi,
2584 4441 2835 4498 morbosa
2873 4445 3069 4501 mulier
3088 4447 3244 4503 annis
3269 4447 3400 4504 duo-

1829 4534 2001 4589 decim
2040 4533 2281 4602 praaripit
2317 4536 2636 4602 sanitatem,
2668 4545 2724 4592 et
2773 4548 2896 4608 post
2934 4540 3042 4594 ﬁlia
3082 4550 3268 4596 sanata
3313 4551 3398 4598 est

1825 4632 1879 4681 et
1908 4625 2163 4681 suscitata
2190 4634 2273 4681 est
2303 4644 2317 4680 :
2345 4628 2470 4697 quia
2515 4628 2594 4684 sic
2637 4630 2946 4699 dispensata
2981 4638 3066 4687 est
3102 4631 3248 4687 salus
3296 4632 3395 4687 hu-

1824 4718 1969 4773 mani
2008 4719 2257 4789 generis,
2304 4728 2365 4774 ut
2404 4721 2579 4790 primo
2626 4721 2790 4792 aliqui
2837 4737 2905 4778 ex
2939 4722 3144 4789 Israel,
3199 4723 3395 4780 deinde

1823 4808 2101 4880 plenitudo
2125 4810 2386 4880 gentium,
2410 4819 2465 4865 et
2489 4812 2567 4866 sic
2587 4813 2764 4867 omnis
2782 4813 2945 4867 Israel
2971 4813 3151 4869 salvus
3173 4812 3285 4869 ﬁet.

1896 4896 2109 4968 (Bene)
2137 4895 2439 4954 Notandum
2463 4900 2607 4969 quod
2635 4900 2808 4969 puella
2835 4901 3093 4957 duodenis
3118 4910 3172 4957 et
3201 4902 3394 4960 mulier

1824 4985 2104 5042 duodecim
2144 4990 2300 5044 annis
2340 4991 2600 5062 sanguine
2625 4991 2798 5059 ﬂuxit,
2835 5003 2968 5060 etet,
2992 5009 3155 5065 usque
3187 4995 3256 5048 ad
3280 4996 3395 5050 haec

1825 5080 1952 5133 dum
1987 5080 2236 5136 Christus
2258 5080 2496 5136 Judaeant
2524 5098 2717 5138 sanare
2761 5078 3114 5151 discerneret,
3156 5084 3268 5154 jam
3298 5101 3394 5156 pa-

1826 5181 2000 5226 ratam
2038 5172 2264 5244 aliisque
2305 5175 2627 5245 promissam
2668 5178 2896 5233 salutem
2927 5193 3022 5248 spe
3062 5187 3211 5234 certa
3255 5194 3393 5250 pras-

1825 5265 1992 5320 venit.

1899 5353 2067 5411 Vens.
2089 5354 2178 5411 26.
2202 5387 2270 5397 —
2292 5355 2462 5412 Multa
2482 5374 2743 5429 perpessa,
2765 5368 2871 5415 etc.
2897 5359 3020 5431 (ln.)
3042 5359 3216 5415 Falsis
3241 5360 3403 5416 theo-

1825 5447 1982 5521 legis,
2026 5449 2389 5520 philosophis,
2437 5451 2614 5522 legum
2653 5453 2989 5508 saecularium
3042 5453 3391 5521 doctoribus,

1825 5546 1917 5615 qui
1964 5532 2024 5600 se
2072 5544 2225 5599 utilia
2270 5545 2485 5599 vivendi
2523 5553 2789 5616 praecepta
2812 5546 2942 5601 dare
2982 5542 3389 5613 promittebant.

1827 5634 2105 5691 Demones
2133 5649 2365 5704 quoque,
2390 5642 2519 5700 etc.,
2541 5652 2701 5706 usque
2721 5635 2790 5689 ad
2816 5644 3097 5705 cmperunt
3118 5630 3392 5703 languoris

1824 5719 1909 5782 sui
1947 5734 2002 5781 et
2035 5740 2253 5795 sperare
2278 5734 2332 5779 et
2362 5726 2636 5796 inquirere
2672 5726 2989 5783 remedium.
