3960 6336
524 329 631 390 19⁷9

1015 327 1406 383 WALAFRIDI
1447 323 1691 381 STRABI
1729 322 1932 380 FULD.
1973 321 2137 378 MON.
2175 320 2324 380 OPP.
2365 324 2544 382 PARS
2583 324 2624 379 1.
2665 355 2734 366 -—--
2771 322 3223 382 THEOLOGICA.

3648 331 3752 390 eoo

588 445 754 503 Vsus.
783 443 873 498 27.
899 471 965 483 -—
1001 440 1150 495 Venit
1185 443 1239 494 in
1276 440 1446 494 turba.
1472 438 1592 510 (1ο.)
1619 438 1674 493 Si
1695 439 1810 510 quis
1837 438 1963 492 mihi
1991 440 2088 492 mi-
2113 444 2164 504 Α
2189 439 2542 510 cogitationes
2583 440 2816 512 spargit,
2875 441 2942 497 ad
2988 439 3468 498 considerationem
3501 441 3586 498 sui
3635 458 3754 502 sese

517 539 745 600 nistrat,
806 549 886 586 me
925 541 1172 601 sequatur
1213 529 1397 600 (Joan.
1456 530 1580 600 xu).
1633 531 1698 584 Et
1744 530 1914 584 alibi:
1957 528 2086 584 Post

516 627 800 682 Dominum
825 623 989 676 Deum
1025 620 1316 672 ambulabis
1341 619 1486 689 (Ose.
1520 619 1620 690 x1).
1653 618 1746 673 Vel
1771 622 1893 688 quia
1919 619 2088 673 Deum

516 724 832 788 praesentem
887 711 940 764 in
972 724 1134 762 carne
1166 725 1273 762 non
1321 709 1506 772 videt,
1549 707 1642 762 sed
1692 717 1811 777 post
1861 709 1927 762 ad
1966 707 2089 763 ﬁdei

519 805 805 877 agnitionis
829 800 1080 870 gratiam,
1104 806 1234 860 etc.,
1259 815 1418 868 usque
1445 798 1513 851 ad
1543 798 1894 852 sacramentis
1918 798 2090 852 Evan-

518 897 724 966 gelicis,
748 892 902 962 quasi
940 890 1052 944 suis
1077 889 1412 943 vestimentis
1441 929 1455 953 ,
1496 887 1672 943 fontes
1701 888 1918 943 obsceni
1959 904 2088 943 san-

517 988 693 1056 guinis
716 982 991 1038 emundat.

589 1079 750 1133 Vens.
783 1076 872 1130 3i.
903 1104 974 1114 -—
1006 1074 1213 1144 Tetigit.
1249 1073 1461 1145 (Βευλ.)
1509 1072 1633 1126 Sola
1679 1072 1851 1128 ﬁdelis
1896 1072 2090 1127 mulier

517 1168 802 1220 Dominum
831 1165 1018 1234 tangit,
1043 1180 1204 1233 quem
1246 1165 1444 1232 passim
1473 1165 1736 1217 comitans
1763 1163 1918 1217 turba
1941 1179 2091 1218 com-

515 1258 720 1328 primit.
746 1257 882 1323 Quia
925 1257 1018 1324 qui
1061 1255 1293 1308 diversis
1338 1254 1638 1307 inordinate
1678 1253 2089 1323 glomerantium

516 1350 836 1412 haeresibus,
879 1347 962 1401 vel
1009 1346 1276 1416 perversis
1333 1345 1572 1399 moribus
1641 1352 1934 1413 gravatur,
1977 1343 2090 1398 solo

515 1440 661 1495 ﬁdeli
689 1438 944 1492 Ecclesia:
983 1437 1145 1492 corde
1182 1434 1454 1503 tangitur;
1499 1434 1641 1487 unde
1671 1450 1684 1484 :
1712 1432 1837 1485 Noli
1864 1450 1944 1486 me
1973 1443 2090 1486 tan-

515 1547 634 1600 gere
656 1546 674 1582 :
703 1527 930 1582 nondum
964 1527 1100 1579 enim
1140 1525 1351 1578 ascendi
1381 1525 1447 1576 ad
1480 1522 1686 1576 Patrem
1715 1539 1882 1575 meum
1906 1522 2085 1592 (Joan.

517 1623 635 1691 xx).
660 1620 794 1688 Quia
821 1617 1088 1675 veraciter
1100 1623 1338 1689 tangere
1376 1622 1460 1671 est
1489 1627 1610 1670 eum
1636 1612 2088 1686 aequalem..Patri

517 1715 758 1770 credere.

2190 533 2493 588 nullatenus
2516 533 2735 604 colligit.

2261 623 2422 678 Vens.
2452 624 2541 677 41.
2565 654 2634 663 -
2665 624 2870 678 Talitha
2892 625 3048 679 cumi.
3076 625 3131 679 ιη
3158 622 3294 694 Syro
3316 639 3564 680 sermone
3592 640 3754 696 quem

2190 715 2515 784 evangelista
2534 715 2703 784 ponit,
2729 732 2832 768 non
2861 716 2979 784 plus
2997 726 3080 770 est
3109 732 3268 785 quam
3304 735 3316 768 :
3348 716 3556 782 Puella,
3574 732 3750 788 surge.

2193 804 2298 859 Sed
2336 805 2474 860 forte
2503 805 2570 858 ad
2599 806 2708 858 vim
2739 806 3030 861 Dominica:
3055 807 3316 874 jussionis
3343 809 3753 876 exprimendam

2191 897 2294 950 hoc
2320 896 2524 950 addidit
2555 911 2569 948 :
2602 895 2716 949 Tibi
2737 897 2874 962 dico,
2904 915 3077 967 surge,
3123 907 3180 952 et
3229 899 3400 968 magis
3431 914 3652 953 sensum
3681 900 3759 954 lo-

2189 993 2404 1062 quentis
2435 1008 2596 1062 quam
2622 995 2785 1047 verba
2816 994 3063 1047 intimare
3090 995 3318 1048 curavit.
3351 993 3442 1048 Sic
3466 1009 3608 1063 Saepe
3637 1010 3761 1064 apo-

2191 1082 2314 1137 stoli
2344 1090 2398 1136 et
2421 1083 2760 1152 evangelista:
2783 1098 2904 1136 cum
2949 1083 3163 1152 aliquod
3209 1083 3574 1138 testimonium
3599 1098 3758 1138 assu-

2190 1179 2360 1234 munt,
2392 1173 2563 1241 magis
2592 1186 2808 1225 sensum
2835 1187 2998 1242 quam
3029 1172 3189 1225 verba
3218 1179 3444 1240 ponunt.

2262 1261 2467 1332 (HIER.)
2495 1261 2575 1315 Ad
2622 1262 2853 1331 puellam
2880 1262 3076 1316 dicitur
3115 1261 3321 1315 Talitha
3353 1263 3513 1326 cumi,
3560 1261 3614 1315 id
3652 1271 3757 1327 est,

2189 1351 2392 1417 Puella,
2427 1366 2607 1420 surge.
2633 1351 3096 1420 Archisynagogo,
3127 1359 3260 1416 etc.,
3300 1368 3460 1421 usque
3498 1353 3568 1405 ad
3615 1353 3760 1406 unde

2191 1441 2388 1496 dicitur
2413 1455 2428 1493 :
2453 1437 2682 1494 Credidit
2714 1441 2982 1495 Abraham
3015 1441 3148 1507 Deo,
3174 1452 3221 1495 et
3250 1452 3542 1512 reputatum
3584 1455 3660 1498 est
3709 1447 3759 1499 ei

2187 1533 2258 1590 ad
2272 1532 2710 1605 justitiamUac.
2733 1533 2816 1598 ιι).

2263 1629 2474 1701 (Bent)
2497 1628 2648 1694 Quod
2670 1627 2918 1684 Christus
2944 1635 3054 1684 tres
3078 1637 3319 1684 mortuos
3333 1629 3640 1696 suscitavit,
3655 1631 3758 1684 tria

2192 1734 2389 1789 genera
2423 1720 2723 1773 animarum
2756 1720 3039 1788 significat.
3074 1721 3307 1775 Puellam
3343 1723 3586 1786 suscitat,
3623 1732 3758 1788 etc.,

591 1803 797 1874 (litem)
839 1801 1080 1872 Septima
1114 1802 1313 1855 virtute
1352 1799 1644 1855 suscitatur
1685 1807 1894 1853 mortua
1919 1839 1935 1863 ,
1992 1796 2085 1852 sed
2115 1780 2162 1839 Β
2192 1780 2352 1882 ξιειμιε
2397 1812 2464 1864 ad
2510 1819 2758 1879 quartum
2803 1780 3072 1865 ἷηοι-ιυυω
3104 1813 3461 1867 δηηυηιίειηιθ
3491 1780 3759 1883 discipuli;

521 1895 664 1949 inter
696 1896 833 1948 viam
872 1893 1044 1964 tangit
1078 1892 1344 1946 ﬁmbriam
1375 1900 1522 1945 retro
1565 1889 1757 1944 mulier
1801 1889 2088 1959 sanguina-

519 1989 624 2052 ria,
654 2003 774 2057 qum
803 2000 924 2041 cum
967 1985 1139 2041 salute
1171 1983 1529 2038 substantiam
1556 2020 1570 2045 ,
1622 1991 1751 2043 etc.,
1802 1996 1962 2049 usque
2019 1979 2086 2032 ad

2188 1901 2392 1955 audivit
2423 1918 2436 1953 :
2468 1901 2561 1954 sed
2613 1901 2737 1970 quia
2782 1901 2887 1954 vivi
2917 1902 3006 1971 qui
3040 1916 3138 1971 pro
3183 1917 3248 1957 eo
3272 1912 3628 1971 precarentur
3657 1906 3754 1959 de-

2190 1991 2446 2046 fuerunt:
2494 1990 2726 2054 Dimitte,
2778 1991 2973 2061 inquit,
3008 2000 3239 2046 mortuos
3265 1991 3478 2062 sepelire
3523 2004 3757 2048 mortuos

518 2078 820 2151 cymbalum
841 2076 1266 2140 confessionem;
1292 2073 1493 2128 malum
1536 2071 1813 2141 punicum,
1841 2070 2085 2140 martyrii
2187 2098 2308 2137 εαοε
2337 2080 2546 2153 (unum
2575 2079 2714 2150 νιιι),

521 2171 850 2226 voluntatem
878 2167 1147 2238 signiﬁcat
1170 2175 1226 2220 et
1245 2167 1502 2220 virtutum
1533 2163 1840 2217 candorem.

596 2262 756 2314 Vens.
801 2258 890 2311 55.
911 2289 982 2297 —
1013 2257 1206 2311 Mulier
1231 2266 1424 2310 autem.
1453 2255 1664 2325 (BEDA.)
1689 2254 1827 2307 Ecce
1849 2268 1954 2322 quo
1981 2261 2091 2308 ten-

523 2353 689 2409 debat
719 2350 1092 2421 interrogatio,
1124 2358 1183 2402 ut
1210 2348 1402 2402 mulier
1422 2347 1628 2402 scilicet
1655 2345 1976 2400 conﬁteatur
1997 2360 2090 2398 ve-

522 2441 739 2496 ritatem
767 2439 1032 2493 diuturnae
1077 2437 1429 2500 inﬁrmitatis,
1459 2445 1513 2489 et
1541 2435 1732 2488 subitae
1757 2432 2091 2488 credulitatis

521 2540 578 2587 et
602 2528 898 2584 sanationis
929 2545 941 2580 :
968 2531 1022 2581 et
1049 2527 1122 2580 ita
1153 2529 1267 2595 ipsa
1299 2524 1722 2580 conlirmaretur
1761 2524 1819 2578 in
1852 2523 1957 2578 ﬁde
2037 2531 2093 2578 et

521 2622 644 2677 aliis
662 2621 928 2690 praeberet
963 2618 1286 2687 exemplum.
1869 2603 1874 2608 ’

599 2709 766 2762 Vens.
797 2708 886 2761 55.
917 2737 986 2746 --
1009 2707 1211 2771 Adhuc,
1244 2715 1350 2760 etc.
1379 2705 1590 2776 (BEDA.)
1638 2703 1858 2758 Muliere
1905 2709 2089 2757 sanata

525 2799 706 2855 statim
738 2797 1014 2850 nuntiatur
1044 2795 1219 2864 puella
1250 2803 1461 2848 mortua
1489 2811 1502 2847 :
1533 2793 1657 2862 quia
1695 2792 1934 2846 Ecclesia
1966 2806 2093 2861 gen-

524 2890 656 2945 tium
679 2902 708 2940 a
737 2885 855 2940 labe
877 2885 1126 2938 vitiorum
1150 2891 1428 2947 curata,et
1445 2883 1514 2937 ob
1538 2882 1661 2936 ﬁdei
1683 2882 2090 2945 meritum,etc.,

522 3004 686 3060 usque
707 2986 775 3041 ad
797 2983 892 3042 sed
913 2982 1055 3054 quod
1074 2983 1380 3039 hominibus
1402 2990 1486 3037 est
1506 2978 1854 3052 impossibile,
1877 2981 1987 3035 Deo
2008 2987 2093 3034 est

521 3077 793 3149 possibile.

607 3171 769 3226 Vens.
843 3168 932 3224 56.
983 3199 1054 3208 -—
1111 3167 1550 3237 Archisynagogo.
1622 3163 2088 3234 ArchisynagOgss

524 3243 702 3315 cactus
739 3271 822 3314 est
863 3259 1144 3314 doctorum
1185 3257 1318 3326 legis
1348 3256 1413 3311 de
1456 3255 1696 3325 quibus:
1737 3251 1905 3325 Super
1924 3259 2096 3308 cathe-

528 3351 679 3403 dram
720 3347 917 3418 Moysis
967 3347 1206 3402 sederunt
1253 3345 1436 3399 scriba:
1480 3354 1525 3400 et
1565 3343 1820 3398 Pharisaei
1867 3343 2090 3413 (Matth.

431 3425 437 3430 ’
523 3438 735 3510 xxvlu).
765 3437 864 3503 Qui
896 3438 940 3491 si
965 3437 1188 3492 credere
1211 3435 1502 3499 voluerint,
1544 3435 1708 3487 etiam
1749 3434 1989 3503 subjecta
2015 3433 2094 3487 eis

527 3524 810 3599 Synagoga
834 3527 980 3582 salva
1007 3527 1132 3580 erit.

599 3616 763 3670 Vens.
787 3616 876 3668 57.
905 3645 976 3654 -
999 3613 1068 3667 Et
1102 3631 1204 3668 non
1227 3613 1458 3678 admisit,
1479 3619 1584 3666 etc.
1615 3611 1824 3683 (Bt-2m.)
1847 3612 2098 3682 Blasphe-

529 3705 635 3760 mis
663 3713 718 3758 et
760 3703 1072 3758 irrisoribus
1098 3719 1204 3757 non
1229 3711 1355 3757 sunt
1380 3701 1665 3755 revelanda
1692 3702 1970 3772 mysteria,
2005 3703 2096 3756 sed

530 3795 774 3851 ﬁdelibus
812 3794 904 3865 qui
954 3795 1239 3849 horrerent.
1291 3792 1446 3849 Unde
1476 3793 1599 3847 alibi
1638 3791 1978 3860 :Justiﬁcata
2024 3802 2098 3846 est

529 3886 786 3956 sapientia
811 3885 874 3939 ab
895 3885 1129 3939 omnibus
1150 3884 1275 3953 filiis
1296 3885 1406 3938 suis
1437 3881 1650 3953 (Matth.
1677 3884 1774 3952 XI).

563 3975 768 4032 "Vens.
816 3977 903 4033 38.
934 4007 1005 4018 —
1031 3975 1242 4032 Flentes
1289 3987 1337 4032 et
1369 3975 1643 4046 ejulantes.
1677 3975 1796 4047 (In).
1837 3975 2102 4030 Lwtentur

532 4083 708 4121 omnes
735 4069 825 4138 qui
852 4078 1061 4138 sperant
1089 4069 1144 4122 in
1169 4068 1411 4129 Domino,
1437 4077 1484 4120 et
1507 4068 1560 4120 in
1589 4078 1838 4122 retentum
1866 4070 2101 4122 exsulta-

533 4157 658 4212 bant
685 4199 700 4223 ,
743 4168 794 4215 et
831 4159 1086 4214 habitabis
1131 4161 1186 4214 in
1233 4161 1306 4214 eis
1353 4156 1525 4230 (Psal.
1571 4159 1644 4232 v).
1683 4159 1832 4214 Hanc
1862 4159 2102 4214 laetitiam

533 4251 728 4304 merito
754 4249 1086 4305 inﬁdelitatis
1129 4250 1416 4319 Synagoga
1449 4250 1628 4305 amisit
1660 4264 1674 4303 :
1705 4259 1758 4304 et
1813 4249 1932 4305 ideo
1964 4251 2104 4306 inter

530 4336 722 4394 ﬁentes
763 4350 818 4393 et
865 4339 1133 4394 ululantes
1171 4350 1382 4393 mortua
1429 4339 1591 4407 jacet.
1649 4339 1754 4395 Sed
1791 4338 1947 4396 Jesus
1981 4330 2100 4396 eam

533 4428 775 4483 funditus
818 4429 1037 4484 interire
1065 4445 1170 4484 non
1195 4431 1416 4499 patitur.

607 4516 770 4572 Vens.
789 4518 875 4573 39.
901 4550 971 4558 —
995 4519 1116 4573 Non
1140 4529 1214 4572 est
1242 4528 1469 4571 mortua.
1500 4519 1646 4585 Mihi,
1673 4521 1726 4574 in
1751 4521 1904 4591 cujus
1927 4523 2101 4595 dispo-

535 4606 728 4662 sitione
770 4615 826 4661 et
863 4609 1042 4662 anima
1091 4615 1306 4674 recepta
1347 4609 1507 4673 vivit,
1550 4617 1603 4662 et
1640 4626 1764 4664 caro
1791 4614 2099 4669 suscitanda

535 4696 786 4764 quiescit.
829 4694 966 4750 Hinc
1013 4710 1127 4749 mos
1171 4705 1255 4749 est
1287 4695 1644 4764 Christianis,
1686 4711 1744 4754 ut
1783 4704 1979 4757 mortui
2009 4704 2101 4774 qui

535 4787 888 4841 resurrecturi
932 4800 1036 4838 non
1064 4785 1410 4853 dubitantur,
1441 4787 1769 4846 dormientes
1805 4804 2099 4862 vocentur;

534 4876 677 4930 unde
707 4894 720 4928 :
752 4875 1012 4930 Nolumus
1042 4892 1128 4930 vos
1157 4878 1418 4948 ignorare,
1454 4880 1662 4950 fratres,
1693 4885 1758 4938 de
1795 4885 2101 4942 dormienti-

536 4965 630 5018 bus
654 4964 705 5034 (I
736 4965 910 5020 Thess.
934 4967 1029 5037 ιν).

535 5098 542 5102 .
607 5053 818 5125 (BEDA.)
839 5053 972 5110 Cum
1002 5057 1179 5112 anima
1208 5076 1326 5130 qua:
1366 5065 1673 5132 peccaverit
1712 5067 1996 5133 moriatur,
2040 5084 2104 5124 ea

539 5150 717 5196 tamen
758 5160 915 5212 quam
957 5147 1213 5204 Dominus
1241 5152 1308 5204 ad
1344 5153 1506 5206 vitam
1544 5163 1799 5209 aeternam
1826 5159 2102 5226 praevidet,

541 5229 697 5282 nobis
725 5233 938 5298 quidem
970 5244 1180 5291 mortua
1216 5236 1400 5306 fuisse,
1426 5242 1520 5295 sed
1556 5241 1605 5295 ei
1643 5243 1974 5300 obdormisse
1998 5262 2104 5303 non

539 5318 833 5389 incongrue
868 5324 970 5378 dici
1008 5334 1204 5395 potest.

543 5478 546 5480 γ
612 5405 775 5462 Vens.
795 5409 965 5464 £0.—
989 5413 1190 5482 Ejectis
1216 5416 1470 5469 omnibus.
1517 5417 1640 5489 (ln.)
1679 5419 1855 5475 Turba
1893 5422 2108 5491 ejicitur

539 5506 599 5552 ut
625 5500 798 5568 puella
833 5504 1122 5559 suscitetur
1153 5523 1166 5558 :
1197 5506 1322 5573 quia
1351 5507 1451 5560 nisi
1481 5509 1811 5566 saecularium
1853 5529 2104 5570 curarum

539 5587 826 5650 multitudo
849 5607 880 5644 a
907 5595 1071 5648 corde
1102 5594 1374 5660 ejiciatur,
1417 5597 1593 5652 anima
1622 5615 1742 5668 quae
1785 5602 1929 5658 intus
1961 5605 2107 5676 jacet

540 5692 752 5735 mortua
774 5697 880 5738 non
919 5684 1228 5740 suscitatur.
1261 5687 1395 5742 Dum
1421 5689 1566 5746 enim
1599 5706 1658 5748 se
1684 5708 1783 5763 per
1822 5697 2104 5755 universas

2113 3117 2160 3180 C

2792 2216 3019 2276 CAPUT
3054 2217 3140 2273 Vl.

2261 2349 2422 2402 Vens.
2446 2347 2588 2402 2.-
2614 2344 2762 2402 Unde
2782 2348 2923 2414 huic,
2949 2356 3052 2403 etc.
3086 2347 3220 2404 Mira
3245 2350 3476 2406 caecitas.
3516 2351 3574 2407 In
3598 2351 3762 2409 factis

2191 2449 2244 2495 et
2273 2439 2430 2493 dictis
2467 2437 2742 2493 Christum
2789 2452 3113 2508 cognoscere
3163 2448 3412 2508 possunt,
3458 2441 3530 2497 ob
3580 2441 3759 2499 solam

2191 2529 2404 2598 generis
2429 2528 2676 2593 notitiam
2707 2535 3078 2582 contemnunt.

2260 2618 2423 2673 Vens.
2470 2616 2524 2670 3.
2555 2637 2636 2656 -ι
2651 2615 2844 2670 Faber.
2893 2615 3106 2686 (Βεολ.)
3137 2616 3236 2682 Qui
3275 2627 3529 2686 operatur
3551 2619 3660 2689 igni
3697 2628 3761 2674 et

2193 2709 2422 2780 spiritu;
2450 2707 2591 2762 unde
2625 2725 2638 2760 :
2670 2706 2790 2776 Ipse
2825 2707 3104 2776 baptizabit
3136 2723 3222 2760 vos
3253 2707 3307 2759 in
3331 2707 3448 2778 igne
3483 2718 3533 2761 et
3570 2709 3765 2778 spiritu

2193 2799 2376 2870 (Joan.
2405 2801 2469 2869 ι).
2500 2797 2675 2853 Faber
2699 2805 2782 2851 est
2819 2797 2910 2867 qui
2933 2796 3229 2852 fabricatus
3271 2807 3356 2852 est
3401 2813 3654 2854 auroram
3701 2809 3765 2856 et

2192 2892 2380 2947 solem.

2263 2979 2424 3034 Vens.
2455 2978 2511 3033 4.
2536 3009 2609 3020 -
2634 2979 2758 3035 Νοη
2784 2990 2859 3036 est
2883 2981 3148 3052 propheta.
3183 2981 3357 3052 Prope
3395 2984 3644 3040 naturale
3672 2994 3767 3042 est

2193 3073 2340 3127 cives
2367 3072 2576 3129 civibus
2599 3073 2836 3128 invidere
2859 3074 2984 3143 quia
3014 3088 3119 3128 non
3146 3089 3331 3144 opera,
3356 3074 3448 3130 sed
3479 3074 3764 3133 infantiam

2197 3176 2360 3231 quam
2386 3161 2632 3216 viderunt
2659 3163 3026 3217 recordantur.

2271 3251 2443 3324 (lsm.)
2473 3253 2774 3308 Comitatur
2818 3269 2958 3324 saepe
2980 3253 3159 3310 vilitas
3185 3254 3468 3325 originem.
3501 3254 3591 3320 Ut,
3629 3257 3765 3323 Quis

2194 3353 2270 3399 est
2294 3345 2437 3413 [ilius
2463 3343 2576 3398 Isai
2603 3343 2722 3415 (Ill
2749 3343 2874 3414 Reg.
2905 3345 3026 3416 xu).
3055 3345 3160 3400 Sed
3190 3364 3202 3399 :
3239 3345 3474 3400 Humilia
3508 3347 3766 3404 Dominus

2197 3437 2420 3506 respicit,
2451 3445 2499 3489 et
2525 3435 2631 3489 alta
2663 3453 2694 3488 a
2722 3435 2872 3506 longe
2891 3437 3149 3506 cognoscit
3180 3436 3352 3508 (Psal.
3383 3440 3650 3507 cxxxvn).

2267 3525 2428 3580 Vens.
2459 3523 2512 3578 5.
2548 3553 2619 3563 —
2662 3521 2729 3577 Et
2761 3541 2864 3578 non
2891 3533 3111 3594 poterat,
3141 3533 3248 3579 etc.
3295 3523 3372 3578 Ne
3400 3527 3548 3580 cives
3581 3529 3765 3582 incre-

2197 3615 2351 3670 dulos
2401 3615 2553 3686 pejus
2599 3616 2982 3671 condemnaret
3035 3615 3239 3671 faciens
3268 3617 3465 3672 multas
3513 3619 3764 3674 virtutes.

2199 3707 2296 3763 Vel
2326 3707 2452 3776 quia
2501 3708 2556 3761 in
2585 3707 2759 3777 patria
2791 3722 2886 3761 sua
2912 3707 3227 3777 despicitur,
3257 3723 3458 3776 paucas
3491 3708 3563 3762 ibi
3595 3709 3770 3763 virtu-

2203 3803 2282 3850 tes
2308 3795 2438 3849 fecit
2475 3802 2529 3850 et
2553 3795 2724 3865 signa,
2759 3810 2825 3849 ne
2848 3795 3063 3864 penitus
3103 3795 3437 3851 excusabiles
3471 3796 3600 3850 sint.
3649 3796 3767 3852 Ma-

2193 3884 2315 3956 jora
2357 3885 2594 3955 quotidie
2637 3886 2690 3939 in
2730 3885 2978 3956 gentibus
3017 3885 3170 3956 signa
3207 3885 3366 3952 facit,
3405 3902 3511 3942 non
3553 3895 3662 3942 tam
3707 3889 3770 3945 in

2203 3990 2490 4045 corporum
2526 3976 2801 4031 sanatione
2829 3991 2989 4044 quam
3017 3976 3336 4031 animarum.

2275 4067 2440 4120 Vens.
2483 4066 2534 4120 6.
2562 4096 2634 4106 —
2668 4067 2736 4121 Et
2769 4067 3078 4120 mirabatur.
3112 4067 3324 4139 (Bene)
3365 4069 3479 4124 Non
3509 4071 3660 4140 quasi
3701 4070 3772 4126 de

2206 4155 2521 4226 improviso,
2553 4156 2646 4208 sed
2671 4155 2824 4224 quasi
2875 4155 3175 4210 mirandum
3227 4160 3476 4223 ostendit,
3512 4159 3638 4228 quia
3667 4176 3772 4216 nec

2202 4244 2486 4316 prophetis
2514 4245 2760 4312 credunt,
2809 4260 2910 4301 nec
2953 4246 3054 4317 ipsi
3083 4262 3241 4317 quem
3283 4259 3600 4318 prmsentem
3651 4267 3775 4307 cer~

2205 4347 2359 4394 nunt.

2126 4455 2180 4515 D
2277 4431 2441 4485 Vens.
2487 4429 2615 4482 7.—
2641 4427 2710 4482 Et
2730 4431 3174 4504 vocavit.(ilien.)
3193 4432 3470 4488 Mittuntur
3488 4433 3774 4490 duodecim

2209 4520 2432 4590 apostoli
2465 4560 2480 4586 ,
2512 4530 2568 4576 et
2591 4522 2750 4576 datur
2768 4523 2846 4578 eis
2883 4532 3120 4592 potestas
3157 4531 3422 4593 praecepta
3462 4525 3686 4580 docendi
3714 4535 3776 4581 ut

2208 4613 2500 4668 comitetur
2540 4615 2764 4668 verbum
2811 4615 2972 4669 simul
3013 4624 3066 4669 et
3101 4613 3298 4668 factum
3330 4628 3345 4666 :
3377 4623 3431 4669 et
3475 4630 3599 4670 cum
3649 4632 3776 4686 pro-

2210 4705 2390 4760 missis
2433 4706 2789 4761 invisibilibus
2817 4707 3044 4762 virtutes
3068 4707 3416 4771 misceantur,
3447 4715 3501 4761 et
3540 4708 3622 4762 sic
3651 4723 3776 4762 cum

2209 4805 2417 4866 ungunt
2443 4812 2613 4867 aegros
2638 4797 2778 4866 oleo,
2806 4797 3171 4852 inﬁrmitatem
3203 4798 3325 4853 ﬁdei
3353 4799 3552 4852 virtute
3589 4815 3779 4855 οοιϊο⁸

2211 4884 2425 4941 borant.

2283 4976 2352 5030 Et
2379 4976 2535 5028 dabat
2563 4975 2688 5040 illis,
2721 4984 2824 5030 etc.
2848 4975 3117 5045 Benignus
3155 4978 3413 5034 Dominus
3437 4987 3494 5034 et
3519 4982 3781 5051 magister

2211 5084 2320 5124 non
2348 5068 2550 5122 invidet
2595 5067 2868 5136 discipulis
2913 5079 2968 5125 et
3016 5070 3186 5123 servis
3231 5077 3550 5138 potestatem
3601 5087 3776 5126 suam.

2215 5159 2321 5214 Sed
2375 5158 2488 5226 ipse
2539 5165 2802 5225 potestate
2849 5173 2942 5212 sua
2972 5159 3102 5229 agit,
3135 5159 3208 5213 illi
3240 5174 3335 5213 sua
3362 5160 3704 5227 inﬁrmitate,
3733 5163 3780 5216 si

2213 5247 2338 5318 quid
2370 5255 2554 5315 agunt,
2585 5253 2639 5301 et
2670 5247 2879 5300 Domini
2925 5249 3176 5301 virtutem
3227 5249 3555 5304 conﬁtentur
3591 5253 3780 5307 dicen-

2214 5347 2295 5394 tes
2328 5357 2341 5394 :
2377 5337 2444 5391 In
2467 5338 2593 5392 Jesu
2618 5339 2820 5394 nomine
2853 5355 3005 5408 surge
3029 5347 3076 5391 et
3102 5338 3316 5392 ambula
3341 5342 3476 5408 (Act.
3499 5341 3609 5413 in).

2285 5431 2446 5485 Vens.
2475 5430 2601 5484 8.—
2619 5429 2701 5484 Ne
2720 5430 2845 5500 quid
2878 5428 3134 5494 tollerent,
3164 5437 3268 5484 etc.
3294 5430 3466 5485 Tanta
3495 5434 3566 5487 sit
3591 5434 3646 5487 in
3672 5433 3780 5488 Do-

2211 5518 2361 5574 mino
2409 5519 2638 5583 ﬁducia,
2684 5529 2741 5573 ut
2781 5519 2910 5573 nihil
2935 5521 3120 5574 deesse
3151 5521 3452 5576 certissime
3481 5523 3678 5589 sciant,
3713 5539 3782 5579 ne

2209 5611 2334 5663 dum
2351 5610 2450 5664 sibi
2472 5610 2752 5678 provident
2775 5608 3105 5679 temporalia,
3133 5610 3309 5666 minus
3331 5610 3450 5667 aliis
3459 5612 3782 5683 provideant

2208 5708 2428 5756 aeterna.
