3960 6336
195 317 284 374 201

1127 311 1394 372 CLOSSA
1432 311 1825 371 ORDINARIA.
1866 342 1935 353 —
1965 311 2214 370 EVANG.
2256 314 2489 372 MARCI.

3302 314 3411 372 202

191 447 199 495 ε
255 426 452 504 (ΒΒΜ.)
485 425 754 486 Mattheus
791 435 848 486 et
889 429 1063 487 Lucas
1098 437 1402 486 memorant
1444 428 1732 484 Dominum
1759 431 1812 492 Α
1835 429 2026 483 maria.
2059 429 2322 499 Tempore
2350 446 2479 486 vero
2504 430 2722 498 Iuliani,
2754 439 2885 497 etc.,
2935 446 3094 503 usque
3115 431 3184 485 ad
3207 443 3412 502 expur-

191 519 446 593 discipulis
494 519 713 588 dixisse,
756 528 817 575 ut
841 536 943 578 nec
987 521 1193 592 virgam
1241 520 1447 576 ferrent
1480 539 1494 575 :
1527 520 1740 577 Marcus

192 631 252 671 ne
271 611 389 684 quid
417 609 662 666 tollerent
686 611 791 667 nisi
813 611 1042 683 virgam.
1064 610 1172 668 Sed
1195 611 1272 667 illi
1296 612 1514 667 realiter
1533 611 1739 683 virgam

193 705 452 777 accipiunt.
475 701 687 758 Marcus
715 719 812 774 per
847 704 1050 774 virgam
1076 711 1398 775 potestatem
1444 701 1741 774 accipiendi

193 795 469 856 necessaria
500 810 532 849 a
563 796 797 852 subditis
824 797 1098 868 intelligit.

253 887 401 943 Vens.
429 886 482 942 9.
533 885 893 943 ——Calceatos
927 888 1206 944 sandaliis.
1253 888 1378 961 (10.)
1408 888 1479 946 Ut
1501 903 1599 961 pes
1637 902 1738 946 ne-

190 995 283 1053 que
326 987 494 1035 tectus
539 979 612 1035 sit
653 993 828 1048 neque
854 981 1028 1037 nudus
1073 982 1141 1038 ad
1167 990 1390 1050 terram,
1418 982 1473 1038 id
1509 989 1612 1048 est,
1640 995 1742 1038 nec

191 1071 516 1142 Evangelium
570 1071 890 1139 occultetur,
928 1087 1028 1130 nec
1071 1075 1304 1132 terrenis
1337 1075 1631 1132 commodis
1658 1075 1742 1132 in-

191 1163 394 1218 nitatur.

251 1253 326 1308 Νι
355 1250 692 1306 induerentur
731 1252 936 1308 duabus
972 1255 1184 1309 tunicis.
1229 1255 1353 1329 (10.)
1394 1255 1548 1324 Quod
1577 1263 1661 1312 est
1681 1261 1744 1312 ut

191 1341 483 1412 simpliciter
511 1342 809 1408 ambulent,
838 1359 946 1399 non
982 1345 1289 1415 dupliciter.

251 1431 396 1486 Vens.
451 1432 542 1488 H.
572 1463 645 1473 —
680 1433 924 1489 Excutite
961 1435 1224 1506 pulverem
1253 1437 1318 1492 de
1345 1438 1582 1509 pedibus.
1617 1436 1740 1509 (10.)

189 1517 348 1578 Pulvis
370 1522 642 1576 excutitur
670 1523 736 1578 de
778 1524 1007 1594 pedibus
1053 1527 1106 1580 in
1151 1527 1516 1582 testimonium
1541 1527 1743 1584 laboris

184 1611 272 1677 sui,
293 1611 426 1680 quod
477 1612 706 1684 ingressi
757 1623 885 1668 sunt
921 1616 1216 1682 civitatem,
1250 1619 1392 1687 quod
1432 1618 1744 1688 prtedicatio

180 1718 330 1774 usque
344 1701 409 1758 ad
449 1702 568 1760 illos
588 1707 916 1775 pervenerit.
945 1707 1040 1763 Vel
1067 1710 1207 1778 quod
1229 1710 1361 1764 nihil
1384 1710 1452 1765 ab
1477 1711 1556 1766 eis
1582 1725 1739 1767 acce-

1843 527 1971 592 gato
1996 535 2024 573 a
2050 521 2299 577 sordibus
2340 521 2537 592 templo
2579 522 2798 592 Serapis
2825 537 2944 577 ossa
2974 522 3160 577 eadem
3194 521 3267 577 ibi
3309 537 3408 592 po-

1839 611 1967 676 suit,
2008 619 2062 665 et
2088 609 2363 666 basilicam
2410 611 2463 666 iu
2512 612 2717 668 honore
2742 612 2913 667 sancti
2946 610 3171 666 Joannis
3212 626 3407 668 conse-

1840 701 2030 756 cravit.

1909 793 2073 848 Vens.
2098 791 2280 848 50.—
2310 791 2379 846 Et
2431 793 2805 848 convenientes.
2853 791 3059 862 (Ιῐιειι.)
3105 791 3187 846 Ad
3233 791 3410 846 locum

1839 885 1982 940 unde
2019 892 2219 940 exeunt
2262 883 2481 939 ﬁumina
2531 883 2778 939 redeunt.
2811 885 2922 940 Deo
2968 884 3170 954 gratias
3200 898 3415 954 semper

1839 976 2082 1032 referunt
2103 991 2264 1046 super
2288 976 2373 1032 his
2396 991 2516 1046 qua:
2541 983 2884 1046 acceperunt.

1913 1066 2125 1122 Omnia.
2155 1068 2270 1122 Non
2300 1069 2473 1123 solum
2502 1082 2621 1139 quae
2643 1067 2743 1136 ipsi
2775 1073 3000 1137 egerant
3024 1074 3080 1122 et
3117 1064 3416 1122 docuerant

1841 1156 2066 1228 apostoli
2093 1156 2325 1211 Domino
2352 1155 2688 1220 renuntiant,
2715 1155 2808 1210 sed
2835 1154 2998 1210 etiam
3037 1170 3156 1224 qua)
3180 1153 3417 1210 Joannes

1842 1249 1922 1304 eis
1944 1247 2260 1303 docentibus
2275 1261 2466 1318 passus
2482 1246 2570 1301 sit.
2591 1245 2687 1302 Vel
2715 1245 2797 1301 sui
2825 1246 2910 1302 vel
2925 1245 3165 1316 ejusdem
3188 1245 3414 1301 Joannis

1843 1339 2111 1410 discipuli,
2130 1339 2272 1393 sicut
2288 1337 2570 1394 Mattheus
2596 1338 2802 1392 scribit.

1915 1432 2080 1487 Vens.
2105 1431 2281 1486 51.—
2310 1428 2492 1485 Venite
2542 1446 2796 1485 seorsum.
2837 1428 3051 1502 (81:01.)
3081 1428 3197 1485 Non
3243 1429 3416 1485 solum

1843 1524 2213 1596 requisitionis
2241 1537 2430 1587 causa,
2463 1524 2559 1579 sed
2593 1524 2823 1594 mystice
2850 1523 3118 1594 significat
3138 1523 3300 1594 quod,
3333 1529 3418 1578 re-

1842 1615 1969 1670 licta
1989 1614 2191 1682 Iudaea,
2215 1630 2352 1685 quae,
2374 1621 2503 1680 etc.,
2533 1631 2693 1686 usque
2720 1615 2789 1668 ad
2809 1612 2956 1670 venit
2974 1630 3240 1682 seorsum,
3269 1616 3419 1672 ducit

1845 1722 1981 1778 quos
2013 1706 2179 1777 eligit,
2212 1714 2272 1760 ut
2302 1705 2444 1760 inter
2479 1705 2621 1761 male
2663 1703 2905 1762 viventes
2936 1706 3078 1760 mala
3108 1722 3216 1761 non
3243 1715 3418 1762 atten-

177 1794 640 1865 perintadvictum
654 1797 1016 1853 necessarium
1037 1797 1131 1869 qui
1152 1798 1502 1870 Evangelium
1522 1814 1742 1871 spreve-
1767 1795 1817 1855 Β
1845 1799 1994 1863 dant,
2025 1804 2086 1851 ut
2138 1795 2276 1852 Loth
2311 1797 2364 1851 in
2395 1795 2666 1862 Sodomis,
2706 1805 2762 1852 et
2792 1796 2893 1854 Iob
2921 1797 2977 1852 in
3017 1807 3164 1854 terra
3201 1798 3333 1866 Hus,
3364 1807 3422 1855 et

177 1894 306 1942 runt.

238 1977 388 2032 Vens.
425 1975 528 2032 Ι5.
559 2006 630 2018 -
665 1975 736 2032 Et
759 1976 1016 2049 angebant
1039 1977 1174 2034 oleo.
1201 1978 1324 2052 (10.)
1369 1978 1605 2037 Iacobus
1650 1981 1736 2037 di-

174 2066 278 2123 cit:
305 2067 630 2136 Inﬁrmatur
660 2069 777 2140 quis
818 2068 873 2124 in
918 2068 1101 2124 vobis?
1151 2069 1366 2125 inducat
1417 2073 1738 2143 presbyteros

174 2158 420 2226 Ecclesice,
435 2169 500 2214 et
514 2168 660 2214 orent
672 2176 828 2232 super
840 2177 958 2215 eunt
977 2170 1224 2233 ungeutes
1239 2180 1357 2218 eum
1372 2163 1483 2219 oleo
1499 2164 1640 2236 (Jac.
1655 2164 1710 2236 v)
1720 2206 1736 2234 ,

175 2260 268 2306 etc.
300 2249 465 2307 Unde
505 2259 654 2322 patet
679 2252 748 2307 ab
775 2252 1034 2324 apostolis
1063 2255 1206 2311 hunc
1241 2270 1448 2312 morem
1479 2271 1599 2313 esse
1623 2266 1740 2313 tra-

175 2342 327 2398 ditum
355 2350 413 2398 ut
440 2344 804 2414 energumeni
831 2352 888 2399 et
925 2343 1016 2399 alii
1054 2346 1240 2418 {egroti
1267 2357 1536 2420 ungantur
1561 2349 1679 2406 oleo
1705 2365 1736 2405 a

173 2433 408 2504 pontiﬁce
430 2442 784 2490 consecrato.

235 2524 390 2580 Vens.
409 2524 508 2579 Η.
531 2555 602 2564 -
632 2523 700 2578 Et
720 2523 919 2579 audivit
944 2540 1054 2581 res.
1084 2523 1211 2598 (10.)
1240 2524 1415 2582 Lucas
1440 2526 1693 2602 (Lue.1x)
1719 2546 1733 2584 :

179 2611 371 2668 Audiuit
405 2613 650 2668 Herodes
699 2613 964 2669 tetrareha
1007 2615 1186 2670 omnia
1206 2631 1323 2687 quae
1370 2615 1585 2686 ﬁebant,
1625 2627 1734 2673 etc.

184 2702 322 2760 Unde
336 2705 764 2777 intelligendum,
783 2716 877 2764 aut
891 2709 1270 2764 conﬁrmatum
1288 2725 1408 2765 eum
1427 2725 1493 2764 ex
1509 2710 1737 2766 aliorum

180 2797 344 2853 verbis
369 2798 640 2854 credendo
669 2799 888 2868 dixisse,
920 2811 1014 2856 aut
1041 2801 1217 2858 adhuc
1251 2801 1568 2867 haesitando,
1604 2810 1735 2868 etc.,

175 2900 326 2956 usque
351 2888 421 2942 ad
444 2903 554 2944 non
583 2891 970 2958 resurrexisse,
993 2893 1088 2948 sed
1111 2893 1452 2949 sublevatum
1475 2909 1595 2950 esse
1621 2893 1737 2949 fur-

179 2976 265 3032 tim
301 2979 529 3036 eredere
553 2981 877 3037 maluerunt.

241 3067 406 3126 Vens.
441 3071 531 3124 17.
569 3101 640 3110 -
667 3069 898 3144 Philippi
926 3073 1106 3144 fratris
1152 3076 1260 3130 sui.
1302 3073 1516 3147 (Be0s.)
1575 3075 1739 3134 Vetus

1838 1889 2042 1943 Abdias
2071 1887 2126 1942 in
2150 1888 2310 1943 domo
2340 1885 2548 1944 Achab.

1908 1979 2248 2052 Requiescite.
2268 1979 2340 2038 Ut
2353 1995 2483 2036 aves
2498 1982 2550 2036 in
2574 1983 2740 2038 ramis
2754 1983 2977 2053 sinapis.
2997 1981 3198 2038 Pusilla
3217 1984 3310 2039 hic
3336 2000 3424 2040 re-

1840 2071 1997 2140 quies
2025 2070 2248 2135 sanctis,
2270 2069 2465 2141 longus
2509 2070 2660 2126 labor
2689 2089 2703 2126 :
2739 2073 2832 2128 sed
2863 2080 2985 2144 post
3003 2072 3203 2129 dicitur
3231 2073 3336 2129 illis
3361 2082 3424 2129 ut

1839 2160 2190 2232 requiescant
2218 2175 2248 2214 a
2282 2160 2558 2218 laboribus
2585 2163 2716 2219 suis.

1909 2250 2079 2305 Erant
2099 2250 2256 2318 enim,
2279 2258 2386 2306 etc.
2413 2251 2619 2324 (1111311.)
2644 2251 2703 2307 1n
2734 2268 2861 2309 arca
2885 2251 3001 2310 Noe
3026 2253 3279 2310 animalia
3300 2270 3420 2325 quas

1839 2341 1986 2398 intus
2023 2349 2199 2408 erant,
2239 2341 2386 2397 foras
2416 2343 2791 2410 mittebantur,
2829 2353 2886 2400 et
2911 2361 3031 2416 quae
3069 2345 3201 2402 foris
3242 2357 3420 2413 erant,

1840 2433 1986 2488 intus
2039 2433 2417 2502 erumpebant.
2471 2431 2564 2489 Sic
2628 2435 2683 2489 in
2754 2435 2993 2491 Ecclesia
3042 2436 3231 2505 Judas,
3288 2448 3419 2504 etc.,

1841 2541 2004 2595 usque
2029 2524 2098 2582 ad
2123 2533 2254 2579 tunc
2282 2524 2522 2580 cessabit
2557 2535 2750 2582 ventus
2780 2535 2835 2582 et
2861 2529 3114 2598 procella,
3163 2527 3288 2585 Iesu
3335 2546 3420 2585 se-

1841 2616 2000 2670 dente
2031 2623 2087 2670 et
2114 2624 2377 2688 regnante
2413 2616 2466 2671 in
2497 2617 2645 2684 navi,
2678 2632 2797 2688 quae
2827 2627 2910 2673 est
2954 2619 3274 2676 universalis
3316 2620 3420 2677 Ec-

1839 2707 2021 2763 clesia.

1912 2803 2074 2857 Vens.
2103 2799 2276 2855 52.--
2303 2800 2556 2856 Abierunt
2599 2801 2654 2856 in
2674 2801 2897 2856 deserto.
2931 2799 3145 2873 (Be0s.)
3175 2801 3415 2859 Petendo

1840 2891 2186 2947 solitudinem
2215 2890 2374 2946 ﬁdem
2400 2891 2680 2946 turbarum
2697 2906 2766 2946 an
2785 2906 2845 2947 se
2869 2900 3129 2962 sequatur
3150 2892 3417 2964 explorat,

1840 2993 1896 3040 et
1943 2985 2277 3056 exploratam
2336 2984 2493 3056 digna
2537 2985 2787 3040 mercede
2837 2992 3168 3040 remunerat.
3224 2986 3418 3042 Turbae

1842 3090 2022 3134 autem
2055 3094 2160 3133 non
2186 3077 2470 3148 jumentis,
2500 3092 2606 3132 non
2637 3076 2917 3143 vehiculis,
2957 3077 3050 3132 sed
3083 3077 3304 3148 pr0prio
3334 3078 3416 3133 la-

177 3159 397 3215 historia
458 3168 646 3214 narrat
685 3159 992 3232 Philippum
1029 3162 1251 3232 majoris
1301 3164 1530 3220 Herodis
1571 3165 1741 3220 fuisse
1765 3153 1812 3217 0
1843 3171 1976 3225 bore
2001 3170 2222 3239 pedum,
2257 3169 2362 3224 iter
2388 3169 2588 3224 deserti
2618 3170 2913 3240 arripiunt,
2949 3176 3005 3224 et
3031 3171 3224 3226 salutis
3269 3171 3415 3228 desi-

179 3249 358 3316 ﬁlium,
402 3258 462 3306 et
502 3250 724 3308 fratrem
751 3251 982 3308 Herodis
1032 3255 1132 3309 sub
1168 3270 1276 3325 quo
1301 3269 1494 3324 passus
1523 3257 1743 3312 estDo-

179 3345 371 3410 minus,
401 3352 461 3399 et
502 3343 721 3400 duxisse
761 3343 1146 3412 Herodiadem,
1201 3346 1366 3402 ﬁliam
1411 3347 1650 3414 Arethae,
1691 3356 1747 3405 et

176 3434 657 3507 postea.Aretham
680 3439 816 3493 ortis
862 3438 1226 3497 simultatibus
1261 3440 1426 3495 ﬁliam
1474 3457 1626 3497 suam
1661 3449 1745 3496 tu-

178 3526 317 3594 lisse,
341 3539 397 3584 et
422 3527 622 3585 Herodi
663 3528 885 3585 inimico
917 3529 1145 3602 Philippi
1205 3531 1260 3586 in
1301 3531 1539 3588 dolorem
1574 3531 1745 3604 ipsius

177 3622 368 3692 nuptiis
383 3622 685 3694 copulasse.
701 3622 992 3695 Egesippus
1005 3624 1090 3680 vel
1105 3623 1371 3696 Iosephus
1395 3633 1574 3683 tamen
1589 3627 1746 3697 longe

176 3716 340 3774 aliter.

243 3809 403 3867 Vens.
437 3811 526 3867 18.
548 3840 620 3856 ——
650 3811 774 3868 Non
801 3812 918 3869 licet
959 3815 1053 3870 tibi
1094 3816 1302 3884 habere,
1337 3826 1444 3875 etc.
1476 3819 1600 3893 (10.)
1641 3821 1744 3890 Qui

178 3914 392 3959 venerat
415 3904 469 3960 in
493 3905 686 3977 spiritu
712 3914 768 3962 et
793 3907 994 3965 virtute
1019 3908 1168 3979 Elia),
1199 3910 1465 3969 Herodem
1488 3915 1665 3987 arguit
1690 3922 1746 3972 et

177 3992 543 4063 Herodiadem,
567 3999 727 4068 sicut,
765 4009 895 4068 etc.,
923 4019 1084 4074 usque
1111 4004 1180 4060 ad
1215 4006 1377 4063 homo
1401 4007 1546 4062 enim
1575 4009 1641 4064 ad
1666 4009 1746 4065 la-

178 4082 356 4141 borem
381 4088 652 4156 nascitur,
692 4097 748 4146 et
780 4091 952 4146 sancti
977 4106 1077 4163 per
1100 4102 1332 4152 mortem
1370 4103 1652 4155 transeunt
1675 4099 1745 4156 ad

181 4177 432 4247 requiem.

243 4268 403 4327 Vens.
425 4272 520 4328 25.
544 4303 618 4315 —
636 4272 710 4329 Et
737 4275 962 4346 juravit.
999 4277 1213 4352 (81:01.)
1243 4281 1361 4338 Non
1396 4291 1684 4340 excusatur
1711 4298 1744 4338 a

177 4359 406 4431 perjurio
422 4380 524 4436 per
541 4363 929 4435 juramentum.
960 4369 1084 4426 Ideo
1106 4373 1249 4428 enim
1273 4374 1410 4431 forte
1429 4374 1654 4444 juravit,
1684 4383 1745 4431 ut

1844 3260 2054 3317 derium
2086 3261 2398 3316 ostendunt.
2443 3262 2653 3317 Rursus
2695 3261 2812 3332 ipse
2860 3261 3175 3332 excipiendo
3223 3262 3418 3334 fatiga-

1846 3367 1950 3424 tos,
1977 3357 2220 3414 docendo
2271 3357 2493 3424 inscios,
2527 3357 2767 3413 sanando
2812 3365 3065 3428 aegrotos,
3122 3359 3421 3413 recreando

1835 3446 2074 3519 jejunos,
2103 3455 2366 3519 quantum
2397 3446 2684 3503 devotione
2729 3447 3070 3502 credentium
3117 3446 3419 3503 delectetur

1843 3539 2103 3596 insinuat.

1913 3632 2076 3688 Vens.
2105 3631 2195 3689 55.
2223 3661 2294 3673 -
2315 3631 2383 3686 Et
2409 3631 2687 3702 pedestres.
2715 3630 2852 3687 Nota
2882 3631 3010 3702 quia
3044 3647 3150 3687 non
3180 3631 3233 3688 in
3257 3632 3419 3689 aliam

1843 3724 2012 3779 maris
2035 3725 2209 3794 ripam
2233 3723 2350 3780 sine
2372 3722 2626 3778 Iordanis
2650 3723 2864 3794 navigio
2892 3731 3274 3794 pervenerunt.
3312 3724 3421 3780 Sed

1845 3816 2074 3872 transito
2097 3815 2278 3885 aliquo
2316 3815 2456 3871 freto
2496 3814 2582 3870 vel
2617 3823 2836 3886 stagno,
2867 3816 3146 3886 proximos
3179 3815 3422 3885 ejusdem

1844 3908 2082 3979 regionis
2095 3907 2243 3963 locos
2254 3907 2524 3974 adierunt,
2539 3922 2646 3978 quo
2672 3908 2834 3962 etiam
2846 3907 3126 3977 pedestres
3153 3906 3422 3979 indigena:

1842 3999 2126 4072 pervenire
2149 4006 2458 4069 potuerunt.

1915 4092 2080 4146 Vens.
2127 4090 2217 4145 54.
2247 4121 2318 4131 -
2347 4090 2416 4144 Et
2466 4090 2708 4146 misertus
2736 4101 2832 4146 est.
2872 4090 3085 4163 (82:011.)
3142 4091 3424 4160 Quomodo

1845 4183 2102 4238 misertus
2134 4182 2224 4248 sit,
2253 4181 2538 4236 Mattheus
2570 4181 2781 4252 plenius
2825 4182 3047 4253 exponit
3073 4184 3177 4239 hoc
3215 4183 3375 4238 modo
3407 4202 3421 4238 :

1844 4273 1915 4327 Et
1940 4275 2184 4328 misertus
2211 4282 2286 4328 est
2315 4273 2412 4338 eis,
2442 4282 2490 4327 et
2510 4273 2711 4327 curavit
2747 4271 3023 4344 languores
3071 4289 3272 4329 eorum.
3311 4273 3427 4330 Hoc

1846 4372 1933 4419 est
1958 4365 2104 4418 enim
2131 4379 2428 4434 pauperum
2453 4371 2507 4420 et
2530 4379 2636 4418 non
2665 4363 2976 4419 habentium
3007 4373 3284 4436 pastorem
3326 4382 3424 4421 ve-

177 4455 513 4513 occasionem
542 4457 813 4514 inveniret
835 4460 1132 4516 occidendi.
1164 4463 1232 4518 Et
1259 4464 1303 4520 si
1330 4465 1417 4520 illa
1448 4467 1620 4536 patris
1651 4475 1744 4521 aut
1772 4515 1823 4536 ﬁ
1848 4456 2051 4512 TaCilel‘
2087 4457 2357 4522 misereri.
2389 4465 2444 4511 el
2479 4456 2620 4510 Viam
2651 4456 2899 4511 νοτὶωιίε
2945 4457 3179 4528 aperire.
3225 4466 3279 4512 ει
3309 4459 3427 4513 lall-

179 4547 356 4602 matris
369 4548 650 4605 interitum
669 4550 1016 4622 postulasset,
1047 4567 1151 4607 non
1177 4553 1364 4624 utique
1388 4557 1748 4613 concessisset

178 4633 430 4697 Herodes.
459 4641 462 4644 ’

244 4725 403 4786 Vens.
432 4729 528 4787 26.
558 4761 633 4773 —
675 4730 743 4786 Et
769 4733 1132 4800 contristatus,
1163 4740 1268 4789 etc.
1322 4733 1444 4808 (10.)
1475 4735 1747 4794 Consueto

179 4833 320 4878 more
349 4823 650 4896 Scriptura:
672 4825 1051 4892 contristatus,
1083 4841 1190 4882 non
1212 4840 1291 4892 re,
1322 4829 1416 4883 sed
1454 4828 1746 4884 multorum

180 4911 444 4980 opinione.
493 4915 652 4972 Sicut
684 4925 742 4973 et
784 4917 900 4987 ipse
936 4917 1156 4989 Ioseph,
1213 4927 1342 4986 etc.,
1381 4937 1542 4992 usque
1588 4920 1657 4975 ad
1686 4931 1746 4977 ut

182 5002 274 5059 sub
297 5006 588 5062 occasione
615 5007 832 5077 pietatis
861 5008 1060 5078 impius
1088 5008 1262 5065 ﬁeret.

244 5093 408 5153 Vens.
439 5097 536 5153 27.
564 5128 636 5139 —
660 5098 831 5170 Caput
852 5099 965 5168 ejus
984 5101 1038 5154 in
1059 5100 1225 5156 disco.
1253 5101 1376 5174 (10.)
1401 5101 1575 5176 Caput
1613 5103 1750 5176 legis

181 5189 318 5254 quod
352 5197 440 5245 est
459 5188 739 5258 Christus,
779 5205 812 5246 a
841 5205 1070 5262 corpore
1102 5193 1457 5262 abscinditur,
1498 5205 1628 5262 etc.,
1661 5214 1751 5253 us-

183 5293 277 5347 que
303 5281 371 5334 ad
402 5279 656 5338 Christus
675 5290 878 5348 autem,
908 5281 1001 5354 qui
1023 5290 1108 5339 est
1128 5283 1220 5340 lux
1240 5287 1446 5356 mundi,
1469 5303 1592 5344 cum
1614 5289 1752 5346 inci-

183 5367 332 5436 piunt
357 5385 612 5428 crescere
638 5373 776 5430 dies.

247 5457 412 5518 Vens.
462 5461 556 5519 29.
581 5493 654 5504 —
680 5463 752 5518 Et
791 5463 1066 5523 tulerunt:
1087 5465 1212 5540 (10.)
1251 5466 1520 5540 Iosephus
1566 5479 1756 5528 narrat

185 5544 711 5619 Ioannemvinctum,
733 5553 787 5607 in
803 5554 1085 5610 castellum
1102 5555 1445 5614 Macheronta
1462 5559 1755 5618 adductum

189 5639 366 5710 ibique
415 5650 747 5698 truncatum.
780 5642 1160 5700 Ecclesiastica
1208 5659 1393 5704 narrat
1423 5649 1670 5716 historia,
1699 5652 1754 5708 in

191 5727 414 5790 Sebaste
426 5732 562 5788 urbe
586 5733 902 5801 Palaestinae,
925 5752 1046 5806 quae
1072 5738 1214 5794 dicta
1236 5748 1320 5796 est
1347 5742 1617 5812 quondam
1650 5742 1754 5800 Sa-

510 5829 780 5891 Ρηιοι..
841 5829 1062 5896 CXIV.

1771 4515 1825 4577 D

1851 4549 2043 4624 guidos
2071 4563 2262 4604 curare
2311 4557 2367 4604 et
2411 4546 2627 4617 jejunos
2665 4547 2956 4603 reﬁciendo
2986 4549 3054 4605 ad
3081 4547 3297 4604 laudem
3335 4565 3427 4605 su-

1849 4658 2032 4714 perna:
2077 4641 2345 4713 largitatis
2389 4642 2664 4708 animare;
2697 4656 2820 4712 quae
2847 4641 3129 4713 sequentia
3169 4655 3294 4698 eum
3336 4641 3422 4700 fe-

1849 4736 1990 4792 cisse
2015 4735 2312 4791 declarant.

1921 4825 2088 4883 Vens.
2111 4827 2202 4882 55.
2235 4856 2303 4866 -
2331 4824 2401 4880 Et
2426 4841 2544 4880 cum
2565 4826 2686 4896 jam
2713 4825 2864 4880 hora.
2895 4825 2993 4882 Die
3013 4823 3281 4882 declinata
3303 4825 3428 4882 Sal-

1847 4929 2006 4976 vator
2059 4921 2247 4975 turbas
2296 4919 2491 4985 reﬁcit,
2523 4919 2651 4988 quia
2679 4918 2766 4974 vel
2811 4917 2919 4973 ﬁne
2973 4919 3159 4975 saeculi
3202 4919 3432 4989 propin-

1855 5020 2078 5082 quante,
2109 5011 2192 5065 vel
2221 5025 2342 5065 cum
2389 5010 2468 5065 sol
2498 5008 2727 5081 justitia:
2764 5024 2864 5080 pro
2889 5008 3048 5066 nobis
3086 5009 3364 5078 occubuit,
3399 5027 3432 5067 a

1856 5103 2062 5158 diutina
2089 5101 2348 5172 spiritalis
2369 5101 2565 5156 inediae
2588 5115 2775 5156 sumus
2799 5100 3013 5159 liberati
3033 5099 3196 5156 fame.

1928 5189 2143 5264 (Be0s.)
2180 5188 2456 5246 Christum
2485 5190 2699 5245 deserta
2727 5191 2965 5261 gentium
2992 5197 3267 5262 petentem
3296 5191 3436 5247 mul-

1856 5289 1926 5339 ta:
1974 5281 2212 5338 ﬁdelium
2258 5288 2494 5336 caterva:
2537 5280 2746 5336 relictis
2771 5281 3043 5338 moenibus
3067 5281 3262 5353 priscae
3305 5297 3436 5339 con-

1855 5373 2200 5440 versationis,
2235 5371 2595 5442 neglectoque
2641 5372 2916 5428 variorum
2950 5371 3266 5444 dogmatum
3303 5389 3437 5446 prte-

1856 5469 2014 5536 sidio,
2067 5475 2387 5540 sequuntur,
2425 5475 2630 5522 etcum
2661 5467 2897 5538 primum
2939 5475 3099 5523 notus
3143 5466 3200 5522 in
3252 5464 3437 5521 Iudaea

1855 5561 2023 5626 Deus,
2050 5569 2177 5616 tunc
2197 5559 2464 5615 exaltatus
2489 5566 2572 5615 est
2591 5572 2756 5631 super
2775 5558 2942 5615 caelos
2960 5563 3016 5614 et
3041 5570 3204 5628 super
3221 5571 3438 5613 omnem

1859 5661 2059 5709 terram
2089 5651 2256 5722 gloria
2282 5650 2417 5720 ejus.

1931 5743 2097 5799 Vens.
2131 5743 2222 5800 57.
2260 5773 2329 5784 -
2354 5743 2490 5800 Date
2511 5742 2636 5800 illis.
2655 5743 2922 5801 Provocat
2941 5737 3212 5812 apostolos
3236 5737 3306 5795 sd
3332 5738 3429 5796 fra-

2881 5836 2922 5896 7
