3960 6336
512 363 619 422 205
1012 362 1407 421 WALAFRIDI
1447 362 1697 420 STRABI
1736 363 1944 424 FULD.
1988 364 2155 425 MON.
2196 364 2350 425 OPP.
2391 367 2575 428 PARS
2610 370 2653 428 ἰ.
2692 400 2766 412 -
2801 368 3257 429 THEOLOGICA.
3687 373 3795 431 204

514 479 753 537 ctionem
780 480 958 553 panis,
984 485 1047 535 ut
1080 460 1186 536 illis
1216 495 1274 536 se
1321 495 1431 536 non
1490 479 1693 536 habere
1745 481 2095 549 testantibus,
2128 483 2177 547 Α
2203 479 2289 537 bis
2319 490 2380 537 ut
2415 482 2468 538 in
2489 482 2743 539 omnibus
2762 458 3067 554 bonis’qnze
3096 485 3304 558 agimus
3340 484 3567 544 humani
3595 487 3797 548 favoris

515 572 889 643 magnitudino
934 573 1071 643 signi
1145 581 1470 629 notesceret.
1527 575 1604 637 Et,
1630 574 1938 641 insinuans,
1970 577 2100 645 quia

514 665 757 736 quotidie
788 681 886 738 per
939 681 1034 721 eos
1055 666 1240 737 jejuna
1270 668 1432 723 corda
1475 676 1599 724 sunt
1634 670 1923 739 pascenda,
1975 685 2099 725 cum

2206 573 2619 629 retributionem
2649 572 2884 629 vitemus
2910 591 2923 628 :
2954 589 3023 628 ne
3047 589 3146 629 nos
3166 578 3411 645 operatio
3436 578 3698 636 virtutum
3725 583 3794 638 ad

2204 664 2699 735 concupiscentiam
2729 663 2910 719 ﬂectat
2930 665 3326 736 temporalium.
3354 668 3509 736 Quod
3547 672 3663 741 ipse
3692 672 3797 729 Do-

513 774 701 814 eorum
730 758 990 830 exemplis
1014 759 1097 815 vel
1126 760 1308 815 verbis
1348 761 1416 816 ad
1459 763 1689 818 amanda
1716 764 1957 819 cmlestia
1979 780 2101 822 sus.
2202 756 2384 812 minus
2420 752 2578 812 nobis
2617 757 2924 821 insinuans,
2950 770 3073 812 cum
3098 757 3153 812 bi
3179 758 3270 828 qui
3303 758 3533 817 virtutes
3559 762 3679 833 ejus
3704 764 3797 819 ad—

513 850 767 906 citamnr.
818 849 1149 917 Notandum,
1185 852 1330 922 quod
1377 851 1480 908 hoc
1523 868 1726 923 panum
1773 853 2097 912 miraculum

510 942 746 999 Joannes
797 942 1097 1014 scripturus
1127 943 1410 1014 praemisit,
1437 945 1581 1017 quod
1611 946 1920 1017 proximum
1952 958 2098 1005 esset

508 1035 736 1107 Pascha.
765 1036 1051 1095 Mattbaeus
1079 1045 1135 1092 et
1160 1036 1374 1094 Marcus
1400 1039 1523 1107 hoc,
1548 1037 1837 1098 interfecto
1859 1040 2094 1110 Joanne,

510 1128 765 1185 continuo
799 1143 919 1184 esse
943 1125 1148 1183 factum
1174 1127 1403 1183 dicunt:
1435 1127 1578 1185 unde
1616 1129 1886 1203 colligitur
1933 1129 2097 1187 Joan-

508 1239 635 1281 nem
658 1224 975 1279 imminente
998 1222 1205 1281 Pascha
1236 1222 1401 1280 fuisse
1429 1223 1778 1292 decollatum,
1809 1234 1863 1281 et
1885 1223 1991 1282 alio
2014 1240 2098 1282 se-

507 1320 707 1383 quente
736 1311 943 1368 Pascha
967 1314 1287 1368 crucifixum
1323 1314 1634 1371 Dominum.

578 1405 744 1459 Vens.
776 1403 865 1459 58.
913 1434 984 1445 ——
1018 1403 1279 1477 Quinque.
1330 1405 1545 1479 (Bene),
1592 1407 1843 1479 Quinque
1896 1424 2091 1482 panes,

508 1501 745 1575 quinque
775 1499 1021 1556 Mosaicae
1056 1500 1191 1572 legis
1217 1500 1363 1567 libri,
1405 1501 1604 1573 quibus
1643 1501 1836 1559 divinae
1870 1504 2091 1558 aeterni-

507 1580 640 1651 tatis
663 1593 923 1667 cognitio,
945 1594 1131 1650 mundi
1152 1595 1380 1660 creatio,
1403 1610 1595 1651 cursus
1616 1594 1868 1653 habentis
1885 1596 2093 1662 saaculi,

507 1693 564 1740 et
591 1700 718 1740 vera
768 1683 877 1739 Deo
906 1683 1180 1741 serviendi
1214 1683 1425 1755 religio,
1457 1694 1590 1750 etc.,
1620 1701 1783 1756 usque
1808 1683 1878 1739 ad
1908 1685 1978 1741 ad
2010 1685 2092 1739 ul-

2201 846 2559 915 mirabantur,
2588 863 2769 922 regem
2790 861 2913 903 eum
2935 846 3117 904 facere
3148 848 3365 913 vellent,
3390 849 3529 923 fugit
3557 851 3611 906 in
3640 869 3796 909 mon-

2207 940 2319 998 tem
2386 958 2565 997 orare.
2618 940 3043 998 Crucilixoribus
3096 952 3378 1014 promptus
3426 946 3689 1014 occurrit,
3737 956 3797 1004 ut

2200 1035 2410 1092 scilicet
2440 1036 2617 1106 parati
2662 1035 2833 1091 simus
2862 1035 2929 1090 ad
2960 1035 3187 1092 adversa
3216 1036 3516 1103 toleranda,
3548 1040 3695 1095 cauti
3729 1042 3797 1097 ad

2202 1128 2578 1187 blandimenta
2620 1130 2667 1185 si
2716 1130 3039 1198 arriserint,
3069 1139 3126 1186 et
3172 1146 3243 1187 ne
3296 1147 3415 1199 nos,
3454 1132 3501 1189 si
3551 1133 3794 1201 allluaut,

2199 1223 2526 1301 emolliendo
2579 1223 2877 1295 decipiant,
2932 1222 3141 1280 crebris
3183 1239 3211 1279 a
3261 1223 3495 1280 Domino
3538 1226 3798 1297 precibus

2198 1315 2572 1388 imploremus.

2269 1410 2349 1464 Ad
2380 1410 2742 1467 Bethsaidam.
2789 1406 3003 1482 (ΒΕΜ.)
3036 1405 3325 1465 Betbsaida
3368 1407 3564 1465 civitas
3608 1418 3697 1466 est
3742 1412 3797 1467 in

2197 1499 2414 1557 Galiliea
2441 1501 2675 1557 Andreae
2717 1511 2772 1557 et
2813 1500 2957 1557 Petri
2994 1510 3050 1556 et
3074 1500 3303 1575 Philippi
3333 1518 3499 1574 prope
3541 1512 3794 1577 stagnum

2197 1589 2550 1661 Genesarcth.
2609 1589 2715 1646 Sed
2760 1590 2973 1647 Marcus
3016 1590 3167 1653 dicit,
3218 1600 3351 1661 etc.,
3380 1609 3543 1664 usque
3574 1595 3642 1648 ad
3674 1611 3795 1667 quae

2199 1682 2373 1736 amba:
2406 1693 2533 1738 sunt
2564 1682 2815 1739 civitates
2863 1682 2917 1739 in
2947 1681 3166 1739 Galilaza
3208 1681 3365 1753 juxta
3404 1694 3654 1757 stagnum
3693 1685 3799 1744 Ge-

506 1777 701 1835 timum
738 1791 868 1834 vero
891 1790 1088 1845 magno
1118 1792 1342 1833 munere
1390 1776 1484 1832 dat
1514 1776 1702 1837 electis
1730 1784 1795 1831 ut
1829 1776 1994 1832 edant
2039 1786 2096 1833 et
2124 1846 2174 1863 _
2201 1775 2457 1859 ttesareth
2491 1773 2680 1863 :.quod
2708 1775 2873 1831 etiam
2917 1774 3223 1831 Tiberiadis
3272 1791 3304 1830 a
3342 1774 3634 1845 Tiberiade
3658 1780 3796 1836 civi-

505 1869 697 1925 bibant
734 1885 894 1940 super
917 1883 1158 1924 mensam
1187 1884 1340 1924 suam
1376 1868 1435 1923 in
1462 1883 1629 1941 regno
1661 1882 1778 1925 suo.

577 1964 743 2019 Vens.
771 1963 858 2020 59.
891 1992 961 2009 -—-
990 1961 1292 2019 Secundum
1333 1958 1851 2033 contubernia..(ln.)
1882 1960 2092 2016 Diversi

507 2056 834 2121 discubitus,
864 2054 1109 2113 distincti
1137 2053 1359 2111 ordines
1383 2051 1740 2109 ecclesiarum
1791 2049 1885 2123 qui
1924 2066 2091 2109 unam

507 2147 835 2204 catholicam
861 2144 1089 2200 faciunt.

578 2237 945 2295 Vens.40.—
992 2235 1099 2291 Per
1144 2244 1385 2293 centenos
1432 2244 1481 2290 et
1522 2234 1934 2307 quinquagenos.
1986 2232 2093 2289 Per

506 2331 898 2405 quinquaginta
908 2328 1110 2399 iubilzei
1130 2327 1364 2399 requies.
1381 2324 1889 2398 Quinquagenarius
1908 2332 2093 2379 autem

501 2426 589 2482 bis
604 2426 799 2480 ductus
819 2433 1037 2479 centum
1052 2421 1209 2487 facit;
1226 2429 1282 2476 et
1302 2421 1421 2477 ideo
1445 2420 1729 2489 utriusque
1742 2417 1941 2488 quietis
1968 2433 2090 2487 per-

503 2516 794 2574 fectionem
817 2515 1105 2588 significat,
1135 2513 1358 2575 scilicet,
1395 2512 1639 2582 corporis
1660 2519 1715 2567 et
1742 2510 1960 2566 mentis.
1986 2507 2089 2576 Qui

503 2609 648 2673 enim
671 2606 903 2679 quieSCit
928 2604 996 2661 ab
1033 2605 1244 2664 actibus
1273 2605 1472 2675 pravis,
1503 2603 1749 2674 requiem
1781 2601 1945 2658 habet
1968 2616 2086 2657 cor-

501 2700 669 2772 poris.
703 2698 807 2766 Qui
835 2706 1016 2751 autem
1051 2711 1082 2750 a
1103 2695 1520 2767 cogitationibus
1564 2694 1728 2750 etiam
1780 2692 2084 2763 perversis,

503 2794 752 2865 requiem
781 2792 948 2849 habet
974 2791 1199 2847 mentis.

572 2883 721 2940 Bene
750 2890 932 2939 autem
983 2895 1147 2952 super
1190 2879 1366 2939 viride
1417 2878 1605 2935 fenum
1655 2876 2086 2944 discumbentes,

504 2976 600 3032 Dei
634 2982 935 3047 paswntur
963 2972 1259 3037 alimentis,
1289 2970 1382 3040 qui
1417 2986 1513 3040 per
1543 2969 1782 3024 studium
1808 2967 2087 3023 abstinen-

504 3065 611 3131 tiae,
633 3063 858 3122 calcatis
872 3061 1142 3119 illecebris
1167 3061 1369 3124 carnis,
1395 3059 1676 3117 audiendis
1690 3057 2086 3130 implendisque

500 3159 682 3221 verbis
705 3158 801 3214 Dei
829 3173 1057 3230 operam
1082 3157 1418 3228 impendunt.

571 3252 700 3308 ideo
726 3250 820 3306 alii
841 3224 1230 3321 quinquageni,
1259 3247 1348 3304 alii
1370 3245 1604 3312 centeni,
1628 3245 1756 3317 quia
1785 3244 2084 3315 requiesci-
2112 3224 2158 3295 C

502 3353 594 3405 tur
630 3341 782 3416 prius
808 3358 840 3396 a
867 3341 1011 3398 malo
1051 3354 1236 3415 Opere,
1262 3348 1322 3395 ut
1346 3347 1471 3413 post
1496 3340 1567 3397 sit
1592 3338 1762 3393 etiam
1787 3336 2005 3411 requies
2030 3337 2088 3394 in

501 3447 704 3494 mente.

573 3525 738 3580 Vens.
767 3523 857 3579 41.
876 3551 949 3563 -
977 3521 1045 3575 Et
1081 3522 1325 3592 acceptis.
1361 3518 1480 3575 Non
1511 3534 1652 3575 nova
1674 3519 1882 3575 cibaria
1930 3528 2091 3589 creat

501 3620 629 3695 quia
653 3619 992 3684 incarnatus,
1026 3631 1136 3673 non
1178 3614 1282 3670 alia
1323 3628 1487 3684 quam
1527 3628 1650 3686 qua:
1682 3613 1889 3685 scripta
1927 3622 2089 3675 erant

502 3715 761 3790 praedicat
787 3729 803 3769 :
839 3713 936 3771 sed
957 3712 1133 3784 legem
1154 3719 1211 3767 et
1233 3709 1532 3783 prophetas
1562 3707 1835 3782 mysteriis
1861 3708 2086 3781 gravida

501 3824 622 3869 esse
646 3809 1004 3864 demonstrat.

568 3900 775 3973 Fregit.
807 3900 876 3955 Et
910 3907 1040 3954 ante
1070 3898 1259 3953 turbas
1288 3893 1541 3969 ponenda
1589 3893 1870 3951 distribuit
1916 3893 2084 3951 disci-

466 4054 471 4058 ,
500 3994 640 4067 pulis
674 3994 806 4058 suis,
836 3992 964 4062 quia
1010 3997 1352 4046 sacramenta
1382 3988 1586 4045 sanctis
1627 3987 1965 4055 doctoribus.
1989 3988 2085 4060 Qui

500 4093 616 4147 hec
636 4094 752 4144 toto
770 4086 908 4142 orbe
934 4068 1253 4156 praidicent,
1277 4081 1554 4154 patefecit.

567 4181 733 4239 Vens.
764 4178 856 4234 45.
884 4208 955 4220 --
982 4178 1048 4233 Et
1088 4176 1434 4243 sustulerunt,
1463 4185 1569 4233 etc.
1624 4175 1839 4250 (Beoa.)
1886 4174 2082 4233 Secre-

497 4274 635 4331 tiora
667 4271 925 4345 mysteria
963 4284 1083 4339 quae
1132 4269 1299 4326 rudes
1343 4282 1537 4339 capere
1568 4274 1863 4337 nequeunt,
1900 4266 2081 4339 perfe-

498 4367 698 4425 ctiores
723 4363 1009 4433 diligenter
1033 4360 1337 4431 inquirunt.
1367 4358 1506 4412 Nam
1530 4373 1628 4427 per
1646 4358 1932 4428 cophinos,
1955 4359 2085 4413 duo-

497 4460 672 4518 decim
697 4454 967 4527 apostoli:
1002 4461 1058 4509 et
1091 4466 1191 4523 per
1219 4451 1494 4522 apostolos
1521 4459 1807 4520 sequentes
1833 4450 2083 4509 doctores

497 4552 816 4624 ﬁgurantur,
842 4545 975 4603 foris
1003 4542 1264 4614 despecti,
1296 4542 1443 4597 intus
1487 4540 1746 4597 salutaris
1790 4540 1897 4596 cibi
1949 4542 2079 4598 reli-

2106 4586 2162 4653 D

2124 1846 2175 1909 Β
2205 1853 2314 1923 tate
2343 1868 2423 1923 sic
2444 1846 2688 1922 vocatur.

2212 2006 2243 2039 ,η
2271 1962 2432 2017 Vens.
2458 1960 2550 2016 46.
2578 1992 2648 2001 -
2675 1961 2815 2017 Abiit
2837 1961 2893 2017 in
2931 1970 3177 2018 montem.
3218 1962 3341 2038 (ιο.)
3389 1964 3530 2025 Bene
3555 1976 3685 2025 orat
3706 1969 3799 2039 qui

2199 2054 2373 2125 Deum
2419 2052 2626 2109 orando
2664 2053 2875 2123 quaerit,
2923 2069 2954 2113 a
2988 2054 3221 2110 terrenis
3251 2055 3321 2111 ad
3354 2059 3638 2128 superiora
3663 2076 3797 2131 pro-

2197 2146 2471 2219 grediens,
2498 2146 2755 2201 verticem
2784 2143 2948 2207 cur-ite
2991 2144 3327 2203 sublimioris
3378 2150 3650 2205 ascendit.
3694 2150 3796 2219 Qui

2196 2239 2264 2295 de
2294 2238 2518 2305 divitiis,
2546 2248 2683 2306 etc.,
2726 2254 2889 2310 usque
2931 2237 3000 2295 ad
3027 2239 3212 2301 omnia
3254 2256 3376 2310 qua:
3427 2241 3542 2297 vult
3592 2251 3794 2314 potest,

2195 2332 2323 2402 quia
2346 2331 2640 2397 advocatus
2663 2339 2718 2385 et
2735 2328 2905 2400 judex
2938 2341 3131 2387 noster
3155 2342 3277 2399 est;
3315 2333 3546 2395 alterum
3572 2338 3797 2408 pietatis

2193 2420 2451 2486 cilicium,
2479 2421 2708 2476 alterum
2735 2421 3021 2491 potestatis
3058 2421 3291 2497 insigne.

2269 2512 2434 2571 Vens.
2459 2510 2551 2566 47.
2590 2536 2674 2549 —-
2710 2509 2780 2565 Et
2826 2511 2936 2582 ipse
2983 2510 3155 2578 solus,
3194 2521 3298 2571 etc.
3352 2512 3454 2585 Qui
3498 2498 3795 2586 aliquando

2194 2602 2417 2659 omnino
2447 2601 2501 2657 in
2547 2600 2805 2674 periculis
2852 2600 3153 2663 Ecclesium
3198 2605 3504 2667 deseruisse
3532 2606 3794 2677 videtur;

2191 2697 2335 2751 unde
2359 2712 2372 2747 :
2398 2692 2464 2748 Ut
2480 2692 2631 2765 quid,
2655 2693 2897 2760 Domine,
2923 2695 3178 2751 recessisti
3199 2695 3349 2767 longe
3374 2696 3545 2769 (Psal.
3572 2698 3657 2772 x)?
3681 2710 3790 2760 etc.

2193 2784 2301 2842 Sed
2322 2786 2448 2857 quia
2475 2784 2655 2842 differt
2673 2785 2959 2852 auxilium,
2984 2802 3092 2841 non
3118 2788 3297 2845 aufert
3322 2789 3644 2849 subsidium.

2262 2900 2431 2955 Vens.
2461 2899 2551 2954 48.
2575 2928 2648 2941 --
2670 2898 2739 2954 Et
2775 2900 2918 2954 circa
2956 2909 3221 2972 quartum.
3265 2901 3481 2974 (Bson)
3511 2902 3793 2964 Stationu

2188 2999 2245 3046 et
2268 2991 2466 3059 vigiliae
2497 2989 2784 3057 militares,
2825 2992 3087 3047 horarum
3109 2995 3289 3063 spatio
3315 2996 3673 3054 dividuntur:
3699 3015 3792 3071 pa-

2189 3090 2268 3139 tet
2295 3098 2426 3153 ergo
2468 3097 2583 3149 eos,
2630 3091 2764 3150 etc.,
2819 3101 2983 3155 usque
3023 3087 3095 3141 ad
3123 3086 3341 3143 Lucifer
3389 3102 3628 3162 namque
3669 3102 3790 3152 tres

2189 3175 2356 3232 horas
2387 3177 2582 3243 noctis,
2611 3176 2666 3235 id
2695 3185 2802 3244 est,
2830 3184 3000 3234 totam
3030 3179 3265 3252 vigiliam
3304 3182 3629 3240 matutina-
3664 3186 3789 3243 ﬂu-

2190 3269 2403 3324 minare
2425 3270 2643 3325 dicitur.

2262 3386 2333 3440 Et
2356 3386 2556 3442 volebat
2590 3391 2862 3459 preterire
2885 3406 2995 3446 eos.
3047 3390 3170 3465 (1ο.)
3204 3392 3273 3450 Ut
3297 3392 3367 3449 ad
3395 3393 3608 3461 horam,
3641 3396 3788 3452 scili-

2192 3485 2299 3545 cet,
2336 3481 2645 3535 conturbati
2672 3500 2684 3535 :
2716 3480 2808 3537 sed
2844 3484 3101 3539 continuo
3143 3484 3384 3551 liberati,
3432 3486 3554 3557 plus
3585 3487 3788 3544 libera-

2189 3573 2354 3629 tionis
2377 3588 2487 3629 sum
2506 3574 2827 3631 miraculum
2851 3584 3152 3647 stuperent,
3174 3586 3229 3633 et
3249 3578 3483 3650 ereptori
3508 3597 3625 3645 suo,
3648 3591 3782 3649 etc.,

2188 3676 2353 3738 usque
2376 3667 2445 3721 ad
2470 3665 2606 3723 Cum
2636 3668 3001 3726 ambulaveris
3024 3670 3080 3725 in
3107 3670 3250 3743 igne,
3287 3686 3395 3727 non
3422 3674 3781 3741 comburat-is,

2188 3766 2245 3813 et
2263 3756 2480 3813 ﬂamma
2502 3774 2609 3814 non
2636 3761 2847 3816 ardebit
2874 3762 2928 3815 in
2962 3769 3047 3828 te;
3768 3760 3779 3773 ’

2258 3865 2425 3923 Vens.
2458 3868 2548 3923 49.
2576 3898 2646 3909 --
2676 3866 3027 3927 Putaverunt.
3081 3872 3295 3947 (Bene)
3323 3871 3515 3931 Adhuc
3537 3876 3782 3935 haeretici

2185 3968 2377 4033 putant
2407 3963 2726 4031 phantasma
2747 3979 2889 4031 esse,
2915 3981 3013 4022 nec
3033 3982 3217 4022 veram
3245 3984 3464 4025 carnem
3486 3973 3551 4026 de
3571 3973 3781 4045 virgine

2186 4053 2565 4123 assumpsisse.
2596 4051 2916 4112 Theodorus
2943 4058 3106 4125 enim,
3139 4068 3265 4123 etc.,
3293 4076 3457 4135 usque
3483 4062 3554 4116 ad
3574 4074 3629 4119 ct
3649 4081 3782 4136 qua-

2185 4142 2314 4199 liter
2362 4160 2469 4200 non
2502 4144 2697 4202 infusis
2748 4149 2976 4218 pedibus
3008 4151 3290 4221 corporale
3336 4155 3548 4223 pondus
3578 4155 3780 4212 baben-

2185 4238 2334 4295 tibus
2351 4250 2408 4293 et
2432 4239 2714 4295 materiale
2735 4257 2896 4309 onus,
2920 4243 3301 4301 deambulabat
3333 4245 3387 4301 in
3420 4246 3703 4309 humidam
3722 4258 3780 4305 et

2186 4330 2494 4387 instabilem
2525 4334 2909 4389 substantiam.

2257 4444 2416 4500 Vens
2447 4444 2536 4500 50.
2563 4476 2633 4485 —
2678 4444 2857 4502 Nolite
2902 4448 3099 4504 timere.
3146 4445 3328 4507 Prima
3373 4449 3659 4509 subventio
3696 4463 3780 4513 est

2185 4537 2387 4612 pellere
2418 4540 2703 4606 timorem;
2752 4541 3009 4609 secunda,
3058 4552 3435 4615 tempestatem
3474 4551 3776 4618 praesentia:

494 4644 639 4715 quiis
655 4642 727 4697 ad
750 4638 942 4696 alenda
968 4634 1254 4692 humilium
1286 4632 1449 4690 corda
1496 4632 1775 4689 cumulati.
1803 4633 1861 4689 1n
1888 4634 2079 4704 cophi-
2106 4630 2160 4653 υ
2187 4647 2297 4687 suae
2314 4630 2512 4686 virtute
2533 4647 2894 4703 compescere.
2915 4632 3025 4691 Nec
3050 4635 3244 4691 mirum
3272 4637 3318 4691 si
3339 4638 3568 4699 Domino
3588 4656 3777 4700 ascen.

495 4735 583 4791 nis
606 4732 753 4788 enim
781 4727 998 4785 servilia
1033 4731 1295 4796 geruntur
1321 4736 1487 4792 opera
1511 4740 1525 4777 :
1558 4722 1653 4777 sed
1682 4721 1773 4777 ille
1800 4738 1896 4779 eos
1921 4724 2081 4794 panis

493 4825 919 4894 fragmentorum
939 4814 1203 4888 implevit,
1234 4812 1327 4884 qui
1374 4811 1590 4869 infirma
1619 4813 1827 4880 mundi,
1852 4822 1911 4871 ut
1931 4814 2079 4870 fran-

492 4922 586 4987 gat
607 4911 697 4971 vel
716 4907 1035 4975 confundat.
1065 4905 1246 4981 elegit.
1596 4982 1602 4990 ι

563 5005 733 5063 Vsus.
750 5001 843 5063 ιι.
864 5028 935 5045 -—-
958 4998 1201 5071 Quinque
1227 4996 1415 5054 millia.
1446 4996 1568 5072 (10.)
1596 4996 1824 5069 Propter
1840 5000 2078 5071 quinque

492 5111 684 5155 sensus
711 5092 985 5164 corporis.
1002 5090 1071 5149 Hi
1100 5090 1390 5149 Dominum
1418 5091 1614 5157 secuti,
1641 5090 1953 5162 signiﬁcant
1978 5108 2074 5152 eos

491 5190 586 5261 qui
627 5189 685 5244 iu
730 5183 983 5244 saeculari
1022 5183 1203 5247 adhuc
1245 5182 1431 5241 habitu
1464 5182 1669 5255 positi,
1713 5183 2073 5241 exterioribus

489 5297 615 5353 qua
661 5280 942 5352 pensitent
966 5275 1206 5339 benene
1242 5283 1468 5335 norunt.
1518 5273 1625 5342 Qui
1648 5283 1800 5335 reste
1832 5274 2074 5347 quinque

490 5371 1002 5445 “tribuebatur:
1030 5369 1162 5441 quia
1186 5383 1410 5426 necesse
1428 5375 1519 5425 est
1551 5375 1619 5425 ut
1653 5366 1789 5425 tales
1809 5367 2073 5440 legalibus

494 5469 672 5529 adhuc
694 5466 977 5538 praeceptis
998 5466 1356 5525 instruantur.
1395 5458 1498 5529 Qui
1521 5470 1703 5521 autem
1724 5463 1926 5517 mundo
1950 5477 2070 5521 0m-

486 5562 622 5623 aino
645 5558 975 5622 renuntiant,
1016 5566 1073 5612 et
1106 5563 1343 5627 quatuor
1386 5560 1516 5608 sunt
1559 5551 1728 5607 millia
1777 5561 1832 5608 et
1868 5561 2075 5624 septem

490 5652 723 5724 panibus
766 5648 975 5714 refecti,
1022 5649 1126 5703 hoc
1159 5656 1245 5701 est
1271 5643 1581 5715 evangelica
1604 5642 1935 5713 perfectione
1977 5660 2073 5703 su-

366 5740 381 5763 ⁸
488 5745 789 5811 muniret
810 5741 1077 5814 spirituali
1096 5740 1269 5811 gratia
1297 5740 1442 5795 intus
1466 5738 1683 5797 eruditi.

564 5839 728 5921 Vens.
758 5835 848 5893 £5.
871 5864 943 5878 —
970 5835 1040 5891 Et
1068 5835 1246 5897 statim
1270 5834 1455 5904 coegit.
1485 5832 1804 5904 Exemplum
1854 5834 1947 5891 dat
1973 5850 2073 5895 no-

2188 4723 2347 4783 dente
2395 4722 2451 4777 in
2501 4723 2682 4777 navim
2730 4733 2909 4780 cessat
2935 4734 3157 4783 ventus:
3189 4727 3316 4797 quia
3371 4727 3425 4782 in
3450 4744 3775 4802 quocunque

2188 4814 2352 4870 corde
2379 4828 2478 4884 per
2515 4814 2743 4884 gratiam
2776 4816 2857 4870 sui
2888 4817 3090 4872 amoris
3139 4818 3310 4885 adest,
3362 4834 3489 4877 mox
3520 4823 3772 4881 universa

2184 4905 2439 4959 vitiorum
2486 4913 2541 4960 et
2563 4905 2899 4965 adversantis
2924 4909 3111 4966 mundi
3135 4921 3192 4965 et
3216 4910 3580 4984 malignorum
3608 4915 3769 4989 spiri-

2186 5001 2337 5049 tuum
2357 4995 2497 5050 bella
2520 4996 2823 5066 quiescunt.

2255 5108 2419 5169 Vens.
2451 5107 2541 5165 52.
2570 5138 2643 5155 -ι-
2672 5108 2799 5165 Non
2820 5110 2961 5169 enim
2986 5109 3368 5168 ἕψουσαν-ιω.
3392 5112 3634 5188 (Deum)
3673 5115 3769 5171 Mi-

2178 5199 2367 5260 racqu
2407 5215 2631 5271 panum,
2656 5201 2803 5271 quod
2837 5210 2982 5261 esset
3010 5217 3192 5265 rerum
3216 5203 3467 5273 conditor
3504 5207 3761 5265 «tendit.

2177 5294 2521 5355 Ambulando
2562 5311 2727 5367 super
2758 5296 2951 5363 undas.
2996 5300 3141 5368 quod
3169 5304 3343 5353 totum
3374 5312 3572 5369 corpus
3600 5300 3767 5361 habb-

2179 5386 2273 5441 bat
2298 5385 2527 5442 liberum
2570 5388 2638 5442 ab
2676 5388 2823 5444 omni
2872 5389 3162 5459 gravedine
3206 5390 3435 5460 peccati.
3488 5389 3764 5449 Placando

2179 5484 2369 5533 ventos
2407 5485 2463 5534 et
2494 5478 2689 5543 undas,
2737 5479 2889 5548 quod.
2910 5480 3203 5541 elementis
3250 5481 3629 5541 dominaretur
3676 5499 3766 5540 os-

2138 5612 2151 5627 .
2176 5567 2368 5624 tendit.
2424 5567 2532 5625 Sed
2578 5569 2829 5626 carnales
2879 5572 3054 5628 adhuc
3094 5572 3343 5644 discipuli
3390 5576 3764 5645 magnitudine

2174 5657 2393 5726 quidem
2420 5658 2682 5715 virtutum
2726 5663 3032 5730 stupebant,
3084 5663 3181 5719 sed
3234 5663 3432 5720 divinae
3457 5666 3763 5737 majestatis

2173 5748 2460 5804 veritatem
2485 5765 2591 5805 non
2621 5752 3040 5822 cognoscebant.

2248 5838 2410 5898 Vens.
2435 5841 2526 5898 54.
2548 5871 2619 5882 -
2646 5842 3023 5914 flagitaverunt.
3066 5847 3330 5917 (tumore,
3358 5862 3464 5911 non
3503 5850 3648 5909 facie
3674 5851 3760 5909 vel

3946 4100 3951 4147 1‘
