3960 6336
1089 386 1355 444 GLOSSA
1387 382 1784 441 ORDINARIA.
1818 412 1891 424 -
1916 382 2170 440 EVANG.
2210 382 2444 441 MARE].

3298 384 3406 444 Μ
3443 353 3449 359 _

180 499 524 574 magnitudine
546 500 855 574 signorum:
886 502 1051 558 etiam
1094 501 1247 558 vultu
1294 499 1543 572 plurimis
1564 506 1727 559 notus
1752 500 1805 562 Α
1829 496 2182 570 idolothytum
2219 499 2275 553 in
2308 507 2571 569 quantum
2598 499 2753 557 cibus
2785 507 2888 570 est,
2918 501 2976 557 in
3018 510 3280 573 quantum
3305 504 3404 561 Dei

181 606 304 655 ⁸1⁵³1.

243 688 395 744 Vsus.
409 686 570 742 56.—
582 683 874 741 Fimbriam
902 685 1205 742 vestimenti.
1226 681 1438 757 (Βευι.)
1456 681 1735 737 Minimum

182 780 470 837 mandatum
513 778 657 849 quod
703 779 795 849 qui
840 787 1210 851 transgressus
1261 778 1449 843 fuerit,
1476 776 1735 832 minimus

179 870 441 928 vocabitur
486 867 543 923 in
592 884 764 941 regno
814 870 1114 927 caelorum:
1171 870 1256 925 vel
1308 868 1735 939 assumptionem

178 963 338 1021 cannis
356 976 452 1034 per
465 976 628 1033 quam
652 963 899 1019 venimus
922 965 990 1019 ad
1010 962 1246 1019 Verbum
1270 962 1385 1018 Dei.

756 1116 983 1179 CAPUT
1012 1118 1127 1176 VII.

237 1229 391 1287 Vsus.
441 1230 496 1286 1.
539 1261 613 1279 —-
653 1231 722 1288 Et
775 1235 1105 1290 conoeniunt.
1165 1233 1299 1306 (11).)
1367 1234 1525 1290 Patet
1559 1249 1734 1306 quam

176 1335 288 1381 tota
309 1323 374 1378 sit
413 1322 684 1380 confessio
733 1324 946 1381 Domini
971 1328 1039 1383 ad
1093 1303 1309 1382 Patrem
1355 1343 1462 1397 qua
1493 1303 1729 1382 dicitur:

178 1414 298 1482 Quia
318 1413 631 1471 abscondisti
660 1416 772 1469 haec
796 1434 827 1469 α
864 1416 1183 1487 sapientibus
1212 1427 1259 1472 et
1291 1417 1655 1488 prudentibus,
1685 1425 1734 1472 et

176 1504 388 1567 κυβιααὶ
414 1521 479 1560 ea
515 1506 746 1577 parvulis
770 1505 983 1578 (Matth.
1018 1506 1117 1570 χι).
1150 1507 1356 1563 Inducti
1377 1508 1618 1572 veniunt,
1645 1507 1733 1563 in-

172 1598 338 1656 ﬁrmos
361 1599 660 1664 adducunt,
694 1610 756 1656 nt
780 1600 864 1655 vel
889 1600 1157 1657 ﬁmbriam
1187 1599 1303 1669 ejus
1322 1602 1659 1674 contingant,
1679 1607 1737 1657 et

166 1692 271 1753 ideo
289 1692 472 1762 cupita
498 1692 672 1751 salute
689 1693 987 1764 patiuntur.
1000 1693 1261 1751 Pharisad
1281 1708 1411 1750 vero
1430 1704 1486 1750 et
1509 1693 1732 1760 Scriba,

163 1784 243 1856 qui
270 1783 524 1843 doctores
549 1784 731 1854 populi
757 1800 878 1841 esse
903 1785 1190 1851 debebant,
1241 1801 1347 1841 non
1397 1786 1465 1842 ad
1507 1784 1734 1840 verbum

1835 598 2084 646 creatura
2113 598 2215 657 est,
2258 591 2354 646 sed
2382 591 2766 647 daemoniorum
2810 594 3080 650 invocatio
3126 597 3230 651 hoc
3277 596 3409 655 facit

1833 680 2186 735 immundum.
2226 679 2415 736 Unde:
2450 680 2572 737 Non
2608 685 2818 753 potestis
2863 685 3034 741 bibere
3052 686 3408 743 ealicem'Doo

1833 773 1963 827 mini
1984 781 2036 827 et
2063 772 2276 827 calicem
2288 772 2677 827 daemoniorum
2710 772 2765 845 (1
2792 772 2915 829 Cor.
2948 776 3023 848 κ).

1901 865 2073 921 Judaei
2097 880 2157 920 se
2177 873 2388 936 partem
2416 864 2513 919 Dei
2532 863 2763 933 jactant,
2791 881 3107 924 communes
3141 869 3294 925 cibos
3314 885 3411 928 vo-

1833 964 1980 1022 cant,
2029 958 2223 1025 quibus
2276 970 2464 1011 omnes
2506 957 2754 1012 homines
2802 966 3045 1025 utuntur,
3100 968 3161 1015 ut
3199 970 3408 1030 ostrea,

1832 1049 2067 1120 lepores,
2101 1056 2159 1104 et
2210 1045 2517 1116 huiusmodi
2566 1046 2841 1115 animalia,
2877 1064 2998 1118 quae
3023 1051 3277 1121 ungulam
3301 1064 3412 1109 non

1834 1140 2065 1205 ﬁndunt,
2113 1154 2215 1196 nec
2261 1139 2560 1206 ruminant,
2614 1154 2719 1195 nec
2773 1153 3061 1210 squamosa
3089 1142 3144 1197 in
3170 1143 3410 1214 piscibus

1833 1239 1978 1288 sunt.

1903 1320 2067 1376 Vsus.
2086 1320 2171 1376 l8.
2188 1349 2260 1360 ——-
2276 1319 2347 1374 Et
2367 1335 2456 1375 vos
2474 1320 2842 1391 imprudentes.
2866 1318 3261 1392 Corripiunlur,
3283 1325 3411 1394 quia

1834 1428 1953 1484 quae
1981 1428 2079 1485 per
2110 1427 2168 1469 se
2197 1422 2404 1484 patent,
2455 1413 2683 1484 mystica
2728 1421 2938 1485 putant.
2971 1414 3053 1469 Ex
3080 1429 3189 1485 quo
3222 1416 3415 1471 adver-

1834 1507 1999 1567 timus
2024 1505 2279 1559 vitiosum
2306 1518 2427 1560 esse
2456 1504 2776 1568 auditorem,
2820 1504 2912 1574 qui
2957 1505 3188 1559 obscura
3238 1505 3414 1560 mani-v

1833 1597 1991 1663 ieste,
2020 1604 2112 1652 aut
2132 1595 2417 1651 manifeste
2443 1595 2585 1651 dicta
2616 1596 2848 1651 obscure
2872 1594 2990 1650 vult
3014 1595 3336 1667 intelligere.

1906 1691 2070 1747 Vens.
2104 1690 2189 1745 l9.
2211 1719 2282 1731 --
2302 1688 2373 1743 Et
2401 1689 2457 1743 in
2484 1704 2764 1759 secessum.
2796 1688 3010 1759 (Βεω.)
3049 1688 3183 1743 Hinc
3205 1689 3414 1744 calum-

1836 1785 2055 1840 niantur
2096 1784 2315 1854 quidam
2368 1782 2631 1847 haeretici,
2686 1783 2830 1852 quod
2874 1781 3132 1838 Dominus
3171 1785 3414 1856 physica

161 1876 496 1943 audiendum,
525 1891 632 1933 non
658 1877 814 1948 quasi
843 1876 911 1933 ad
940 1878 1230 1946 medicum,
1261 1877 1356 1934 sed
1374 1878 1443 1933 ad
1469 1876 1725 1948 quaestio-
1755 1880 1807 1946 ι
1831 1878 2231 1947 ignarusputet
2282 1888 2471 1930 omnes
2515 1875 2685 1941 cibos,
2718 1882 2851 1941 etc.,
2896 1889 3057 1945 usque
3094 1875 3163 1929 ad
3196 1890 3295 1945 per
3315 1891 3410 1932 oc-

159 1983 275 2027 llllll
294 1983 504 2040 pugnas
531 1977 880 2025 concurrunt.

159 2089 167 2096 -
222 2055 375 2113 ιω.
402 2057 472 2115 1.
504 2086 575 2099 --
600 2057 973 2114 Communibtts
1001 2057 1262 2114 manibus.
1310 2055 1591 2130 (limante)
1619 2056 1731 2113 lm-

157 2150 365 2217 mundis,
415 2149 519 2207 vel
563 2149 938 2207 communibus
994 2150 1244 2207 manibus
1288 2150 1733 2211 communionem

160 2243 372 2314 gentium
418 2242 725 2314 signiﬁcat.
778 2241 1038 2301 blanditia
1090 2242 1490 2303 Pharisaeorum
1528 2242 1732 2298 sterilis

155 2344 241 2399 est,
266 2335 582 2391 communio
622 2335 986 2405 apostolorum
1015 2351 1124 2391 non
1156 2344 1267 2391 tota
1316 2336 1559 2392 extendit
1615 2334 1734 2407 pal-

158 2430 302 2485 mites
327 2445 467 2486 suos
494 2444 666 2500 usque
713 2428 780 2487 ad
808 2442 976 2485 mare.
1011 2428 1136 2484 Non
1180 2430 1320 2485 lotis.
1352 2429 1431 2487 De
1474 2444 1580 2485 non
1606 2429 1732 2485 lotis

156 2525 378 2594 corporis
400 2524 664 2579 manibus
685 2522 1012 2593 vituperant,
1040 2538 1164 2579 cum
1187 2522 1245 2578 in
1271 2538 1459 2579 eorum
1478 2522 1733 2593 operibus

158 2612 278 2667 nihil
301 2611 660 2668 immundius:
697 2611 1027 2668 inveniatur.
1056 2612 1161 2683 ipsi
1191 2627 1328 2684 aqua
1349 2612 1588 2668 exterius
1611 2610 1728 2681 loti,

160 2703 487 2761 conscientia:
510 2704 682 2760 livore
706 2704 851 2761 intus
880 2713 1006 2761 sunt
1035 2703 1247 2776 polluti.

220 2795 377 2852 Vsus.
413 2795 470 2851 5.
499 2825 571 2839 -
598 2794 883 2852 Pharistsi.
923 2795 1136 2868 (Βεω.)
1189 2794 1578 2866 Superstitiosa
1629 2795 1730 2851 ho-

157 2890 347 2947 minum
375 2888 598 2947 traditio
621 2890 868 2947 crebrius
896 2889 1090 2957 lavari,
1115 2889 1186 2946 ob
1206 2887 1642 2945 manducandum
1671 2897 1729 2944 et

156 2982 471 3055 hujusmodi.
528 2984 636 3043 Sed
681 2985 990 3043 netaessaria
1045 2986 1293 3042 doctrina
1341 2984 1589 3040 veritatis
1633 2998 1730 3039 eos

148 3074 306 3146 jubet,
350 3079 449 3150 qui
492 3094 688 3148 panem
715 3079 840 3134 vita:
864 3080 960 3148 qui
1003 3079 1070 3135 de
1101 3078 1241 3133 cado
1265 3078 1546 3137 descendit
1574 3092 1731 3130 man-

1834 1973 2010 2029 cultos
2062 1978 2277 2026 meatus
2305 1969 2463 2040 (quos
2496 1967 2674 2023 Graeci
2716 1982 2881 2039 puros
2906 1966 3123 2041 vocant)
3174 1970 3241 2026 ad
3269 1968 3415 2026 infe-

1833 2065 1978 2121 riora
2000 2063 2256 2118 dilabitur
2279 2069 2335 2117 et
2359 2062 2414 2115 in
2444 2074 2714 2116 secessum
2742 2060 2910 2116 vadit.

1904 2153 2086 2228 (Auc.)
2113 2151 2367 2231 Quaedam
2396 2152 2474 2207 sic
2520 2151 2783 2207 accedunt
2827 2150 3077 2207 utetiam
3102 2159 3312 2209 mutent
3356 2161 3415 2210 et

1832 2254 2126 2310 mutentur,
2152 2244 2291 2300 sicut
2310 2252 2367 2299 et
2386 2244 2499 2314 ipse
2520 2243 2676 2299 cibus
2695 2242 2950 2298 amittens
2974 2243 3209 2314 speciem
3231 2260 3410 2314 suam,

1832 2336 1889 2393 in
1910 2351 2110 2407 corpus
2136 2344 2381 2392 nostrum
2408 2336 2661 2403 vertitur,
2707 2343 2763 2392 et
2789 2350 2892 2392 nos
2918 2335 3109 2394 refecti
3152 2338 3210 2393 in
3248 2337 3416 2394 robur

1832 2439 2124 2487 mutamur.
2728 2414 2731 2423 ’

1848 2548 1857 2553 -
1906 2522 2066 2577 Vens.
2096 2521 2187 2576 21.
2218 2550 2291 2562 -—
2315 2521 2392 2576 De
2417 2520 2571 2575 corde
2612 2520 2902 2575 hominum.
2951 2519 3170 2595 (Βειη.)
3209 2521 3419 2580 Anima!

1832 2613 1984 2670 locus
2011 2612 2323 2683 principalis
2342 2628 2447 2667 non
2481 2610 2636 2681 juxta
2662 2612 2941 2669 Platonem
2968 2614 3022 2669 in
3044 2616 3291 2683 cerebro,
3321 2615 3419 2673 sed

1828 2704 1983 2775 juxta
2013 2703 2285 2758 Christum
2317 2702 2371 2757 in
2401 2703 2566 2758 corde
2594 2712 2696 2758 est.
2722 2704 3037 2773 Arguuntur
3063 2705 3252 2775 etiam,
3282 2714 3415 2773 etc.,

1834 2811 1997 2867 usque
2020 2796 2090 2849 ad
2112 2802 2172 2849 ut
2205 2796 2249 2850 si
2274 2794 2554 2865 pulchram
2580 2795 2863 2851 mulierem
2887 2810 2988 2852 nos
3007 2797 3198 2854 crebro
3220 2797 3419 2853 viderit

1833 2888 2122 2960 inspicere,
2156 2888 2407 2959 intelligit
2436 2903 2535 2944 nos
2563 2904 2769 2945 amare.

1852 3008 1855 3011 -
1906 2982 2070 3039 Vens.
2103 2983 2193 3037 Ἡ.
2220 3012 2290 3023 --
2331 2981 2400 3036 Et
2444 2982 2568 3038 inde
2612 2998 2846 3054 surgens.
2879 2982 3105 3040 Relictis
3134 2982 3343 3041 Scribis
3362 3000 3419 3043 et

1833 3076 2120 3133 Pharisaeis
2162 3076 2663 3139 calumniatoribus,
2702 3076 2754 3131 in
2773 3082 2956 3148 partes
2976 3077 3102 3149 Tyri
3124 3086 3180 3133 et
3204 3078 3420 3135 Sidonis

155 3171 342 3228 ducare
390 3172 745 3237 desiderant,
792 3173 985 3227 crebro
1034 3172 1536 3243 eleemosynarnm,
1596 3169 1733 3224 alio.
1778 3238 1793 3243 Δ
1838 3170 2083 3235 secessit,
2114 3176 2174 3224 ut
2216 3169 2411 3242 Tyrios
2447 3167 2804 3239 Sidoniosque
2846 3176 3082 3224 curaret.
3119 3168 3413 3224 Neminem.

153 3278 372 3335 rumque
402 3262 633 3334 justitia:
676 3260 952 3319 fructuum
995 3262 1231 3318 [amento
1256 3238 1355 3317 sua
1395 3275 1558 3332 opera
1594 3276 1727 3332 pur-
1754 3238 1803 3308 Ci
1832 3261 2044 3333 (BEDA.)
2091 3238 2348 3328 Quamvis
2382 3260 2551 3315 latere
2603 3238 2729 3315 non
2759 3261 3014 3330 potuerit,
3064 3277 3172 3317 non
3226 3269 3407 3349 tamen

153 3370 379 3507 “Vesus.
408 3445 469 3501 ι.
493 3474 568 3487 ——
590 3442 942 3517 Baptistnata.
990 3442 1218 3500 Frustra
1259 3457 1514 3501 vasorum
1544 3442 1725 3513 bapti-

153 3548 316 3597 Inata
352 3546 599 3603 servant,
640 3537 735 3608 qui
781 3536 1026 3594 cordium
1074 3551 1296 3592 suorum
1339 3543 1396 3591 et
1436 3550 1725 3606 corporum

154 3628 331 3685 sordes
357 3627 665 3699 negligant.
690 3625 810 3683 Non
838 3626 984 3685 enim
1004 3625 1110 3681 hoc
1132 3625 1198 3682 de
1216 3624 1591 3681 materialibus
1618 3640 1727 3680 ma-

152 3722 299 3785 nibus
324 3721 535 3779 dictum
559 3728 666 3785 est,
690 3718 784 3776 sed
812 3734 915 3790 pro
940 3718 1205 3775 mentium
1228 3718 1628 3781 emundatione,
1670 3723 1726 3771 et

151 3824 365 3882 cperam
402 3810 783 3883 castigatione,
827 3816 889 3869 et
914 3809 1219 3873 animarum
1270 3807 1631 3871 sanctimonia
1670 3814 1728 3863 et

152 3903 374 4050 milliens.
400 3944 741 4058 5.——Quare
766 3988 1011 4061 discipuli
1039 3991 1135 4057 tui,
1166 3998 1273 4045 etc.
1305 3989 1438 4045 Mira
1464 3990 1720 4046 stultitia!

150 4085 335 4143 Filium
365 4087 464 4144 Dei
499 4092 758 4157 arguunt,
788 4082 916 4155 quia
958 4096 1067 4137 non
1107 4091 1292 4137 servat
1332 4089 1600 4152 praecepta
1629 4082 1727 4138 ho-

151 4180 366 4237 minum.
388 4180 585 4236 Manus
611 4186 816 4243 autem,
848 4175 903 4230 id
925 4182 1030 4241 est,
1052 4190 1216 4246 opera
1237 4192 1344 4230 non
1365 4175 1609 4246 corporis
1633 4175 1729 4231 sed

153 4273 334 4331 animae
366 4271 616 4333 lavanda:
649 4278 797 4336 sunt,
822 4277 883 4324 ut
903 4269 999 4324 ﬁat
1032 4269 1086 4323 in
1111 4268 1218 4324 illis
1240 4267 1475 4323 Verbum
1500 4269 1617 4324 Dei.

214 4367 376 4424 Vsus.
406 4367 463 4423 6.
487 4395 563 4408 —-
590 4364 731 4420 Bene
763 4361 1108 4434 prophetarit.
1140 4359 1417 4433 (HIEBON.)
1443 4360 1727 4417 Latratum

152 4455 546 4516 Pharisaeorum
577 4454 825 4527 reprimit
874 4451 1027 4508 furca
1053 4451 1306 4519 rationis,
1331 4451 1386 4506 id
1421 4460 1524 4517 est,
1557 4450 1726 4522 Moysi

1826 3354 2028 3410 factum
2059 3362 2143 3408 est
2178 3351 2321 3423 quod
2360 3351 2544 3407 voluit.
2580 3352 2687 3407 Sed
2728 3352 3056 3422 exemplum,
3085 3362 3217 3419 etc.,
3245 3371 3408 3426 usque

1848 3447 1919 3502 ad
1959 3456 2021 3502 ut
2059 3445 2223 3500 ﬁliam
2276 3444 2706 3517 Syrophmnissae
2753 3461 2783 3499 a
2840 3446 3104 3501 daemonio
3157 3446 3415 3503 liberaret

1824 3547 1882 3596 e‘t
1922 3554 2022 3610 per
2054 3540 2212 3593 ﬁdem
2242 3536 2455 3610 gentilis
2506 3537 2718 3593 femina
2767 3536 3081 3595 Scribarum
3118 3547 3174 3596 et
3218 3538 3415 3597 Phari-

1828 3640 2058 3688 smorum
2087 3628 2367 3700 perﬁdiam
2399 3636 2670 3701 argueret.

1899 3720 2063 3777 Vens.
2090 3719 2181 3775 25.
2204 3750 2276 3760 —
2304 3719 2502 3775 Mulier
2528 3722 2687 3776 enim.
2728 3719 2941 3778 Marcus
2962 3722 3095 3779 dicit
3119 3721 3410 3781 Dominum

1828 3815 1998 3872 fuisse
2024 3816 2080 3870 in
2109 3815 2291 3880 domo,
2322 3830 2444 3869 cum
2467 3815 2616 3869 venit
2641 3813 2706 3869 ad
2738 3828 2862 3870 eum
2891 3815 3104 3871 mulier.
3134 3815 3417 3874 Matthaeus

1827 3908 1959 3966 dicit
2004 3907 2148 3977 quod
2197 3904 2393 3961 clamat
2428 3914 2544 3977 post
2587 3922 2681 3960 nos
2726 3906 2941 3978 (Matth.
2972 3906 3085 3979 xv).
3133 3907 3239 3964 Per
3266 3911 3414 3980 quod

1828 4000 2007 4059 innuit
2039 3999 2180 4070 quod
2207 4007 2330 4070 post
2348 3998 2711 4053 ambulantem
2742 3990 2932 4069 preces
2952 4001 3214 4056 emiserit.
3250 4000 3407 4056 Venit
3461 4028 3469 4034 σ

1829 4108 1960 4166 ergo
1989 4092 2055 4147 ad
2086 4107 2212 4146 eum
2252 4090 2449 4145 mulier
2482 4090 2537 4145 in
2564 4092 2805 4156 domum,
2850 4093 2942 4146 sed
2969 4093 3095 4160 quia
3134 4091 3418 4150 Matthzeus

1831 4184 1946 4239 ait:
1980 4181 2104 4237 Non
2133 4181 2400 4252 respondit
2427 4181 2472 4235 ei
2502 4181 2735 4246 verbum,
2773 4181 2920 4237 dedit
2947 4182 3245 4254 intelligere
3272 4185 3417 4253 quod

1831 4278 1992 4333 ambo
2020 4280 2330 4339 tacuerunt,
2361 4281 2558 4329 etcum
2582 4273 2796 4329 silentio
2825 4273 3055 4346 ingressi
3080 4282 3224 4329 sunt.
3253 4273 3322 4329 Et
3341 4275 3416 4330 ita

1831 4380 2031 4427 cratera
2055 4374 2442 4433 contexuntur,
2474 4381 2593 4437 qua:
2622 4367 2675 4421 in
2704 4367 2853 4421 nullo
2878 4367 3221 4422 dissentiunt.

1903 4460 2108 4535 (Πιειι.)
2138 4459 2331 4515 Mulier
2360 4467 2446 4515 est
2487 4467 2662 4514 mater
2700 4469 2884 4515 nostra
2917 4458 3167 4514 Romana
3220 4456 3412 4516 Eccle‘

154 4552 371 4607 “18838
409 4548 804 4620 increpatione.
853 4553 913 4600 ut
952 4552 1009 4600 et
1060 4557 1164 4605 nos
1210 4544 1496 4600 Ιιωΐθιίθοε
1546 4544 1726 4599 verbis
1749 4606 1802 4620 _
1834 4556 1933 4612 sia.
1968 4552 2130 4617 Nata,
2158 4551 2492 4607 dmmoniaca
2536 4551 2890 4606 occidentalis
2934 4550 3231 4614 barbaries,
3261 4549 3418 4619 cuius

156 4639 438 4714 Scriptura:
464 4645 685 4698 vincere
710 4638 1001 4711 possimus.

217 4731 376 4790 Vsus.
404 4736 460 4791 9.
477 4762 552 4776 -—-
573 4731 715 4787 Bene
738 4730 965 4785 irritum.
997 4726 1212 4783 Falsam
1241 4725 1568 4783 calumniam
1599 4741 1727 4782 vera

156 4826 355 4883 ratione
376 4826 647 4891 confutet,
668 4822 850 4895 quasi,
881 4822 987 4878 Vos
1007 4828 1228 4893 propter
1253 4819 1595 4875 traditionem
1626 4819 1726 4874 ho-

155 4916 349 4973 minum
385 4925 656 4990 pnecepta
680 4915 775 4969 Dei
808 4912 1226 4969 contemnitiset
1246 4910 1535 4983 negligitis,
1559 4925 1728 4980 quare

156 5025 274 5083 ergo
311 5028 461 5070 meos
489 5011 783 5082 discipulos
831 5010 1087 5082 arguitis,
1115 5009 1210 5080 qui
1243 5007 1397 5077 jossa
1448 5005 1724 5064 seniorum

155 5110 561 5181 parvipenduut.
587 5117 648 5162 nt
671 5108 977 5163 custodiant
998 5106 1248 5161 mandata
1280 5105 1374 5160 Dei
1397 5105 1423 5159 Ἰ

218 5198 378 5258 Vsus.
412 5202 505 5256 11.
532 5228 605 5243 --
633 5197 740 5254 Vos
764 5208 937 5253 autem
962 5197 1154 5253 dicitis.
1188 5196 1402 5271 (Βεω.)
1425 5196 1731 5275 Consulens

156 5286 406 5347 Dominus
449 5288 829 5354 imbecillitati,
869 5288 953 5346 vel
979 5296 1199 5343 aetatum
1242 5285 1329 5342 vel
1369 5286 1610 5356 penuria:
1634 5301 1730 5358 pa—

157 5391 382 5450 rentum,
411 5383 693 5454 prawpit,
710 5389 845 5449 eam,
868 5390 1030 5451 usque
1051 5379 1123 5433 ad
1145 5379 1239 5448 qui
1255 5391 1419 5434 verus
1440 5375 1603 5433 Pater
1622 5386 1726 5445 est,

156 5475 348 5532 oblatio
374 5475 589 5533 Domini
619 5481 979 5546 praeponatur.
1007 5471 1120 5527 Tibi
1163 5472 1438 5543 profuerit.
1474 5469 1646 5544 (iam)
1670 5470 1730 5527 ιιι

160 5575 275 5624 tuos
316 5582 453 5625 usus
480 5566 835 5631 consumitur,
880 5564 1026 5635 quod
1081 5562 1423 5634 sacrilegium
1475 5571 1579 5616 est.
1635 5559 1731 5618 Vel

157 5658 551 5732 interrogative.
578 5659 743 5729 Quasi
761 5658 905 5715 dicat
923 5674 937 5710 :
958 5654 1210 5712 Proderit
1235 5656 1329 5711 tibi
1351 5656 1374 5710 ἲ
1400 5654 1517 5711 Non
1541 5655 1728 5713 debet:

157 5751 265 5811 Hoc
284 5763 587 5811 metuentes
613 5762 796 5825 patres
824 5749 1191 5807 efﬁciebantur
1212 5750 1407 5805 inedia.

224 5845 386 5903 Vens.
431 5847 522 5903 l6.
555 5876 630 5890 -
659 5843 810 5901 Nihil
852 5854 927 5900 est
975 5851 1141 5907 extra,
1200 5849 1304 5899 etc.
1358 5842 1579 5915 (Brom)
1622 5840 1735 5899 Nec

1749 4606 1809 4669 Β
1836 4646 1976 4703 ﬁdes
2004 4645 2133 4701 fecit
2174 4645 2242 4700 de
2272 4659 2406 4699 cane
2452 4659 2630 4699 ovem.
2684 4643 2852 4699 Micas
2879 4642 3180 4699 intellectus
3203 4606 3421 4717 quaerit,

1832 4756 1939 4797 non
1968 4754 2161 4811 panem
2184 4736 2476 4792 infractum
2495 4737 2687 4793 litterae
2712 4736 2877 4807 cupit.

1904 4831 2116 4905 (Βεωι.)
2144 4831 2337 4886 Mulier
2369 4830 2606 4901 gentilis,
2635 4831 2726 4885 sed
2744 4845 2868 4886 cum
2898 4828 3003 4886 ﬁde
3029 4831 3095 4885 ad
3124 4829 3412 4888 Dominum
3489 4892 3495 4899 ,

1833 4924 2058 4979 veniens
2086 4920 2387 4977 Ecclesium
2429 4920 2699 4992 signiﬁcat
2723 4921 2788 4975 de
2826 4921 3075 4991 gentibus
3112 4921 3419 4995 collectam,

1835 5028 1956 5083 quae
2004 5027 2102 5083 pro
2147 5010 2281 5076 ﬁlia,
2336 5019 2468 5076 etc.,
2498 5027 2659 5082 usque
2688 5010 2755 5063 ad
2786 5011 2876 5080 qui
2923 5012 3133 5082 priscas
3159 5026 3269 5067 sua:
3298 5026 3423 5081 per-

1832 5102 1974 5159 ﬁdite
2001 5101 2307 5157 mansiones
2332 5099 2660 5171 relinquunt,
2694 5109 2856 5169 atque
2876 5101 2929 5155 in
2954 5101 3173 5156 domum
3208 5102 3326 5169 Dei,
3365 5102 3419 5156 id

1831 5206 1916 5254 est
1945 5196 2268 5261 Ecclesiam,
2293 5194 2381 5265 pia
2413 5209 2471 5249 se
2501 5193 2784 5249 devotione
2808 5195 3162 5251 transferunt.

1902 5290 2065 5346 Vsus.
2088 5288 2265 5344 21—
2291 5286 2416 5343 Sine
2433 5287 2577 5358 prius
2601 5288 2832 5341 saturari
2855 5287 3014 5358 ﬁlios.
3039 5287 3202 5356 Quasi
3231 5288 3376 5343 dicat
3401 5305 3414 5342 :

1829 5381 2094 5438 Futurum
2113 5384 2275 5435 estut
2302 5385 2356 5432 et
2378 5390 2475 5431 vos
2502 5384 2692 5449 gentes
2723 5377 2951 5432 salutem
2974 5376 3414 5447 consequamini:

1838 5474 1931 5532 sed
1954 5474 2105 5545 prius
2130 5478 2343 5543 oportet
2374 5466 2606 5535 Judaaos,
2658 5468 2749 5540 qui
2779 5469 3002 5541 antiqua
3027 5469 3291 5526 electione
3322 5471 3421 5526 ﬁlii

1836 5564 1936 5621 Dei
1962 5562 2331 5625 nominantur,
2381 5574 2520 5629 pane
2545 5558 2753 5615 etelesti
2790 5558 2961 5625 reﬁci,
2992 5568 3047 5616 et
3089 5561 3168 5627 sic
3199 5562 3419 5616 tandem

1837 5648 2085 5730 gentibus
2127 5654 2251 5709 vita:
2298 5651 2488 5723 pabula
2540 5652 2860 5708 ministrari.
2891 5649 3173 5707 Filiorum.
3205 5651 3421 5725 (ΒευΑ.)

1837 5748 1969 5804 Mira
2012 5744 2343 5802 conversio:
2401 5756 2525 5798 nam
2572 5743 2738 5799 lsrael
2789 5742 3061 5813 quondam
3112 5741 3270 5808 ﬁlius,
3321 5756 3422 5797 nos

1835 5854 2016 5899 canes.
2067 5836 2176 5894 Pro
2197 5836 2509 5893 diversitate
2539 5835 2663 5892 ﬁdei
2692 5836 2827 5892 ordo
2853 5833 3129 5890 nominum
3157 5818 3439 5895 mutatur.‘
