3960 6336
1141 277 1163 315 \
1223 305 1230 312 ,
1699 285 1747 290 λ-ῆι
1998 272 2208 302 μαρν-

487 413 595 472 207

992 402 1386 464 WALAFRIDI
1421 400 1667 460 STRABI
1703 399 1906 459 FULD.
1946 394 2113 456 MON.
2155 394 2305 454 OPP.
2343 391 2525 450 PARS
2557 391 2599 448 l.
2638 420 2708 434 —
2743 385 3193 446 THEOLOGICA.

3622 376 3741 436 ωε
3801 337 3804 339 λ

489 529 565 583 De
611 525 718 583 illis
770 521 1015 581 dicitur:
1068 518 1528 576 Circumdederunt
1576 533 1657 570 me
1705 531 1858 569 canes
1905 511 2056 567 multi
2082 507 2394 578 Alinguam
2417 507 2551 562 muti
2594 512 2656 560 ut
2701 503 2846 574 loqui
2893 500 3088 563 valeat,
3140 495 3331 569 tangit,
3363 509 3487 552 cum
3515 508 3610 552 ora
3635 494 3741 550 diu

490 618 663 692 (Psal.
698 617 834 689 ut).
885 617 962 671 De
1002 614 1199 670 nobis:
1246 610 1394 666 Alias
1431 626 1546 664 oves
1584 608 1769 673 habeo,
1813 623 1928 678 qua:
1958 622 2060 660 non

487 721 612 767 sunt
633 726 696 765 ea:
720 710 817 762 hoc
839 706 957 763 ovili
989 704 1172 777 (Joan.
1199 703 1278 777 ιι).

559 801 722 856 Vens.
755 798 842 854 28.
865 823 936 837 --
961 795 1038 850 De
1075 795 1242 850 micis.
1297 793 1414 850 Non
1469 792 1704 862 integros
1729 789 1878 846 cibos
1903 788 2063 860 digna

487 913 610 954 sum
638 895 897 964 recipere,
926 890 1169 960 reliquiis
1195 887 1510 944 catellorum
1555 892 1809 941 contenta
1837 897 1976 946 sum,
2004 888 2064 935 ut

488 987 569 1042 sic
586 984 797 1039 veniam
816 981 882 1037 ad
903 995 1098 1051 panem
1120 979 1411 1050 integrum.
1433 974 1645 1047 (Βευλ.)
1669 973 1745 1028 De
1764 973 1932 1038 micis,
1954 979 2060 1026 etc.

489 1079 692 1143 Mensa,
723 1075 1011 1146 scriptura,
1061 1073 1242 1127 unde:
1290 1070 1501 1125 Parastt
1534 1071 1587 1122 in
1637 1075 1909 1136 conspectu
1950 1079 2062 1117 meo

487 1185 742 1234 mensam,
766 1175 872 1222 etc.
892 1163 1062 1236 (Psal.
1078 1161 1236 1234 uti).
1269 1161 1418 1216 Mica
1429 1173 1740 1230 puerorum,
1757 1165 1887 1220 etc.,
1903 1170 2064 1226 usque

489 1261 558 1314 ad
587 1269 646 1314 ut
681 1260 749 1313 ad
777 1257 1042 1328 speranda
1070 1268 1301 1326 superna
1341 1268 1462 1323 qua
1489 1268 1519 1306 a
1544 1251 1772 1306 Domino
1800 1249 2066 1320 promissa

492 1359 620 1407 sunt
648 1350 868 1421 pramia
906 1349 958 1403 in
985 1346 1146 1411 coelo,
1177 1345 1370 1401 merito
1403 1360 1462 1399 se
1485 1341 1804 1398 humilitatis
1832 1341 2062 1412 erigant.

565 1441 724 1495 Vens.
747 1439 837 1495 29.
868 1469 940 1478 —
965 1435 1186 1507 PrOpter
1207 1436 1345 1490 hunc
1383 1449 1690 1491 sermonem.
1724 1431 1935 1504 (ΒειιΑ.)
1966 1430 2065 1486 Hic

489 1531 653 1585 datur
672 1528 976 1597 exemplum
1007 1525 1372 1581 catechizandi
1401 1531 1455 1578 et
1474 1522 1782 1593 baptizandi
1811 1521 2064 1586 infantes,

489 1623 616 1692 quia
643 1637 740 1692 per
760 1620 918 1674 ﬁdem
941 1627 994 1674 et
1014 1617 1404 1674 confessionem
1418 1619 1710 1686 parentum
1730 1615 1784 1669 in
1799 1615 2069 1684 baptismo

489 1712 788 1766 liberantur
832 1725 860 1762 a
898 1709 1162 1765 damonio
1212 1706 1444 1778 parvuli,
1492 1706 1584 1775 qui
1616 1704 1841 1759 necdum
1869 1718 1966 1774 per
2010 1716 2068 1758 se

489 1815 681 1872 sapere
707 1801 792 1857 vel
824 1799 1026 1872 aliquid
1059 1812 1221 1870 agere
1249 1797 1377 1852 boni
1402 1802 1628 1865 possunt
1653 1801 1748 1848 aut
1773 1793 1920 1848 mali.

2159 602 2316 656 bruta
2345 599 2412 654 ad
2437 598 2601 654 verba
2652 595 2930 668 sapientia
2978 589 3296 663 proferenda
3325 595 3576 644 contactu
3619 601 3741 643 sua

2158 691 2372 762 pietatis
2394 688 2667 744 informat.
3293 687 3296 690 ’

2230 784 2394 840 Vens.
2419 782 2507 838 54.
2536 811 2607 822 -
2633 779 2703 834 Et
2750 776 3058 849 suscipiens,
3104 783 3209 832 etc.
3257 772 3532 846 (HIEBON.)
3574 772 3742 844 Inge-

2160 875 2313 928 muit.
2366 873 2596 928 Gemere
2626 887 2727 927 nos
2771 871 2972 936 docuit,
3015 881 3072 924 et
3111 868 3164 922 in
3198 866 3392 923 calum
3421 867 3744 920 thesaurum

2163 965 2333 1022 nostri
2362 964 2541 1020 cordis
2565 963 2794 1034 erigere,
2825 961 2967 1032 quod
2995 974 3092 1030 per
3116 957 3581 1028 compunctionem
3612 970 3744 1011 cor-

2165 1063 2246 1120 dis
2274 1077 2303 1117 a
2333 1060 2521 1116 frivola
2543 1059 2725 1115 carnis
2747 1057 2933 1113 latitia
2955 1060 3235 1127 purgatur,
3259 1060 3321 1108 ut
3367 1051 3592 1108 dicitur:
3630 1049 3748 1104 Ru-

2162 1155 2362 1228 giebam
2376 1171 2406 1208 a
2419 1153 2608 1224 gemitu
2630 1151 2800 1206 cordis
2812 1151 2943 1216 mei;
2967 1147 3206 1212 Domine,
3236 1154 3354 1200 ante
3373 1153 3422 1197 te
3445 1158 3596 1197 omne
3615 1141 3754 1195 desi-

2165 1251 2367 1305 derium
2382 1264 2573 1312 meum,
2588 1244 2770 1302 etc.Et
2787 1246 2860 1299 ait
2876 1243 2954 1297 illi
2970 1242 3288 1312 :Ephpheta,
3301 1237 3439 1310 quod
3451 1246 3524 1291 est
3541 1235 3753 1304 Adape-

2167 1347 2291 1400 rire.
2305 1341 2472 1398 Corde
2487 1341 2715 1398 creditur
2728 1340 2795 1394 ad
2813 1332 3317 1410 justitiam(Rom.x)
3331 1373 3344 1394 ,
3364 1339 3470 1386 etc.
3487 1328 3555 1382 Et
3570 1328 3757 1383 statim

2167 1446 2380 1507 apertae,
2403 1443 2510 1489 etc.
2531 1433 2704 1487 Aures
2728 1437 2927 1501 aperta
2954 1436 3078 1483 sunt
3106 1424 3172 1479 ad
3202 1425 3429 1496 hymnos
3449 1430 3504 1476 et
3533 1419 3757 1475 cantica

2168 1533 2222 1579 et
2258 1525 2514 1596 psalmos.
2545 1522 2786 1579 Solvitur
2811 1520 3013 1591 lingua,
3045 1526 3105 1571 ut
3150 1523 3360 1571 eruclet
3401 1514 3626 1568 verbum
3657 1512 3759 1568 bo-

2167 1632 2319 1683 num,
2362 1615 2505 1687 quod
2554 1630 2660 1670 non
2691 1620 2918 1684 possunt
2946 1626 3047 1666 nec
3076 1608 3234 1663 mina
3263 1622 3362 1662 nec
3404 1605 3568 1660 verba
3603 1605 3762 1659 cohi-

2168 1706 2296 1763 bere
2320 1704 2402 1760 vel
2428 1703 2736 1775 prohibere.
2768 1700 2922 1757 Unde
2948 1698 3188 1754 Paulus:
3232 1695 3347 1767 Ego
3381 1695 3586 1750 vinctus
3613 1710 3756 1759 sum,

2169 1798 2258 1852 sed
2289 1795 2497 1851 verbum
2522 1794 2618 1848 Dei
2647 1811 2751 1849 non
2780 1803 2852 1848 est
2874 1792 3148 1863 alligatum
3177 1789 3232 1842 in
3255 1805 3334 1842 me
3354 1786 3406 1860 (Ι
3436 1786 3569 1841 Tim.
3594 1787 3684 1858 ιι).

561 1879 728 1948 Vens.
751 1892 838 1948 51.
876 1922 948 1932 -—
979 1889 1123 1962 Tyri.
1175 1886 1452 1960 (Hmnom)
1482 1885 1656 1956 Tyrus
1703 1884 1951 1955 angustia
1997 1882 2074 1938 si-

2243 1889 2407 1944 Vt-zns.
2433 1883 2523 1943 56.
2551 1915 2622 1927 -
2649 1885 2719 1940 Et
2751 1886 2991 1956 pracepit
3015 1883 3123 1937 illis
3153 1898 3216 1936 ne
3244 1882 3331 1935 cui
3352 1881 3604 1934 dicerent.
3638 1878 3762 1935 Non

490 1983 754 2054 gnificans
794 1981 1056 2046 Judaam,
1092 1979 1180 2035 cui
1228 1978 1526 2034 Dominus:
1553 1975 1967 2047 Coangustatum
1994 1982 2070 2029 est

487 2084 715 2130 stratum
740 2085 785 2129 et
806 2074 1024 2146 pallium
1051 2057 1220 2138 breve,
1239 2080 1517 2140 utrumque
1537 2069 1735 2140 operire
1757 2085 1862 2122 non
1883 2076 2070 2138 potest,

489 2174 549 2220 ut
578 2164 860 2235 transferat
888 2180 942 2218 se
971 2163 1039 2216 ad
1068 2161 1202 2216 alias
1227 2168 1398 2231 gentes
1423 2158 1578 2230 (lsai.
1598 2157 1774 2228 xvm).
1801 2155 2068 2211 Sidonem.

492 2255 768 2328 (Ηιειιοιη.)
799 2253 987 2320 Sidon,
1009 2253 1245 2318 venatio,
1271 2251 1386 2306 fera
1413 2251 1692 2314 indomita,
1716 2257 1900 2304 nostra
1922 2249 2074 2321 regio

489 2347 578 2420 vel
603 2347 751 2402 natio
777 2354 878 2401 est.
905 2333 1248 2414 Decapoleos.
1304 2340 1518 2414 (Bnns.)
1570 2341 1739 2412 Regio
1765 2341 1950 2396 decem
1981 2356 2074 2395 ur-

488 2439 641 2494 bium
672 2447 824 2493 trans
867 2434 1156 2492 Jordanem
1180 2435 1247 2489 ad
1274 2433 1569 2490 Orientem.
1603 2431 1757 2500 Quod
1783 2441 1962 2487 autem
1992 2432 2074 2486 di-

491 2533 668 2590 citur:
711 2529 856 2586 Venit
877 2530 946 2584 ad
969 2546 1118 2584 mare
1145 2528 1383 2584 Galilcrae
1425 2529 1562 2582 inter
1588 2528 1786 2582 medios
1811 2528 1942 2596 ﬁnes
1969 2527 2074 2582 De-

491 2621 755 2695 capoleas,
788 2635 897 2676 non
939 2621 1087 2690 ipsos
1128 2636 1251 2676 eum
1282 2619 1514 2675 intrasse
1559 2619 1847 2690 signiﬁcat,
1898 2634 2074 2690 neque

491 2708 639 2769 enim
689 2728 840 2769 mare
888 2712 1325 2784 transnavigasse
1375 2713 1592 2778 dicitur,
1645 2713 1738 2767 sed
1785 2727 1957 2782 usque
2005 2711 2088 2781 ad

493 2819 645 2860 mare
671 2803 907 2868 venisse,
935 2811 1098 2874 atque
1123 2804 1190 2858 ad
1220 2802 1398 2858 locum
1429 2803 1519 2872 qui
1553 2802 1756 2857 medios
1785 2803 1919 2857 ﬁnes
1967 2801 2071 2857 De-

491 2899 744 2971 capoleos
763 2899 922 2968 longe
951 2908 1100 2953 trans
1123 2913 1274 2953 mare
1300 2898 1504 2968 positos
1528 2897 1872 2967 respiciebat.

567 2988 841 3063 (HIERON.)
872 2976 1125 3045 Salvator
1149 2989 1219 3044 ad
1264 2989 1549 3044 salvandas
1591 2996 1781 3059 gentes
1828 2986 1898 3042 ab
1947 3001 2077 3058 apo-

493 3085 649 3142 stolis
677 3083 982 3150 deducitur,
1031 3091 1087 3138 et
1113 3083 1268 3138 docet
1294 3081 1438 3152 quod
1484 3081 1814 3137 adolescenti
1843 3082 2076 3138 interro-

492 3177 640 3247 ganti
689 3172 1006 3245 respondit:
1043 3172 1201 3228 Nosti
1246 3172 1522 3240 mandata,
1565 3173 1677 3226 haec
1719 3173 1805 3244 fac
1840 3181 1889 3228 et
1943 3173 2075 3228 vives

493 3267 646 3340 (Luc.
671 3268 848 3338 xvm).
1661 3301 1669 3311 .

522 3413 524 3415 ,
566 3358 734 3413 Vens.
763 3355 852 3412 32.
883 3386 954 3398 —
977 3355 1214 3413 Surdum
1239 3365 1291 3410 et
1311 3362 1531 3411 mutum.
1557 3353 1770 3427 (ΒειιΑ.)
1803 3353 1907 3423 Qui
1937 3353 2082 3411 scili-

495 3457 604 3512 cet,
643 3463 745 3502 nec
779 3462 938 3503 aures
964 3447 1147 3503 verbis
1170 3445 1267 3500 Dei
1318 3445 1622 3509 audiendis,
1656 3459 1756 3500 nec
1784 3459 1846 3499 os
1877 3460 1977 3514 pro
2008 3445 2085 3501 lo-

497 3539 728 3609 quendis
758 3539 954 3607 aperit.
987 3535 1185 3604 Quales
1216 3549 1438 3592 necesse
1487 3547 1570 3591 est
1606 3544 1667 3590 ut
1694 3536 1748 3591 hi
1775 3537 1866 3606 qui
1895 3537 2084 3592 audire

495 3639 552 3685 et
579 3631 726 3702 loqui
755 3631 980 3684 verbum
1023 3630 1117 3684 Dei
1161 3628 1322 3700 longo
1364 3643 1466 3683 usu
1503 3628 1826 3692 didicerunt,
1857 3628 2085 3684 Domino

499 3721 770 3776 sanandos
797 3718 1047 3784 offerant,
1076 3726 1139 3773 ut
1159 3733 1252 3773 eos
1273 3731 1408 3788 quos
1439 3718 1676 3772 humana
1697 3715 1962 3787 fragilitas
1989 3731 2085 3772 ne-

498 3812 636 3884 quit,
660 3809 846 3881 gratia
874 3809 1098 3863 dextera
1119 3807 1308 3864 salvet.

575 3903 850 3976 (HlERON.)
882 3902 1066 3960 Genus
1108 3903 1403 3957 humanum
1453 3909 1711 3972 tanquam
1755 3917 1894 3956 unus
1923 3903 2086 3958 homo

501 3999 653 4053 varia
679 4005 831 4068 peste
856 3996 1172 4066 absumptus
1200 3995 1255 4049 in
1294 3993 1648 4066 protoplasto,
1679 4002 1914 4050 caecatur
1955 3994 2085 4049 dum

502 4089 672 4155 videt,
704 4088 898 4144 surdus
938 4086 998 4142 lit
1025 4087 1152 4142 dum
1178 4085 1353 4152 audit,
1385 4085 1510 4140 dum
1536 4085 1732 4140 odorat
1757 4085 2084 4156 emungitur,

505 4180 831 4237 obmutescit
880 4179 1007 4233 dum
1050 4177 1309 4248 loquitur,
1357 4192 1582 4232 mancus
1618 4176 1677 4231 lit
1722 4177 1848 4232 dum
1895 4191 2088 4231 manus

503 4271 683 4340 erigit,
716 4269 1028 4325 incurvatur
1063 4268 1190 4322 dum
1236 4267 1480 4339 erigitur,
1520 4267 1844 4338 hydropicus
1873 4266 1933 4320 lit
1959 4267 2088 4322 dum

507 4360 864 4430 concupiscit,
896 4359 1118 4413 claudus
1154 4359 1281 4412 dum
1316 4357 1680 4428 progreditur,
1711 4357 1855 4427 lepra
1886 4355 2103 4434 suﬂ‘un-A

507 4453 652 4509 ditur
678 4452 806 4507 dum
835 4451 1149 4516 mundatur,
1173 4451 1415 4506 damone
1449 4449 1703 4520 impletur
1741 4449 1868 4505 dum
1891 4449 2089 4505 divini-

505 4553 674 4599 tatem
705 4545 930 4614 appetit,
961 4543 1188 4598 moritur
1215 4550 1390 4597 morte
1408 4541 1537 4597 dum
1565 4543 1822 4598 audacter
1840 4551 2080 4599 excusat.

2173 1981 2230 2038 in
2253 1968 2544 2035 virtutibus
2567 1977 2905 2050 gloriandum
2929 1990 3052 2030 esse
3079 1973 3282 2036 docuit,
3306 1971 3399 2026 sed
3433 1971 3488 2025 in
3515 1985 3682 2026 cruce
3707 1978 3767 2025 et

2174 2073 2229 2128 in
2259 2071 2654 2127 humiliatione.
2707 2068 2918 2134 Quanto
2959 2075 3134 2121 autem
3177 2065 3272 2130 eis,
3307 2072 3417 2120 etc.
3466 2061 3676 2118 Civitas
3707 2062 3764 2116 in

2175 2172 2362 2220 monte
2411 2164 2587 2236 posita
2646 2160 2885 2231 undique
2913 2159 3307 2228 circumspecta
3335 2157 3593 2213 abscondi
3647 2171 3761 2212 non

2173 2267 2350 2331 potest
2395 2257 2610 2330 (Matth.
2635 2256 2758 2328 xv):
2793 2254 3072 2311 humilitas
3101 2267 3315 2322 semper
3356 2250 3618 2321 praecedit
3644 2249 3764 2320 glo-

2177 2351 2335 2406 riam.

2247 2440 2554 2512 Adaperire.
2601 2439 2682 2495 Ad
2717 2452 2876 2494 aures
2897 2435 3134 2508 preprie.
3181 2435 3356 2491 Aures
3397 2434 3543 2490 enim
3568 2434 3637 2489 ad
3669 2448 3768 2487 au-

2177 2536 2429 2592 diendum
2453 2533 2774 2606 aperienda,
2807 2532 2987 2604 lingua
3027 2537 3087 2584 ut
3112 2529 3258 2599 loqui
3292 2527 3467 2599 possit
3505 2536 3628 2582 erat
3653 2527 3767 2583 sol-

2175 2625 2369 2682 venda.
2399 2623 2551 2680 Unde
2578 2623 2851 2693 sequitur:
2889 2620 3081 2676 Statim
3107 2628 3320 2689 aperta,
3351 2625 3455 2673 etc.

2249 2717 2413 2772 Vens.
2440 2715 2529 2770 55.
2561 2745 2629 2755 -
2651 2713 2721 2767 Et
2746 2709 3054 2782 loquebatur
3073 2719 3227 2764 recte.
3253 2707 3465 2781 (Bttns.)
3493 2707 3586 2762 llle
3617 2707 3770 2764 solus

2176 2815 2326 2864 recte
2370 2806 2609 2876 loquitur
2649 2803 2736 2859 vel
2780 2800 3067 2858 Dominum
3116 2799 3452 2864 confitendo,
3509 2798 3593 2854 vel
3640 2799 3770 2856 aliis

2079 2947 2081 2950 ι
2176 2899 2542 2970 praedicando,
2571 2897 2724 2968 cujus
2752 2898 2996 2954 auditum
3037 2907 3097 2953 ut
3121 2897 3433 2954 caelestibus
3465 2897 3640 2968 possit
3671 2911 3772 2950 au-

2179 2990 2416 3046 scultare
2441 2997 2494 3045 et
2517 2990 2888 3046 obsecundare
2911 2989 3180 3054 mandatis
3203 2989 3384 3046 divina
3420 2991 3595 3059 gratia
3623 2988 3772 3044 refc-

2178 3091 2282 3138 rat.
2315 3083 2477 3154 Cujus
2530 3083 2767 3154 linguam
2821 3084 3082 3140 Dominus
3123 3091 3271 3140 tactu
3313 3085 3612 3156 sapientia,
3645 3099 3774 3154 qua

2179 3173 2294 3245 ipse
2323 3183 2429 3241 est,
2459 3174 2526 3229 ad
2555 3173 2881 3244 loquendum
2907 3175 3144 3230 instruit.
3175 3174 3275 3231 Hic
3303 3175 3423 3230 talis
3463 3175 3644 3232 dicere
3671 3191 3774 3245 po-

2108 3249 2154 3314 C
2186 3273 2291 3322 test
2319 3284 2333 3320 :
2366 3265 2609 3331 Domine,
2635 3265 2777 3321 labia
2800 3281 2916 3321 mea
2941 3268 3139 3337 aperies
3165 3264 3337 3339 (Psal.
3369 3266 3446 3337 v),
3468 3275 3572 3322 etc.

2255 3357 2422 3413 Vens.
2447 3357 2631 3414 56.—
2671 3357 2882 3424 Quanto
2927 3368 3103 3413 autem
3143 3360 3219 3414 eis
3260 3359 3622 3430 praecipiebat,
3655 3367 3770 3415 etc.

2186 3447 2404 3504 Sciebat
2451 3449 2538 3505 ille
2582 3449 2674 3520 qui
2704 3449 2885 3505 omnia
2913 3449 3065 3504 novit
3106 3458 3396 3521 antequam
3435 3450 3587 3517 fiant,
3624 3451 3775 3520 quod

2185 3544 2356 3614 magis
2383 3545 2769 3615 pradicarent,
2797 3552 2852 3599 et
2891 3545 2994 3600 hoc
3023 3544 3382 3614 pracipiendo
3402 3543 3572 3615 pigris
3599 3543 3779 3599 voluit

2183 3637 2490 3701 ostendere,
2522 3645 2726 3708 quanto
2765 3637 3058 3693 studiosius
3087 3646 3398 3708 quantoque
3435 3636 3777 3708 frequentius

2186 3727 2528 3801 [ferventius]
2554 3729 2850 3799 pradicare
2875 3729 3128 3794 debeant,
3152 3729 3347 3798 quibus
3364 3726 3519 3797 jubet
3543 3738 3601 3783 ut
3631 3744 3777 3799 pra-

2186 3822 2430 3877 dicarent
2479 3839 2491 3874 :
2545 3822 2763 3893 quando
2792 3821 2869 3878 illi
2913 3818 3005 3892 qui
3039 3823 3396 3893 prohibentur
3441 3828 3620 3878 tacere
3659 3838 3777 3879 non

2183 3920 2454 3983 poterant.

2772 3981 3001 4054 CAPUT
3039 3981 3173 4038 vui.

2258 4091 2420 4149 Vsns.
2469 4093 2522 4147 2.
2555 4125 2620 4134 -
2657 4092 2913 4148 Misereor
2952 4111 3108 4166 super
3157 4095 3383 4149 turbam.
3429 4093 3563 4163 Quia
3610 4109 3778 4154 verus

2186 4183 2349 4239 homo
2378 4183 2667 4252 miseretur
2690 4193 2745 4239 et
2765 4185 3090 4254 compatitur
3111 4183 3302 4240 atfectu
3339 4186 3586 4243 humana
3610 4187 3780 4258 fragi-

2190 4276 2376 4330 litatis.
2405 4275 2558 4341 Quod
2590 4276 2655 4330 de
2685 4285 2890 4346 septem
2915 4277 3143 4346 panibus
3171 4287 3227 4334 et
3265 4281 3454 4348 paucis
3498 4281 3779 4352 pisciculis

2189 4376 2423 4436 quatuor
2461 4366 2629 4421 millia
2680 4368 2960 4423 hominum
3003 4369 3251 4435 satiavit,
3283 4370 3481 4427 divina
3521 4372 3780 4441 potentia

2189 4475 2323 4529 opus
2342 4466 2450 4514 'est’
2470 4468 2660 4514 contra
2689 4459 2989 4516 Eutichetis
3013 4477 3272 4518 errorem.

2266 4549 2462 4604 Triduo
2509 4551 2788 4606 sustinent.
2820 4550 3001 4618 Quare
3046 4553 3223 4608 triduo
3272 4554 3601 4609 sustinerent
3641 4553 3780 4609 Mat-

510 4633 575 4689 Et
612 4611 1040 4706 deprecabantur.
1084 4632 1512 4689 lncarnationem
1555 4633 1767 4690 Domini
1813 4637 2088 4706 propheta
2111 4611 2165 4673 Β
2195 4643 2366 4698 thaus
2391 4642 2523 4698 dicit
2543 4642 2621 4698 sic
2647 4611 2866 4714 (Μαιηιῖ
2893 4642 2982 4713 xv)
3008 4657 3024 4698 :
3055 4643 3122 4698 Et
3152 4645 3435 4698 ascendam
3464 4645 3520 4699 in
3547 4655 3778 4699 montem

504 4735 560 4782 et
587 4727 907 4797 patriarcha
932 4725 1238 4796 cupiebant.
1714 4787 1715 4790 η

504 4828 511 4836 ”
576 4820 743 4875 Vens.
765 4819 858 4874 33.
887 4851 958 4860 —
981 4819 1050 4873 Et
1071 4818 1457 4891 apprehendens
1479 4838 1617 4888 eum,
1646 4830 1750 4878 etc.
1779 4821 2035 4879 Seorsum
2058 4839 2090 4879 a

507 4911 834 4966 tltrbulentis
863 4912 1283 4983 c0gitationibus
1309 4921 1366 4966 et
1393 4914 1601 4970 actibus
1630 4915 1949 4972 inordinatis
1978 4933 2092 4973 ser-

508 5002 862 5072 monibusque
913 5001 1281 5072 incompositis
1309 5005 1554 5059 educitur
1578 5007 1669 5076 qui
1703 5008 1883 5062 sanari
1913 5023 2087 5064 mere-

506 5101 614 5146 tur.
664 5091 826 5162 Digiti
865 5091 954 5162 qui
985 5092 1038 5146 in
1080 5107 1239 5148 aures
1285 5095 1590 5160 mittuntur,
1639 5098 1802 5151 verba
1856 5095 2090 5167 Spiritus

509 5182 706 5247 sancti,
738 5180 806 5237 de
849 5198 956 5252 quo
994 5182 1224 5238 dicitur:
1259 5183 1467 5256 Digitus
1519 5185 1614 5241 Dei
1656 5198 1729 5241 est
1758 5188 1842 5241 hic
1886 5189 2085 5260 (Exod.

506 5273 649 5344 vtn).
693 5273 799 5327 Et:
848 5273 1020 5343 Opera
1068 5275 1350 5345 digitorum
1380 5287 1588 5332 tuorum
1613 5288 1732 5332 sunt
1771 5279 1883 5332 caeli
1913 5278 2085 5352 (Psal.

507 5364 650 5435 Vlll‘).
693 5363 881 5435 Tetigit
923 5365 1178 5436 linguam,
1204 5375 1308 5423 etc.
1343 5367 1543 5438 Spuma
1570 5371 1637 5425 de
1663 5385 1828 5426 carne
1850 5369 2084 5439 Domini,
2107 5401 2114 5406 -

471 5449 476 5458 ’
509 5456 689 5513 divina
713 5456 995 5526 sapientia,
1024 5471 1144 5528 qua
1171 5457 1331 5515 solvit
1352 5459 1712 5531 ignorantiam
1743 5463 1965 5518 humani
1987 5441 2112 5534 ge--

509 5548 677 5614 neris,
703 5557 765 5603 ut
787 5547 967 5604 dicat:
1001 5546 1176 5605 Credo
1203 5550 1258 5604 in
1287 5550 1458 5606 Deum
1488 5551 1705 5610 Patrem
1745 5555 2087 5626 omnipoten-

509 5651 642 5706 tem,
667 5647 774 5696 etc.
801 5637 1070 5695 ‘Seorsum.
1115 5641 1329 5712 (Bson)
1355 5641 1537 5699 Prima
1583 5645 1772 5703 salutis
1799 5648 1887 5703 via
1911 5656 1994 5704 est
2021 5647 2090 5705 de

507 5733 666 5788 turba
719 5734 894 5790 educi.
928 5731 1004 5789 De
1047 5742 1202 5789 turna
1247 5735 1426 5790 educit
1475 5735 1739 5794 Dominus
1790 5739 2086 5808 infirmum,

511 5815 632 5881 cum
657 5829 893 5879 mentem
919 5823 1176 5893 peccatis,
1201 5825 1330 5890 etc.,
1364 5821 1524 5900 usque
1563 5830 1633 5894 ad
1654 5845 1924 5902 exspuens
1958 5847 2088 5908 ergo

2193 4735 2401 4791 sedebat
2431 4736 2503 4790 ibi
2519 4776 2534 4802 ,
2561 4746 2610 4790 et
2642 4746 2971 4791 accesserunt
2995 4736 3065 4791 ad
3085 4753 3203 4791 eum
3221 4777 3236 4802 ,
3256 4745 3362 4792 etc.
3388 4737 3569 4793 Turba
3598 4737 3779 4793 triduo

2195 4824 2482 4880 Dominum
2528 4825 2758 4880 sustinet
2797 4835 3016 4897 propter
3056 4827 3393 4882 sanationem
3439 4826 3779 4882 inﬁrmorum

2195 4932 2416 4972 suorum
2441 4957 2456 4981 ,
2488 4931 2609 4970 cum
2655 4915 2812 4972 electi
2857 4917 3057 4988 quique
3093 4916 3199 4973 ﬁde
3241 4926 3440 4973 sancte
3493 4917 3780 4973 Trinitatis

2196 5005 2360 5061 lucidi
2391 5006 2650 5069 Domino,
2673 5021 2772 5076 pro
2797 5006 2909 5062 suis
2938 5021 3265 5077 suorumque
3293 5007 3552 5076 peccatis,
3581 5007 3780 5063 anima

2193 5098 2490 5170 peccantis,
2523 5097 2748 5167 scilicet,
2773 5098 3120 5170 languoribus
3155 5100 3420 5155 instanter
3448 5099 3776 5171 supplicant.

2267 5189 2446 5245 Turba
2477 5189 2643 5245 multa
2668 5191 2845 5246 triduo
2883 5189 3166 5246 Dominum
3190 5191 3441 5257 sustinet,
3477 5207 3602 5246 cum
3641 5191 3780 5248 mul-

2194 5280 2367 5336 titudo
2400 5281 2636 5336 fidelium
2665 5291 2887 5353 peccata
2917 5297 3014 5337 sua
3054 5298 3152 5354 per
3193 5282 3568 5354 paenitentiam
3607 5283 3776 5340 decli-

2194 5387 2332 5427 nans
2360 5373 2428 5428 ad
2457 5372 2742 5429 Dominum
2774 5390 2833 5430 se
2863 5375 2916 5430 in
2944 5389 3126 5446 Opere,
3155 5376 3211 5431 in
3250 5375 3520 5433 locutione
3547 5384 3604 5432 et
3631 5377 3779 5449 cogi-

2193 5462 2400 5518 tatione
2429 5465 2715 5520 convertit.

2267 5553 2482 5628 (Βειιιι.)
2514 5555 2627 5611 Hoc
2655 5557 2914 5613 miraculo
2943 5557 3275 5628 designatur,
3297 5560 3440 5631 quod
3468 5561 3614 5617 viam
3641 5577 3779 5634 pra-

2194 5645 2363 5701 sentis
2389 5645 2604 5712 saculi,
2647 5647 2805 5702 aliter
2842 5647 3140 5704 incolumes
3184 5649 3418 5704 transire
3464 5650 3777 5720 nequimus,

2195 5739 2452 5795 alimento
2484 5741 2633 5795 verbi
2681 5741 2762 5795 sui
2819 5741 3066 5798 Christus
3114 5760 3213 5800 nos
3239 5745 3466 5828 reficiat.
3505 5745 3621 5812 Hoc
3647 5763 3779 5812 vero

2195 5833 2391 5907 typicc,
2421 5841 2552 5899 etc.,
2583 5850 2742 5903 usque
2770 5834 2840 5888 ad
2869 5835 2981 5904 ipse
3006 5836 3075 5892 ab
3103 5836 3304 5894 inlimis
3327 5837 3778 5897 delectationibus
