  <div class='ocr_page' id='page_1' title='image "/cluster/home/n/w/nwhite01/storage/ocr_20150623/114/hvd.32044018909580/110.png"; bbox 0 0 3960 6336; ppageno 0'>
   <div class='ocr_carea' id='block_1_1' title="bbox 232 382 328 440">
    <p class='ocr_par' dir='ltr' id='par_1_1' title="bbox 232 382 328 440">
     <span class='ocr_line' id='line_1_1' title="bbox 232 382 328 440; baseline 0 0"><span class='ocrx_word' id='word_1_1' title='bbox 232 382 328 440; x_wconf 62' lang='lat'><strong>209</strong></span> 
     </span>
    </p>
   </div>
   <div class='ocr_carea' id='block_1_2' title="bbox 1159 373 2510 438">
    <p class='ocr_par' dir='ltr' id='par_1_2' title="bbox 1159 373 2510 438">
     <span class='ocr_line' id='line_1_2' title="bbox 1159 373 2510 438; baseline -0.004 0"><span class='ocrx_word' id='word_1_2' title='bbox 1159 376 1424 438; x_wconf 82' lang='lat' dir='ltr'><strong>GLOSSA</strong></span> <span class='ocrx_word' id='word_1_3' title='bbox 1461 375 1946 437; x_wconf 76' lang='lat' dir='ltr'><strong>ORDINARIA.—</strong></span> <span class='ocrx_word' id='word_1_4' title='bbox 1979 373 2234 432; x_wconf 85' lang='lat' dir='ltr'><strong>EVANG.</strong></span> <span class='ocrx_word' id='word_1_5' title='bbox 2279 373 2510 435; x_wconf 81' lang='lat' dir='ltr'><strong>MARCI.</strong></span> 
     </span>
    </p>
   </div>
   <div class='ocr_carea' id='block_1_3' title="bbox 3352 380 3459 440">
    <p class='ocr_par' dir='ltr' id='par_1_3' title="bbox 3352 380 3459 440">
     <span class='ocr_line' id='line_1_3' title="bbox 3352 380 3459 440; baseline 0 -1"><span class='ocrx_word' id='word_1_6' title='bbox 3352 380 3459 440; x_wconf 74' lang='grc'><strong>210</strong></span> 
     </span>
    </p>
   </div>
   <div class='ocr_carea' id='block_1_4' title="bbox 229 491 3461 578">
    <p class='ocr_par' dir='ltr' id='par_1_4' title="bbox 229 491 3461 578">
     <span class='ocr_line' id='line_1_4' title="bbox 229 491 3461 578; baseline -0 -26"><span class='ocrx_word' id='word_1_7' title='bbox 229 499 536 552; x_wconf 72' lang='lat' dir='ltr'><strong>abstractam</strong></span> <span class='ocrx_word' id='word_1_8' title='bbox 576 509 715 565; x_wconf 91' lang='lat' dir='ltr'><strong>pane</strong></span> <span class='ocrx_word' id='word_1_9' title='bbox 748 495 870 552; x_wconf 69' lang='lat' dir='ltr'><strong>coeli</strong></span> <span class='ocrx_word' id='word_1_10' title='bbox 911 495 1117 562; x_wconf 91' lang='lat' dir='ltr'><strong>reﬁcit,</strong></span> <span class='ocrx_word' id='word_1_11' title='bbox 1167 506 1328 568; x_wconf 89' lang='lat' dir='ltr'><strong>atque</strong></span> <span class='ocrx_word' id='word_1_12' title='bbox 1373 498 1441 578; x_wconf 83' lang='lat' dir='ltr'><strong>ad</strong></span> <span class='ocrx_word' id='word_1_13' title='bbox 1485 497 1780 569; x_wconf 90' lang='lat' dir='ltr'><strong>appetitum</strong></span> <span class='ocrx_word' id='word_1_14' title='bbox 1803 493 2008 560; x_wconf 73' lang='lat' dir='ltr'><strong>Adon.</strong></span> <span class='ocrx_word' id='word_1_15' title='bbox 2045 494 2150 549; x_wconf 87' lang='lat' dir='ltr'><strong>Sed</strong></span> <span class='ocrx_word' id='word_1_16' title='bbox 2182 509 2288 549; x_wconf 89' lang='lat' dir='ltr'><strong>non</strong></span> <span class='ocrx_word' id='word_1_17' title='bbox 2334 504 2419 549; x_wconf 89' lang='lat' dir='ltr'><strong>est</strong></span> <span class='ocrx_word' id='word_1_18' title='bbox 2470 492 2822 548; x_wconf 84' lang='lat' dir='ltr'><strong>dubitandum</strong></span> <span class='ocrx_word' id='word_1_19' title='bbox 2858 491 3104 549; x_wconf 88' lang='lat' dir='ltr'><strong>eumdem</strong></span> <span class='ocrx_word' id='word_1_20' title='bbox 3134 491 3310 550; x_wconf 91' lang='lat' dir='ltr'><strong>locum</strong></span> <span class='ocrx_word' id='word_1_21' title='bbox 3335 509 3461 551; x_wconf 88' lang='lat' dir='ltr'><strong>esse</strong></span> 
     </span>
    </p>
   </div>
   <div class='ocr_carea' id='block_1_5' title="bbox 227 587 1778 662">
    <p class='ocr_par' dir='ltr' id='par_1_5' title="bbox 227 587 1778 662">
     <span class='ocr_line' id='line_1_5' title="bbox 227 587 1778 662; baseline 0.002 -18"><span class='ocrx_word' id='word_1_22' title='bbox 227 602 455 658; x_wconf 78' lang='lat' dir='ltr'><strong>superna:</strong></span> <span class='ocrx_word' id='word_1_23' title='bbox 493 587 776 644; x_wconf 82' lang='lat' dir='ltr'><strong>suavitatis</strong></span> <span class='ocrx_word' id='word_1_24' title='bbox 804 588 911 644; x_wconf 87' lang='lat' dir='ltr'><strong>cibi</strong></span> <span class='ocrx_word' id='word_1_25' title='bbox 946 588 1242 660; x_wconf 90' lang='lat' dir='ltr'><strong>spiritualis</strong></span> <span class='ocrx_word' id='word_1_26' title='bbox 1269 591 1394 646; x_wconf 91' lang='lat' dir='ltr'><strong>dato</strong></span> <span class='ocrx_word' id='word_1_27' title='bbox 1432 592 1654 662; x_wconf 85' lang='lat' dir='ltr'><strong>pignore</strong></span> <span class='ocrx_word' id='word_1_28' title='bbox 1685 606 1778 647; x_wconf 89' lang='lat' dir='ltr'><strong>ac-</strong></span> 
     </span>
    </p>
   </div>
   <div class='ocr_carea' id='block_1_6' title="bbox 229 679 416 738">
    <p class='ocr_par' dir='ltr' id='par_1_6' title="bbox 229 679 416 738">
     <span class='ocr_line' id='line_1_6' title="bbox 229 679 416 738; baseline -0.011 -2"><span class='ocrx_word' id='word_1_29' title='bbox 229 679 416 738; x_wconf 87' lang='lat' dir='ltr'><strong>cendit.</strong></span> 
     </span>
    </p>
   </div>
   <div class='ocr_carea' id='block_1_7' title="bbox 291 757 1781 847">
    <p class='ocr_par' dir='ltr' id='par_1_7' title="bbox 291 757 1781 847">
     <span class='ocr_line' id='line_1_7' title="bbox 291 757 1781 847; baseline 0.008 -24"><span class='ocrx_word' id='word_1_30' title='bbox 291 767 443 824; x_wconf 85' lang='lat' dir='ltr'><strong>Vens.</strong></span> <span class='ocrx_word' id='word_1_31' title='bbox 466 767 519 822; x_wconf 78' lang='lat'><strong>5.</strong></span> <span class='ocrx_word' id='word_1_32' title='bbox 541 798 611 809; x_wconf 93' lang='lat'>—</span> <span class='ocrx_word' id='word_1_33' title='bbox 633 757 713 826; x_wconf 30' lang='lat' dir='ltr'><strong>Si.</strong></span> <span class='ocrx_word' id='word_1_34' title='bbox 731 771 977 828; x_wconf 76' lang='lat' dir='ltr'><strong>dimisero</strong></span> <span class='ocrx_word' id='word_1_35' title='bbox 1001 789 1108 829; x_wconf 86' lang='lat' dir='ltr'><strong>eos.</strong></span> <span class='ocrx_word' id='word_1_36' title='bbox 1141 771 1276 841; x_wconf 85' lang='lat' dir='ltr'><strong>Quia</strong></span> <span class='ocrx_word' id='word_1_37' title='bbox 1305 775 1549 830; x_wconf 81' lang='lat' dir='ltr'><strong>conversi</strong></span> <span class='ocrx_word' id='word_1_38' title='bbox 1586 791 1781 847; x_wconf 83' lang='lat' dir='ltr'><strong>pecca-</strong></span> 
     </span>
    </p>
   </div>
   <div class='ocr_carea' id='block_1_8' title="bbox 226 860 1776 931">
    <p class='ocr_par' dir='ltr' id='par_1_8' title="bbox 226 860 1776 931">
     <span class='ocr_line' id='line_1_8' title="bbox 226 860 1776 931; baseline 0.008 -18"><span class='ocrx_word' id='word_1_39' title='bbox 226 868 359 914; x_wconf 90' lang='lat' dir='ltr'><strong>tores</strong></span> <span class='ocrx_word' id='word_1_40' title='bbox 386 860 435 913; x_wconf 94' lang='lat' dir='ltr'><strong>in</strong></span> <span class='ocrx_word' id='word_1_41' title='bbox 463 861 744 930; x_wconf 64' lang='lat' dir='ltr'><strong>praesentis</strong></span> <span class='ocrx_word' id='word_1_42' title='bbox 769 863 893 918; x_wconf 75' lang='lat' dir='ltr'><strong>vitae</strong></span> <span class='ocrx_word' id='word_1_43' title='bbox 921 864 1006 918; x_wconf 87' lang='lat' dir='ltr'><strong>via</strong></span> <span class='ocrx_word' id='word_1_44' title='bbox 1037 863 1318 931; x_wconf 88' lang='lat' dir='ltr'><strong>deﬁciunt,</strong></span> <span class='ocrx_word' id='word_1_45' title='bbox 1349 865 1394 920; x_wconf 92' lang='lat' dir='ltr'><strong>si</strong></span> <span class='ocrx_word' id='word_1_46' title='bbox 1423 866 1479 921; x_wconf 92' lang='lat' dir='ltr'><strong>in</strong></span> <span class='ocrx_word' id='word_1_47' title='bbox 1517 881 1614 924; x_wconf 90' lang='lat' dir='ltr'><strong>sua</strong></span> <span class='ocrx_word' id='word_1_48' title='bbox 1643 883 1776 924; x_wconf 90' lang='lat' dir='ltr'><strong>con-</strong></span> 
     </span>
    </p>
   </div>
   <div class='ocr_carea' id='block_1_9' title="bbox 224 949 1480 1023">
    <p class='ocr_par' dir='ltr' id='par_1_9' title="bbox 224 949 1480 1023">
     <span class='ocr_line' id='line_1_9' title="bbox 224 949 1480 1023; baseline 0.006 -18"><span class='ocrx_word' id='word_1_49' title='bbox 224 949 432 1005; x_wconf 87' lang='lat' dir='ltr'><strong>scientia</strong></span> <span class='ocrx_word' id='word_1_50' title='bbox 458 949 575 1006; x_wconf 84' lang='lat' dir='ltr'><strong>sine</strong></span> <span class='ocrx_word' id='word_1_51' title='bbox 601 951 860 1009; x_wconf 70' lang='lat' dir='ltr'><strong>doctrinaa</strong></span> <span class='ocrx_word' id='word_1_52' title='bbox 887 953 1097 1023; x_wconf 88' lang='lat' dir='ltr'><strong>pabulis</strong></span> <span class='ocrx_word' id='word_1_53' title='bbox 1119 954 1480 1012; x_wconf 89' lang='lat' dir='ltr'><strong>dimittantur.</strong></span> 
     </span>
    </p>
   </div>
   <div class='ocr_carea' id='block_1_10' title="bbox 287 1037 1778 1120">
    <p class='ocr_par' dir='ltr' id='par_1_10' title="bbox 287 1037 1778 1120">
     <span class='ocr_line' id='line_1_10' title="bbox 287 1037 1778 1120; baseline 0.009 -26"><span class='ocrx_word' id='word_1_54' title='bbox 287 1039 359 1096; x_wconf 87' lang='lat' dir='ltr'><strong>De</strong></span> <span class='ocrx_word' id='word_1_55' title='bbox 381 1040 546 1112; x_wconf 84' lang='lat' dir='ltr'><strong>longe.</strong></span> <span class='ocrx_word' id='word_1_56' title='bbox 571 1041 863 1100; x_wconf 87' lang='lat' dir='ltr'><strong>Moraliter.</strong></span> <span class='ocrx_word' id='word_1_57' title='bbox 887 1043 989 1112; x_wconf 90' lang='lat' dir='ltr'><strong>Qui</strong></span> <span class='ocrx_word' id='word_1_58' title='bbox 1015 1045 1148 1101; x_wconf 84' lang='lat' dir='ltr'><strong>nihil</strong></span> <span class='ocrx_word' id='word_1_59' title='bbox 1168 1048 1401 1103; x_wconf 88' lang='lat' dir='ltr'><strong>carnalis</strong></span> <span class='ocrx_word' id='word_1_60' title='bbox 1420 1037 1778 1120; x_wconf 68' lang='lat' dir='ltr'><strong>co&#39;rruptionis</strong></span> 
     </span>
    </p>
   </div>
   <div class='ocr_carea' id='block_1_11' title="bbox 219 1131 1778 1211">
    <p class='ocr_par' dir='ltr' id='par_1_11' title="bbox 219 1131 1778 1211">
     <span class='ocr_line' id='line_1_11' title="bbox 219 1131 1778 1211; baseline 0.008 -24"><span class='ocrx_word' id='word_1_61' title='bbox 219 1139 457 1202; x_wconf 81' lang='lat' dir='ltr'><strong>expertus</strong></span> <span class='ocrx_word' id='word_1_62' title='bbox 480 1171 496 1196; x_wconf 92' lang='lat'><strong>,</strong></span> <span class='ocrx_word' id='word_1_63' title='bbox 525 1131 591 1186; x_wconf 91' lang='lat' dir='ltr'><strong>ad</strong></span> <span class='ocrx_word' id='word_1_64' title='bbox 634 1135 948 1190; x_wconf 82' lang='lat' dir='ltr'><strong>servitutem</strong></span> <span class='ocrx_word' id='word_1_65' title='bbox 973 1136 1068 1191; x_wconf 92' lang='lat' dir='ltr'><strong>Dei</strong></span> <span class='ocrx_word' id='word_1_66' title='bbox 1113 1135 1364 1205; x_wconf 80' lang='lat' dir='ltr'><strong>festinat,</strong></span> <span class='ocrx_word' id='word_1_67' title='bbox 1391 1137 1458 1194; x_wconf 88' lang='lat' dir='ltr'><strong>de</strong></span> <span class='ocrx_word' id='word_1_68' title='bbox 1487 1140 1778 1211; x_wconf 88' lang='lat' dir='ltr'><strong>longinquo</strong></span> 
     </span>
    </p>
   </div>
   <div class='ocr_carea' id='block_1_12' title="bbox 217 1221 1778 1302">
    <p class='ocr_par' dir='ltr' id='par_1_12' title="bbox 217 1221 1778 1302">
     <span class='ocr_line' id='line_1_12' title="bbox 217 1221 1778 1302; baseline 0.008 -27"><span class='ocrx_word' id='word_1_69' title='bbox 217 1236 314 1276; x_wconf 92' lang='lat' dir='ltr'><strong>non</strong></span> <span class='ocrx_word' id='word_1_70' title='bbox 337 1221 508 1288; x_wconf 88' lang='lat' dir='ltr'><strong>venit;</strong></span> <span class='ocrx_word' id='word_1_71' title='bbox 531 1223 623 1293; x_wconf 90' lang='lat' dir='ltr'><strong>qui</strong></span> <span class='ocrx_word' id='word_1_72' title='bbox 649 1225 809 1280; x_wconf 81' lang='lat' dir='ltr'><strong>etiam</strong></span> <span class='ocrx_word' id='word_1_73' title='bbox 832 1225 975 1280; x_wconf 89' lang='lat' dir='ltr'><strong>nulla</strong></span> <span class='ocrx_word' id='word_1_74' title='bbox 1001 1227 1355 1296; x_wconf 86' lang='lat' dir='ltr'><strong>impudicitia,</strong></span> <span class='ocrx_word' id='word_1_75' title='bbox 1379 1229 1538 1285; x_wconf 92' lang='lat' dir='ltr'><strong>nullis</strong></span> <span class='ocrx_word' id='word_1_76' title='bbox 1562 1228 1778 1302; x_wconf 91' lang='lat' dir='ltr'><strong>ﬂagitiis</strong></span> 
     </span>
    </p>
   </div>
   <div class='ocr_carea' id='block_1_13' title="bbox 217 1313 1776 1389">
    <p class='ocr_par' dir='ltr' id='par_1_13' title="bbox 217 1313 1776 1389">
     <span class='ocr_line' id='line_1_13' title="bbox 217 1313 1776 1389; baseline 0.006 -22"><span class='ocrx_word' id='word_1_77' title='bbox 217 1313 545 1382; x_wconf 90' lang='lat' dir='ltr'><strong>inquinatus,</strong></span> <span class='ocrx_word' id='word_1_78' title='bbox 587 1314 762 1370; x_wconf 89' lang='lat' dir='ltr'><strong>solum</strong></span> <span class='ocrx_word' id='word_1_79' title='bbox 803 1327 982 1372; x_wconf 90' lang='lat' dir='ltr'><strong>autem</strong></span> <span class='ocrx_word' id='word_1_80' title='bbox 1021 1316 1328 1389; x_wconf 90' lang='lat' dir='ltr'><strong>conjugium</strong></span> <span class='ocrx_word' id='word_1_81' title='bbox 1359 1328 1644 1388; x_wconf 79' lang='lat' dir='ltr'><strong>expertus,</strong></span> <span class='ocrx_word' id='word_1_82' title='bbox 1675 1335 1776 1377; x_wconf 90' lang='lat' dir='ltr'><strong>nec</strong></span> 
     </span>
    </p>
   </div>
   <div class='ocr_carea' id='block_1_14' title="bbox 215 1403 1770 1480">
    <p class='ocr_par' dir='ltr' id='par_1_14' title="bbox 215 1403 1770 1480">
     <span class='ocr_line' id='line_1_14' title="bbox 215 1403 1770 1480; baseline 0.005 -22"><span class='ocrx_word' id='word_1_83' title='bbox 215 1405 308 1459; x_wconf 90' lang='lat' dir='ltr'><strong>iste</strong></span> <span class='ocrx_word' id='word_1_84' title='bbox 341 1404 404 1460; x_wconf 89' lang='lat' dir='ltr'><strong>de</strong></span> <span class='ocrx_word' id='word_1_85' title='bbox 431 1403 746 1475; x_wconf 91' lang='lat' dir='ltr'><strong>longinquo.</strong></span> <span class='ocrx_word' id='word_1_86' title='bbox 774 1405 880 1461; x_wconf 82' lang='lat' dir='ltr'><strong>Alii</strong></span> <span class='ocrx_word' id='word_1_87' title='bbox 921 1417 1043 1477; x_wconf 87' lang='lat' dir='ltr'><strong>post</strong></span> <span class='ocrx_word' id='word_1_88' title='bbox 1075 1407 1243 1464; x_wconf 90' lang='lat' dir='ltr'><strong>multa</strong></span> <span class='ocrx_word' id='word_1_89' title='bbox 1279 1407 1479 1480; x_wconf 88' lang='lat' dir='ltr'><strong>ﬂagitia</strong></span> <span class='ocrx_word' id='word_1_90' title='bbox 1506 1410 1727 1466; x_wconf 90' lang='lat' dir='ltr'><strong>veniunt</strong></span> <span class='ocrx_word' id='word_1_91' title='bbox 1755 1427 1770 1466; x_wconf 92' lang='lat'><strong>:</strong></span> 
     </span>
    </p>
   </div>
   <div class='ocr_carea' id='block_1_15' title="bbox 211 1497 828 1570">
    <p class='ocr_par' dir='ltr' id='par_1_15' title="bbox 211 1497 828 1570">
     <span class='ocr_line' id='line_1_15' title="bbox 211 1497 828 1570; baseline 0.002 -18"><span class='ocrx_word' id='word_1_92' title='bbox 211 1506 261 1552; x_wconf 91' lang='lat' dir='ltr'><strong>et</strong></span> <span class='ocrx_word' id='word_1_93' title='bbox 285 1497 400 1553; x_wconf 89' lang='lat' dir='ltr'><strong>ideo</strong></span> <span class='ocrx_word' id='word_1_94' title='bbox 423 1499 492 1553; x_wconf 91' lang='lat' dir='ltr'><strong>de</strong></span> <span class='ocrx_word' id='word_1_95' title='bbox 517 1497 828 1570; x_wconf 90' lang='lat' dir='ltr'><strong>longinquo.</strong></span> 
     </span>
    </p>
   </div>
   <div class='ocr_carea' id='block_1_16' title="bbox 274 1589 1774 1666">
    <p class='ocr_par' dir='ltr' id='par_1_16' title="bbox 274 1589 1774 1666">
     <span class='ocr_line' id='line_1_16' title="bbox 274 1589 1774 1666; baseline 0.003 -19"><span class='ocrx_word' id='word_1_96' title='bbox 274 1591 428 1647; x_wconf 80' lang='lat' dir='ltr'><strong>Vens.</strong></span> <span class='ocrx_word' id='word_1_97' title='bbox 475 1591 533 1648; x_wconf 87' lang='lat'><strong>5.</strong></span> <span class='ocrx_word' id='word_1_98' title='bbox 576 1621 648 1633; x_wconf 95' lang='lat'>—</span> <span class='ocrx_word' id='word_1_99' title='bbox 691 1589 916 1664; x_wconf 80' lang='lat' dir='ltr'><strong>Septem.</strong></span> <span class='ocrx_word' id='word_1_100' title='bbox 941 1592 1152 1666; x_wconf 72' lang='grc' dir='ltr'><strong>(Βεω.)</strong></span> <span class='ocrx_word' id='word_1_101' title='bbox 1184 1593 1497 1665; x_wconf 87' lang='lat' dir='ltr'><strong>Mysterium</strong></span> <span class='ocrx_word' id='word_1_102' title='bbox 1533 1603 1616 1651; x_wconf 90' lang='lat' dir='ltr'><strong>est</strong></span> <span class='ocrx_word' id='word_1_103' title='bbox 1639 1593 1774 1651; x_wconf 88' lang='lat' dir='ltr'><strong>Novi</strong></span> 
     </span>
    </p>
   </div>
   <div class='ocr_carea' id='block_1_17' title="bbox 210 1684 1774 1759">
    <p class='ocr_par' dir='ltr' id='par_1_17' title="bbox 210 1684 1774 1759">
     <span class='ocr_line' id='line_1_17' title="bbox 210 1684 1774 1759; baseline 0.003 -20"><span class='ocrx_word' id='word_1_104' title='bbox 210 1684 551 1750; x_wconf 85' lang='lat' dir='ltr'><strong>Testamenti,</strong></span> <span class='ocrx_word' id='word_1_105' title='bbox 597 1685 651 1740; x_wconf 94' lang='lat' dir='ltr'><strong>in</strong></span> <span class='ocrx_word' id='word_1_106' title='bbox 683 1700 790 1756; x_wconf 89' lang='lat' dir='ltr'><strong>quo</strong></span> <span class='ocrx_word' id='word_1_107' title='bbox 815 1685 1143 1757; x_wconf 88' lang='lat' dir='ltr'><strong>septiformis</strong></span> <span class='ocrx_word' id='word_1_108' title='bbox 1173 1686 1406 1757; x_wconf 87' lang='lat' dir='ltr'><strong>Spiritus</strong></span> <span class='ocrx_word' id='word_1_109' title='bbox 1450 1687 1624 1759; x_wconf 88' lang='lat' dir='ltr'><strong>gratia</strong></span> <span class='ocrx_word' id='word_1_110' title='bbox 1658 1686 1774 1758; x_wconf 90' lang='lat' dir='ltr'><strong>ple-</strong></span> 
     </span>
    </p>
   </div>
   <div class='ocr_carea' id='block_1_18' title="bbox 209 1774 1767 1847">
    <p class='ocr_par' dir='ltr' id='par_1_18' title="bbox 209 1774 1767 1847">
     <span class='ocr_line' id='line_1_18' title="bbox 209 1774 1767 1847; baseline 0.002 -19"><span class='ocrx_word' id='word_1_111' title='bbox 209 1774 320 1829; x_wconf 89' lang='lat' dir='ltr'><strong>nius</strong></span> <span class='ocrx_word' id='word_1_112' title='bbox 361 1775 606 1831; x_wconf 82' lang='lat' dir='ltr'><strong>creditur</strong></span> <span class='ocrx_word' id='word_1_113' title='bbox 632 1784 689 1830; x_wconf 91' lang='lat' dir='ltr'><strong>et</strong></span> <span class='ocrx_word' id='word_1_114' title='bbox 724 1776 902 1831; x_wconf 90' lang='lat' dir='ltr'><strong>datur.</strong></span> <span class='ocrx_word' id='word_1_115' title='bbox 933 1775 1045 1832; x_wconf 85' lang='lat' dir='ltr'><strong>Nec</strong></span> <span class='ocrx_word' id='word_1_116' title='bbox 1092 1784 1216 1831; x_wconf 91' lang='lat' dir='ltr'><strong>sunt</strong></span> <span class='ocrx_word' id='word_1_117' title='bbox 1253 1791 1418 1847; x_wconf 89' lang='lat' dir='ltr'><strong>panes</strong></span> <span class='ocrx_word' id='word_1_118' title='bbox 1461 1777 1767 1844; x_wconf 89' lang='lat' dir='ltr'><strong>hordeacei,</strong></span> 
     </span>
    </p>
   </div>
   <div class='ocr_carea' id='block_1_19' title="bbox 1882 585 3462 656">
    <p class='ocr_par' dir='ltr' id='par_1_19' title="bbox 1882 585 3462 656">
     <span class='ocr_line' id='line_1_19' title="bbox 1882 585 3462 656; baseline 0.001 -14"><span class='ocrx_word' id='word_1_119' title='bbox 1882 586 1982 642; x_wconf 88' lang='lat' dir='ltr'><strong>sub</strong></span> <span class='ocrx_word' id='word_1_120' title='bbox 2009 596 2237 656; x_wconf 89' lang='lat' dir='ltr'><strong>utroque</strong></span> <span class='ocrx_word' id='word_1_121' title='bbox 2281 585 2516 642; x_wconf 88' lang='lat' dir='ltr'><strong>nomine.</strong></span> <span class='ocrx_word' id='word_1_122' title='bbox 2549 585 2683 640; x_wconf 88' lang='lat' dir='ltr'><strong>Nam</strong></span> <span class='ocrx_word' id='word_1_123' title='bbox 2719 585 2962 656; x_wconf 88' lang='lat' dir='ltr'><strong>plerique</strong></span> <span class='ocrx_word' id='word_1_124' title='bbox 3008 585 3222 642; x_wconf 89' lang='lat' dir='ltr'><strong>codices</strong></span> <span class='ocrx_word' id='word_1_125' title='bbox 3257 585 3462 643; x_wconf 86' lang='lat' dir='ltr'><strong>habent</strong></span> 
     </span>
    </p>
   </div>
   <div class='ocr_carea' id='block_1_20' title="bbox 1881 677 2942 749">
    <p class='ocr_par' dir='ltr' id='par_1_20' title="bbox 1881 677 2942 749">
     <span class='ocr_line' id='line_1_20' title="bbox 1881 677 2942 749; baseline 0 -17"><span class='ocrx_word' id='word_1_126' title='bbox 1881 677 2137 749; x_wconf 88' lang='lat' dir='ltr'><strong>Magedan</strong></span> <span class='ocrx_word' id='word_1_127' title='bbox 2166 679 2330 734; x_wconf 89' lang='lat' dir='ltr'><strong>etiam</strong></span> <span class='ocrx_word' id='word_1_128' title='bbox 2364 677 2658 733; x_wconf 90' lang='lat' dir='ltr'><strong>secundum</strong></span> <span class='ocrx_word' id='word_1_129' title='bbox 2685 677 2942 733; x_wconf 84' lang='lat' dir='ltr'><strong>Marcum.</strong></span> 
     </span>
    </p>
   </div>
   <div class='ocr_carea' id='block_1_21' title="bbox 1952 767 3456 842">
    <p class='ocr_par' dir='ltr' id='par_1_21' title="bbox 1952 767 3456 842">
     <span class='ocr_line' id='line_1_21' title="bbox 1952 767 3456 842; baseline 0.004 -20"><span class='ocrx_word' id='word_1_130' title='bbox 1952 767 2117 824; x_wconf 89' lang='lat' dir='ltr'><strong>Vens.</strong></span> <span class='ocrx_word' id='word_1_131' title='bbox 2142 771 2227 824; x_wconf 79' lang='lat' dir='ltr'><strong>ll.</strong></span> <span class='ocrx_word' id='word_1_132' title='bbox 2259 800 2329 810; x_wconf 96' lang='lat'><strong>—</strong></span> <span class='ocrx_word' id='word_1_133' title='bbox 2355 767 2679 836; x_wconf 72' lang='lat' dir='ltr'><strong>Quarentes,</strong></span> <span class='ocrx_word' id='word_1_134' title='bbox 2709 778 2815 824; x_wconf 91' lang='lat' dir='ltr'><strong>etc.</strong></span> <span class='ocrx_word' id='word_1_135' title='bbox 2856 767 3021 837; x_wconf 83' lang='lat' dir='ltr'><strong>Quasi</strong></span> <span class='ocrx_word' id='word_1_136' title='bbox 3056 784 3122 826; x_wconf 91' lang='lat' dir='ltr'><strong>ea</strong></span> <span class='ocrx_word' id='word_1_137' title='bbox 3150 786 3283 842; x_wconf 24' lang='lat' dir='ltr'><strong>quae.</strong></span> <span class='ocrx_word' id='word_1_138' title='bbox 3301 771 3456 828; x_wconf 90' lang='lat' dir='ltr'><strong>vide-</strong></span> 
     </span>
    </p>
   </div>
   <div class='ocr_carea' id='block_1_22' title="bbox 1880 862 3505 936">
    <p class='ocr_par' dir='ltr' id='par_1_22' title="bbox 1880 862 3505 936">
     <span class='ocr_line' id='line_1_22' title="bbox 1880 862 3505 936; baseline 0.003 -19"><span class='ocrx_word' id='word_1_139' title='bbox 1880 871 2022 927; x_wconf 87' lang='lat' dir='ltr'><strong>rant,</strong></span> <span class='ocrx_word' id='word_1_140' title='bbox 2051 878 2158 918; x_wconf 91' lang='lat' dir='ltr'><strong>non</strong></span> <span class='ocrx_word' id='word_1_141' title='bbox 2182 862 2410 919; x_wconf 87' lang='lat' dir='ltr'><strong>fuissent</strong></span> <span class='ocrx_word' id='word_1_142' title='bbox 2440 862 2613 934; x_wconf 88' lang='lat' dir='ltr'><strong>signa.</strong></span> <span class='ocrx_word' id='word_1_143' title='bbox 2651 863 2758 918; x_wconf 93' lang='lat' dir='ltr'><strong>Sed</strong></span> <span class='ocrx_word' id='word_1_144' title='bbox 2802 863 2931 933; x_wconf 91' lang='lat' dir='ltr'><strong>quid</strong></span> <span class='ocrx_word' id='word_1_145' title='bbox 2957 873 3201 934; x_wconf 65' lang='lat' dir='ltr'><strong>quaerant</strong></span> <span class='ocrx_word' id='word_1_146' title='bbox 3225 880 3324 936; x_wconf 90' lang='lat' dir='ltr'><strong>per</strong></span> <span class='ocrx_word' id='word_1_147' title='bbox 3351 865 3460 922; x_wconf 89' lang='lat' dir='ltr'><strong>hoc</strong></span> <span class='ocrx_word' id='word_1_148' title='bbox 3499 871 3505 882; x_wconf 90' lang='lat'>&#39;</span> 
     </span>
    </p>
   </div>
   <div class='ocr_carea' id='block_1_23' title="bbox 1879 951 3457 1026">
    <p class='ocr_par' dir='ltr' id='par_1_23' title="bbox 1879 951 3457 1026">
     <span class='ocr_line' id='line_1_23' title="bbox 1879 951 3457 1026; baseline 0.004 -20"><span class='ocrx_word' id='word_1_149' title='bbox 1879 951 2288 1017; x_wconf 88' lang='lat' dir='ltr'><strong>determinatur,</strong></span> <span class='ocrx_word' id='word_1_150' title='bbox 2321 952 2387 1008; x_wconf 90' lang='lat' dir='ltr'><strong>de</strong></span> <span class='ocrx_word' id='word_1_151' title='bbox 2407 952 2567 1018; x_wconf 78' lang='lat' dir='ltr'><strong>ctelo,</strong></span> <span class='ocrx_word' id='word_1_152' title='bbox 2594 951 2679 1007; x_wconf 89' lang='lat' dir='ltr'><strong>vel</strong></span> <span class='ocrx_word' id='word_1_153' title='bbox 2705 953 2760 1008; x_wconf 91' lang='lat' dir='ltr'><strong>in</strong></span> <span class='ocrx_word' id='word_1_154' title='bbox 2788 967 2994 1009; x_wconf 89' lang='lat' dir='ltr'><strong>morem</strong></span> <span class='ocrx_word' id='word_1_155' title='bbox 3028 953 3158 1011; x_wconf 70' lang='lat' dir='ltr'><strong>Elia:</strong></span> <span class='ocrx_word' id='word_1_156' title='bbox 3179 955 3358 1026; x_wconf 90' lang='lat' dir='ltr'><strong>ignem</strong></span> <span class='ocrx_word' id='word_1_157' title='bbox 3387 955 3457 1012; x_wconf 89' lang='lat' dir='ltr'><strong>de</strong></span> 
     </span>
    </p>
   </div>
   <div class='ocr_carea' id='block_1_24' title="bbox 1877 1043 3454 1110">
    <p class='ocr_par' dir='ltr' id='par_1_24' title="bbox 1877 1043 3454 1110">
     <span class='ocr_line' id='line_1_24' title="bbox 1877 1043 3454 1110; baseline 0.003 -12"><span class='ocrx_word' id='word_1_158' title='bbox 1877 1043 2126 1110; x_wconf 91' lang='lat' dir='ltr'><strong>sublimi,</strong></span> <span class='ocrx_word' id='word_1_159' title='bbox 2155 1044 2240 1100; x_wconf 86' lang='lat' dir='ltr'><strong>vel</strong></span> <span class='ocrx_word' id='word_1_160' title='bbox 2266 1044 2334 1100; x_wconf 91' lang='lat' dir='ltr'><strong>ad</strong></span> <span class='ocrx_word' id='word_1_161' title='bbox 2364 1044 2770 1100; x_wconf 87' lang='lat' dir='ltr'><strong>similitudinem</strong></span> <span class='ocrx_word' id='word_1_162' title='bbox 2808 1043 3074 1101; x_wconf 88' lang='lat' dir='ltr'><strong>Samuelis</strong></span> <span class='ocrx_word' id='word_1_163' title='bbox 3101 1047 3292 1102; x_wconf 68' lang='lat' dir='ltr'><strong>astivo</strong></span> <span class='ocrx_word' id='word_1_164' title='bbox 3318 1055 3454 1103; x_wconf 89' lang='lat' dir='ltr'><strong>tem-</strong></span> 
     </span>
    </p>
   </div>
   <div class='ocr_carea' id='block_1_25' title="bbox 1875 1135 3449 1209">
    <p class='ocr_par' dir='ltr' id='par_1_25' title="bbox 1875 1135 3449 1209">
     <span class='ocr_line' id='line_1_25' title="bbox 1875 1135 3449 1209; baseline 0.004 -20"><span class='ocrx_word' id='word_1_165' title='bbox 1875 1149 2006 1207; x_wconf 90' lang='lat' dir='ltr'><strong>pore</strong></span> <span class='ocrx_word' id='word_1_166' title='bbox 2036 1135 2241 1206; x_wconf 83' lang='lat' dir='ltr'><strong>mugire</strong></span> <span class='ocrx_word' id='word_1_167' title='bbox 2278 1136 2532 1202; x_wconf 86' lang='lat' dir='ltr'><strong>tonitrua,</strong></span> <span class='ocrx_word' id='word_1_168' title='bbox 2569 1136 2654 1192; x_wconf 90' lang='lat' dir='ltr'><strong>vel</strong></span> <span class='ocrx_word' id='word_1_169' title='bbox 2681 1135 2889 1208; x_wconf 82' lang='lat' dir='ltr'><strong>fulgura</strong></span> <span class='ocrx_word' id='word_1_170' title='bbox 2917 1137 3005 1193; x_wconf 89' lang='lat' dir='ltr'><strong>vel</strong></span> <span class='ocrx_word' id='word_1_171' title='bbox 3042 1137 3260 1205; x_wconf 88' lang='lat' dir='ltr'><strong>imbres,</strong></span> <span class='ocrx_word' id='word_1_172' title='bbox 3293 1139 3449 1209; x_wconf 89' lang='lat' dir='ltr'><strong>quasi</strong></span> 
     </span>
    </p>
   </div>
   <div class='ocr_carea' id='block_1_26' title="bbox 1875 1225 3452 1296">
    <p class='ocr_par' dir='ltr' id='par_1_26' title="bbox 1875 1225 3452 1296">
     <span class='ocr_line' id='line_1_26' title="bbox 1875 1225 3452 1296; baseline 0.004 -18"><span class='ocrx_word' id='word_1_173' title='bbox 1875 1238 1982 1278; x_wconf 90' lang='lat' dir='ltr'><strong>non</strong></span> <span class='ocrx_word' id='word_1_174' title='bbox 2004 1233 2224 1294; x_wconf 89' lang='lat' dir='ltr'><strong>possent</strong></span> <span class='ocrx_word' id='word_1_175' title='bbox 2251 1233 2304 1280; x_wconf 92' lang='lat' dir='ltr'><strong>et</strong></span> <span class='ocrx_word' id='word_1_176' title='bbox 2344 1226 2458 1280; x_wconf 84' lang='lat' dir='ltr'><strong>haec</strong></span> <span class='ocrx_word' id='word_1_177' title='bbox 2481 1225 2798 1281; x_wconf 88' lang='lat' dir='ltr'><strong>calumniari</strong></span> <span class='ocrx_word' id='word_1_178' title='bbox 2832 1225 2925 1296; x_wconf 91' lang='lat' dir='ltr'><strong>qui</strong></span> <span class='ocrx_word' id='word_1_179' title='bbox 2950 1241 3013 1282; x_wconf 90' lang='lat' dir='ltr'><strong>ea</strong></span> <span class='ocrx_word' id='word_1_180' title='bbox 3044 1227 3452 1284; x_wconf 91' lang='lat' dir='ltr'><strong>calumniaban-</strong></span> 
     </span>
    </p>
   </div>
   <div class='ocr_carea' id='block_1_27' title="bbox 1877 1316 3451 1390">
    <p class='ocr_par' dir='ltr' id='par_1_27' title="bbox 1877 1316 3451 1390">
     <span class='ocr_line' id='line_1_27' title="bbox 1877 1316 3451 1390; baseline 0.004 -21"><span class='ocrx_word' id='word_1_181' title='bbox 1877 1323 1966 1370; x_wconf 88' lang='lat' dir='ltr'><strong>tur</strong></span> <span class='ocrx_word' id='word_1_182' title='bbox 1995 1331 2114 1386; x_wconf 82' lang='lat' dir='ltr'><strong>quae</strong></span> <span class='ocrx_word' id='word_1_183' title='bbox 2154 1316 2327 1372; x_wconf 90' lang='lat' dir='ltr'><strong>oculis</strong></span> <span class='ocrx_word' id='word_1_184' title='bbox 2364 1317 2647 1383; x_wconf 90' lang='lat' dir='ltr'><strong>viderant,</strong></span> <span class='ocrx_word' id='word_1_185' title='bbox 2676 1333 2837 1390; x_wconf 86' lang='lat' dir='ltr'><strong>manu</strong></span> <span class='ocrx_word' id='word_1_186' title='bbox 2866 1317 3172 1390; x_wconf 88' lang='lat' dir='ltr'><strong>tangebant,</strong></span> <span class='ocrx_word' id='word_1_187' title='bbox 3218 1319 3451 1375; x_wconf 88' lang='lat' dir='ltr'><strong>utilitate</strong></span> 
     </span>
    </p>
   </div>
   <div class='ocr_carea' id='block_1_28' title="bbox 1875 1408 3452 1481">
    <p class='ocr_par' dir='ltr' id='par_1_28' title="bbox 1875 1408 3452 1481">
     <span class='ocr_line' id='line_1_28' title="bbox 1875 1408 3452 1481; baseline 0.002 -17"><span class='ocrx_word' id='word_1_188' title='bbox 1875 1408 2199 1464; x_wconf 87' lang='lat' dir='ltr'><strong>sentiebant.</strong></span> <span class='ocrx_word' id='word_1_189' title='bbox 2231 1408 2325 1464; x_wconf 90' lang='lat' dir='ltr'><strong>Vel</strong></span> <span class='ocrx_word' id='word_1_190' title='bbox 2351 1409 2503 1480; x_wconf 84' lang='lat' dir='ltr'><strong>signa</strong></span> <span class='ocrx_word' id='word_1_191' title='bbox 2529 1409 2594 1464; x_wconf 92' lang='lat' dir='ltr'><strong>de</strong></span> <span class='ocrx_word' id='word_1_192' title='bbox 2621 1409 2779 1474; x_wconf 70' lang='lat' dir='ltr'><strong>coelo,</strong></span> <span class='ocrx_word' id='word_1_193' title='bbox 2809 1425 3029 1475; x_wconf 89' lang='lat' dir='ltr'><strong>manna,</strong></span> <span class='ocrx_word' id='word_1_194' title='bbox 3057 1419 3117 1464; x_wconf 89' lang='lat' dir='ltr'><strong>ut</strong></span> <span class='ocrx_word' id='word_1_195' title='bbox 3144 1410 3235 1480; x_wconf 91' lang='lat' dir='ltr'><strong>qui</strong></span> <span class='ocrx_word' id='word_1_196' title='bbox 3263 1412 3452 1481; x_wconf 91' lang='lat' dir='ltr'><strong>paucis</strong></span> 
     </span>
    </p>
   </div>
   <div class='ocr_carea' id='block_1_29' title="bbox 1873 1495 3452 1566">
    <p class='ocr_par' dir='ltr' id='par_1_29' title="bbox 1873 1495 3452 1566">
     <span class='ocr_line' id='line_1_29' title="bbox 1873 1495 3452 1566; baseline 0.004 -17"><span class='ocrx_word' id='word_1_197' title='bbox 1873 1496 2105 1566; x_wconf 89' lang='lat' dir='ltr'><strong>panibus</strong></span> <span class='ocrx_word' id='word_1_198' title='bbox 2140 1495 2306 1552; x_wconf 90' lang='lat' dir='ltr'><strong>multa</strong></span> <span class='ocrx_word' id='word_1_199' title='bbox 2343 1498 2620 1553; x_wconf 88' lang='lat' dir='ltr'><strong>hominum</strong></span> <span class='ocrx_word' id='word_1_200' title='bbox 2662 1498 2830 1554; x_wconf 88' lang='lat' dir='ltr'><strong>millia</strong></span> <span class='ocrx_word' id='word_1_201' title='bbox 2861 1498 3096 1565; x_wconf 90' lang='lat' dir='ltr'><strong>satiavit,</strong></span> <span class='ocrx_word' id='word_1_202' title='bbox 3129 1515 3272 1556; x_wconf 91' lang='lat' dir='ltr'><strong>nunc</strong></span> <span class='ocrx_word' id='word_1_203' title='bbox 3308 1500 3452 1555; x_wconf 90' lang='lat' dir='ltr'><strong>sicut</strong></span> 
     </span>
    </p>
   </div>
   <div class='ocr_carea' id='block_1_30' title="bbox 1874 1585 3448 1664">
    <p class='ocr_par' dir='ltr' id='par_1_30' title="bbox 1874 1585 3448 1664">
     <span class='ocr_line' id='line_1_30' title="bbox 1874 1585 3448 1664; baseline 0.006 -24"><span class='ocrx_word' id='word_1_204' title='bbox 1874 1585 2084 1658; x_wconf 83' lang='lat' dir='ltr'><strong>Moyses</strong></span> <span class='ocrx_word' id='word_1_205' title='bbox 2103 1603 2296 1643; x_wconf 88' lang='lat' dir='ltr'><strong>manna</strong></span> <span class='ocrx_word' id='word_1_206' title='bbox 2322 1589 2534 1645; x_wconf 65' lang='lat' dir='ltr'><strong>caelitus</strong></span> <span class='ocrx_word' id='word_1_207' title='bbox 2553 1591 2719 1659; x_wconf 69' lang='lat' dir='ltr'><strong>misso</strong></span> <span class='ocrx_word' id='word_1_208' title='bbox 2737 1590 2990 1662; x_wconf 88' lang='lat' dir='ltr'><strong>populum</strong></span> <span class='ocrx_word' id='word_1_209' title='bbox 3010 1608 3223 1648; x_wconf 91' lang='lat' dir='ltr'><strong>omnem</strong></span> <span class='ocrx_word' id='word_1_210' title='bbox 3244 1593 3448 1664; x_wconf 91' lang='lat' dir='ltr'><strong>passim</strong></span> 
     </span>
    </p>
   </div>
   <div class='ocr_carea' id='block_1_31' title="bbox 1872 1675 3448 1753">
    <p class='ocr_par' dir='ltr' id='par_1_31' title="bbox 1872 1675 3448 1753">
     <span class='ocr_line' id='line_1_31' title="bbox 1872 1675 3448 1753; baseline 0.006 -23"><span class='ocrx_word' id='word_1_211' title='bbox 1872 1675 2097 1732; x_wconf 89' lang='lat' dir='ltr'><strong>reﬁciat.</strong></span> <span class='ocrx_word' id='word_1_212' title='bbox 2145 1677 2294 1734; x_wconf 84' lang='lat' dir='ltr'><strong>Unde</strong></span> <span class='ocrx_word' id='word_1_213' title='bbox 2337 1679 2572 1736; x_wconf 82' lang='lat' dir='ltr'><strong>Joannes</strong></span> <span class='ocrx_word' id='word_1_214' title='bbox 2598 1681 2997 1750; x_wconf 65' lang='lat' dir='ltr'><strong>post&#39;edulium</strong></span> <span class='ocrx_word' id='word_1_215' title='bbox 3027 1698 3224 1753; x_wconf 89' lang='lat' dir='ltr'><strong>panum</strong></span> <span class='ocrx_word' id='word_1_216' title='bbox 3264 1684 3448 1740; x_wconf 88' lang='lat' dir='ltr'><strong>turbas</strong></span> 
     </span>
    </p>
   </div>
   <div class='ocr_carea' id='block_1_32' title="bbox 1872 1769 3449 1843">
    <p class='ocr_par' dir='ltr' id='par_1_32' title="bbox 1872 1769 3449 1843">
     <span class='ocr_line' id='line_1_32' title="bbox 1872 1769 3449 1843; baseline 0.006 -22"><span class='ocrx_word' id='word_1_217' title='bbox 1872 1769 2131 1838; x_wconf 77' lang='lat' dir='ltr'><strong>quzesisse</strong></span> <span class='ocrx_word' id='word_1_218' title='bbox 2159 1771 2291 1825; x_wconf 91' lang='lat' dir='ltr'><strong>dicit</strong></span> <span class='ocrx_word' id='word_1_219' title='bbox 2321 1790 2333 1824; x_wconf 94' lang='lat'><strong>:</strong></span> <span class='ocrx_word' id='word_1_220' title='bbox 2361 1772 2500 1838; x_wconf 85' lang='lat' dir='ltr'><strong>Quid</strong></span> <span class='ocrx_word' id='word_1_221' title='bbox 2525 1773 2796 1843; x_wconf 85' lang='lat' dir='ltr'><strong>operaris?</strong></span> <span class='ocrx_word' id='word_1_222' title='bbox 2820 1772 3004 1828; x_wconf 87' lang='lat' dir='ltr'><strong>Patres</strong></span> <span class='ocrx_word' id='word_1_223' title='bbox 3036 1777 3198 1829; x_wconf 86' lang='lat' dir='ltr'><strong>nostri</strong></span> <span class='ocrx_word' id='word_1_224' title='bbox 3224 1776 3449 1831; x_wconf 87' lang='lat' dir='ltr'><strong>mandu-</strong></span> 
     </span>
    </p>
   </div>
   <div class='ocr_carea' id='block_1_33' title="bbox 206 1860 3128 1938">
    <p class='ocr_par' dir='ltr' id='par_1_33' title="bbox 206 1860 3128 1938">
     <span class='ocr_line' id='line_1_33' title="bbox 206 1860 3128 1938; baseline -0 -17"><span class='ocrx_word' id='word_1_225' title='bbox 206 1867 334 1922; x_wconf 89' lang='lat' dir='ltr'><strong>sicut</strong></span> <span class='ocrx_word' id='word_1_226' title='bbox 359 1866 431 1921; x_wconf 92' lang='lat' dir='ltr'><strong>illi</strong></span> <span class='ocrx_word' id='word_1_227' title='bbox 461 1867 703 1938; x_wconf 86' lang='lat' dir='ltr'><strong>quinque</strong></span> <span class='ocrx_word' id='word_1_228' title='bbox 723 1867 792 1923; x_wconf 91' lang='lat' dir='ltr'><strong>de</strong></span> <span class='ocrx_word' id='word_1_229' title='bbox 829 1867 1024 1937; x_wconf 88' lang='lat' dir='ltr'><strong>quibus</strong></span> <span class='ocrx_word' id='word_1_230' title='bbox 1047 1868 1282 1938; x_wconf 91' lang='lat' dir='ltr'><strong>quinque</strong></span> <span class='ocrx_word' id='word_1_231' title='bbox 1304 1867 1467 1922; x_wconf 92' lang='lat' dir='ltr'><strong>millia</strong></span> <span class='ocrx_word' id='word_1_232' title='bbox 1494 1868 1771 1922; x_wconf 91' lang='lat' dir='ltr'><strong>hominum</strong></span> <span class='ocrx_word' id='word_1_233' title='bbox 1799 1860 1848 1920; x_wconf 91' lang='lat' dir='ltr'><strong>B</strong></span> <span class='ocrx_word' id='word_1_234' title='bbox 1873 1871 2116 1915; x_wconf 80' lang='lat' dir='ltr'><strong>caverunt</strong></span> <span class='ocrx_word' id='word_1_235' title='bbox 2149 1878 2342 1916; x_wconf 86' lang='lat' dir='ltr'><strong>manna</strong></span> <span class='ocrx_word' id='word_1_236' title='bbox 2368 1864 2423 1917; x_wconf 83' lang='lat' dir='ltr'><strong>in</strong></span> <span class='ocrx_word' id='word_1_237' title='bbox 2447 1862 2648 1918; x_wconf 87' lang='lat' dir='ltr'><strong>deserto</strong></span> <span class='ocrx_word' id='word_1_238' title='bbox 2678 1862 2858 1935; x_wconf 84' lang='lat' dir='ltr'><strong>(Joan.</strong></span> <span class='ocrx_word' id='word_1_239' title='bbox 2891 1863 2988 1937; x_wconf 76' lang='lat' dir='ltr'><strong>v1),</strong></span> <span class='ocrx_word' id='word_1_240' title='bbox 3022 1874 3128 1921; x_wconf 87' lang='lat' dir='ltr'><strong>etc.</strong></span> 
     </span>
    </p>
   </div>
   <div class='ocr_carea' id='block_1_34' title="bbox 205 1957 1772 2030">
    <p class='ocr_par' dir='ltr' id='par_1_34' title="bbox 205 1957 1772 2030">
     <span class='ocr_line' id='line_1_34' title="bbox 205 1957 1772 2030; baseline 0 -18"><span class='ocrx_word' id='word_1_241' title='bbox 205 1959 384 2013; x_wconf 89' lang='lat' dir='ltr'><strong>satiata</strong></span> <span class='ocrx_word' id='word_1_242' title='bbox 411 1965 560 2024; x_wconf 90' lang='lat' dir='ltr'><strong>sunt,</strong></span> <span class='ocrx_word' id='word_1_243' title='bbox 589 1973 679 2024; x_wconf 91' lang='lat' dir='ltr'><strong>ne,</strong></span> <span class='ocrx_word' id='word_1_244' title='bbox 709 1958 849 2014; x_wconf 90' lang='lat' dir='ltr'><strong>sicut</strong></span> <span class='ocrx_word' id='word_1_245' title='bbox 867 1958 922 2013; x_wconf 95' lang='lat' dir='ltr'><strong>in</strong></span> <span class='ocrx_word' id='word_1_246' title='bbox 951 1958 1088 2030; x_wconf 89' lang='lat' dir='ltr'><strong>lege,</strong></span> <span class='ocrx_word' id='word_1_247' title='bbox 1118 1957 1296 2014; x_wconf 86' lang='lat' dir='ltr'><strong>vitalis</strong></span> <span class='ocrx_word' id='word_1_248' title='bbox 1324 1958 1772 2013; x_wconf 66' lang='lat' dir='ltr'><strong>animae‘alimen-</strong></span> 
     </span>
    </p>
   </div>
   <div class='ocr_carea' id='block_1_35' title="bbox 207 2049 1771 2121">
    <p class='ocr_par' dir='ltr' id='par_1_35' title="bbox 207 2049 1771 2121">
     <span class='ocr_line' id='line_1_35' title="bbox 207 2049 1771 2121; baseline 0.002 -19"><span class='ocrx_word' id='word_1_249' title='bbox 207 2058 311 2103; x_wconf 88' lang='lat' dir='ltr'><strong>tum</strong></span> <span class='ocrx_word' id='word_1_250' title='bbox 362 2049 736 2120; x_wconf 83' lang='lat' dir='ltr'><strong>corporalibus</strong></span> <span class='ocrx_word' id='word_1_251' title='bbox 801 2050 1154 2106; x_wconf 87' lang='lat' dir='ltr'><strong>sacramentis</strong></span> <span class='ocrx_word' id='word_1_252' title='bbox 1218 2058 1508 2121; x_wconf 87' lang='lat' dir='ltr'><strong>tegeretur.</strong></span> <span class='ocrx_word' id='word_1_253' title='bbox 1571 2049 1771 2106; x_wconf 85' lang='lat' dir='ltr'><strong>Hordei</strong></span> 
     </span>
    </p>
   </div>
   <div class='ocr_carea' id='block_1_36' title="bbox 201 2139 1406 2214">
    <p class='ocr_par' dir='ltr' id='par_1_36' title="bbox 201 2139 1406 2214">
     <span class='ocr_line' id='line_1_36' title="bbox 201 2139 1406 2214; baseline 0.003 -21"><span class='ocrx_word' id='word_1_254' title='bbox 201 2139 332 2194; x_wconf 89' lang='lat' dir='ltr'><strong>enim</strong></span> <span class='ocrx_word' id='word_1_255' title='bbox 370 2141 605 2197; x_wconf 87' lang='lat' dir='ltr'><strong>medulla</strong></span> <span class='ocrx_word' id='word_1_256' title='bbox 636 2141 976 2198; x_wconf 89' lang='lat' dir='ltr'><strong>tenacissima</strong></span> <span class='ocrx_word' id='word_1_257' title='bbox 1007 2141 1206 2214; x_wconf 87' lang='lat' dir='ltr'><strong>tegitur</strong></span> <span class='ocrx_word' id='word_1_258' title='bbox 1232 2141 1406 2213; x_wconf 87' lang='lat' dir='ltr'><strong>palea.</strong></span> 
     </span>
    </p>
   </div>
   <div class='ocr_carea' id='block_1_37' title="bbox 264 2229 1820 2304">
    <p class='ocr_par' dir='ltr' id='par_1_37' title="bbox 264 2229 1820 2304">
     <span class='ocr_line' id='line_1_37' title="bbox 264 2229 1820 2304; baseline 0.003 -18"><span class='ocrx_word' id='word_1_259' title='bbox 264 2229 463 2304; x_wconf 65' lang='lat' dir='ltr'><strong>(litem)</strong></span> <span class='ocrx_word' id='word_1_260' title='bbox 487 2231 704 2304; x_wconf 90' lang='lat' dir='ltr'><strong>Septem</strong></span> <span class='ocrx_word' id='word_1_261' title='bbox 726 2248 913 2304; x_wconf 90' lang='lat' dir='ltr'><strong>panes,</strong></span> <span class='ocrx_word' id='word_1_262' title='bbox 935 2241 1140 2304; x_wconf 88' lang='lat' dir='ltr'><strong>septem</strong></span> <span class='ocrx_word' id='word_1_263' title='bbox 1163 2234 1300 2289; x_wconf 90' lang='lat' dir='ltr'><strong>dona</strong></span> <span class='ocrx_word' id='word_1_264' title='bbox 1321 2232 1554 2304; x_wconf 87' lang='lat' dir='ltr'><strong>Spiritus</strong></span> <span class='ocrx_word' id='word_1_265' title='bbox 1574 2235 1767 2291; x_wconf 89' lang='lat' dir='ltr'><strong>sancti.</strong></span> <span class='ocrx_word' id='word_1_266' title='bbox 1811 2257 1820 2267; x_wconf 86' lang='lat'><strong>-</strong></span> 
     </span>
    </p>
   </div>
   <div class='ocr_carea' id='block_1_38' title="bbox 199 2319 1773 2395">
    <p class='ocr_par' dir='ltr' id='par_1_38' title="bbox 199 2319 1773 2395">
     <span class='ocr_line' id='line_1_38' title="bbox 199 2319 1773 2395; baseline 0.003 -19"><span class='ocrx_word' id='word_1_267' title='bbox 199 2319 427 2388; x_wconf 88' lang='lat' dir='ltr'><strong>Quatuor</strong></span> <span class='ocrx_word' id='word_1_268' title='bbox 447 2321 641 2389; x_wconf 89' lang='lat' dir='ltr'><strong>millia,</strong></span> <span class='ocrx_word' id='word_1_269' title='bbox 669 2338 841 2378; x_wconf 86' lang='lat' dir='ltr'><strong>annus</strong></span> <span class='ocrx_word' id='word_1_270' title='bbox 867 2323 1002 2380; x_wconf 88' lang='lat' dir='ltr'><strong>Novi</strong></span> <span class='ocrx_word' id='word_1_271' title='bbox 1031 2323 1360 2379; x_wconf 75' lang='lat' dir='ltr'><strong>Testatnenti</strong></span> <span class='ocrx_word' id='word_1_272' title='bbox 1387 2339 1511 2380; x_wconf 91' lang='lat' dir='ltr'><strong>cum</strong></span> <span class='ocrx_word' id='word_1_273' title='bbox 1542 2333 1773 2395; x_wconf 90' lang='lat' dir='ltr'><strong>quatuor</strong></span> 
     </span>
    </p>
   </div>
   <div class='ocr_carea' id='block_1_39' title="bbox 200 2412 1766 2486">
    <p class='ocr_par' dir='ltr' id='par_1_39' title="bbox 200 2412 1766 2486">
     <span class='ocr_line' id='line_1_39' title="bbox 200 2412 1766 2486; baseline 0.001 -19"><span class='ocrx_word' id='word_1_274' title='bbox 200 2413 542 2484; x_wconf 89' lang='lat' dir='ltr'><strong>temporibus.</strong></span> <span class='ocrx_word' id='word_1_275' title='bbox 571 2412 788 2486; x_wconf 89' lang='lat' dir='ltr'><strong>Septem</strong></span> <span class='ocrx_word' id='word_1_276' title='bbox 813 2423 1028 2486; x_wconf 77' lang='lat' dir='ltr'><strong>sportae,</strong></span> <span class='ocrx_word' id='word_1_277' title='bbox 1053 2422 1257 2484; x_wconf 90' lang='lat' dir='ltr'><strong>septem</strong></span> <span class='ocrx_word' id='word_1_278' title='bbox 1283 2413 1472 2485; x_wconf 66' lang='lat' dir='ltr'><strong>prima:</strong></span> <span class='ocrx_word' id='word_1_279' title='bbox 1493 2414 1766 2470; x_wconf 60' lang='lat' dir='ltr'><strong>Ecclesia}.</strong></span> 
     </span>
    </p>
   </div>
   <div class='ocr_carea' id='block_1_40' title="bbox 197 2502 1772 2576">
    <p class='ocr_par' dir='ltr' id='par_1_40' title="bbox 197 2502 1772 2576">
     <span class='ocr_line' id='line_1_40' title="bbox 197 2502 1772 2576; baseline 0.002 -19"><span class='ocrx_word' id='word_1_280' title='bbox 197 2502 515 2576; x_wconf 84' lang='lat' dir='ltr'><strong>Fragmenta</strong></span> <span class='ocrx_word' id='word_1_281' title='bbox 544 2521 743 2576; x_wconf 88' lang='lat' dir='ltr'><strong>panum</strong></span> <span class='ocrx_word' id='word_1_282' title='bbox 779 2505 992 2576; x_wconf 86' lang='lat' dir='ltr'><strong>mystici</strong></span> <span class='ocrx_word' id='word_1_283' title='bbox 1041 2505 1343 2561; x_wconf 89' lang='lat' dir='ltr'><strong>intellectus</strong></span> <span class='ocrx_word' id='word_1_284' title='bbox 1382 2505 1570 2576; x_wconf 69' lang='lat' dir='ltr'><strong>prima:</strong></span> <span class='ocrx_word' id='word_1_285' title='bbox 1607 2506 1772 2575; x_wconf 90' lang='lat' dir='ltr'><strong>septi-</strong></span> 
     </span>
    </p>
   </div>
   <div class='ocr_carea' id='block_1_41' title="bbox 197 2592 1770 2651">
    <p class='ocr_par' dir='ltr' id='par_1_41' title="bbox 197 2592 1770 2651">
     <span class='ocr_line' id='line_1_41' title="bbox 197 2592 1770 2651; baseline 0.001 -4"><span class='ocrx_word' id='word_1_286' title='bbox 197 2608 360 2648; x_wconf 84' lang='lat' dir='ltr'><strong>manae</strong></span> <span class='ocrx_word' id='word_1_287' title='bbox 403 2603 552 2651; x_wconf 90' lang='lat' dir='ltr'><strong>sunt.</strong></span> <span class='ocrx_word' id='word_1_288' title='bbox 583 2594 836 2650; x_wconf 89' lang='lat' dir='ltr'><strong>Pisciculi</strong></span> <span class='ocrx_word' id='word_1_289' title='bbox 880 2594 1152 2651; x_wconf 90' lang='lat' dir='ltr'><strong>benedicti</strong></span> <span class='ocrx_word' id='word_1_290' title='bbox 1191 2613 1204 2649; x_wconf 89' lang='lat'><strong>:</strong></span> <span class='ocrx_word' id='word_1_291' title='bbox 1239 2594 1360 2649; x_wconf 91' lang='lat' dir='ltr'><strong>libri</strong></span> <span class='ocrx_word' id='word_1_292' title='bbox 1404 2592 1536 2649; x_wconf 84' lang='lat' dir='ltr'><strong>Novi</strong></span> <span class='ocrx_word' id='word_1_293' title='bbox 1581 2594 1770 2649; x_wconf 86' lang='lat' dir='ltr'><strong>Testa-</strong></span> 
     </span>
    </p>
   </div>
   <div class='ocr_carea' id='block_1_42' title="bbox 194 2684 1766 2757">
    <p class='ocr_par' dir='ltr' id='par_1_42' title="bbox 194 2684 1766 2757">
     <span class='ocr_line' id='line_1_42' title="bbox 194 2684 1766 2757; baseline 0.003 -21"><span class='ocrx_word' id='word_1_294' title='bbox 194 2684 372 2751; x_wconf 90' lang='lat' dir='ltr'><strong>menti,</strong></span> <span class='ocrx_word' id='word_1_295' title='bbox 407 2685 680 2756; x_wconf 88' lang='lat' dir='ltr'><strong>quomodo</strong></span> <span class='ocrx_word' id='word_1_296' title='bbox 708 2685 870 2757; x_wconf 89' lang='lat' dir='ltr'><strong>piscis</strong></span> <span class='ocrx_word' id='word_1_297' title='bbox 893 2685 1001 2741; x_wconf 90' lang='lat' dir='ltr'><strong>assi</strong></span> <span class='ocrx_word' id='word_1_298' title='bbox 1027 2693 1237 2757; x_wconf 87' lang='lat' dir='ltr'><strong>partem</strong></span> <span class='ocrx_word' id='word_1_299' title='bbox 1268 2700 1556 2757; x_wconf 87' lang='lat' dir='ltr'><strong>resurgens</strong></span> <span class='ocrx_word' id='word_1_300' title='bbox 1586 2693 1766 2756; x_wconf 84' lang='lat' dir='ltr'><strong>postu-</strong></span> 
     </span>
    </p>
   </div>
   <div class='ocr_carea' id='block_1_43' title="bbox 192 2773 1767 2849">
    <p class='ocr_par' dir='ltr' id='par_1_43' title="bbox 192 2773 1767 2849">
     <span class='ocr_line' id='line_1_43' title="bbox 192 2773 1767 2849; baseline 0.003 -20"><span class='ocrx_word' id='word_1_301' title='bbox 192 2773 293 2841; x_wconf 87' lang='lat' dir='ltr'><strong>lat,</strong></span> <span class='ocrx_word' id='word_1_302' title='bbox 339 2786 396 2832; x_wconf 89' lang='lat' dir='ltr'><strong>et</strong></span> <span class='ocrx_word' id='word_1_303' title='bbox 441 2777 647 2847; x_wconf 90' lang='lat' dir='ltr'><strong>piscem</strong></span> <span class='ocrx_word' id='word_1_304' title='bbox 695 2777 1090 2848; x_wconf 90' lang='lat' dir='ltr'><strong>superpositum</strong></span> <span class='ocrx_word' id='word_1_305' title='bbox 1143 2777 1332 2849; x_wconf 88' lang='lat' dir='ltr'><strong>prunis</strong></span> <span class='ocrx_word' id='word_1_306' title='bbox 1379 2776 1656 2848; x_wconf 90' lang='lat' dir='ltr'><strong>discipulis</strong></span> <span class='ocrx_word' id='word_1_307' title='bbox 1712 2777 1767 2833; x_wconf 92' lang='lat' dir='ltr'><strong>in</strong></span> 
     </span>
    </p>
   </div>
   <div class='ocr_carea' id='block_1_44' title="bbox 193 2869 932 2941">
    <p class='ocr_par' dir='ltr' id='par_1_44' title="bbox 193 2869 932 2941">
     <span class='ocr_line' id='line_1_44' title="bbox 193 2869 932 2941; baseline 0.008 -22"><span class='ocrx_word' id='word_1_308' title='bbox 193 2875 407 2937; x_wconf 89' lang='lat' dir='ltr'><strong>captura</strong></span> <span class='ocrx_word' id='word_1_309' title='bbox 429 2869 657 2938; x_wconf 88' lang='lat' dir='ltr'><strong>piscium</strong></span> <span class='ocrx_word' id='word_1_310' title='bbox 688 2869 932 2941; x_wconf 88' lang='lat' dir='ltr'><strong>porrigit.</strong></span> 
     </span>
    </p>
   </div>
   <div class='ocr_carea' id='block_1_45' title="bbox 256 2959 1766 3033">
    <p class='ocr_par' dir='ltr' id='par_1_45' title="bbox 256 2959 1766 3033">
     <span class='ocr_line' id='line_1_45' title="bbox 256 2959 1766 3033; baseline -0.001 -16"><span class='ocrx_word' id='word_1_311' title='bbox 256 2961 421 3017; x_wconf 88' lang='lat' dir='ltr'><strong>Vens.</strong></span> <span class='ocrx_word' id='word_1_312' title='bbox 455 2960 510 3016; x_wconf 87' lang='lat'><strong>6.</strong></span> <span class='ocrx_word' id='word_1_313' title='bbox 538 2992 610 3004; x_wconf 91' lang='lat'><strong><em>—</em></strong></span> <span class='ocrx_word' id='word_1_314' title='bbox 637 2960 811 3033; x_wconf 82' lang='lat' dir='ltr'><strong>Super</strong></span> <span class='ocrx_word' id='word_1_315' title='bbox 853 2970 1068 3017; x_wconf 87' lang='lat' dir='ltr'><strong>terram.</strong></span> <span class='ocrx_word' id='word_1_316' title='bbox 1118 2959 1332 3033; x_wconf 70' lang='grc' dir='ltr'><strong>(Βεολ.)</strong></span> <span class='ocrx_word' id='word_1_317' title='bbox 1369 2959 1428 3015; x_wconf 81' lang='lat' dir='ltr'><strong>In</strong></span> <span class='ocrx_word' id='word_1_318' title='bbox 1471 2959 1766 3016; x_wconf 88' lang='lat' dir='ltr'><strong>refectione</strong></span> 
     </span>
    </p>
   </div>
   <div class='ocr_carea' id='block_1_46' title="bbox 187 3050 1766 3122">
    <p class='ocr_par' dir='ltr' id='par_1_46' title="bbox 187 3050 1766 3122">
     <span class='ocr_line' id='line_1_46' title="bbox 187 3050 1766 3122; baseline 0.002 -18"><span class='ocrx_word' id='word_1_319' title='bbox 187 3050 421 3121; x_wconf 91' lang='lat' dir='ltr'><strong>quinque</strong></span> <span class='ocrx_word' id='word_1_320' title='bbox 468 3065 668 3121; x_wconf 90' lang='lat' dir='ltr'><strong>panum</strong></span> <span class='ocrx_word' id='word_1_321' title='bbox 711 3052 1057 3121; x_wconf 86' lang='lat' dir='ltr'><strong>turba-supra</strong></span> <span class='ocrx_word' id='word_1_322' title='bbox 1096 3051 1278 3106; x_wconf 83' lang='lat' dir='ltr'><strong>fenum</strong></span> <span class='ocrx_word' id='word_1_323' title='bbox 1305 3050 1604 3117; x_wconf 90' lang='lat' dir='ltr'><strong>discubuit;</strong></span> <span class='ocrx_word' id='word_1_324' title='bbox 1647 3068 1766 3122; x_wconf 75' lang='lat' dir='ltr'><strong>qua:</strong></span> 
     </span>
    </p>
   </div>
   <div class='ocr_carea' id='block_1_47' title="bbox 185 3141 1762 3211">
    <p class='ocr_par' dir='ltr' id='par_1_47' title="bbox 185 3141 1762 3211">
     <span class='ocr_line' id='line_1_47' title="bbox 185 3141 1762 3211; baseline 0.003 -18"><span class='ocrx_word' id='word_1_325' title='bbox 185 3149 362 3196; x_wconf 90' lang='lat' dir='ltr'><strong>autem</strong></span> <span class='ocrx_word' id='word_1_326' title='bbox 395 3149 601 3210; x_wconf 88' lang='lat' dir='ltr'><strong>septem</strong></span> <span class='ocrx_word' id='word_1_327' title='bbox 629 3141 860 3210; x_wconf 91' lang='lat' dir='ltr'><strong>panibus</strong></span> <span class='ocrx_word' id='word_1_328' title='bbox 901 3141 1190 3197; x_wconf 89' lang='lat' dir='ltr'><strong>reﬁcienda</strong></span> <span class='ocrx_word' id='word_1_329' title='bbox 1231 3149 1344 3207; x_wconf 86' lang='lat' dir='ltr'><strong>est,</strong></span> <span class='ocrx_word' id='word_1_330' title='bbox 1373 3157 1533 3211; x_wconf 87' lang='lat' dir='ltr'><strong>super</strong></span> <span class='ocrx_word' id='word_1_331' title='bbox 1563 3152 1762 3198; x_wconf 87' lang='lat' dir='ltr'><strong>terram</strong></span> 
     </span>
    </p>
   </div>
   <div class='ocr_carea' id='block_1_48' title="bbox 1945 1950 3446 2028">
    <p class='ocr_par' dir='ltr' id='par_1_48' title="bbox 1945 1950 3446 2028">
     <span class='ocr_line' id='line_1_48' title="bbox 1945 1950 3446 2028; baseline 0.006 -24"><span class='ocrx_word' id='word_1_332' title='bbox 1945 1950 2108 2007; x_wconf 88' lang='lat' dir='ltr'><strong>Vens.</strong></span> <span class='ocrx_word' id='word_1_333' title='bbox 2155 1953 2242 2008; x_wconf 72' lang='grc'><strong>12.</strong></span> <span class='ocrx_word' id='word_1_334' title='bbox 2277 1984 2347 1994; x_wconf 94' lang='grc'><strong>-</strong></span> <span class='ocrx_word' id='word_1_335' title='bbox 2394 1953 2453 2010; x_wconf 87' lang='lat' dir='ltr'><strong>Si</strong></span> <span class='ocrx_word' id='word_1_336' title='bbox 2497 1955 2728 2010; x_wconf 76' lang='lat' dir='ltr'><strong>dabitur.</strong></span> <span class='ocrx_word' id='word_1_337' title='bbox 2787 1955 2970 2028; x_wconf 81' lang='lat' dir='ltr'><strong>(Auc.)</strong></span> <span class='ocrx_word' id='word_1_338' title='bbox 3021 1957 3096 2012; x_wconf 93' lang='lat' dir='ltr'><strong>De</strong></span> <span class='ocrx_word' id='word_1_339' title='bbox 3157 1958 3446 2013; x_wconf 87' lang='lat' dir='ltr'><strong>concordia</strong></span> 
     </span>
    </p>
   </div>
   <div class='ocr_carea' id='block_1_49' title="bbox 1870 2041 3441 2116">
    <p class='ocr_par' dir='ltr' id='par_1_49' title="bbox 1870 2041 3441 2116">
     <span class='ocr_line' id='line_1_49' title="bbox 1870 2041 3441 2116; baseline 0.004 -21"><span class='ocrx_word' id='word_1_340' title='bbox 1870 2041 2342 2111; x_wconf 87' lang='lat' dir='ltr'><strong>evangelistarum.</strong></span> <span class='ocrx_word' id='word_1_341' title='bbox 2387 2043 2446 2098; x_wconf 89' lang='lat' dir='ltr'><strong>In</strong></span> <span class='ocrx_word' id='word_1_342' title='bbox 2490 2043 2669 2100; x_wconf 87' lang='lat' dir='ltr'><strong>Marco</strong></span> <span class='ocrx_word' id='word_1_343' title='bbox 2714 2044 2788 2100; x_wconf 91' lang='lat' dir='ltr'><strong>ita</strong></span> <span class='ocrx_word' id='word_1_344' title='bbox 2821 2045 3080 2116; x_wconf 87' lang='lat' dir='ltr'><strong>scriptum</strong></span> <span class='ocrx_word' id='word_1_345' title='bbox 3115 2061 3234 2103; x_wconf 90' lang='lat' dir='ltr'><strong>esse</strong></span> <span class='ocrx_word' id='word_1_346' title='bbox 3272 2047 3441 2104; x_wconf 88' lang='lat' dir='ltr'><strong>dicit:</strong></span> 
     </span>
    </p>
   </div>
   <div class='ocr_carea' id='block_1_50' title="bbox 1868 2131 2647 2203">
    <p class='ocr_par' dir='ltr' id='par_1_50' title="bbox 1868 2131 2647 2203">
     <span class='ocr_line' id='line_1_50' title="bbox 1868 2131 2647 2203; baseline 0.004 -17"><span class='ocrx_word' id='word_1_347' title='bbox 1868 2139 1925 2186; x_wconf 90' lang='lat' dir='ltr'><strong>et</strong></span> <span class='ocrx_word' id='word_1_348' title='bbox 1953 2131 2163 2203; x_wconf 89' lang='lat' dir='ltr'><strong>signum</strong></span> <span class='ocrx_word' id='word_1_349' title='bbox 2194 2149 2301 2189; x_wconf 90' lang='lat' dir='ltr'><strong>non</strong></span> <span class='ocrx_word' id='word_1_350' title='bbox 2333 2133 2548 2189; x_wconf 90' lang='lat' dir='ltr'><strong>dabitur</strong></span> <span class='ocrx_word' id='word_1_351' title='bbox 2575 2135 2647 2190; x_wconf 93' lang='lat' dir='ltr'><strong>ei.</strong></span> 
     </span>
    </p>
   </div>
   <div class='ocr_carea' id='block_1_51' title="bbox 1944 2221 3444 2294">
    <p class='ocr_par' dir='ltr' id='par_1_51' title="bbox 1944 2221 3444 2294">
     <span class='ocr_line' id='line_1_51' title="bbox 1944 2221 3444 2294; baseline 0.007 -20"><span class='ocrx_word' id='word_1_352' title='bbox 1944 2221 2160 2294; x_wconf 78' lang='lat' dir='ltr'><strong>(BEDA.)</strong></span> <span class='ocrx_word' id='word_1_353' title='bbox 2188 2222 2536 2280; x_wconf 87' lang='lat' dir='ltr'><strong>Generationi</strong></span> <span class='ocrx_word' id='word_1_354' title='bbox 2567 2225 2684 2292; x_wconf 91' lang='lat' dir='ltr'><strong>isti,</strong></span> <span class='ocrx_word' id='word_1_355' title='bbox 2719 2225 2774 2282; x_wconf 91' lang='lat' dir='ltr'><strong>id</strong></span> <span class='ocrx_word' id='word_1_356' title='bbox 2807 2235 2893 2282; x_wconf 87' lang='lat' dir='ltr'><strong>est</strong></span> <span class='ocrx_word' id='word_1_357' title='bbox 2932 2228 3249 2283; x_wconf 90' lang='lat' dir='ltr'><strong>tentantium</strong></span> <span class='ocrx_word' id='word_1_358' title='bbox 3276 2229 3444 2285; x_wconf 86' lang='lat' dir='ltr'><strong>Deum</strong></span> 
     </span>
    </p>
   </div>
   <div class='ocr_carea' id='block_1_52' title="bbox 1869 2314 3446 2391">
    <p class='ocr_par' dir='ltr' id='par_1_52' title="bbox 1869 2314 3446 2391">
     <span class='ocr_line' id='line_1_52' title="bbox 1869 2314 3446 2391; baseline 0.004 -24"><span class='ocrx_word' id='word_1_359' title='bbox 1869 2318 1924 2368; x_wconf 89' lang='lat' dir='ltr'><strong>et</strong></span> <span class='ocrx_word' id='word_1_360' title='bbox 1952 2314 2434 2370; x_wconf 84' lang='lat' dir='ltr'><strong>contradicentium</strong></span> <span class='ocrx_word' id='word_1_361' title='bbox 2469 2315 2647 2371; x_wconf 90' lang='lat' dir='ltr'><strong>verbis</strong></span> <span class='ocrx_word' id='word_1_362' title='bbox 2687 2315 2822 2385; x_wconf 86' lang='lat' dir='ltr'><strong>ejus,</strong></span> <span class='ocrx_word' id='word_1_363' title='bbox 2847 2332 2953 2372; x_wconf 92' lang='lat' dir='ltr'><strong>non</strong></span> <span class='ocrx_word' id='word_1_364' title='bbox 2993 2319 3208 2374; x_wconf 84' lang='lat' dir='ltr'><strong>dabitur</strong></span> <span class='ocrx_word' id='word_1_365' title='bbox 3235 2320 3446 2391; x_wconf 89' lang='lat' dir='ltr'><strong>signum</strong></span> 
     </span>
    </p>
   </div>
   <div class='ocr_carea' id='block_1_53' title="bbox 1869 2401 3448 2479">
    <p class='ocr_par' dir='ltr' id='par_1_53' title="bbox 1869 2401 3448 2479">
     <span class='ocr_line' id='line_1_53' title="bbox 1869 2401 3448 2479; baseline 0.004 -23"><span class='ocrx_word' id='word_1_366' title='bbox 1869 2401 1937 2457; x_wconf 91' lang='lat' dir='ltr'><strong>de</strong></span> <span class='ocrx_word' id='word_1_367' title='bbox 1961 2403 2134 2470; x_wconf 64' lang='lat' dir='ltr'><strong>caelo,</strong></span> <span class='ocrx_word' id='word_1_368' title='bbox 2167 2405 2310 2474; x_wconf 91' lang='lat' dir='ltr'><strong>quod</strong></span> <span class='ocrx_word' id='word_1_369' title='bbox 2340 2413 2628 2472; x_wconf 88' lang='lat' dir='ltr'><strong>tentantes,</strong></span> <span class='ocrx_word' id='word_1_370' title='bbox 2657 2415 2786 2472; x_wconf 91' lang='lat' dir='ltr'><strong>etc.,</strong></span> <span class='ocrx_word' id='word_1_371' title='bbox 2820 2425 2982 2479; x_wconf 85' lang='lat' dir='ltr'><strong>usque</strong></span> <span class='ocrx_word' id='word_1_372' title='bbox 3005 2409 3075 2462; x_wconf 91' lang='lat' dir='ltr'><strong>ad</strong></span> <span class='ocrx_word' id='word_1_373' title='bbox 3116 2412 3184 2464; x_wconf 88' lang='lat' dir='ltr'><strong>ad</strong></span> <span class='ocrx_word' id='word_1_374' title='bbox 3227 2411 3448 2479; x_wconf 83' lang='lat' dir='ltr'><strong>imposi-</strong></span> 
     </span>
    </p>
   </div>
   <div class='ocr_carea' id='block_1_54' title="bbox 1869 2493 3446 2572">
    <p class='ocr_par' dir='ltr' id='par_1_54' title="bbox 1869 2493 3446 2572">
     <span class='ocr_line' id='line_1_54' title="bbox 1869 2493 3446 2572; baseline 0.006 -24"><span class='ocrx_word' id='word_1_375' title='bbox 1869 2493 2069 2549; x_wconf 91' lang='lat' dir='ltr'><strong>tionem</strong></span> <span class='ocrx_word' id='word_1_376' title='bbox 2100 2511 2356 2553; x_wconf 88' lang='lat' dir='ltr'><strong>manuum</strong></span> <span class='ocrx_word' id='word_1_377' title='bbox 2376 2497 2736 2568; x_wconf 90' lang='lat' dir='ltr'><strong>apostolorum</strong></span> <span class='ocrx_word' id='word_1_378' title='bbox 2759 2500 2988 2570; x_wconf 89' lang='lat' dir='ltr'><strong>gratiam</strong></span> <span class='ocrx_word' id='word_1_379' title='bbox 3013 2502 3185 2557; x_wconf 90' lang='lat' dir='ltr'><strong>sancti</strong></span> <span class='ocrx_word' id='word_1_380' title='bbox 3213 2501 3446 2572; x_wconf 84' lang='lat' dir='ltr'><strong>Spiritus</strong></span> 
     </span>
    </p>
   </div>
   <div class='ocr_carea' id='block_1_55' title="bbox 1869 2583 2956 2658">
    <p class='ocr_par' dir='ltr' id='par_1_55' title="bbox 1869 2583 2956 2658">
     <span class='ocr_line' id='line_1_55' title="bbox 1869 2583 2956 2658; baseline 0.006 -17"><span class='ocrx_word' id='word_1_381' title='bbox 1869 2583 1936 2641; x_wconf 88' lang='lat' dir='ltr'><strong>de</strong></span> <span class='ocrx_word' id='word_1_382' title='bbox 1949 2587 2088 2642; x_wconf 62' lang='lat' dir='ltr'><strong>caelo</strong></span> <span class='ocrx_word' id='word_1_383' title='bbox 2106 2587 2354 2658; x_wconf 87' lang='lat' dir='ltr'><strong>plurimis</strong></span> <span class='ocrx_word' id='word_1_384' title='bbox 2373 2589 2715 2646; x_wconf 88' lang='lat' dir='ltr'><strong>credentibus</strong></span> <span class='ocrx_word' id='word_1_385' title='bbox 2741 2590 2956 2647; x_wconf 84' lang='lat' dir='ltr'><strong>infudit.</strong></span> 
     </span>
    </p>
   </div>
   <div class='ocr_carea' id='block_1_56' title="bbox 1940 2669 3447 2756">
    <p class='ocr_par' dir='ltr' id='par_1_56' title="bbox 1940 2669 3447 2756">
     <span class='ocr_line' id='line_1_56' title="bbox 1940 2669 3447 2756; baseline 0.007 -24"><span class='ocrx_word' id='word_1_386' title='bbox 1940 2669 2102 2732; x_wconf 82' lang='lat' dir='ltr'><strong>Vens.</strong></span> <span class='ocrx_word' id='word_1_387' title='bbox 2131 2678 2218 2734; x_wconf 82' lang='lat' dir='ltr'><strong>l5.</strong></span> <span class='ocrx_word' id='word_1_388' title='bbox 2245 2709 2318 2719; x_wconf 95' lang='lat'><strong>—</strong></span> <span class='ocrx_word' id='word_1_389' title='bbox 2339 2679 2581 2734; x_wconf 77' lang='lat' dir='ltr'><strong>Ascendit</strong></span> <span class='ocrx_word' id='word_1_390' title='bbox 2609 2683 2802 2736; x_wconf 84' lang='lat' dir='ltr'><strong>navim.</strong></span> <span class='ocrx_word' id='word_1_391' title='bbox 2839 2682 2960 2755; x_wconf 91' lang='lat' dir='ltr'><strong>(ln.)</strong></span> <span class='ocrx_word' id='word_1_392' title='bbox 2987 2682 3204 2755; x_wconf 88' lang='lat' dir='ltr'><strong>Septem</strong></span> <span class='ocrx_word' id='word_1_393' title='bbox 3247 2688 3447 2756; x_wconf 88' lang='lat' dir='ltr'><strong>sportis</strong></span> 
     </span>
    </p>
   </div>
   <div class='ocr_carea' id='block_1_57' title="bbox 1867 2769 3446 2843">
    <p class='ocr_par' dir='ltr' id='par_1_57' title="bbox 1867 2769 3446 2843">
     <span class='ocr_line' id='line_1_57' title="bbox 1867 2769 3446 2843; baseline 0.005 -19"><span class='ocrx_word' id='word_1_394' title='bbox 1867 2769 2026 2824; x_wconf 91' lang='lat' dir='ltr'><strong>modo</strong></span> <span class='ocrx_word' id='word_1_395' title='bbox 2049 2769 2304 2840; x_wconf 90' lang='lat' dir='ltr'><strong>impletis,</strong></span> <span class='ocrx_word' id='word_1_396' title='bbox 2337 2772 2518 2826; x_wconf 88' lang='lat' dir='ltr'><strong>statim</strong></span> <span class='ocrx_word' id='word_1_397' title='bbox 2547 2773 2907 2828; x_wconf 90' lang='lat' dir='ltr'><strong>ascenderunt</strong></span> <span class='ocrx_word' id='word_1_398' title='bbox 2935 2775 2990 2829; x_wconf 91' lang='lat' dir='ltr'><strong>in</strong></span> <span class='ocrx_word' id='word_1_399' title='bbox 3019 2776 3318 2832; x_wconf 87' lang='lat' dir='ltr'><strong>naviculam</strong></span> <span class='ocrx_word' id='word_1_400' title='bbox 3338 2818 3352 2843; x_wconf 94' lang='lat'><strong>,</strong></span> <span class='ocrx_word' id='word_1_401' title='bbox 3391 2789 3446 2833; x_wconf 90' lang='lat' dir='ltr'><strong>et</strong></span> 
     </span>
    </p>
   </div>
   <div class='ocr_carea' id='block_1_58' title="bbox 1865 2861 3444 2937">
    <p class='ocr_par' dir='ltr' id='par_1_58' title="bbox 1865 2861 3444 2937">
     <span class='ocr_line' id='line_1_58' title="bbox 1865 2861 3444 2937; baseline 0.007 -24"><span class='ocrx_word' id='word_1_402' title='bbox 1865 2861 2198 2916; x_wconf 91' lang='lat' dir='ltr'><strong>veneruntin</strong></span> <span class='ocrx_word' id='word_1_403' title='bbox 2226 2861 2361 2918; x_wconf 88' lang='lat' dir='ltr'><strong>ﬁnes</strong></span> <span class='ocrx_word' id='word_1_404' title='bbox 2382 2861 2657 2934; x_wconf 90' lang='lat' dir='ltr'><strong>Magedan,</strong></span> <span class='ocrx_word' id='word_1_405' title='bbox 2675 2874 2730 2919; x_wconf 89' lang='lat' dir='ltr'><strong>et</strong></span> <span class='ocrx_word' id='word_1_406' title='bbox 2750 2865 2825 2921; x_wconf 91' lang='lat' dir='ltr'><strong>ibi</strong></span> <span class='ocrx_word' id='word_1_407' title='bbox 2844 2867 3219 2937; x_wconf 90' lang='lat' dir='ltr'><strong>navigantibus</strong></span> <span class='ocrx_word' id='word_1_408' title='bbox 3243 2869 3444 2926; x_wconf 88' lang='lat' dir='ltr'><strong>dictum</strong></span> 
     </span>
    </p>
   </div>
   <div class='ocr_carea' id='block_1_59' title="bbox 1863 2952 3445 3021">
    <p class='ocr_par' dir='ltr' id='par_1_59' title="bbox 1863 2952 3445 3021">
     <span class='ocr_line' id='line_1_59' title="bbox 1863 2952 3445 3021; baseline 0.005 -15"><span class='ocrx_word' id='word_1_409' title='bbox 1863 2958 1949 3006; x_wconf 88' lang='lat' dir='ltr'><strong>est</strong></span> <span class='ocrx_word' id='word_1_410' title='bbox 1975 2953 2118 3021; x_wconf 89' lang='lat' dir='ltr'><strong>quod</strong></span> <span class='ocrx_word' id='word_1_411' title='bbox 2167 2962 2420 3008; x_wconf 89' lang='lat' dir='ltr'><strong>caverent</strong></span> <span class='ocrx_word' id='word_1_412' title='bbox 2450 2968 2480 3007; x_wconf 88' lang='lat' dir='ltr'><strong>a</strong></span> <span class='ocrx_word' id='word_1_413' title='bbox 2511 2952 2777 3010; x_wconf 83' lang='lat' dir='ltr'><strong>fermento</strong></span> <span class='ocrx_word' id='word_1_414' title='bbox 2805 2955 3202 3013; x_wconf 78' lang='lat' dir='ltr'><strong>Pharisaeorum</strong></span> <span class='ocrx_word' id='word_1_415' title='bbox 3231 2967 3286 3013; x_wconf 90' lang='lat' dir='ltr'><strong>et</strong></span> <span class='ocrx_word' id='word_1_416' title='bbox 3317 2959 3445 3014; x_wconf 88' lang='lat' dir='ltr'><strong>sad-</strong></span> 
     </span>
    </p>
   </div>
   <div class='ocr_carea' id='block_1_60' title="bbox 1866 3041 3442 3118">
    <p class='ocr_par' dir='ltr' id='par_1_60' title="bbox 1866 3041 3442 3118">
     <span class='ocr_line' id='line_1_60' title="bbox 1866 3041 3442 3118; baseline 0.003 -21"><span class='ocrx_word' id='word_1_417' title='bbox 1866 3042 2194 3098; x_wconf 83' lang='lat' dir='ltr'><strong>ducaeormn.</strong></span> <span class='ocrx_word' id='word_1_418' title='bbox 2237 3041 2343 3098; x_wconf 90' lang='lat' dir='ltr'><strong>Sed</strong></span> <span class='ocrx_word' id='word_1_419' title='bbox 2370 3043 2650 3114; x_wconf 90' lang='lat' dir='ltr'><strong>Scriptura</strong></span> <span class='ocrx_word' id='word_1_420' title='bbox 2689 3045 2820 3100; x_wconf 91' lang='lat' dir='ltr'><strong>dicit</strong></span> <span class='ocrx_word' id='word_1_421' title='bbox 2843 3047 2984 3115; x_wconf 91' lang='lat' dir='ltr'><strong>quod</strong></span> <span class='ocrx_word' id='word_1_422' title='bbox 3014 3047 3168 3104; x_wconf 93' lang='lat' dir='ltr'><strong>obliti</strong></span> <span class='ocrx_word' id='word_1_423' title='bbox 3196 3059 3322 3104; x_wconf 91' lang='lat' dir='ltr'><strong>sunt</strong></span> <span class='ocrx_word' id='word_1_424' title='bbox 3346 3065 3442 3118; x_wconf 85' lang='lat' dir='ltr'><strong>pa-</strong></span> 
     </span>
    </p>
   </div>
   <div class='ocr_carea' id='block_1_61' title="bbox 1865 3132 3445 3205">
    <p class='ocr_par' dir='ltr' id='par_1_61' title="bbox 1865 3132 3445 3205">
     <span class='ocr_line' id='line_1_61' title="bbox 1865 3132 3445 3205; baseline 0.005 -19"><span class='ocrx_word' id='word_1_425' title='bbox 1865 3147 1962 3187; x_wconf 89' lang='lat' dir='ltr'><strong>nes</strong></span> <span class='ocrx_word' id='word_1_426' title='bbox 1987 3132 2174 3188; x_wconf 89' lang='lat' dir='ltr'><strong>tollere</strong></span> <span class='ocrx_word' id='word_1_427' title='bbox 2195 3174 2211 3200; x_wconf 94' lang='lat'><strong>,</strong></span> <span class='ocrx_word' id='word_1_428' title='bbox 2242 3133 2294 3187; x_wconf 91' lang='lat' dir='ltr'><strong>in</strong></span> <span class='ocrx_word' id='word_1_429' title='bbox 2329 3148 2434 3203; x_wconf 90' lang='lat' dir='ltr'><strong>quo</strong></span> <span class='ocrx_word' id='word_1_430' title='bbox 2465 3135 2768 3190; x_wconf 89' lang='lat' dir='ltr'><strong>ostenditur</strong></span> <span class='ocrx_word' id='word_1_431' title='bbox 2796 3136 2940 3205; x_wconf 90' lang='lat' dir='ltr'><strong>quod</strong></span> <span class='ocrx_word' id='word_1_432' title='bbox 2966 3137 3232 3194; x_wconf 88' lang='lat' dir='ltr'><strong>modicam</strong></span> <span class='ocrx_word' id='word_1_433' title='bbox 3259 3154 3445 3194; x_wconf 88' lang='lat' dir='ltr'><strong>curam</strong></span> 
     </span>
    </p>
   </div>
   <div class='ocr_carea' id='block_1_62' title="bbox 185 3218 3142 3303">
    <p class='ocr_par' dir='ltr' id='par_1_62' title="bbox 185 3218 3142 3303">
     <span class='ocr_line' id='line_1_62' title="bbox 185 3218 3142 3303; baseline 0.001 -21"><span class='ocrx_word' id='word_1_434' title='bbox 185 3229 526 3285; x_wconf 86' lang='lat' dir='ltr'><strong>discumbere</strong></span> <span class='ocrx_word' id='word_1_435' title='bbox 553 3229 899 3300; x_wconf 68' lang='lat' dir='ltr'><strong>praecipitur:</strong></span> <span class='ocrx_word' id='word_1_436' title='bbox 928 3231 1053 3300; x_wconf 88' lang='lat' dir='ltr'><strong>quia</strong></span> <span class='ocrx_word' id='word_1_437' title='bbox 1081 3246 1175 3301; x_wconf 91' lang='lat' dir='ltr'><strong>per</strong></span> <span class='ocrx_word' id='word_1_438' title='bbox 1197 3231 1370 3303; x_wconf 89' lang='lat' dir='ltr'><strong>legem</strong></span> <span class='ocrx_word' id='word_1_439' title='bbox 1395 3233 1598 3298; x_wconf 90' lang='lat' dir='ltr'><strong>carnis,</strong></span> <span class='ocrx_word' id='word_1_440' title='bbox 1627 3241 1760 3300; x_wconf 88' lang='lat' dir='ltr'><strong>etc.,</strong></span> <span class='ocrx_word' id='word_1_441' title='bbox 1790 3219 1835 3285; x_wconf 85' lang='lat' dir='ltr'><strong>C</strong></span> <span class='ocrx_word' id='word_1_442' title='bbox 1865 3224 2046 3278; x_wconf 74' lang='lat' dir='ltr'><strong>carnis</strong></span> <span class='ocrx_word' id='word_1_443' title='bbox 2072 3218 2337 3278; x_wconf 74' lang='lat' dir='ltr'><strong>haberent</strong></span> <span class='ocrx_word' id='word_1_444' title='bbox 2362 3224 2551 3278; x_wconf 77' lang='lat' dir='ltr'><strong>intenti</strong></span> <span class='ocrx_word' id='word_1_445' title='bbox 2584 3224 2792 3279; x_wconf 85' lang='lat' dir='ltr'><strong>Domini</strong></span> <span class='ocrx_word' id='word_1_446' title='bbox 2824 3229 3142 3295; x_wconf 60' lang='lat' dir='ltr'><strong>prasentiaz.</strong></span> 
     </span>
    </p>
   </div>
   <div class='ocr_carea' id='block_1_63' title="bbox 185 3319 1766 3390">
    <p class='ocr_par' dir='ltr' id='par_1_63' title="bbox 185 3319 1766 3390">
     <span class='ocr_line' id='line_1_63' title="bbox 185 3319 1766 3390; baseline 0.003 -18"><span class='ocrx_word' id='word_1_447' title='bbox 185 3335 346 3390; x_wconf 84' lang='lat' dir='ltr'><strong>usque</strong></span> <span class='ocrx_word' id='word_1_448' title='bbox 373 3319 446 3372; x_wconf 90' lang='lat' dir='ltr'><strong>ad</strong></span> <span class='ocrx_word' id='word_1_449' title='bbox 475 3319 562 3374; x_wconf 89' lang='lat' dir='ltr'><strong>hic</strong></span> <span class='ocrx_word' id='word_1_450' title='bbox 593 3325 772 3374; x_wconf 90' lang='lat' dir='ltr'><strong>autem</strong></span> <span class='ocrx_word' id='word_1_451' title='bbox 806 3328 1011 3376; x_wconf 91' lang='lat' dir='ltr'><strong>remota</strong></span> <span class='ocrx_word' id='word_1_452' title='bbox 1049 3320 1195 3375; x_wconf 91' lang='lat' dir='ltr'><strong>omni</strong></span> <span class='ocrx_word' id='word_1_453' title='bbox 1234 3319 1526 3390; x_wconf 91' lang='lat' dir='ltr'><strong>cupiditate</strong></span> <span class='ocrx_word' id='word_1_454' title='bbox 1563 3321 1766 3376; x_wconf 90' lang='lat' dir='ltr'><strong>carnali</strong></span> 
     </span>
    </p>
   </div>
   <div class='ocr_carea' id='block_1_64' title="bbox 187 3407 1763 3482">
    <p class='ocr_par' dir='ltr' id='par_1_64' title="bbox 187 3407 1763 3482">
     <span class='ocr_line' id='line_1_64' title="bbox 187 3407 1763 3482; baseline 0.001 -17"><span class='ocrx_word' id='word_1_455' title='bbox 187 3409 442 3465; x_wconf 87' lang='lat' dir='ltr'><strong>convivas</strong></span> <span class='ocrx_word' id='word_1_456' title='bbox 478 3407 614 3465; x_wconf 86' lang='lat' dir='ltr'><strong>Novi</strong></span> <span class='ocrx_word' id='word_1_457' title='bbox 643 3407 973 3466; x_wconf 85' lang='lat' dir='ltr'><strong>Testamenti</strong></span> <span class='ocrx_word' id='word_1_458' title='bbox 1019 3410 1132 3482; x_wconf 91' lang='lat' dir='ltr'><strong>spei</strong></span> <span class='ocrx_word' id='word_1_459' title='bbox 1175 3411 1542 3481; x_wconf 88' lang='lat' dir='ltr'><strong>permanentis</strong></span> <span class='ocrx_word' id='word_1_460' title='bbox 1578 3411 1763 3466; x_wconf 85' lang='lat' dir='ltr'><strong>ﬁrma-</strong></span> 
     </span>
    </p>
   </div>
   <div class='ocr_carea' id='block_1_65' title="bbox 189 3501 1765 3573">
    <p class='ocr_par' dir='ltr' id='par_1_65' title="bbox 189 3501 1765 3573">
     <span class='ocr_line' id='line_1_65' title="bbox 189 3501 1765 3573; baseline 0.003 -18"><span class='ocrx_word' id='word_1_461' title='bbox 189 3509 431 3556; x_wconf 89' lang='lat' dir='ltr'><strong>mentum</strong></span> <span class='ocrx_word' id='word_1_462' title='bbox 468 3509 726 3572; x_wconf 89' lang='lat' dir='ltr'><strong>tanquam</strong></span> <span class='ocrx_word' id='word_1_463' title='bbox 770 3501 938 3573; x_wconf 87' lang='lat' dir='ltr'><strong>ipsius</strong></span> <span class='ocrx_word' id='word_1_464' title='bbox 975 3503 1173 3560; x_wconf 90' lang='lat' dir='ltr'><strong>montis</strong></span> <span class='ocrx_word' id='word_1_465' title='bbox 1200 3503 1445 3560; x_wconf 90' lang='lat' dir='ltr'><strong>soliditas</strong></span> <span class='ocrx_word' id='word_1_466' title='bbox 1471 3503 1616 3559; x_wconf 90' lang='lat' dir='ltr'><strong>nullo</strong></span> <span class='ocrx_word' id='word_1_467' title='bbox 1643 3504 1765 3560; x_wconf 80' lang='lat' dir='ltr'><strong>feno</strong></span> 
     </span>
    </p>
   </div>
   <div class='ocr_carea' id='block_1_66' title="bbox 188 3592 1017 3665">
    <p class='ocr_par' dir='ltr' id='par_1_66' title="bbox 188 3592 1017 3665">
     <span class='ocr_line' id='line_1_66' title="bbox 188 3592 1017 3665; baseline 0.004 -18"><span class='ocrx_word' id='word_1_468' title='bbox 188 3592 504 3664; x_wconf 86' lang='lat' dir='ltr'><strong>interposito</strong></span> <span class='ocrx_word' id='word_1_469' title='bbox 525 3595 786 3650; x_wconf 90' lang='lat' dir='ltr'><strong>continet.</strong></span> <span class='ocrx_word' id='word_1_470' title='bbox 1007 3658 1017 3665; x_wconf 14' lang='grc' dir='ltr'>ἢ</span> 
     </span>
    </p>
   </div>
   <div class='ocr_carea' id='block_1_67' title="bbox 258 3681 1764 3756">
    <p class='ocr_par' dir='ltr' id='par_1_67' title="bbox 258 3681 1764 3756">
     <span class='ocr_line' id='line_1_67' title="bbox 258 3681 1764 3756; baseline 0.001 -17"><span class='ocrx_word' id='word_1_471' title='bbox 258 3684 420 3739; x_wconf 84' lang='lat' dir='ltr'><strong>Vens.</strong></span> <span class='ocrx_word' id='word_1_472' title='bbox 448 3685 501 3738; x_wconf 91' lang='lat'><strong>7.</strong></span> <span class='ocrx_word' id='word_1_473' title='bbox 531 3720 540 3724; x_wconf 89' lang='lat'><em>-</em></span> <span class='ocrx_word' id='word_1_474' title='bbox 573 3714 598 3724; x_wconf 60' lang='grc' dir='ltr'><em>α</em></span> <span class='ocrx_word' id='word_1_475' title='bbox 621 3681 932 3740; x_wconf 85' lang='lat' dir='ltr'><strong>Pisciculos.</strong></span> <span class='ocrx_word' id='word_1_476' title='bbox 959 3683 1081 3756; x_wconf 85' lang='lat' dir='ltr'><strong>(ln.)</strong></span> <span class='ocrx_word' id='word_1_477' title='bbox 1112 3683 1339 3740; x_wconf 83' lang='lat' dir='ltr'><strong>Sanctus</strong></span> <span class='ocrx_word' id='word_1_478' title='bbox 1373 3683 1516 3741; x_wconf 92' lang='lat' dir='ltr'><strong>illius</strong></span> <span class='ocrx_word' id='word_1_479' title='bbox 1564 3692 1764 3756; x_wconf 78' lang='lat' dir='ltr'><strong>tenipo-</strong></span> 
     </span>
    </p>
   </div>
   <div class='ocr_carea' id='block_1_68' title="bbox 188 3773 1766 3845">
    <p class='ocr_par' dir='ltr' id='par_1_68' title="bbox 188 3773 1766 3845">
     <span class='ocr_line' id='line_1_68' title="bbox 188 3773 1766 3845; baseline 0.002 -18"><span class='ocrx_word' id='word_1_480' title='bbox 188 3773 289 3841; x_wconf 86' lang='lat' dir='ltr'><strong>ris,</strong></span> <span class='ocrx_word' id='word_1_481' title='bbox 334 3790 436 3845; x_wconf 89' lang='lat' dir='ltr'><strong>per</strong></span> <span class='ocrx_word' id='word_1_482' title='bbox 488 3789 627 3845; x_wconf 86' lang='lat' dir='ltr'><strong>quos</strong></span> <span class='ocrx_word' id='word_1_483' title='bbox 669 3775 859 3830; x_wconf 89' lang='lat' dir='ltr'><strong>eadem</strong></span> <span class='ocrx_word' id='word_1_484' title='bbox 916 3775 1129 3830; x_wconf 90' lang='lat' dir='ltr'><strong>condita</strong></span> <span class='ocrx_word' id='word_1_485' title='bbox 1181 3783 1265 3830; x_wconf 93' lang='lat' dir='ltr'><strong>est</strong></span> <span class='ocrx_word' id='word_1_486' title='bbox 1313 3774 1635 3845; x_wconf 88' lang='lat' dir='ltr'><strong>Scriptura:</strong></span> <span class='ocrx_word' id='word_1_487' title='bbox 1680 3775 1766 3830; x_wconf 91' lang='lat' dir='ltr'><strong>vel</strong></span> 
     </span>
    </p>
   </div>
   <div class='ocr_carea' id='block_1_69' title="bbox 187 3865 1767 3938">
    <p class='ocr_par' dir='ltr' id='par_1_69' title="bbox 187 3865 1767 3938">
     <span class='ocr_line' id='line_1_69' title="bbox 187 3865 1767 3938; baseline 0.003 -19"><span class='ocrx_word' id='word_1_488' title='bbox 187 3880 412 3935; x_wconf 90' lang='lat' dir='ltr'><strong>quorum</strong></span> <span class='ocrx_word' id='word_1_489' title='bbox 450 3867 572 3938; x_wconf 85' lang='lat' dir='ltr'><strong>ipsa</strong></span> <span class='ocrx_word' id='word_1_490' title='bbox 613 3865 912 3938; x_wconf 90' lang='lat' dir='ltr'><strong>Scriptura,</strong></span> <span class='ocrx_word' id='word_1_491' title='bbox 963 3865 1157 3933; x_wconf 88' lang='lat' dir='ltr'><strong>ﬁdem,</strong></span> <span class='ocrx_word' id='word_1_492' title='bbox 1185 3867 1350 3920; x_wconf 88' lang='lat' dir='ltr'><strong>vitam</strong></span> <span class='ocrx_word' id='word_1_493' title='bbox 1390 3876 1445 3922; x_wconf 93' lang='lat' dir='ltr'><strong>et</strong></span> <span class='ocrx_word' id='word_1_494' title='bbox 1488 3867 1767 3936; x_wconf 87' lang='lat' dir='ltr'><strong>passiones</strong></span> 
     </span>
    </p>
   </div>
   <div class='ocr_carea' id='block_1_70' title="bbox 187 3958 1764 4030">
    <p class='ocr_par' dir='ltr' id='par_1_70' title="bbox 187 3958 1764 4030">
     <span class='ocr_line' id='line_1_70' title="bbox 187 3958 1764 4030; baseline 0.001 -17"><span class='ocrx_word' id='word_1_495' title='bbox 187 3961 465 4026; x_wconf 89' lang='lat' dir='ltr'><strong>continet;</strong></span> <span class='ocrx_word' id='word_1_496' title='bbox 499 3959 592 4030; x_wconf 92' lang='lat' dir='ltr'><strong>qui</strong></span> <span class='ocrx_word' id='word_1_497' title='bbox 626 3960 692 4015; x_wconf 93' lang='lat' dir='ltr'><strong>de</strong></span> <span class='ocrx_word' id='word_1_498' title='bbox 720 3958 970 4015; x_wconf 91' lang='lat' dir='ltr'><strong>ﬂuctibus</strong></span> <span class='ocrx_word' id='word_1_499' title='bbox 1017 3958 1198 4014; x_wconf 63' lang='lat' dir='ltr'><strong>saeculi</strong></span> <span class='ocrx_word' id='word_1_500' title='bbox 1244 3958 1434 4028; x_wconf 89' lang='lat' dir='ltr'><strong>erepti,</strong></span> <span class='ocrx_word' id='word_1_501' title='bbox 1486 3967 1541 4013; x_wconf 90' lang='lat' dir='ltr'><strong>et</strong></span> <span class='ocrx_word' id='word_1_502' title='bbox 1585 3959 1764 4014; x_wconf 89' lang='lat' dir='ltr'><strong>divina</strong></span> 
     </span>
    </p>
   </div>
   <div class='ocr_carea' id='block_1_71' title="bbox 187 4047 1766 4113">
    <p class='ocr_par' dir='ltr' id='par_1_71' title="bbox 187 4047 1766 4113">
     <span class='ocr_line' id='line_1_71' title="bbox 187 4047 1766 4113; baseline 0.001 -10"><span class='ocrx_word' id='word_1_503' title='bbox 187 4050 566 4106; x_wconf 90' lang='lat' dir='ltr'><strong>benedictione</strong></span> <span class='ocrx_word' id='word_1_504' title='bbox 610 4049 911 4106; x_wconf 87' lang='lat' dir='ltr'><strong>consecrati</strong></span> <span class='ocrx_word' id='word_1_505' title='bbox 964 4047 1313 4105; x_wconf 83' lang='lat' dir='ltr'><strong>refectionem</strong></span> <span class='ocrx_word' id='word_1_506' title='bbox 1362 4047 1548 4113; x_wconf 87' lang='lat' dir='ltr'><strong>nobis,</strong></span> <span class='ocrx_word' id='word_1_507' title='bbox 1594 4063 1664 4103; x_wconf 92' lang='lat' dir='ltr'><strong>ne</strong></span> <span class='ocrx_word' id='word_1_508' title='bbox 1710 4048 1766 4104; x_wconf 93' lang='lat' dir='ltr'><strong>in</strong></span> 
     </span>
    </p>
   </div>
   <div class='ocr_carea' id='block_1_72' title="bbox 187 4138 1766 4210">
    <p class='ocr_par' dir='ltr' id='par_1_72' title="bbox 187 4138 1766 4210">
     <span class='ocr_line' id='line_1_72' title="bbox 187 4138 1766 4210; baseline 0.001 -16"><span class='ocrx_word' id='word_1_509' title='bbox 187 4140 340 4210; x_wconf 89' lang='lat' dir='ltr'><strong>hujus</strong></span> <span class='ocrx_word' id='word_1_510' title='bbox 365 4141 561 4197; x_wconf 90' lang='lat' dir='ltr'><strong>mundi</strong></span> <span class='ocrx_word' id='word_1_511' title='bbox 585 4156 816 4197; x_wconf 79' lang='lat' dir='ltr'><strong>excursu</strong></span> <span class='ocrx_word' id='word_1_512' title='bbox 839 4138 1172 4206; x_wconf 89' lang='lat' dir='ltr'><strong>deﬁciamus,</strong></span> <span class='ocrx_word' id='word_1_513' title='bbox 1205 4138 1330 4196; x_wconf 78' lang='lat' dir='ltr'><strong>vitae</strong></span> <span class='ocrx_word' id='word_1_514' title='bbox 1358 4153 1468 4195; x_wconf 74' lang='lat' dir='ltr'><strong>sua:</strong></span> <span class='ocrx_word' id='word_1_515' title='bbox 1492 4147 1549 4194; x_wconf 90' lang='lat' dir='ltr'><strong>et</strong></span> <span class='ocrx_word' id='word_1_516' title='bbox 1575 4139 1766 4195; x_wconf 90' lang='lat' dir='ltr'><strong>mortis</strong></span> 
     </span>
    </p>
   </div>
   <div class='ocr_carea' id='block_1_73' title="bbox 187 4231 897 4302">
    <p class='ocr_par' dir='ltr' id='par_1_73' title="bbox 187 4231 897 4302">
     <span class='ocr_line' id='line_1_73' title="bbox 187 4231 897 4302; baseline 0 -17"><span class='ocrx_word' id='word_1_517' title='bbox 187 4245 291 4286; x_wconf 69' lang='lat' dir='ltr'><strong>sua:</strong></span> <span class='ocrx_word' id='word_1_518' title='bbox 317 4231 574 4302; x_wconf 80' lang='lat' dir='ltr'><strong>exemplo</strong></span> <span class='ocrx_word' id='word_1_519' title='bbox 598 4231 897 4302; x_wconf 72' lang='lat' dir='ltr'><strong>praebuere.</strong></span> 
     </span>
    </p>
   </div>
   <div class='ocr_carea' id='block_1_74' title="bbox 252 4339 1768 4414">
    <p class='ocr_par' dir='ltr' id='par_1_74' title="bbox 252 4339 1768 4414">
     <span class='ocr_line' id='line_1_74' title="bbox 252 4339 1768 4414; baseline 0 -18"><span class='ocrx_word' id='word_1_520' title='bbox 252 4341 414 4400; x_wconf 84' lang='lat' dir='ltr'><strong>Vens.</strong></span> <span class='ocrx_word' id='word_1_521' title='bbox 448 4342 509 4398; x_wconf 90' lang='lat'><strong>8.</strong></span> <span class='ocrx_word' id='word_1_522' title='bbox 531 4373 604 4384; x_wconf 92' lang='lat'><strong><em>—</em></strong></span> <span class='ocrx_word' id='word_1_523' title='bbox 630 4341 1101 4398; x_wconf 78' lang='lat' dir='ltr'><strong>Manducaverunt.</strong></span> <span class='ocrx_word' id='word_1_524' title='bbox 1151 4339 1274 4414; x_wconf 79' lang='grc' dir='ltr'><strong>(ιο.)</strong></span> <span class='ocrx_word' id='word_1_525' title='bbox 1313 4340 1450 4398; x_wconf 91' lang='lat' dir='ltr'><strong>Sunt</strong></span> <span class='ocrx_word' id='word_1_526' title='bbox 1482 4340 1637 4396; x_wconf 91' lang='lat' dir='ltr'><strong>multi</strong></span> <span class='ocrx_word' id='word_1_527' title='bbox 1674 4340 1768 4412; x_wconf 89' lang='lat' dir='ltr'><strong>qui</strong></span> 
     </span>
    </p>
   </div>
   <div class='ocr_carea' id='block_1_75' title="bbox 187 4434 1766 4506">
    <p class='ocr_par' dir='ltr' id='par_1_75' title="bbox 187 4434 1766 4506">
     <span class='ocr_line' id='line_1_75' title="bbox 187 4434 1766 4506; baseline 0.002 -19"><span class='ocrx_word' id='word_1_528' title='bbox 187 4437 427 4504; x_wconf 85' lang='lat' dir='ltr'><strong>quamvis</strong></span> <span class='ocrx_word' id='word_1_529' title='bbox 449 4437 636 4491; x_wconf 90' lang='lat' dir='ltr'><strong>omnia</strong></span> <span class='ocrx_word' id='word_1_530' title='bbox 656 4451 751 4491; x_wconf 89' lang='lat' dir='ltr'><strong>sua</strong></span> <span class='ocrx_word' id='word_1_531' title='bbox 771 4435 1096 4506; x_wconf 89' lang='lat' dir='ltr'><strong>relinquere,</strong></span> <span class='ocrx_word' id='word_1_532' title='bbox 1112 4444 1168 4491; x_wconf 89' lang='lat' dir='ltr'><strong>et</strong></span> <span class='ocrx_word' id='word_1_533' title='bbox 1187 4435 1374 4491; x_wconf 90' lang='lat' dir='ltr'><strong>altiora</strong></span> <span class='ocrx_word' id='word_1_534' title='bbox 1401 4434 1560 4505; x_wconf 85' lang='lat' dir='ltr'><strong>hujus</strong></span> <span class='ocrx_word' id='word_1_535' title='bbox 1581 4434 1766 4491; x_wconf 92' lang='lat' dir='ltr'><strong>mundi</strong></span> 
     </span>
    </p>
   </div>
   <div class='ocr_carea' id='block_1_76' title="bbox 188 4523 1768 4596">
    <p class='ocr_par' dir='ltr' id='par_1_76' title="bbox 188 4523 1768 4596">
     <span class='ocr_line' id='line_1_76' title="bbox 188 4523 1768 4596; baseline 0.001 -19"><span class='ocrx_word' id='word_1_536' title='bbox 188 4535 451 4595; x_wconf 87' lang='lat' dir='ltr'><strong>nequeant</strong></span> <span class='ocrx_word' id='word_1_537' title='bbox 477 4525 719 4596; x_wconf 90' lang='lat' dir='ltr'><strong>implere,</strong></span> <span class='ocrx_word' id='word_1_538' title='bbox 744 4532 926 4580; x_wconf 87' lang='lat' dir='ltr'><strong>tamen</strong></span> <span class='ocrx_word' id='word_1_539' title='bbox 951 4525 1252 4580; x_wconf 90' lang='lat' dir='ltr'><strong>esurientes</strong></span> <span class='ocrx_word' id='word_1_540' title='bbox 1271 4534 1326 4580; x_wconf 90' lang='lat' dir='ltr'><strong>et</strong></span> <span class='ocrx_word' id='word_1_541' title='bbox 1347 4525 1591 4580; x_wconf 87' lang='lat' dir='ltr'><strong>sitientes</strong></span> <span class='ocrx_word' id='word_1_542' title='bbox 1603 4523 1768 4594; x_wconf 83' lang='lat' dir='ltr'><strong>justi-</strong></span> 
     </span>
    </p>
   </div>
   <div class='ocr_carea' id='block_1_77' title="bbox 1938 3313 3445 3391">
    <p class='ocr_par' dir='ltr' id='par_1_77' title="bbox 1938 3313 3445 3391">
     <span class='ocr_line' id='line_1_77' title="bbox 1938 3313 3445 3391; baseline 0.007 -24"><span class='ocrx_word' id='word_1_543' title='bbox 1938 3313 2100 3370; x_wconf 85' lang='lat' dir='ltr'><strong>Vens.</strong></span> <span class='ocrx_word' id='word_1_544' title='bbox 2130 3315 2216 3369; x_wconf 81' lang='lat' dir='ltr'><strong>l7.</strong></span> <span class='ocrx_word' id='word_1_545' title='bbox 2244 3345 2311 3354; x_wconf 97' lang='lat'>—</span> <span class='ocrx_word' id='word_1_546' title='bbox 2335 3315 2474 3380; x_wconf 85' lang='lat' dir='ltr'><strong>Quid</strong></span> <span class='ocrx_word' id='word_1_547' title='bbox 2505 3317 2763 3386; x_wconf 80' lang='lat' dir='ltr'><strong>cogitatis.</strong></span> <span class='ocrx_word' id='word_1_548' title='bbox 2786 3317 2997 3391; x_wconf 73' lang='grc' dir='ltr'><strong>(Βεω.)</strong></span> <span class='ocrx_word' id='word_1_549' title='bbox 3024 3319 3257 3390; x_wconf 85' lang='lat' dir='ltr'><strong>Accepta</strong></span> <span class='ocrx_word' id='word_1_550' title='bbox 3286 3337 3445 3377; x_wconf 78' lang='lat' dir='ltr'><strong>ocra-</strong></span> 
     </span>
    </p>
   </div>
   <div class='ocr_carea' id='block_1_78' title="bbox 1867 3404 3442 3484">
    <p class='ocr_par' dir='ltr' id='par_1_78' title="bbox 1867 3404 3442 3484">
     <span class='ocr_line' id='line_1_78' title="bbox 1867 3404 3442 3484; baseline 0.006 -24"><span class='ocrx_word' id='word_1_551' title='bbox 1867 3404 2037 3472; x_wconf 90' lang='lat' dir='ltr'><strong>sione,</strong></span> <span class='ocrx_word' id='word_1_552' title='bbox 2061 3405 2218 3461; x_wconf 89' lang='lat' dir='ltr'><strong>docet</strong></span> <span class='ocrx_word' id='word_1_553' title='bbox 2233 3406 2361 3476; x_wconf 92' lang='lat' dir='ltr'><strong>quid</strong></span> <span class='ocrx_word' id='word_1_554' title='bbox 2382 3405 2687 3479; x_wconf 91' lang='lat' dir='ltr'><strong>signiﬁcent</strong></span> <span class='ocrx_word' id='word_1_555' title='bbox 2707 3408 2945 3479; x_wconf 92' lang='lat' dir='ltr'><strong>quinque</strong></span> <span class='ocrx_word' id='word_1_556' title='bbox 2959 3427 3128 3482; x_wconf 90' lang='lat' dir='ltr'><strong>panes</strong></span> <span class='ocrx_word' id='word_1_557' title='bbox 3148 3421 3442 3484; x_wconf 85' lang='lat' dir='ltr'><strong>etscptcm,</strong></span> 
     </span>
    </p>
   </div>
   <div class='ocr_carea' id='block_1_79' title="bbox 1865 3497 3446 3577">
    <p class='ocr_par' dir='ltr' id='par_1_79' title="bbox 1865 3497 3446 3577">
     <span class='ocr_line' id='line_1_79' title="bbox 1865 3497 3446 3577; baseline 0.006 -25"><span class='ocrx_word' id='word_1_558' title='bbox 1865 3506 1920 3552; x_wconf 91' lang='lat' dir='ltr'><strong>et</strong></span> <span class='ocrx_word' id='word_1_559' title='bbox 1943 3497 2102 3568; x_wconf 86' lang='lat' dir='ltr'><strong>pauci</strong></span> <span class='ocrx_word' id='word_1_560' title='bbox 2127 3498 2398 3568; x_wconf 89' lang='lat' dir='ltr'><strong>pisciculi,</strong></span> <span class='ocrx_word' id='word_1_561' title='bbox 2433 3501 2672 3570; x_wconf 89' lang='lat' dir='ltr'><strong>quinque</strong></span> <span class='ocrx_word' id='word_1_562' title='bbox 2702 3501 2868 3557; x_wconf 91' lang='lat' dir='ltr'><strong>millia</strong></span> <span class='ocrx_word' id='word_1_563' title='bbox 2891 3502 3169 3560; x_wconf 90' lang='lat' dir='ltr'><strong>hominum</strong></span> <span class='ocrx_word' id='word_1_564' title='bbox 3195 3515 3286 3561; x_wconf 92' lang='lat' dir='ltr'><strong>aut</strong></span> <span class='ocrx_word' id='word_1_565' title='bbox 3313 3525 3446 3577; x_wconf 87' lang='lat' dir='ltr'><strong>qna-</strong></span> 
     </span>
    </p>
   </div>
   <div class='ocr_carea' id='block_1_80' title="bbox 1867 3592 3444 3658">
    <p class='ocr_par' dir='ltr' id='par_1_80' title="bbox 1867 3592 3444 3658">
     <span class='ocr_line' id='line_1_80' title="bbox 1867 3592 3444 3658; baseline 0.007 -11"><span class='ocrx_word' id='word_1_566' title='bbox 1867 3599 2006 3648; x_wconf 88' lang='lat' dir='ltr'><strong>tuor.</strong></span> <span class='ocrx_word' id='word_1_567' title='bbox 2047 3592 2104 3649; x_wconf 90' lang='lat' dir='ltr'><strong>Si</strong></span> <span class='ocrx_word' id='word_1_568' title='bbox 2133 3594 2275 3649; x_wconf 90' lang='lat' dir='ltr'><strong>enim</strong></span> <span class='ocrx_word' id='word_1_569' title='bbox 2308 3595 2631 3651; x_wconf 81' lang='lat' dir='ltr'><strong>fermentum</strong></span> <span class='ocrx_word' id='word_1_570' title='bbox 2677 3596 3081 3655; x_wconf 57' lang='lat' dir='ltr'><strong>Pharisaeorum</strong></span> <span class='ocrx_word' id='word_1_571' title='bbox 3127 3611 3183 3658; x_wconf 90' lang='lat' dir='ltr'><strong>et</strong></span> <span class='ocrx_word' id='word_1_572' title='bbox 3218 3601 3444 3658; x_wconf 83' lang='lat' dir='ltr'><strong>Herodis</strong></span> 
     </span>
    </p>
   </div>
   <div class='ocr_carea' id='block_1_81' title="bbox 1865 3684 3440 3766">
    <p class='ocr_par' dir='ltr' id='par_1_81' title="bbox 1865 3684 3440 3766">
     <span class='ocr_line' id='line_1_81' title="bbox 1865 3684 3440 3766; baseline 0.008 -26"><span class='ocrx_word' id='word_1_573' title='bbox 1865 3684 2185 3741; x_wconf 90' lang='lat' dir='ltr'><strong>traditiones</strong></span> <span class='ocrx_word' id='word_1_574' title='bbox 2213 3700 2496 3756; x_wconf 90' lang='lat' dir='ltr'><strong>perversas</strong></span> <span class='ocrx_word' id='word_1_575' title='bbox 2521 3695 2575 3742; x_wconf 92' lang='lat' dir='ltr'><strong>et</strong></span> <span class='ocrx_word' id='word_1_576' title='bbox 2602 3689 2852 3746; x_wconf 62' lang='lat' dir='ltr'><strong>haeretica</strong></span> <span class='ocrx_word' id='word_1_577' title='bbox 2878 3691 3148 3762; x_wconf 88' lang='lat' dir='ltr'><strong>signiﬁcat</strong></span> <span class='ocrx_word' id='word_1_578' title='bbox 3167 3694 3440 3766; x_wconf 83' lang='lat' dir='ltr'><strong>dogmata,</strong></span> 
     </span>
    </p>
   </div>
   <div class='ocr_carea' id='block_1_82' title="bbox 1864 3778 3442 3854">
    <p class='ocr_par' dir='ltr' id='par_1_82' title="bbox 1864 3778 3442 3854">
     <span class='ocr_line' id='line_1_82' title="bbox 1864 3778 3442 3854; baseline 0.011 -25"><span class='ocrx_word' id='word_1_579' title='bbox 1864 3792 2030 3848; x_wconf 90' lang='lat' dir='ltr'><strong>quare</strong></span> <span class='ocrx_word' id='word_1_580' title='bbox 2075 3778 2180 3832; x_wconf 91' lang='lat' dir='ltr'><strong>cibi</strong></span> <span class='ocrx_word' id='word_1_581' title='bbox 2207 3779 2402 3849; x_wconf 91' lang='lat' dir='ltr'><strong>quibus</strong></span> <span class='ocrx_word' id='word_1_582' title='bbox 2427 3780 2661 3837; x_wconf 91' lang='lat' dir='ltr'><strong>nutritus</strong></span> <span class='ocrx_word' id='word_1_583' title='bbox 2703 3790 2788 3838; x_wconf 91' lang='lat' dir='ltr'><strong>est</strong></span> <span class='ocrx_word' id='word_1_584' title='bbox 2832 3783 3058 3854; x_wconf 88' lang='lat' dir='ltr'><strong>populus</strong></span> <span class='ocrx_word' id='word_1_585' title='bbox 3083 3785 3180 3843; x_wconf 85' lang='lat' dir='ltr'><strong>Dei</strong></span> <span class='ocrx_word' id='word_1_586' title='bbox 3207 3803 3312 3843; x_wconf 92' lang='lat' dir='ltr'><strong>non</strong></span> <span class='ocrx_word' id='word_1_587' title='bbox 3346 3806 3442 3846; x_wconf 81' lang='lat' dir='ltr'><strong>ve-</strong></span> 
     </span>
    </p>
   </div>
   <div class='ocr_carea' id='block_1_83' title="bbox 1865 3870 3044 3946">
    <p class='ocr_par' dir='ltr' id='par_1_83' title="bbox 1865 3870 3044 3946">
     <span class='ocr_line' id='line_1_83' title="bbox 1865 3870 3044 3946; baseline 0.007 -22"><span class='ocrx_word' id='word_1_588' title='bbox 1865 3884 1981 3924; x_wconf 87' lang='lat' dir='ltr'><strong>ram</strong></span> <span class='ocrx_word' id='word_1_589' title='bbox 2010 3870 2310 3925; x_wconf 79' lang='lat' dir='ltr'><strong>doctrinam</strong></span> <span class='ocrx_word' id='word_1_590' title='bbox 2340 3871 2716 3944; x_wconf 89' lang='lat' dir='ltr'><strong>integramque</strong></span> <span class='ocrx_word' id='word_1_591' title='bbox 2744 3874 3044 3946; x_wconf 84' lang='lat' dir='ltr'><strong>signiﬁcat?</strong></span> 
     </span>
    </p>
   </div>
   <div class='ocr_carea' id='block_1_84' title="bbox 1937 3957 3442 4037">
    <p class='ocr_par' dir='ltr' id='par_1_84' title="bbox 1937 3957 3442 4037">
     <span class='ocr_line' id='line_1_84' title="bbox 1937 3957 3442 4037; baseline 0.011 -25"><span class='ocrx_word' id='word_1_592' title='bbox 1937 3957 2100 4012; x_wconf 86' lang='lat' dir='ltr'><strong>Vens.</strong></span> <span class='ocrx_word' id='word_1_593' title='bbox 2131 3959 2221 4014; x_wconf 74' lang='lat'><strong>25.</strong></span> <span class='ocrx_word' id='word_1_594' title='bbox 2244 3990 2316 4000; x_wconf 94' lang='lat'>—</span> <span class='ocrx_word' id='word_1_595' title='bbox 2342 3959 2411 4014; x_wconf 86' lang='lat' dir='ltr'><strong>Et</strong></span> <span class='ocrx_word' id='word_1_596' title='bbox 2440 3977 2712 4032; x_wconf 78' lang='lat' dir='ltr'><strong>exspuens.</strong></span> <span class='ocrx_word' id='word_1_597' title='bbox 2743 3963 2863 4035; x_wconf 87' lang='lat' dir='ltr'><strong>(ln.)</strong></span> <span class='ocrx_word' id='word_1_598' title='bbox 2894 3964 3120 4037; x_wconf 89' lang='lat' dir='ltr'><strong>Sputum</strong></span> <span class='ocrx_word' id='word_1_599' title='bbox 3147 3969 3216 4024; x_wconf 91' lang='lat' dir='ltr'><strong>ab</strong></span> <span class='ocrx_word' id='word_1_600' title='bbox 3243 3971 3387 4028; x_wconf 90' lang='lat' dir='ltr'><strong>intus</strong></span> <span class='ocrx_word' id='word_1_601' title='bbox 3410 3989 3442 4028; x_wconf 87' lang='lat' dir='ltr'><strong>a</strong></span> 
     </span>
    </p>
   </div>
   <div class='ocr_carea' id='block_1_85' title="bbox 1867 4047 3441 4118">
    <p class='ocr_par' dir='ltr' id='par_1_85' title="bbox 1867 4047 3441 4118">
     <span class='ocr_line' id='line_1_85' title="bbox 1867 4047 3441 4118; baseline 0.007 -15"><span class='ocrx_word' id='word_1_602' title='bbox 1867 4047 2042 4117; x_wconf 89' lang='lat' dir='ltr'><strong>capite</strong></span> <span class='ocrx_word' id='word_1_603' title='bbox 2080 4047 2291 4102; x_wconf 90' lang='lat' dir='ltr'><strong>Domini</strong></span> <span class='ocrx_word' id='word_1_604' title='bbox 2321 4048 2582 4118; x_wconf 87' lang='lat' dir='ltr'><strong>procedit.</strong></span> <span class='ocrx_word' id='word_1_605' title='bbox 2616 4049 2805 4106; x_wconf 86' lang='lat' dir='ltr'><strong>Manus</strong></span> <span class='ocrx_word' id='word_1_606' title='bbox 2853 4069 2981 4110; x_wconf 90' lang='lat' dir='ltr'><strong>vero</strong></span> <span class='ocrx_word' id='word_1_607' title='bbox 3030 4059 3271 4112; x_wconf 89' lang='lat' dir='ltr'><strong>membra</strong></span> <span class='ocrx_word' id='word_1_608' title='bbox 3317 4075 3441 4116; x_wconf 90' lang='lat' dir='ltr'><strong>cor.-</strong></span> 
     </span>
    </p>
   </div>
   <div class='ocr_carea' id='block_1_86' title="bbox 1865 4138 3440 4216">
    <p class='ocr_par' dir='ltr' id='par_1_86' title="bbox 1865 4138 3440 4216">
     <span class='ocr_line' id='line_1_86' title="bbox 1865 4138 3440 4216; baseline 0.009 -25"><span class='ocrx_word' id='word_1_609' title='bbox 1865 4139 2011 4209; x_wconf 91' lang='lat' dir='ltr'><strong>poris</strong></span> <span class='ocrx_word' id='word_1_610' title='bbox 2038 4138 2275 4194; x_wconf 81' lang='lat' dir='ltr'><strong>exterius</strong></span> <span class='ocrx_word' id='word_1_611' title='bbox 2299 4139 2496 4210; x_wconf 88' lang='lat' dir='ltr'><strong>posita.</strong></span> <span class='ocrx_word' id='word_1_612' title='bbox 2528 4141 2808 4210; x_wconf 80' lang='lat' dir='ltr'><strong>Exspuens</strong></span> <span class='ocrx_word' id='word_1_613' title='bbox 2837 4159 2965 4216; x_wconf 83' lang='lat' dir='ltr'><strong>ergo</strong></span> <span class='ocrx_word' id='word_1_614' title='bbox 2993 4145 3044 4199; x_wconf 94' lang='lat' dir='ltr'><strong>in</strong></span> <span class='ocrx_word' id='word_1_615' title='bbox 3075 4149 3260 4204; x_wconf 91' lang='lat' dir='ltr'><strong>oculos</strong></span> <span class='ocrx_word' id='word_1_616' title='bbox 3288 4152 3440 4213; x_wconf 68' lang='lat' dir='ltr'><strong>cazci,</strong></span> 
     </span>
    </p>
   </div>
   <div class='ocr_carea' id='block_1_87' title="bbox 1866 4230 3443 4305">
    <p class='ocr_par' dir='ltr' id='par_1_87' title="bbox 1866 4230 3443 4305">
     <span class='ocr_line' id='line_1_87' title="bbox 1866 4230 3443 4305; baseline 0.006 -19"><span class='ocrx_word' id='word_1_617' title='bbox 1866 4246 2059 4286; x_wconf 89' lang='lat' dir='ltr'><strong>manus</strong></span> <span class='ocrx_word' id='word_1_618' title='bbox 2105 4245 2232 4286; x_wconf 91' lang='lat' dir='ltr'><strong>suas</strong></span> <span class='ocrx_word' id='word_1_619' title='bbox 2282 4230 2541 4302; x_wconf 85' lang='lat' dir='ltr'><strong>imponit,</strong></span> <span class='ocrx_word' id='word_1_620' title='bbox 2588 4240 2648 4287; x_wconf 92' lang='lat' dir='ltr'><strong>ut</strong></span> <span class='ocrx_word' id='word_1_621' title='bbox 2693 4233 2918 4289; x_wconf 89' lang='lat' dir='ltr'><strong>videat:</strong></span> <span class='ocrx_word' id='word_1_622' title='bbox 2963 4236 3088 4305; x_wconf 84' lang='lat' dir='ltr'><strong>quia</strong></span> <span class='ocrx_word' id='word_1_623' title='bbox 3143 4240 3443 4296; x_wconf 70' lang='lat' dir='ltr'><strong>cmcitatem</strong></span> 
     </span>
    </p>
   </div>
   <div class='ocr_carea' id='block_1_88' title="bbox 1866 4325 3441 4402">
    <p class='ocr_par' dir='ltr' id='par_1_88' title="bbox 1866 4325 3441 4402">
     <span class='ocr_line' id='line_1_88' title="bbox 1866 4325 3441 4402; baseline 0.004 -21"><span class='ocrx_word' id='word_1_624' title='bbox 1866 4325 2088 4381; x_wconf 91' lang='lat' dir='ltr'><strong>humani</strong></span> <span class='ocrx_word' id='word_1_625' title='bbox 2112 4325 2324 4396; x_wconf 89' lang='lat' dir='ltr'><strong>generis</strong></span> <span class='ocrx_word' id='word_1_626' title='bbox 2343 4333 2399 4381; x_wconf 91' lang='lat' dir='ltr'><strong>et</strong></span> <span class='ocrx_word' id='word_1_627' title='bbox 2418 4341 2516 4396; x_wconf 89' lang='lat' dir='ltr'><strong>per</strong></span> <span class='ocrx_word' id='word_1_628' title='bbox 2536 4326 2822 4382; x_wconf 86' lang='lat' dir='ltr'><strong>invisibilia</strong></span> <span class='ocrx_word' id='word_1_629' title='bbox 2847 4329 3040 4386; x_wconf 75' lang='lat' dir='ltr'><strong>divina:</strong></span> <span class='ocrx_word' id='word_1_630' title='bbox 3059 4330 3276 4402; x_wconf 87' lang='lat' dir='ltr'><strong>pietatis</strong></span> <span class='ocrx_word' id='word_1_631' title='bbox 3301 4333 3441 4390; x_wconf 85' lang='lat' dir='ltr'><strong>dona</strong></span> 
     </span>
    </p>
   </div>
   <div class='ocr_carea' id='block_1_89' title="bbox 1866 4416 3440 4494">
    <p class='ocr_par' dir='ltr' id='par_1_89' title="bbox 1866 4416 3440 4494">
     <span class='ocr_line' id='line_1_89' title="bbox 1866 4416 3440 4494; baseline 0.007 -21"><span class='ocrx_word' id='word_1_632' title='bbox 1866 4426 1920 4474; x_wconf 92' lang='lat' dir='ltr'><strong>et</strong></span> <span class='ocrx_word' id='word_1_633' title='bbox 1948 4433 2043 4487; x_wconf 90' lang='lat' dir='ltr'><strong>per</strong></span> <span class='ocrx_word' id='word_1_634' title='bbox 2079 4425 2295 4472; x_wconf 84' lang='lat' dir='ltr'><strong>ostensa</strong></span> <span class='ocrx_word' id='word_1_635' title='bbox 2324 4433 2353 4472; x_wconf 89' lang='lat' dir='ltr'><strong>a</strong></span> <span class='ocrx_word' id='word_1_636' title='bbox 2389 4416 2519 4474; x_wconf 90' lang='lat' dir='ltr'><strong>foris</strong></span> <span class='ocrx_word' id='word_1_637' title='bbox 2550 4428 2889 4476; x_wconf 88' lang='lat' dir='ltr'><strong>sacramenta</strong></span> <span class='ocrx_word' id='word_1_638' title='bbox 2927 4432 3200 4494; x_wconf 90' lang='lat' dir='ltr'><strong>assumpta</strong></span> <span class='ocrx_word' id='word_1_639' title='bbox 3245 4423 3440 4484; x_wconf 85' lang='lat' dir='ltr'><strong>huma-</strong></span> 
     </span>
    </p>
   </div>
   <div class='ocr_carea' id='block_1_90' title="bbox 1868 4505 2887 4566">
    <p class='ocr_par' dir='ltr' id='par_1_90' title="bbox 1868 4505 2887 4566">
     <span class='ocr_line' id='line_1_90' title="bbox 1868 4505 2887 4566; baseline -0.002 0"><span class='ocrx_word' id='word_1_640' title='bbox 1868 4512 2052 4566; x_wconf 89' lang='lat' dir='ltr'><strong>nitatis</strong></span> <span class='ocrx_word' id='word_1_641' title='bbox 2081 4511 2352 4566; x_wconf 87' lang='lat' dir='ltr'><strong>abstersit.</strong></span> <span class='ocrx_word' id='word_1_642' title='bbox 2881 4505 2887 4509; x_wconf 77' lang='grc'><strong>’</strong></span> 
     </span>
    </p>
   </div>
   <div class='ocr_carea' id='block_1_91' title="bbox 189 4595 1768 4682">
    <p class='ocr_par' dir='ltr' id='par_1_91' title="bbox 189 4595 1764 4682">
     <span class='ocr_line' id='line_1_91' title="bbox 189 4595 1764 4682; baseline 0.003 -15"><span class='ocrx_word' id='word_1_643' title='bbox 189 4614 314 4670; x_wconf 89' lang='lat' dir='ltr'><strong>tiam</strong></span> <span class='ocrx_word' id='word_1_644' title='bbox 365 4595 716 4682; x_wconf 74' lang='lat' dir='ltr'><strong>saturantur,</strong></span> <span class='ocrx_word' id='word_1_645' title='bbox 763 4631 886 4670; x_wconf 91' lang='lat' dir='ltr'><strong>cum</strong></span> <span class='ocrx_word' id='word_1_646' title='bbox 934 4616 1214 4671; x_wconf 88' lang='lat' dir='ltr'><strong>audientes</strong></span> <span class='ocrx_word' id='word_1_647' title='bbox 1266 4614 1516 4670; x_wconf 88' lang='lat' dir='ltr'><strong>mandata</strong></span> <span class='ocrx_word' id='word_1_648' title='bbox 1552 4616 1647 4670; x_wconf 91' lang='lat' dir='ltr'><strong>Dei</strong></span> <span class='ocrx_word' id='word_1_649' title='bbox 1695 4617 1764 4672; x_wconf 88' lang='lat' dir='ltr'><strong>ad</strong></span> 
     </span>
    </p>
   </div>
   <div class='ocr_carea' id='block_1_92' title="bbox 1882 4595 3443 4682">
    <p class='ocr_par' dir='ltr' id='par_1_92' title="bbox 1937 4603 3443 4679">
     <span class='ocr_line' id='line_1_92' title="bbox 1937 4603 3443 4679; baseline 0.005 -22"><span class='ocrx_word' id='word_1_650' title='bbox 1937 4603 2104 4671; x_wconf 92' lang='lat' dir='ltr'><strong>Quem</strong></span> <span class='ocrx_word' id='word_1_651' title='bbox 2127 4619 2235 4658; x_wconf 94' lang='lat' dir='ltr'><strong>uno</strong></span> <span class='ocrx_word' id='word_1_652' title='bbox 2261 4605 2423 4661; x_wconf 92' lang='lat' dir='ltr'><strong>verbo</strong></span> <span class='ocrx_word' id='word_1_653' title='bbox 2453 4613 2621 4662; x_wconf 89' lang='lat' dir='ltr'><strong>totum</strong></span> <span class='ocrx_word' id='word_1_654' title='bbox 2647 4605 2806 4660; x_wconf 91' lang='lat' dir='ltr'><strong>simul</strong></span> <span class='ocrx_word' id='word_1_655' title='bbox 2833 4621 3024 4662; x_wconf 88' lang='lat' dir='ltr'><strong>curare</strong></span> <span class='ocrx_word' id='word_1_656' title='bbox 3043 4616 3273 4677; x_wconf 90' lang='lat' dir='ltr'><strong>poterat,</strong></span> <span class='ocrx_word' id='word_1_657' title='bbox 3311 4625 3443 4679; x_wconf 81' lang='lat' dir='ltr'><strong>pau-</strong></span> 
     </span>
    </p>
   </div>
   <div class='ocr_carea' id='block_1_93' title="bbox 188 4706 1018 4780">
    <p class='ocr_par' dir='ltr' id='par_1_93' title="bbox 188 4706 1018 4780">
     <span class='ocr_line' id='line_1_93' title="bbox 188 4706 1018 4780; baseline 0.002 -22"><span class='ocrx_word' id='word_1_658' title='bbox 188 4706 348 4762; x_wconf 83' lang='lat' dir='ltr'><strong>vitam</strong></span> <span class='ocrx_word' id='word_1_659' title='bbox 376 4707 705 4780; x_wconf 86' lang='lat' dir='ltr'><strong>perveniunt</strong></span> <span class='ocrx_word' id='word_1_660' title='bbox 737 4715 1018 4762; x_wconf 70' lang='lat' dir='ltr'><strong>aeternam.</strong></span> 
     </span>
    </p>
   </div>
   <div class='ocr_carea' id='block_1_94' title="bbox 258 4799 1766 4873">
    <p class='ocr_par' dir='ltr' id='par_1_94' title="bbox 258 4799 1766 4873">
     <span class='ocr_line' id='line_1_94' title="bbox 258 4799 1766 4873; baseline -0.001 -17"><span class='ocrx_word' id='word_1_661' title='bbox 258 4800 409 4867; x_wconf 88' lang='lat' dir='ltr'><strong>Quod</strong></span> <span class='ocrx_word' id='word_1_662' title='bbox 443 4810 800 4873; x_wconf 76' lang='lat' dir='ltr'><strong>superaverat.</strong></span> <span class='ocrx_word' id='word_1_663' title='bbox 829 4800 954 4873; x_wconf 89' lang='lat' dir='ltr'><strong>(lo.)</strong></span> <span class='ocrx_word' id='word_1_664' title='bbox 995 4799 1202 4855; x_wconf 82' lang='lat' dir='ltr'><strong>Altiora</strong></span> <span class='ocrx_word' id='word_1_665' title='bbox 1248 4808 1514 4871; x_wconf 68' lang='lat' dir='ltr'><strong>prazcepta</strong></span> <span class='ocrx_word' id='word_1_666' title='bbox 1544 4799 1630 4855; x_wconf 89' lang='lat' dir='ltr'><strong>vel</strong></span> <span class='ocrx_word' id='word_1_667' title='bbox 1673 4815 1766 4856; x_wconf 84' lang='lat' dir='ltr'><strong>ex-</strong></span> 
     </span>
    </p>
   </div>
   <div class='ocr_carea' id='block_1_95' title="bbox 191 4892 1767 4965">
    <p class='ocr_par' dir='ltr' id='par_1_95' title="bbox 191 4892 1767 4965">
     <span class='ocr_line' id='line_1_95' title="bbox 191 4892 1767 4965; baseline -0.002 -16"><span class='ocrx_word' id='word_1_668' title='bbox 191 4893 550 4962; x_wconf 82' lang='lat' dir='ltr'><strong>hortamenta,</strong></span> <span class='ocrx_word' id='word_1_669' title='bbox 573 4903 629 4951; x_wconf 91' lang='lat' dir='ltr'><strong>et</strong></span> <span class='ocrx_word' id='word_1_670' title='bbox 648 4894 892 4960; x_wconf 90' lang='lat' dir='ltr'><strong>consilia,</strong></span> <span class='ocrx_word' id='word_1_671' title='bbox 921 4909 1042 4965; x_wconf 70' lang='lat' dir='ltr'><strong>qua:</strong></span> <span class='ocrx_word' id='word_1_672' title='bbox 1066 4893 1333 4964; x_wconf 90' lang='lat' dir='ltr'><strong>generalis</strong></span> <span class='ocrx_word' id='word_1_673' title='bbox 1363 4892 1601 4948; x_wconf 90' lang='lat' dir='ltr'><strong>ﬁdelium</strong></span> <span class='ocrx_word' id='word_1_674' title='bbox 1629 4893 1767 4948; x_wconf 91' lang='lat' dir='ltr'><strong>mul-</strong></span> 
     </span>
    </p>
   </div>
   <div class='ocr_carea' id='block_1_96' title="bbox 193 4983 1767 5058">
    <p class='ocr_par' dir='ltr' id='par_1_96' title="bbox 193 4983 1767 5058">
     <span class='ocr_line' id='line_1_96' title="bbox 193 4983 1767 5058; baseline 0 -18"><span class='ocrx_word' id='word_1_675' title='bbox 193 4985 359 5043; x_wconf 88' lang='lat' dir='ltr'><strong>titudo</strong></span> <span class='ocrx_word' id='word_1_676' title='bbox 387 4987 580 5058; x_wconf 85' lang='lat' dir='ltr'><strong>nequit</strong></span> <span class='ocrx_word' id='word_1_677' title='bbox 621 4986 911 5056; x_wconf 85' lang='lat' dir='ltr'><strong>attingere,</strong></span> <span class='ocrx_word' id='word_1_678' title='bbox 953 4985 1094 5042; x_wconf 85' lang='lat' dir='ltr'><strong>sicut</strong></span> <span class='ocrx_word' id='word_1_679' title='bbox 1121 4985 1210 5041; x_wconf 90' lang='lat' dir='ltr'><strong>hic</strong></span> <span class='ocrx_word' id='word_1_680' title='bbox 1244 5003 1257 5039; x_wconf 93' lang='lat'><strong>:</strong></span> <span class='ocrx_word' id='word_1_681' title='bbox 1295 4983 1354 5040; x_wconf 91' lang='lat' dir='ltr'><strong>Si</strong></span> <span class='ocrx_word' id='word_1_682' title='bbox 1394 4985 1468 5039; x_wconf 87' lang='lat' dir='ltr'><strong>vis</strong></span> <span class='ocrx_word' id='word_1_683' title='bbox 1510 4984 1767 5055; x_wconf 79' lang='lat' dir='ltr'><strong>perfectus</strong></span> 
     </span>
    </p>
   </div>
   <div class='ocr_carea' id='block_1_97' title="bbox 193 5073 1730 5148">
    <p class='ocr_par' dir='ltr' id='par_1_97' title="bbox 193 5073 1730 5148">
     <span class='ocr_line' id='line_1_97' title="bbox 193 5073 1730 5148; baseline 0 -18"><span class='ocrx_word' id='word_1_684' title='bbox 193 5091 314 5144; x_wconf 89' lang='lat' dir='ltr'><strong>esse,</strong></span> <span class='ocrx_word' id='word_1_685' title='bbox 332 5078 465 5134; x_wconf 87' lang='lat' dir='ltr'><strong>vade</strong></span> <span class='ocrx_word' id='word_1_686' title='bbox 481 5087 528 5134; x_wconf 89' lang='lat' dir='ltr'><strong>et</strong></span> <span class='ocrx_word' id='word_1_687' title='bbox 549 5077 708 5133; x_wconf 90' lang='lat' dir='ltr'><strong>vende</strong></span> <span class='ocrx_word' id='word_1_688' title='bbox 723 5077 899 5132; x_wconf 83' lang='lat' dir='ltr'><strong>omnia</strong></span> <span class='ocrx_word' id='word_1_689' title='bbox 914 5093 1030 5148; x_wconf 77' lang='lat' dir='ltr'><strong>qua:</strong></span> <span class='ocrx_word' id='word_1_690' title='bbox 1051 5075 1207 5131; x_wconf 80' lang='lat' dir='ltr'><strong>habes</strong></span> <span class='ocrx_word' id='word_1_691' title='bbox 1227 5073 1440 5148; x_wconf 78' lang='lat' dir='ltr'><strong>(Matth.</strong></span> <span class='ocrx_word' id='word_1_692' title='bbox 1466 5074 1604 5146; x_wconf 75' lang='lat' dir='ltr'><strong>XIX),</strong></span> <span class='ocrx_word' id='word_1_693' title='bbox 1626 5083 1730 5130; x_wconf 89' lang='lat' dir='ltr'><strong>etc.</strong></span> 
     </span>
    </p>
   </div>
   <div class='ocr_carea' id='block_1_98' title="bbox 261 5165 1766 5242">
    <p class='ocr_par' dir='ltr' id='par_1_98' title="bbox 261 5165 1766 5242">
     <span class='ocr_line' id='line_1_98' title="bbox 261 5165 1766 5242; baseline -0.003 -17"><span class='ocrx_word' id='word_1_694' title='bbox 261 5169 469 5240; x_wconf 86' lang='lat' dir='ltr'><strong>Septem</strong></span> <span class='ocrx_word' id='word_1_695' title='bbox 518 5181 740 5242; x_wconf 89' lang='lat' dir='ltr'><strong>sportas.</strong></span> <span class='ocrx_word' id='word_1_696' title='bbox 781 5169 999 5240; x_wconf 89' lang='lat' dir='ltr'><strong>Septem</strong></span> <span class='ocrx_word' id='word_1_697' title='bbox 1041 5175 1267 5238; x_wconf 64' lang='lat' dir='ltr'><strong>sporta,</strong></span> <span class='ocrx_word' id='word_1_698' title='bbox 1313 5165 1546 5236; x_wconf 90' lang='lat' dir='ltr'><strong>Spiritus</strong></span> <span class='ocrx_word' id='word_1_699' title='bbox 1591 5165 1766 5220; x_wconf 91' lang='lat' dir='ltr'><strong>sancti</strong></span> 
     </span>
    </p>
   </div>
   <div class='ocr_carea' id='block_1_99' title="bbox 195 5254 1764 5333">
    <p class='ocr_par' dir='ltr' id='par_1_99' title="bbox 195 5254 1764 5333">
     <span class='ocr_line' id='line_1_99' title="bbox 195 5254 1764 5333; baseline -0.003 -19"><span class='ocrx_word' id='word_1_700' title='bbox 195 5262 362 5332; x_wconf 89' lang='lat' dir='ltr'><strong>gratia</strong></span> <span class='ocrx_word' id='word_1_701' title='bbox 386 5261 688 5333; x_wconf 88' lang='lat' dir='ltr'><strong>septifurmi</strong></span> <span class='ocrx_word' id='word_1_702' title='bbox 709 5260 916 5332; x_wconf 89' lang='lat' dir='ltr'><strong>repleti.</strong></span> <span class='ocrx_word' id='word_1_703' title='bbox 939 5259 1101 5315; x_wconf 86' lang='lat' dir='ltr'><strong>Fiunt</strong></span> <span class='ocrx_word' id='word_1_704' title='bbox 1119 5259 1261 5314; x_wconf 91' lang='lat' dir='ltr'><strong>enim</strong></span> <span class='ocrx_word' id='word_1_705' title='bbox 1284 5265 1480 5328; x_wconf 64' lang='lat' dir='ltr'><strong>sporta:</strong></span> <span class='ocrx_word' id='word_1_706' title='bbox 1498 5257 1564 5312; x_wconf 93' lang='lat' dir='ltr'><strong>de</strong></span> <span class='ocrx_word' id='word_1_707' title='bbox 1578 5254 1764 5326; x_wconf 88' lang='lat' dir='ltr'><strong>junco,</strong></span> 
     </span>
    </p>
   </div>
   <div class='ocr_carea' id='block_1_100' title="bbox 197 5349 1764 5424">
    <p class='ocr_par' dir='ltr' id='par_1_100' title="bbox 197 5349 1764 5424">
     <span class='ocr_line' id='line_1_100' title="bbox 197 5349 1764 5424; baseline 0 -20"><span class='ocrx_word' id='word_1_708' title='bbox 197 5359 249 5405; x_wconf 90' lang='lat' dir='ltr'><strong>et</strong></span> <span class='ocrx_word' id='word_1_709' title='bbox 289 5353 594 5424; x_wconf 89' lang='lat' dir='ltr'><strong>palmarum</strong></span> <span class='ocrx_word' id='word_1_710' title='bbox 641 5353 802 5410; x_wconf 91' lang='lat' dir='ltr'><strong>foliis.</strong></span> <span class='ocrx_word' id='word_1_711' title='bbox 847 5351 1051 5409; x_wconf 81' lang='lat' dir='ltr'><strong>Juncus</strong></span> <span class='ocrx_word' id='word_1_712' title='bbox 1098 5349 1338 5406; x_wconf 88' lang='lat' dir='ltr'><strong>nascitur</strong></span> <span class='ocrx_word' id='word_1_713' title='bbox 1385 5364 1545 5420; x_wconf 91' lang='lat' dir='ltr'><strong>super</strong></span> <span class='ocrx_word' id='word_1_714' title='bbox 1571 5364 1764 5419; x_wconf 90' lang='lat' dir='ltr'><strong>aquas,</strong></span> 
     </span>
    </p>
   </div>
   <div class='ocr_carea' id='block_1_101' title="bbox 197 5439 1752 5511">
    <p class='ocr_par' dir='ltr' id='par_1_101' title="bbox 197 5439 1752 5511">
     <span class='ocr_line' id='line_1_101' title="bbox 197 5439 1752 5511; baseline -0.001 -16"><span class='ocrx_word' id='word_1_715' title='bbox 197 5442 370 5511; x_wconf 88' lang='lat' dir='ltr'><strong>palma</strong></span> <span class='ocrx_word' id='word_1_716' title='bbox 404 5446 665 5500; x_wconf 90' lang='lat' dir='ltr'><strong>victorem</strong></span> <span class='ocrx_word' id='word_1_717' title='bbox 711 5452 953 5500; x_wconf 91' lang='lat' dir='ltr'><strong>coronat.</strong></span> <span class='ocrx_word' id='word_1_718' title='bbox 987 5441 1171 5498; x_wconf 91' lang='lat' dir='ltr'><strong>Sancti</strong></span> <span class='ocrx_word' id='word_1_719' title='bbox 1213 5454 1427 5511; x_wconf 84' lang='lat' dir='ltr'><strong>quoque</strong></span> <span class='ocrx_word' id='word_1_720' title='bbox 1454 5456 1524 5496; x_wconf 90' lang='lat' dir='ltr'><strong>ne</strong></span> <span class='ocrx_word' id='word_1_721' title='bbox 1564 5439 1632 5494; x_wconf 90' lang='lat' dir='ltr'><strong>ab</strong></span> <span class='ocrx_word' id='word_1_722' title='bbox 1662 5439 1752 5494; x_wconf 83' lang='lat' dir='ltr'><strong>hu-</strong></span> 
     </span>
    </p>
   </div>
   <div class='ocr_carea' id='block_1_102' title="bbox 199 5528 1743 5602">
    <p class='ocr_par' dir='ltr' id='par_1_102' title="bbox 199 5528 1743 5602">
     <span class='ocr_line' id='line_1_102' title="bbox 199 5528 1743 5602; baseline -0.002 -17"><span class='ocrx_word' id='word_1_723' title='bbox 199 5546 345 5588; x_wconf 90' lang='lat' dir='ltr'><strong>more</strong></span> <span class='ocrx_word' id='word_1_724' title='bbox 375 5535 693 5590; x_wconf 70' lang='lat' dir='ltr'><strong>aeternitatis</strong></span> <span class='ocrx_word' id='word_1_725' title='bbox 719 5542 990 5600; x_wconf 89' lang='lat' dir='ltr'><strong>arescant,</strong></span> <span class='ocrx_word' id='word_1_726' title='bbox 1014 5533 1068 5587; x_wconf 94' lang='lat' dir='ltr'><strong>in</strong></span> <span class='ocrx_word' id='word_1_727' title='bbox 1095 5533 1212 5602; x_wconf 89' lang='lat' dir='ltr'><strong>ipso</strong></span> <span class='ocrx_word' id='word_1_728' title='bbox 1253 5531 1375 5585; x_wconf 75' lang='lat' dir='ltr'><strong>vita:</strong></span> <span class='ocrx_word' id='word_1_729' title='bbox 1399 5528 1547 5584; x_wconf 90' lang='lat' dir='ltr'><strong>fonte</strong></span> <span class='ocrx_word' id='word_1_730' title='bbox 1579 5545 1637 5584; x_wconf 93' lang='lat' dir='ltr'><strong>se</strong></span> <span class='ocrx_word' id='word_1_731' title='bbox 1659 5529 1743 5585; x_wconf 93' lang='lat' dir='ltr'><strong>col</strong></span> 
     </span>
    </p>
   </div>
   <div class='ocr_carea' id='block_1_103' title="bbox 199 5619 1767 5693">
    <p class='ocr_par' dir='ltr' id='par_1_103' title="bbox 199 5619 1767 5693">
     <span class='ocr_line' id='line_1_103' title="bbox 199 5619 1767 5693; baseline -0.003 -15"><span class='ocrx_word' id='word_1_732' title='bbox 199 5619 398 5690; x_wconf 84' lang='lat' dir='ltr'><strong>locant,</strong></span> <span class='ocrx_word' id='word_1_733' title='bbox 427 5634 483 5680; x_wconf 91' lang='lat' dir='ltr'><strong>et</strong></span> <span class='ocrx_word' id='word_1_734' title='bbox 514 5635 728 5682; x_wconf 70' lang='lat' dir='ltr'><strong>aeterna:</strong></span> <span class='ocrx_word' id='word_1_735' title='bbox 754 5623 1123 5681; x_wconf 87' lang='lat' dir='ltr'><strong>retributionis</strong></span> <span class='ocrx_word' id='word_1_736' title='bbox 1166 5623 1400 5693; x_wconf 89' lang='lat' dir='ltr'><strong>palmam</strong></span> <span class='ocrx_word' id='word_1_737' title='bbox 1435 5627 1767 5691; x_wconf 84' lang='lat' dir='ltr'><strong>exspectant.</strong></span> 
     </span>
    </p>
   </div>
   <div class='ocr_carea' id='block_1_104' title="bbox 271 5717 1771 5778">
    <p class='ocr_par' dir='ltr' id='par_1_104' title="bbox 271 5717 1771 5778">
     <span class='ocr_line' id='line_1_104' title="bbox 271 5717 1771 5778; baseline -0.002 -5"><span class='ocrx_word' id='word_1_738' title='bbox 271 5717 438 5776; x_wconf 81' lang='lat' dir='ltr'><strong>Vens.</strong></span> <span class='ocrx_word' id='word_1_739' title='bbox 473 5722 556 5777; x_wconf 83' lang='lat' dir='ltr'><strong>l0.</strong></span> <span class='ocrx_word' id='word_1_740' title='bbox 583 5753 651 5765; x_wconf 94' lang='lat'><strong><em>—</em></strong></span> <span class='ocrx_word' id='word_1_741' title='bbox 674 5722 742 5778; x_wconf 84' lang='lat' dir='ltr'><strong>Et</strong></span> <span class='ocrx_word' id='word_1_742' title='bbox 763 5723 957 5778; x_wconf 89' lang='lat' dir='ltr'><strong>statim.</strong></span> <span class='ocrx_word' id='word_1_743' title='bbox 991 5720 1096 5775; x_wconf 90' lang='lat' dir='ltr'><strong>Pro</strong></span> <span class='ocrx_word' id='word_1_744' title='bbox 1118 5720 1220 5774; x_wconf 88' lang='lat' dir='ltr'><strong>hoc</strong></span> <span class='ocrx_word' id='word_1_745' title='bbox 1244 5719 1299 5773; x_wconf 93' lang='lat' dir='ltr'><strong>in</strong></span> <span class='ocrx_word' id='word_1_746' title='bbox 1329 5717 1582 5772; x_wconf 75' lang='lat' dir='ltr'><strong>Matthteo</strong></span> <span class='ocrx_word' id='word_1_747' title='bbox 1609 5717 1771 5772; x_wconf 85' lang='lat' dir='ltr'><strong>habe-</strong></span> 
     </span>
    </p>
   </div>
   <div class='ocr_carea' id='block_1_105' title="bbox 200 5806 1772 5890">
    <p class='ocr_par' dir='ltr' id='par_1_105' title="bbox 200 5806 1772 5890">
     <span class='ocr_line' id='line_1_105' title="bbox 200 5806 1772 5890; baseline 0.001 -26"><span class='ocrx_word' id='word_1_748' title='bbox 200 5821 358 5868; x_wconf 85' lang='lat' dir='ltr'><strong>mus:</strong></span> <span class='ocrx_word' id='word_1_749' title='bbox 391 5816 632 5872; x_wconf 77' lang='lat' dir='ltr'><strong>Ascendit</strong></span> <span class='ocrx_word' id='word_1_750' title='bbox 660 5818 714 5872; x_wconf 88' lang='lat' dir='ltr'><strong>in</strong></span> <span class='ocrx_word' id='word_1_751' title='bbox 743 5814 1067 5884; x_wconf 75' lang='lat' dir='ltr'><strong>naviculam,</strong></span> <span class='ocrx_word' id='word_1_752' title='bbox 1095 5822 1141 5868; x_wconf 89' lang='lat' dir='ltr'><strong>et</strong></span> <span class='ocrx_word' id='word_1_753' title='bbox 1177 5810 1308 5867; x_wconf 84' lang='lat' dir='ltr'><strong>venit</strong></span> <span class='ocrx_word' id='word_1_754' title='bbox 1345 5810 1402 5865; x_wconf 84' lang='lat' dir='ltr'><strong>in</strong></span> <span class='ocrx_word' id='word_1_755' title='bbox 1433 5807 1565 5878; x_wconf 79' lang='lat' dir='ltr'><strong>ﬁnes</strong></span> <span class='ocrx_word' id='word_1_756' title='bbox 1593 5806 1772 5890; x_wconf 82' lang='lat' dir='ltr'><strong>Mage-</strong></span> 
     </span>
    </p>
   </div>
   <div class='ocr_carea' id='block_1_106' title="bbox 1866 4696 3442 4770">
    <p class='ocr_par' dir='ltr' id='par_1_106' title="bbox 1866 4696 3442 4770">
     <span class='ocr_line' id='line_1_106' title="bbox 1866 4696 3442 4770; baseline 0.004 -19"><span class='ocrx_word' id='word_1_757' title='bbox 1866 4696 2014 4751; x_wconf 87' lang='lat' dir='ltr'><strong>latim</strong></span> <span class='ocrx_word' id='word_1_758' title='bbox 2067 4705 2252 4764; x_wconf 86' lang='lat' dir='ltr'><strong>curat,</strong></span> <span class='ocrx_word' id='word_1_759' title='bbox 2304 4706 2365 4752; x_wconf 93' lang='lat' dir='ltr'><strong>ut</strong></span> <span class='ocrx_word' id='word_1_760' title='bbox 2406 4696 2828 4770; x_wconf 88' lang='lat' dir='ltr'><strong>magnitudinem</strong></span> <span class='ocrx_word' id='word_1_761' title='bbox 2885 4698 3134 4753; x_wconf 71' lang='lat' dir='ltr'><strong>humana:</strong></span> <span class='ocrx_word' id='word_1_762' title='bbox 3184 4701 3442 4759; x_wconf 77' lang='lat' dir='ltr'><strong>etecitatis</strong></span> 
     </span>
    </p>
   </div>
   <div class='ocr_carea' id='block_1_107' title="bbox 1865 4790 3443 4862">
    <p class='ocr_par' dir='ltr' id='par_1_107' title="bbox 1865 4790 3443 4862">
     <span class='ocr_line' id='line_1_107' title="bbox 1865 4790 3443 4862; baseline 0.003 -16"><span class='ocrx_word' id='word_1_763' title='bbox 1865 4790 2114 4846; x_wconf 89' lang='lat' dir='ltr'><strong>ostendat</strong></span> <span class='ocrx_word' id='word_1_764' title='bbox 2142 4809 2155 4844; x_wconf 89' lang='lat'><strong>:</strong></span> <span class='ocrx_word' id='word_1_765' title='bbox 2190 4798 2246 4846; x_wconf 91' lang='lat' dir='ltr'><strong>et</strong></span> <span class='ocrx_word' id='word_1_766' title='bbox 2271 4805 2391 4860; x_wconf 75' lang='lat' dir='ltr'><strong>qua:</strong></span> <span class='ocrx_word' id='word_1_767' title='bbox 2420 4790 2510 4846; x_wconf 84' lang='lat' dir='ltr'><strong>vix</strong></span> <span class='ocrx_word' id='word_1_768' title='bbox 2540 4799 2595 4845; x_wconf 92' lang='lat' dir='ltr'><strong>et</strong></span> <span class='ocrx_word' id='word_1_769' title='bbox 2625 4791 2780 4860; x_wconf 88' lang='lat' dir='ltr'><strong>quasi</strong></span> <span class='ocrx_word' id='word_1_770' title='bbox 2811 4804 2906 4860; x_wconf 90' lang='lat' dir='ltr'><strong>per</strong></span> <span class='ocrx_word' id='word_1_771' title='bbox 2931 4792 3130 4862; x_wconf 88' lang='lat' dir='ltr'><strong>gradus</strong></span> <span class='ocrx_word' id='word_1_772' title='bbox 3155 4793 3222 4846; x_wconf 91' lang='lat' dir='ltr'><strong>ad</strong></span> <span class='ocrx_word' id='word_1_773' title='bbox 3266 4793 3443 4850; x_wconf 87' lang='lat' dir='ltr'><strong>lucem</strong></span> 
     </span>
    </p>
   </div>
   <div class='ocr_carea' id='block_1_108' title="bbox 1866 4880 3442 4957">
    <p class='ocr_par' dir='ltr' id='par_1_108' title="bbox 1866 4880 3442 4957">
     <span class='ocr_line' id='line_1_108' title="bbox 1866 4880 3442 4957; baseline 0.003 -19"><span class='ocrx_word' id='word_1_774' title='bbox 1866 4883 2070 4949; x_wconf 85' lang='lat' dir='ltr'><strong>redeat,</strong></span> <span class='ocrx_word' id='word_1_775' title='bbox 2103 4890 2158 4937; x_wconf 91' lang='lat' dir='ltr'><strong>et</strong></span> <span class='ocrx_word' id='word_1_776' title='bbox 2203 4881 2434 4952; x_wconf 89' lang='lat' dir='ltr'><strong>gratiam</strong></span> <span class='ocrx_word' id='word_1_777' title='bbox 2479 4896 2632 4936; x_wconf 88' lang='lat' dir='ltr'><strong>suam</strong></span> <span class='ocrx_word' id='word_1_778' title='bbox 2679 4880 2835 4937; x_wconf 90' lang='lat' dir='ltr'><strong>nobis</strong></span> <span class='ocrx_word' id='word_1_779' title='bbox 2863 4883 3083 4950; x_wconf 89' lang='lat' dir='ltr'><strong>indicat,</strong></span> <span class='ocrx_word' id='word_1_780' title='bbox 3127 4900 3233 4956; x_wconf 85' lang='lat' dir='ltr'><strong>per</strong></span> <span class='ocrx_word' id='word_1_781' title='bbox 3279 4903 3442 4957; x_wconf 89' lang='lat' dir='ltr'><strong>quam</strong></span> 
     </span>
    </p>
   </div>
   <div class='ocr_carea' id='block_1_109' title="bbox 1869 4975 3114 5047">
    <p class='ocr_par' dir='ltr' id='par_1_109' title="bbox 1869 4975 3114 5047">
     <span class='ocr_line' id='line_1_109' title="bbox 1869 4975 3114 5047; baseline -0.002 -13"><span class='ocrx_word' id='word_1_782' title='bbox 1869 4976 2077 5045; x_wconf 89' lang='lat' dir='ltr'><strong>singula</strong></span> <span class='ocrx_word' id='word_1_783' title='bbox 2103 4975 2451 5046; x_wconf 87' lang='lat' dir='ltr'><strong>perfectionis</strong></span> <span class='ocrx_word' id='word_1_784' title='bbox 2477 4975 2809 5031; x_wconf 88' lang='lat' dir='ltr'><strong>incrementa</strong></span> <span class='ocrx_word' id='word_1_785' title='bbox 2839 4976 3114 5047; x_wconf 90' lang='lat' dir='ltr'><strong>adjuvant.</strong></span> 
     </span>
    </p>
   </div>
   <div class='ocr_carea' id='block_1_110' title="bbox 1945 5065 3445 5140">
    <p class='ocr_par' dir='ltr' id='par_1_110' title="bbox 1945 5065 3445 5140">
     <span class='ocr_line' id='line_1_110' title="bbox 1945 5065 3445 5140; baseline 0.003 -17"><span class='ocrx_word' id='word_1_786' title='bbox 1945 5069 2107 5123; x_wconf 79' lang='lat' dir='ltr'><strong>Vens.</strong></span> <span class='ocrx_word' id='word_1_787' title='bbox 2139 5066 2229 5122; x_wconf 73' lang='grc'><strong>24.</strong></span> <span class='ocrx_word' id='word_1_788' title='bbox 2257 5097 2326 5108; x_wconf 92' lang='lat'><strong>-—</strong></span> <span class='ocrx_word' id='word_1_789' title='bbox 2360 5065 2521 5120; x_wconf 84' lang='lat' dir='ltr'><strong>Video</strong></span> <span class='ocrx_word' id='word_1_790' title='bbox 2563 5065 2829 5132; x_wconf 82' lang='lat' dir='ltr'><strong>homines,</strong></span> <span class='ocrx_word' id='word_1_791' title='bbox 2866 5074 2971 5122; x_wconf 91' lang='lat' dir='ltr'><strong>etc.</strong></span> <span class='ocrx_word' id='word_1_792' title='bbox 3007 5067 3212 5140; x_wconf 73' lang='grc' dir='ltr'><strong>(Ηιιειι.)</strong></span> <span class='ocrx_word' id='word_1_793' title='bbox 3243 5070 3445 5128; x_wconf 78' lang='lat' dir='ltr'><strong>Omnes</strong></span> 
     </span>
    </p>
   </div>
   <div class='ocr_carea' id='block_1_111' title="bbox 1872 5157 3446 5230">
    <p class='ocr_par' dir='ltr' id='par_1_111' title="bbox 1872 5157 3446 5230">
     <span class='ocr_line' id='line_1_111' title="bbox 1872 5157 3446 5230; baseline -0.001 -10"><span class='ocrx_word' id='word_1_794' title='bbox 1872 5161 2104 5220; x_wconf 59' lang='lat' dir='ltr'><strong>astimat</strong></span> <span class='ocrx_word' id='word_1_795' title='bbox 2145 5157 2248 5214; x_wconf 91' lang='lat' dir='ltr'><strong>sibi</strong></span> <span class='ocrx_word' id='word_1_796' title='bbox 2279 5158 2613 5228; x_wconf 87' lang='lat' dir='ltr'><strong>superiores,</strong></span> <span class='ocrx_word' id='word_1_797' title='bbox 2652 5172 2712 5213; x_wconf 91' lang='lat' dir='ltr'><strong>se</strong></span> <span class='ocrx_word' id='word_1_798' title='bbox 2742 5158 3016 5228; x_wconf 89' lang='lat' dir='ltr'><strong>indignum</strong></span> <span class='ocrx_word' id='word_1_799' title='bbox 3043 5159 3294 5230; x_wconf 88' lang='lat' dir='ltr'><strong>judicans</strong></span> <span class='ocrx_word' id='word_1_800' title='bbox 3334 5183 3346 5216; x_wconf 91' lang='lat'><strong>:</strong></span> <span class='ocrx_word' id='word_1_801' title='bbox 3387 5175 3446 5219; x_wconf 90' lang='lat' dir='ltr'><strong>ut</strong></span> 
     </span>
    </p>
   </div>
   <div class='ocr_carea' id='block_1_112' title="bbox 1872 5250 3444 5315">
    <p class='ocr_par' dir='ltr' id='par_1_112' title="bbox 1872 5250 3444 5315">
     <span class='ocr_line' id='line_1_112' title="bbox 1872 5250 3444 5315; baseline 0.003 -8"><span class='ocrx_word' id='word_1_802' title='bbox 1872 5251 2041 5308; x_wconf 90' lang='lat' dir='ltr'><strong>David</strong></span> <span class='ocrx_word' id='word_1_803' title='bbox 2072 5265 2131 5308; x_wconf 87' lang='lat' dir='ltr'><strong>se</strong></span> <span class='ocrx_word' id='word_1_804' title='bbox 2170 5250 2353 5307; x_wconf 92' lang='lat' dir='ltr'><strong>vocari</strong></span> <span class='ocrx_word' id='word_1_805' title='bbox 2403 5250 2672 5306; x_wconf 90' lang='lat' dir='ltr'><strong>hominem</strong></span> <span class='ocrx_word' id='word_1_806' title='bbox 2693 5289 2708 5315; x_wconf 92' lang='lat'><strong>,</strong></span> <span class='ocrx_word' id='word_1_807' title='bbox 2747 5250 2840 5306; x_wconf 92' lang='lat' dir='ltr'><strong>sed</strong></span> <span class='ocrx_word' id='word_1_808' title='bbox 2868 5266 3060 5308; x_wconf 90' lang='lat' dir='ltr'><strong>canem</strong></span> <span class='ocrx_word' id='word_1_809' title='bbox 3089 5264 3358 5312; x_wconf 87' lang='lat' dir='ltr'><strong>mortuum</strong></span> <span class='ocrx_word' id='word_1_810' title='bbox 3389 5268 3444 5311; x_wconf 80' lang='lat' dir='ltr'><strong>et</strong></span> 
     </span>
    </p>
   </div>
   <div class='ocr_carea' id='block_1_113' title="bbox 1870 5338 3444 5415">
    <p class='ocr_par' dir='ltr' id='par_1_113' title="bbox 1870 5338 3444 5415">
     <span class='ocr_line' id='line_1_113' title="bbox 1870 5338 3444 5415; baseline 0.003 -19"><span class='ocrx_word' id='word_1_811' title='bbox 1870 5342 2103 5414; x_wconf 91' lang='lat' dir='ltr'><strong>pulicem</strong></span> <span class='ocrx_word' id='word_1_812' title='bbox 2147 5355 2333 5396; x_wconf 90' lang='lat' dir='ltr'><strong>unum.</strong></span> <span class='ocrx_word' id='word_1_813' title='bbox 2379 5338 2560 5394; x_wconf 89' lang='lat' dir='ltr'><strong>Primo</strong></span> <span class='ocrx_word' id='word_1_814' title='bbox 2602 5347 2814 5406; x_wconf 90' lang='lat' dir='ltr'><strong>autem,</strong></span> <span class='ocrx_word' id='word_1_815' title='bbox 2855 5351 2985 5409; x_wconf 82' lang='lat' dir='ltr'><strong>etc.,</strong></span> <span class='ocrx_word' id='word_1_816' title='bbox 3027 5359 3189 5415; x_wconf 84' lang='lat' dir='ltr'><strong>usque</strong></span> <span class='ocrx_word' id='word_1_817' title='bbox 3219 5346 3286 5399; x_wconf 85' lang='lat' dir='ltr'><strong>ad</strong></span> <span class='ocrx_word' id='word_1_818' title='bbox 3319 5346 3444 5400; x_wconf 83' lang='lat' dir='ltr'><strong>huic</strong></span> 
     </span>
    </p>
   </div>
   <div class='ocr_carea' id='block_1_114' title="bbox 1873 5431 3443 5506">
    <p class='ocr_par' dir='ltr' id='par_1_114' title="bbox 1873 5431 3443 5506">
     <span class='ocr_line' id='line_1_114' title="bbox 1873 5431 3443 5506; baseline -0.001 -13"><span class='ocrx_word' id='word_1_819' title='bbox 1873 5437 2135 5494; x_wconf 91' lang='lat' dir='ltr'><strong>Dominus</strong></span> <span class='ocrx_word' id='word_1_820' title='bbox 2153 5433 2386 5490; x_wconf 89' lang='lat' dir='ltr'><strong>secunda</strong></span> <span class='ocrx_word' id='word_1_821' title='bbox 2407 5431 2748 5504; x_wconf 86' lang='lat' dir='ltr'><strong>impositione</strong></span> <span class='ocrx_word' id='word_1_822' title='bbox 2767 5449 3043 5502; x_wconf 90' lang='lat' dir='ltr'><strong>manuum,</strong></span> <span class='ocrx_word' id='word_1_823' title='bbox 3067 5435 3239 5492; x_wconf 88' lang='lat' dir='ltr'><strong>lucem</strong></span> <span class='ocrx_word' id='word_1_824' title='bbox 3261 5438 3443 5506; x_wconf 82' lang='lat' dir='ltr'><strong>omnia</strong></span> 
     </span>
    </p>
   </div>
   <div class='ocr_carea' id='block_1_115' title="bbox 1874 5527 3438 5600">
    <p class='ocr_par' dir='ltr' id='par_1_115' title="bbox 1874 5527 3438 5600">
     <span class='ocr_line' id='line_1_115' title="bbox 1874 5527 3438 5600; baseline -0.004 -12"><span class='ocrx_word' id='word_1_825' title='bbox 1874 5533 2020 5588; x_wconf 88' lang='lat' dir='ltr'><strong>clara</strong></span> <span class='ocrx_word' id='word_1_826' title='bbox 2073 5529 2287 5585; x_wconf 89' lang='lat' dir='ltr'><strong>videndi</strong></span> <span class='ocrx_word' id='word_1_827' title='bbox 2321 5527 2554 5584; x_wconf 89' lang='lat' dir='ltr'><strong>restituit</strong></span> <span class='ocrx_word' id='word_1_828' title='bbox 2597 5545 2610 5582; x_wconf 88' lang='lat'><strong>:</strong></span> <span class='ocrx_word' id='word_1_829' title='bbox 2660 5527 2865 5584; x_wconf 90' lang='lat' dir='ltr'><strong>scilicet</strong></span> <span class='ocrx_word' id='word_1_830' title='bbox 2914 5529 3045 5600; x_wconf 91' lang='lat' dir='ltr'><strong>quid</strong></span> <span class='ocrx_word' id='word_1_831' title='bbox 3095 5530 3438 5599; x_wconf 79' lang='lat' dir='ltr'><strong>credendum,</strong></span> 
     </span>
    </p>
   </div>
   <div class='ocr_carea' id='block_1_116' title="bbox 1875 5619 3440 5696">
    <p class='ocr_par' dir='ltr' id='par_1_116' title="bbox 1875 5619 3440 5696">
     <span class='ocr_line' id='line_1_116' title="bbox 1875 5619 3440 5696; baseline -0.003 -17"><span class='ocrx_word' id='word_1_832' title='bbox 1875 5622 2145 5696; x_wconf 89' lang='lat' dir='ltr'><strong>quomodo</strong></span> <span class='ocrx_word' id='word_1_833' title='bbox 2173 5620 2476 5684; x_wconf 78' lang='lat' dir='ltr'><strong>vivendum,</strong></span> <span class='ocrx_word' id='word_1_834' title='bbox 2503 5634 2622 5690; x_wconf 68' lang='lat' dir='ltr'><strong>quae</strong></span> <span class='ocrx_word' id='word_1_835' title='bbox 2643 5619 2860 5690; x_wconf 66' lang='lat' dir='ltr'><strong>praemia</strong></span> <span class='ocrx_word' id='word_1_836' title='bbox 2890 5628 3015 5676; x_wconf 89' lang='lat' dir='ltr'><strong>sunt</strong></span> <span class='ocrx_word' id='word_1_837' title='bbox 3037 5619 3325 5690; x_wconf 79' lang='lat' dir='ltr'><strong>speranda.</strong></span> <span class='ocrx_word' id='word_1_838' title='bbox 3407 5654 3412 5671; x_wconf 93' lang='lat'><strong>-.</strong></span> <span class='ocrx_word' id='word_1_839' title='bbox 3437 5654 3440 5656; x_wconf 60' lang='grc' dir='ltr'><strong><em>η</em></strong></span> 
     </span>
    </p>
   </div>
   <div class='ocr_carea' id='block_1_117' title="bbox 1947 5709 3446 5784">
    <p class='ocr_par' dir='ltr' id='par_1_117' title="bbox 1947 5709 3446 5784">
     <span class='ocr_line' id='line_1_117' title="bbox 1947 5709 3446 5784; baseline -0.003 -12"><span class='ocrx_word' id='word_1_840' title='bbox 1947 5716 2109 5772; x_wconf 87' lang='lat' dir='ltr'><strong>Vens.</strong></span> <span class='ocrx_word' id='word_1_841' title='bbox 2141 5711 2230 5767; x_wconf 72' lang='lat'><strong>25.</strong></span> <span class='ocrx_word' id='word_1_842' title='bbox 2260 5742 2332 5753; x_wconf 90' lang='lat'><strong><em>—</em></strong></span> <span class='ocrx_word' id='word_1_843' title='bbox 2356 5711 2556 5767; x_wconf 82' lang='lat' dir='ltr'><strong>Deinde</strong></span> <span class='ocrx_word' id='word_1_844' title='bbox 2582 5714 2790 5778; x_wconf 88' lang='lat' dir='ltr'><strong>iterum,</strong></span> <span class='ocrx_word' id='word_1_845' title='bbox 2819 5720 2924 5770; x_wconf 90' lang='lat' dir='ltr'><strong>etc.</strong></span> <span class='ocrx_word' id='word_1_846' title='bbox 2962 5711 3168 5784; x_wconf 71' lang='grc' dir='ltr'><strong>(Ηιειι.)</strong></span> <span class='ocrx_word' id='word_1_847' title='bbox 3207 5711 3274 5767; x_wconf 86' lang='lat' dir='ltr'><strong>Ut</strong></span> <span class='ocrx_word' id='word_1_848' title='bbox 3297 5709 3446 5780; x_wconf 75' lang='lat' dir='ltr'><strong>claro</strong></span> 
     </span>
    </p>
   </div>
   <div class='ocr_carea' id='block_1_118' title="bbox 1869 5802 3447 5892">
    <p class='ocr_par' dir='ltr' id='par_1_118' title="bbox 1869 5802 3447 5892">
     <span class='ocr_line' id='line_1_118' title="bbox 1869 5802 3447 5892; baseline -0.001 -24"><span class='ocrx_word' id='word_1_849' title='bbox 1869 5810 2082 5892; x_wconf 73' lang='lat' dir='ltr'><strong>videret</strong></span> <span class='ocrx_word' id='word_1_850' title='bbox 2103 5806 2303 5876; x_wconf 91' lang='lat' dir='ltr'><strong>omnia,</strong></span> <span class='ocrx_word' id='word_1_851' title='bbox 2351 5805 2403 5863; x_wconf 87' lang='lat' dir='ltr'><strong>id</strong></span> <span class='ocrx_word' id='word_1_852' title='bbox 2445 5815 2527 5863; x_wconf 83' lang='lat' dir='ltr'><strong>est</strong></span> <span class='ocrx_word' id='word_1_853' title='bbox 2572 5821 2668 5878; x_wconf 88' lang='lat' dir='ltr'><strong>per</strong></span> <span class='ocrx_word' id='word_1_854' title='bbox 2699 5821 2862 5878; x_wconf 84' lang='lat' dir='ltr'><strong>opera</strong></span> <span class='ocrx_word' id='word_1_855' title='bbox 2898 5803 3129 5870; x_wconf 70' lang='lat' dir='ltr'><strong>visibilia</strong></span> <span class='ocrx_word' id='word_1_856' title='bbox 3155 5802 3447 5866; x_wconf 63' lang='lat' dir='ltr'><strong>invisibilis</strong></span> 
     </span>
    </p>
   </div>
  </div>
