3960 6336
492 363 594 420 Ili

992 358 1389 416 WALAFRIDI
1427 355 1677 414 STRABI
1708 356 1915 413 FULD.
1957 353 2063 410 ΜΟῙ

2182 353 2315 410 )PP.
2355 352 2538 411 PARS
2571 354 2613 410 Ι.
2649 378 2720 397 -—
2759 351 3214 411 THEOLOGICA.

3648 353 3763 410 9η

464 479 846 551 intelligeret,
887 484 945 534 et
995 492 1116 547 quae
1164 475 1351 532 oculus
1401 490 1509 529 non
1556 473 1708 537 vidit,
1743 479 1799 525 et
1826 471 2069 535 clarum,
2097 471 2155 544 Α,
2176 467 2344 523 menti
2372 468 2426 522 in
2458 476 2660 522 terram
2690 467 2902 530 cadere,
2931 476 2993 521 ut
3016 466 3241 529 multum
3274 460 3511 521 fructum
3540 461 3760 519 aderat.

446 622 461 641 ε
492 570 688 625 anima:
712 584 822 624 suae
842 576 1040 627 statum
1064 572 1183 637 post
1198 565 1500 635 rubiginem
1521 562 1727 634 peccati
1748 560 1930 615 mundi
1953 574 2074 613 cor-

493 659 579 714 dis
614 659 772 715 oculo
796 657 1272 729 contemplaretur.
1311 654 1462 709 Beati
1490 654 1628 709 enim
1665 652 1859 706 mundo
1893 649 2072 717 corde,

490 755 741 824 quoniam
765 753 865 825 ipsi
885 751 1051 807 Deum
1081 750 1322 805 videbunt
1354 748 1568 820 (Matth.
1595 748 1671 819 v).

564 844 729 901 Vsus.
761 844 945 900 26.——
970 842 1040 897 Et
1079 844 1241 897 misit.
1293 842 1502 913 (illam)
1554 840 1623 897 Ut
1666 838 1872 893 videret
1917 837 1972 891 in
2013 849 2113 892 se

490 935 634 1005 quod
657 928 783 988 ante
807 950 913 990 non
938 934 1092 990 vidit.
1118 932 1235 1003 Non
1257 933 1401 989 enim
1427 938 1582 1002 putat
1600 930 1895 998 desperans
1912 928 2075 983 homo

491 1025 560 1082 de
604 1026 776 1091 salute
804 1026 1026 1085 omnino
1053 1041 1213 1097 posse
1246 1041 1305 1083 se
1334 1026 1484 1098 quod
1530 1025 1713 1082 facere
1738 1024 2075 1080 illuminatus

485 1132 586 1189 per
616 1134 763 1190 spem
793 1126 971 1189 potest
1000 1118 1282 1189 perﬁcere.

563 1207 808 1279 Mystice.
837 1210 1109 1266 Admonet
1150 1209 1409 1264 Dominus
1450 1222 1640 1266 omnes
1683 1208 1774 1277 qui
1805 1207 2076 1277 agnitione

487 1301 734 1357 veritatis
758 1302 1117 1368 illustrantur,
1144 1310 1202 1356 ut
1240 1302 1307 1355 ad
1328 1316 1422 1356 cor
1452 1301 1693 1364 redeant,
1724 1306 1781 1353 et
1811 1308 2074 1367 quantum

488 1394 591 1450 sibi
622 1396 876 1451 donatum
908 1395 1087 1451 fuerat
1132 1395 1362 1451 sollicita
1403 1404 1583 1449 mente
1624 1392 1987 1462 perpendam,
2020 1398 2076 1447 et

486 1486 769 1543 beneﬁciis
804 1489 899 1542 Dei
925 1489 1084 1558 digna
1114 1488 1429 1559 operatione
1455 1484 1834 1555 respondeant.

561 1579 777 1635 Nemini
818 1581 1035 1636 dixeris.
1083 1581 1296 1655 (BEDA‘J
1341 1579 1495 1647 Quod
1536 1578 1869 1635 sanationem
1916 1574 2077 1632 silere

483 1670 656 1742 jubet,
684 1674 988 1744 exemplum
1013 1682 1095 1730 est
1124 1676 1257 1739 suis,
1288 1689 1358 1729 ne
1386 1673 1431 1727 si
1458 1671 1703 1726 miranda
1728 1669 1959 1735 faciant,
1987 1667 2070 1723 fa-

486 1778 671 1819 vorem
705 1774 971 1834 quaarant,
1002 1765 1097 1820 sed
1139 1765 1334 1820 divinis
1370 1763 1679 1834 aspectibus
1716 1761 1826 1818 sint
1859 1760 2073 1831 placere

489 1856 747 1910 contenti.

558 1948 722 2003 Vsus.
744 1948 918 2003 27.--
943 1948 1109 2014 Quem
1136 1964 1219 2002 me
1242 1947 1463 2002 dicunt?
1486 1947 1720 2002 Pulchre
1740 1944 1918 2016 primo
1945 1957 2042 1999 seu
2064 1974 2072 1985 ι

484 2042 709 2096 tentiam
757 2040 1035 2095 hominum
1078 2040 1410 2110 interrogat,
1450 2054 1519 2095 ne
1566 2035 1834 2093 confessio
1877 2050 2069 2092 eorum

483 2132 628 2202 vulgi
658 2132 929 2203 opinione,
957 2132 1051 2187 sed
1078 2133 1323 2187 veritatis
1343 2131 1617 2202 agnitione
1644 2130 1894 2184 videatur
1920 2126 2070 2181 inﬁr-

484 2237 630 2280 mata
670 2244 683 2280 :
725 2240 792 2281 ne
825 2228 968 2283 sicut
997 2226 1237 2282 Herodes
1266 2228 1331 2282 de
1365 2227 1563 2281 auditis
1592 2225 1843 2281 haesitare
1870 2232 2068 2295 puten-

486 2323 593 2372 tur.
621 2316 775 2374 Unde
803 2318 966 2375 Petro
992 2319 1289 2375 secundum
1313 2318 1623 2375 Matthzeum
1654 2318 1784 2375 dicit
1808 2335 1821 2371 :
1852 2316 1989 2372 Caro
2018 2324 2069 2372 et

482 2410 697 2479 sanguis
722 2426 824 2465 non
849 2411 1093 2467 reuelauit
1116 2412 1209 2466 tibi
1231 2411 1446 2484 (Matth.
1465 2412 1602 2483 ενι),
1629 2412 1684 2467 id
1710 2418 1795 2468 est
1820 2410 2068 2466 doctrina

483 2499 786 2557 hominum.

555 2589 828 2649 Homines.
860 2594 1092 2652 Pulchre
1113 2597 1204 2666 qui
1229 2598 1506 2653 hominum
1532 2614 1682 2655 more
1706 2599 1977 2655 diversam
1998 2597 2069 2655 de

480 2679 708 2737 Domino
738 2686 1062 2741 sententiam
1104 2686 1303 2754 ferunt,
1332 2688 1579 2745 homines
1627 2689 1897 2744 dicuntur.
1931 2687 2067 2744 Nam

484 2772 577 2842 qui
604 2774 886 2830 veritatem
922 2778 1176 2852 potentia:
1211 2779 1330 2849 ejus
1379 2780 1466 2850 pia
1498 2788 1679 2835 mente
1713 2788 2064 2851 cognoscunt,

481 2876 590 2927 non
624 2864 890 2931 homines,
915 2868 1011 2923 sed
1030 2867 1105 2922 dii
1131 2868 1386 2938 appellari
1420 2878 1717 2923 merentur.
1752 2868 1907 2924 Unde
1937 2869 2069 2924 dicit

480 2951 591 3009 illis
614 2953 745 3010 :Vos
765 2972 906 3023 vero,
919 2965 1024 3036 etc.
1039 2957 1203 3025 Quasi
1224 2959 1402 3014 dicat:
1425 2959 1526 3025 llli,
1551 2959 1816 3024 homines,
1829 2960 2067 3029 humana

481 3046 784 3117 opinantes;
807 3050 903 3104 sed
931 3064 1047 3115 vos,
1078 3050 1176 3116 dii,
1204 3065 1367 3120 quem
1398 3066 1484 3106 me
1509 3065 1628 3107 esse
1654 3050 1871 3106 dicitis?

552 3136 718 3193 Vsus.
750 3138 838 3194 29.
862 3169 931 3181 --
960 3138 1040 3194 Tu
1069 3156 1123 3195 es
1154 3138 1412 3196 Christus.
1449 3142 1661 3215 (Βευλ.)
1692 3142 1882 3199 Omnia
1916 3158 2066 3199 com-

479 3227 738 3298 plectitur
761 3230 851 3299 qui
877 3239 931 3285 et
957 3239 1204 3285 naturam
1231 3240 1288 3286 et
1325 3246 1519 3287 nomen
1562 3235 1850 3305 exprimit,
1876 3235 1928 3289 in
1955 3249 2064 3305 quo

482 3333 693 3373 summa
736 3318 1013 3375 virtutum.
1046 3321 1243 3377 Paulus
1272 3321 1425 3388 dicit,
1461 3331 1592 3390 etc.,
1634 3341 1796 3395 usque
1839 3325 1908 3380 ad
1948 3340 2058 3381 non

479 3409 608 3468 licet
636 3421 817 3469 tamen
843 3415 1055 3470 nescire
1075 3417 1438 3486 generationis
1465 3416 1643 3472 ﬁdem.

552 3502 716 3558 Vnus.
748 3503 836 3558 50.
865 3535 936 3545 -
961 3505 1031 3559 Et
1058 3507 1402 3561 comminatus
1427 3517 1524 3562 est.
1556 3506 1769 3578 (Bt-2m.)
1797 3507 1981 3564 Noluit
2007 3523 2067 3565 se

483 3602 609 3648 ante
636 3595 942 3662 passionem
984 3604 1039 3651 et
1084 3598 1536 3652 resurrectionem
1580 3598 1903 3668 praedicari:
1938 3601 2066 3669 quia

481 3683 749 3752 completo
774 3684 1052 3756 sanguinis
1079 3697 1417 3745 sacramento
1437 3689 1694 3758 apostolis
1713 3690 2065 3759 opportunius

481 3774 612 3831 dicit
640 3791 653 3827 :
684 3774 882 3830 Euntes
915 3777 1092 3832 docete
1132 3794 1308 3833 omnes
1335 3789 1528 3849 gentes,
1553 3780 1870 3850 baptizantes
1898 3797 1985 3835 eos
2009 3782 2064 3836 in

483 3868 692 3922 nomine
709 3866 887 3925 Patris
912 3882 959 3925 et
986 3868 1110 3924 Filii
1130 3880 1178 3926 et
1202 3871 1429 3942 Spiritus
1452 3873 1621 3928 sancti
1641 3873 1857 3943 (Matth.
1879 3873 2060 3947 xvm).

483 3957 619 4026 Quia
664 3976 771 4016 non
808 3963 1089 4032 prodesset
1129 3976 1252 4018 eum
1291 3964 1503 4034 publice
1546 3966 1859 4035 praedicari,
1900 3982 2063 4038 quem

480 4051 806 4124 ﬁagellatum
843 4062 971 4109 sunt
998 4054 1185 4119 visuri,
1216 4062 1273 4111 et
1301 4056 1619 4111 cruciﬁxum
1652 4057 1819 4112 multa
1854 4060 1985 4128 pati.

553 4143 715 4200 Vsus.
744 4145 831 4200 51.
861 4176 934 4187 -
963 4145 1229 4213 Quoniam
1269 4157 1500 4218 oportet,
1535 4157 1643 4204 etc.
1670 4148 1879 4222 (Ηιειι.)
1908 4150 2062 4208 Sicut

478 4240 808 4311 gubernator
822 4241 1025 4310 peritus
1046 4248 1418 4311 tempestatem
1441 4242 1497 4297 in
1518 4243 1907 4313 tranquillitate
1926 4258 2063 4314 prae-

479 4348 709 4398 cavens,
737 4340 932 4389 nautas
960 4340 1180 4403 paratos
1209 4333 1323 4388 vult
1356 4349 1477 4391 esse
1504 4350 1652 4391 suos.
1687 4334 1840 4391 Sicut
1879 4336 2006 4392 alibi
2041 4354 2056 4392 :

479 4423 540 4482 Si
559 4426 676 4496 quis
696 4424 803 4480 vult
822 4426 995 4480 venire
1007 4434 1122 4495 post
1140 4441 1239 4491 me,
1257 4426 1472 4496 abneget
1486 4441 1541 4480 se
1559 4425 1775 4496 (Matth.
1799 4426 1935 4499 xvr),
1949 4437 2056 4483 etc.

2095 1831 2146 1895 B

2090 3192 2139 3259 C

2248 559 2416 615 Vsus.
2458 558 2549 613 54.
2574 591 2645 599 -
2666 558 2726 615 Si
2763 560 2881 629 quis
2915 559 3042 625 vult,
3082 566 3189 615 etc.
3221 556 3434 629 (Βευλ.)
3463 555 3762 626 Postquam

2176 649 2492 721 mysterium
2522 665 2632 705 suae
2670 651 2937 721 passionis
2963 659 3019 704 et
3052 648 3467 704 resurrectionis
3499 648 3758 715 ostendit,

2172 745 2424 802 hortatur
2446 762 2637 803 omnes
2666 747 2733 801 ad
2770 746 3085 802 imitandum
3121 744 3393 814 passionis
3424 743 3760 813 exemplum,

2174 847 2230 895 et
2260 839 2511 895 omnibus
2547 838 2778 895 salutem
2803 838 3070 910 promittit
3088 836 3414 893 animarum.
3446 833 3552 892 Sed
3583 833 3767 906 perle~

2176 932 2461 995 ctioribus,
2492 940 2698 1003 quanta
2719 948 2980 1002 passurus
3004 933 3148 1002 quod
3183 946 3213 987 ι
3255 929 3484 986 mortuis
3510 943 3763 984 resurre-

2175 1034 2364 1081 cturus
2398 1033 2542 1081 esset
2589 1025 2820 1095 aperuit,
2860 1023 3090 1079 formam
3131 1022 3377 1077 tribuens
3405 1016 3764 1090 praedicandi,

2175 1125 2237 1173 ut
2267 1118 2494 1181 scilicet,
2523 1133 2620 1188 pro
2646 1133 2746 1174 suo
2772 1119 3002 1188 quisque
3028 1115 3190 1173 modo
3224 1115 3547 1182 instruatur,
3582 1126 3767 1183 neque

2174 1208 2408 1266 inﬁrmis
2435 1209 2627 1265 altiora
2657 1210 3085 1265 committantur.

2246 1301 2494 1373 Deneget.
2525 1302 2642 1358 Non
2665 1301 2807 1356 valet
2823 1301 3229 1373 apprehendere
3253 1299 3397 1370 quod
3421 1297 3564 1353 ultra
3584 1297 3768 1367 ipsum

2146 1402 2261 1455 ,est
2292 1393 2338 1448 si
2378 1393 2634 1450 nescierit
2676 1404 2918 1448 mactare
2945 1393 3091 1464 quod
3127 1404 3231 1449 est.
3277 1391 3389 1446 Nisi
3434 1391 3559 1460 quis
3598 1406 3628 1444 a
3679 1405 3767 1445 se~

2175 1483 2407 1555 metipso
2433 1484 2671 1546 deﬁciat,
2695 1484 2761 1538 ad
2793 1484 3093 1553 Deum,qui
3124 1497 3288 1552 supra
3319 1483 3491 1552 ipsum
3520 1490 3627 1544 est,
3653 1496 3764 1535 non

2175 1576 2593 1646 appropinquat.
2644 1573 2817 1629 Tollat
2856 1591 3082 1629 crucem.
3115 1572 3212 1654 Vel
3237 1572 3764 1643 persahstinentiatn

2176 1667 2502 1722 macerando
2537 1680 2757 1736 corpus,
2789 1665 2873 1718 vel
2900 1681 2998 1735 per
3024 1665 3457 1736 compassionem
3493 1664 3759 1719 animum.

2174 1758 2253 1814 De
2287 1774 2516 1829 corpore
2535 1758 2668 1813 dicit
2696 1756 2931 1813 Paulus:
2961 1756 3173 1828 Castigo
3197 1773 3387 1828 corpus
3412 1773 3609 1819 meum,
3637 1754 3764 1810 etin

2172 1852 2468 1907 servitutem
2506 1851 2684 1920 redigo
2713 1848 2799 1919 (II
2829 1847 2950 1905 Cor.
2983 1847 3083 1920 ut),
3111 1857 3216 1905 etc.
3244 1847 3390 1903 Idem
3418 1847 3486 1911 de
3513 1860 3761 1915 compas-

2173 1944 2328 2001 sione
2376 1943 2542 1999 animi
2568 1962 2582 1998 :
2610 1942 2741 2010 Quis
2777 1942 3095 2012 inﬁrmatur,
3129 1948 3179 1997 et
3224 1958 3317 2014 ego
3345 1958 3450 1996 non
3474 1941 3759 2011 inﬁrmari

2172 2037 2257 2111 (11
2291 2037 2417 2093 Cor.
2441 2038 2543 2109 χι.)
3772 2042 3779 2049 ’

2243 2129 2408 2185 Vnus.
2446 2130 2536 2186 58.
2565 2160 2638 2170 -
2663 2128 2768 2196 Qui
2809 2128 2968 2183 enim.
2996 2126 3213 2199 (Βεω.)
3244 2127 3364 2182 Duo
3386 2134 3631 2198 tempora
3659 2126 3764 2183 Ec-

2172 2221 2340 2278 clesia
2384 2223 2676 2294 signiﬁcat,
2730 2220 2877 2276 aliud
2918 2219 3346 2290 persecutionis,
3404 2220 3623 2290 quando
3667 2234 3760 2290 ρος

2172 2314 2349 2369 nenda
2398 2321 2483 2369 est
2533 2314 2748 2377 anima;
2799 2312 2947 2368 aliud
2979 2311 3154 2382 pacis,
3199 2311 3418 2383 quando
3456 2310 3758 2383 frangenda

2171 2414 2300 2462 sunt
2328 2405 2595 2461 desideria
2625 2413 2859 2460 terrena.

2244 2496 2350 2562 Qui
2397 2496 2534 2550 enim
2564 2512 2664 2559 me,
2707 2504 2812 2551 etc.
2841 2494 2977 2561 Quia
3002 2495 3159 2551 multi
3193 2495 3481 2551 avaritiam
3508 2495 3756 2565 vincunt,

2169 2586 2409 2641 labentia
2434 2585 2757 2656 despiciunt,
2790 2586 2885 2641 sed
2910 2586 3033 2641 ﬁdei
3064 2586 3443 2643 rectitudinem
3474 2601 3640 2659 quam
3661 2590 3759 2644 ha-

2171 2676 2305 2732 bent
2325 2678 2656 2733 verecundia
2685 2678 2951 2748 impediti,
2980 2693 3093 2734 non
3128 2679 3443 2751 exprimunt
3469 2694 3622 2736 voce.
3654 2680 3757 2735 Ad-

2170 2767 2252 2822 dit
2279 2785 2291 2820 :
2329 2767 2433 2833 Qui
2459 2768 2597 2821 enim
2623 2784 2724 2834 me,
2755 2778 2862 2823 etc.

2241 2857 2407 2913 Vsus.
2451 2858 2539 2914 59.
2568 2888 2640 2898 -
2666 2859 2831 2914 Amen
2877 2859 3016 2913 dico.
3056 2859 3272 2933 (Deum)
3296 2860 3431 2917 Cum
3461 2862 3530 2918 de
3575 2861 3754 2916 futura

2168 2951 2280 3007 vita
2317 2951 2649 3021 loqueretur,
2681 2951 2801 3007 ideo
2830 2953 3199 3008 necessarium
3241 2952 3344 3008 l’uit
3395 2962 3456 3008 ut
3500 2954 3607 3010 hoc
3631 2970 3756 3025 pro-

2171 3044 2411 3100 mitteret
2447 3045 2513 3100 de
2541 3044 2827 3115 ptenitenti
2854 3045 2988 3111 vita,
3033 3055 3093 3101 ut
3118 3047 3282 3102 rudes
3303 3047 3481 3103 adhuc
3508 3046 3754 3117 discipuli

2171 3135 2275 3190 hac
2318 3137 2690 3192 consolatione
2730 3124 3193 3204 confortarentur,
3230 3139 3373 3194 sicut
3413 3140 3480 3195 de
3528 3138 3754 3196 Judatco

2166 3227 2369 3299 populo
2396 3229 2595 3284 dicitur
2621 3247 2633 3282 :
2662 3228 2817 3283 Dedit
2846 3228 2951 3283 illis
2996 3232 3230 3301 regiones
3267 3232 3499 3302 gentium
3528 3241 3577 3286 et
3604 3231 3752 3286 labo-

2169 3337 2251 3375 res
2276 3320 2585 3391 populorum
2605 3321 2967 3392 possederunt,
2998 3330 3056 3375 ut
3087 3323 3388 3376 custodiant
3401 3323 3749 3393 justiﬁcatio~

2168 3430 2259 3469 nes
2279 3414 2417 3484 ejus,
2446 3425 2493 3468 et
2520 3414 2680 3485 legem
2711 3416 2824 3485 ejus
2852 3417 3119 3487 requirant
3143 3414 3315 3488 (Psat.
3344 3415 3474 3488 etv).

2242 3506 2481 3577 Regnum
2506 3508 2622 3573 Dei,
2649 3517 2757 3564 etc.
2786 3509 2842 3563 Id
2876 3518 2980 3575 est,
3019 3510 3317 3566 Ecclesiam
3346 3518 3536 3566 contra
3564 3511 3754 3568 mundi

2168 3600 2328 3670 hujus
2356 3599 2582 3668 gloriam
2615 3610 2872 3655 erectam.
2906 3600 3002 3656 Vel
3030 3601 3264 3657 futuram
3304 3603 3360 3657 in
3386 3602 3543 3659 caelis
3582 3602 3755 3658 beati-

2165 3693 2408 3749 tudinem
2463 3708 2626 3763 quam
2660 3693 2716 3748 in
2747 3703 2930 3749 monte
2958 3695 3228 3751 viderunt.
3261 3693 3414 3764 Quod
3447 3696 3535 3767 pia
3564 3696 3752 3767 provi-

2165 3784 2322 3839 sione
2347 3782 2551 3840 factum
2578 3793 2679 3850 est,
2703 3792 2765 3840 ut
2806 3793 3068 3841 aeternum
3109 3785 3386 3859 gaudium,
3430 3787 3649 3843 tametsi
3682 3787 3752 3843 ad

2164 3875 2329 3931 breve
2368 3884 2705 3933 momentum
2750 3877 3106 3950 praelibatum,
3145 3879 3214 3936 ad
3259 3879 3489 3936 adversa
3526 3874 3752 3937 ferenda

2164 3964 2359 4024 fortius
2384 3969 2669 4025 animaret.
3710 3991 3722 3998 ’

2821 4058 3051 4117 CAPUT
3095 4058 3188 4117 1X.

2233 4148 2401 4206 Vens.
2442 4151 2494 4206 1.
2522 4182 2592 4193 -
2622 4151 2694 4207 Et
2739 4163 2854 4224 post
2891 4154 3023 4219 dies,
3047 4161 3153 4209 etc.
3179 4151 3385 4227 (Πιειι.)
3413 4152 3543 4211 Post
3586 4170 3743 4212 com-

2161 4242 2518 4299 minationem
2556 4245 2736 4300 crucis
2769 4246 3184 4301 resurrectionis
3218 4246 3387 4318 gloria
3414 4247 3744 4317 ostenditur,

2162 4333 2305 4389 unde
2338 4336 2581 4405 sequitur
2605 4352 2619 4388 :
3084 4376 3091 4383 .

2232 4424 2303 4479 Et
2330 4435 2445 4496 post
2467 4427 2599 4493 dies,
2637 4434 2744 4483 etc.
2771 4426 2845 4484 Ut
2865 4443 2973 4484 non
3002 4431 3257 4487 timerent
3285 4430 3578 4503 opprobria
3610 4446 3742 4489 cru-

550 4519 714 4574 Vsus.
748 4515 916 4574 32.—
941 4517 1003 4572 Et
1027 4517 1435 4589 apprehendens.
1465 4518 1675 4591 (Βεω.)
1707 4519 1953 4577 Amantis
1974 4520 2057 4575 af-
2082 4550 2139 4614 D
2164 4516 2264 4582 cis,
2305 4517 2398 4588 qui
2424 4518 2596 4575 oculis
2635 4520 2752 4575 suis
2778 4520 3030 4577 viderant
3060 4521 3295 4595 gloriam
3334 4524 3533 4581 future
3559 4539 3745 4581 resur-

477 4609 622 4666 fectu
651 4610 835 4667 dicens
865 4626 880 4663 :
908 4609 1053 4664 Absit
1081 4627 1114 4663 a
1157 4619 1233 4674 te,
1262 4609 1502 4666 Domine.
1542 4610 1638 4667 Vel
1666 4619 1726 4666 ut
1772 4612 1964 4668 melius
2002 4613 2057 4670 in
2082 4609 2125 4614 ⁷
2162 4609 2443 4665 rectionis.

478 4699 666 4758 Graeco
695 4702 963 4757 habetur:
994 4699 1264 4771 Propitius
1290 4710 1431 4768 esto,
1479 4710 1609 4767 etc.,
1653 4718 1814 4773 usque
1856 4702 1927 4756 ad
1955 4718 2054 4773 ap-

476 4793 867 4864 prehenditque
889 4808 1013 4848 eum
1055 4793 1110 4847 in
1141 4791 1392 4848 aﬁ‘ectum
1435 4808 1591 4848 suum
1610 4832 1626 4859 ,
1648 4793 1734 4849 vel
1761 4795 2054 4865 separatim

477 4883 655 4950 ducit,
698 4899 766 4939 ne
791 4885 1147 4955 prasentibus
1187 4884 1400 4941 caeteris
1443 4885 1759 4957 magistrum
1804 4885 2057 4943 videatur

477 4989 724 5046 arguere.

547 5065 710 5121 Vsus.
743 5066 832 5122 55.
854 5094 927 5106 --
956 5063 1098 5121 Vade
1138 5076 1296 5123 retro.
1330 5066 1472 5141 (11).)
1515 5067 1664 5124 Multi
1690 5076 1883 5139 putant
1908 5069 2052 5140 quod

476 5171 583 5211 non
628 5155 842 5224 Petrus,
865 5159 960 5215 sed
997 5160 1339 5216 adversarius
1375 5159 1611 5231 Spiritus
1654 5162 1725 5217 sit
1753 5171 2049 5231 correctus,

474 5262 584 5318 quo
608 5260 927 5320 suggerente
955 5251 1061 5307 hoc
1083 5250 1371 5320 Apostolus
1392 5251 1605 5307 dicebat
1636 5270 1651 5306 :
1683 5251 1788 5307 Sed
1811 5253 1942 5307 mihi
1965 5268 2055 5308 et»

474 5354 567 5392 ror
606 5339 846 5409 Apostoli
886 5342 951 5396 de
998 5342 1217 5411 pictatis
1261 5341 1455 5397 aﬁ‘ectu
1495 5342 1739 5404 veniens,
1774 5357 2053 5411 nunquam

474 5428 801 5485 incentivum
833 5430 1100 5488 videbitur
1128 5432 1349 5488 diaboli.
1382 5431 1607 5486 Diabolo
1641 5430 1875 5486 dicitur:
1908 5431 2056 5488 Vade

474 5526 646 5586 retro,
674 5517 926 5574 Satanas.
969 5520 1170 5577 Petro:
1213 5519 1356 5576 Vade
1392 5532 1530 5577 retro
1572 5538 1683 5588 me,
1717 5531 1848 5589 etc.,
1879 5523 1933 5579 id
1972 5532 2057 5581 est

473 5622 699 5679 sequere
724 5612 1049 5668 sententiam
1080 5628 1273 5667 meam.

549 5701 680 5767 Quae
705 5702 803 5757 Dei
827 5712 970 5770 sunt,
1001 5712 1106 5761 etc.
1138 5704 1255 5759 Mea
1280 5713 1364 5760 est
1387 5705 1638 5761 voluntas
1669 5715 1725 5761 et
1760 5705 1968 5775 Patris,
1996 5716 2057 5764 ut

473 5809 571 5869 pro
589 5795 765 5863 salute
792 5798 1069 5857 hominum
1097 5799 1338 5856 moriar:
1370 5809 1426 5855 tu
1456 5815 1561 5855 non
1587 5800 1665 5855 vis
1691 5786 1917 5872 granum
1944 5801 2056 5860 fru-

2233 4701 2445 4776 (ΒευΑ.)
2469 4702 2538 4758 Et
2557 4713 2675 4775 post
2700 4704 2812 4760 dies
2831 4722 2941 4761 sex.
2965 4706 3174 4763 Lucas:
3198 4705 3421 4763 Factum
3452 4715 3542 4764 est
3565 4716 3745 4764 autem

2158 4803 2281 4866 post
2301 4795 2417 4850 haec
2448 4792 2613 4851 verba
2646 4795 2760 4852 fere
2789 4798 2907 4853 dies
2947 4809 3092 4867 octo,
3126 4808 3258 4867 etc.,
3288 4814 3456 4873 usque
3493 4803 3565 4856 ad
3594 4816 3662 4858 ne
3687 4803 3746 4857 in

2157 4897 2352 4944 octavo
2394 4888 2766 4945 retributionis
2807 4898 3051 4962 tempore
3087 4892 3157 4948 ab
3188 4893 3329 4948 irato
3349 4892 3535 4961 judice
3574 4895 3746 4950 curris

2155 4977 2390 5048 piamur.
2436 4976 2505 5031 In
2542 4986 2770 5031 montem
2809 4979 3092 5037 excelsum.
3140 4981 3199 5038 In
3240 4991 3477 5037 montem
3516 4991 3579 5037 ut
3614 4998 3745 5038 orae

2158 5077 2262 5131 ret,
2289 5076 2418 5133 etc.,
2450 5084 2612 5139 usque
2640 5069 2711 5123 ad
2740 5079 2872 5127 tunc
2912 5080 3117 5129 aeterm
3156 5071 3279 5143 ejus
3311 5070 3743 5130 visione‘mere—

2155 5160 2357 5216 buntur
2382 5160 2574 5215 laetari.

2232 5252 2691 5324 Transﬁguratus.
2747 5254 2862 5311 Non
2918 5270 3103 5311 veram
3150 5257 3511 5313 substantiam
3560 5258 3744 5314 carnis

2158 5343 2363 5408 amisit,
2391 5344 2485 5398 sed
2513 5343 2741 5415 gloriam
2766 5345 2960 5401 futura:
2986 5363 3118 5413 sitae,
3147 5348 3232 5404 vel
3265 5357 3463 5404 nostra:
3494 5364 3744 5406 resurre-

2157 5434 2353 5489 ctionis
2399 5435 2655 5489 ostendit.
2685 5435 2833 5492 Talis
2861 5446 2983 5506 post
3016 5439 3281 5509 judicium
3318 5441 3531 5496 cunctis
3571 5456 3741 5512 appa-

2157 5526 2510 5583 rebitelectis
2534 5547 2548 5583 :
2574 5529 2628 5583 in
2658 5529 2885 5599 judicio,
2919 5531 2973 5585 in
3013 5530 3187 5588 forma
3234 5533 3376 5588 servi
3417 5541 3474 5589 et
3500 5533 3660 5589 bonis
3683 5538 3744 5588 et

2158 5618 2336 5685 malis,
2381 5629 2443 5674 ut
2476 5620 2625 5689 impii
2649 5635 2811 5690 quem
2844 5636 3118 5691 sprevere,
3169 5638 3327 5694 quem
3365 5622 3537 5680 διιόωί
3576 5639 3744 5695 nega-

2158 5728 2305 5781 vere,
2337 5715 2538 5771 milites
2560 5730 2721 5785 quem
2767 5715 3108 5782 cruciﬁxere,
3140 5717 3349 5774 Pilatus
3388 5717 3743 5791 Herodestu

2158 5823 2318 5878 quem
2341 5808 2656 5881 judicavere
2684 5806 3208 5881 nequeantjudicem
3237 5824 3554 5883 agnoscere.
