3960 6336
201 347 293 402 213

1146 347 1412 405 GLOSSA
1448 345 1846 406 ORDlNARIA.
1883 377 1953 388 --
1990 345 2242 406 EVANG.
2282 351 2512 407 MARCI.

3327 358 3432 414 2H

261 463 413 518 Vens.
459 459 515 516 2.
556 460 710 517 —Et
753 462 1078 518 uestimenta.
1134 461 1466 520 Vestimenta
1517 466 1746 530 Domini,
1777 467 1830 527 Α
1855 472 2066 534 patrum
2105 465 2175 517 ad
2209 463 2367 532 ﬁlios,
2390 475 2438 520 et
2462 482 2554 520 cor
2575 466 2808 535 ﬁliorum
2837 467 2908 522 ad
2944 478 3135 540 patres.
3167 470 3432 530 Restituet

201 553 372 612 sancti.
405 551 588 608 Unde:
615 553 718 619 Qui
745 555 797 608 in
831 553 1038 610 Christo
1060 557 1310 627 baptizati
1337 560 1460 613 estis
1482 556 1750 614 Christum

202 644 423 698 induistis
451 639 590 712 (Gal.
621 643 726 714 iii).
767 644 892 700 Hinc
922 647 1148 702 Domino
1178 649 1228 702 in
1272 650 1469 704 mundo
1501 659 1750 708 manente

201 735 496 790 videbantur
524 734 800 804 despecta,
833 739 928 796 sed
954 740 1068 809 ipso
1106 750 1342 797 montem
1363 751 1581 812 petente
1611 759 1751 798 novo

203 826 412 880 candore
426 824 709 897 refulgent.
742 830 879 894 Quia
904 848 1040 887 nunc
1059 834 1263 902 quidem
1295 833 1393 905 ﬁlii
1419 852 1600 890 sumus
1630 835 1746 904 Dei.

193 919 280 978 sed
311 918 532 971 nondum
561 923 808 991 apparuit
835 924 960 992 quid
1001 926 1213 980 erimus.
1249 923 1381 979 Cum
1421 945 1541 997 ergo
1590 947 1752 1000 appa-

200 1012 374 1074 ruerit,
398 1011 590 1066 similes
617 1015 666 1068 ei
708 1018 921 1082 erimus,
952 1020 1074 1088 quia
1116 1019 1402 1075 videbimus
1443 1038 1560 1076 eum
1595 1022 1752 1082 siculi

197 1115 263 1160 est
289 1102 338 1174 (1
364 1102 523 1158 Joau.
550 1106 654 1178 ιιι).
689 1107 844 1164 Unde
880 1110 1150 1166 subditur.

260 1191 414 1246 Vsus.
444 1193 497 1248 ὃ.
524 1225 594 1236 --
621 1194 686 1249 Et
709 1201 975 1268 apparuit,
998 1208 1101 1255 etc.
1127 1200 1338 1272 Moyses
1365 1211 1588 1258 sanctus
1609 1220 1753 1260 mor.

199 1293 327 1348 tuus,
355 1284 495 1340 Elias
523 1287 675 1343 vivus
710 1289 763 1344 in
785 1290 980 1353 caelum
1011 1280 1217 1361 raptus,
1256 1295 1356 1350 visi
1385 1295 1441 1349 in
1469 1294 1753 1363 majestate

197 1393 302 1432 cum
339 1375 563 1432 Domino
604 1378 685 1450 (ut
728 1381 904 1437 Lucas
945 1383 1096 1452 dicit)
1131 1384 1365 1440 futuram
1408 1387 1460 1442 in
1497 1387 1589 1442 illo
1631 1403 1750 1442 om-

195 1468 326 1522 nium
377 1479 685 1525 sanctorum
730 1471 954 1541 gloriam
998 1474 1464 1544 significantzqui
1513 1485 1755 1546 tempore

189 1558 355 1628 iudicii
384 1561 465 1615 vel
494 1562 600 1618 vivi
631 1564 681 1617 in
707 1579 868 1620 carne
895 1566 1233 1633 reperientur
1255 1567 1338 1622 vel
1359 1568 1582 1624 mortui.

255 1651 394 1706 Etias
425 1671 567 1708 cum.
592 1655 807 1728 (BI-30A.)
854 1658 1152 1730 Legislator
1183 1670 1237 1715 et
1264 1662 1494 1718 eximius
1517 1661 1752 1730 pr0phe-

195 1752 351 1799 tarum
396 1757 663 1816 apparent
691 1767 704 1803 :
731 1750 1024 1820 loquuntur
1061 1768 1180 1807 cum
1228 1753 1455 1808 Domino
1492 1754 1545 1808 in
1588 1768 1756 1810 carne

1850 556 1994 610 enim
2021 556 2179 611 morti
2210 557 2352 625 quod
2389 557 2547 611 debet
2571 566 2627 612 et
2656 559 2744 614 diu
2774 560 3002 615 vivendo
3032 562 3266 622 sustulit.
3289 565 3434 619 unde

1845 647 2044 702 addit:
2080 647 2352 713 Quomodo
2399 649 2672 718 scriptum.
2729 649 2890 716 Quasi
2955 649 3312 707 dicat:Sicut
3368 654 3436 709 de

1845 738 2052 808 Christi
2101 741 2352 810 passione
2395 742 2673 811 propheta:
2717 740 3008 797 multifarie
3056 743 3430 813 scripserunt:

1847 832 1933 888 sic
1955 844 2012 887 et
2045 832 2189 888 Elias
2218 832 2386 887 multa
2419 847 2681 903 passurus
2720 840 2821 887 est.
2864 833 3133 889 Restituet
3161 850 3290 904 ergo
3319 851 3435 890 om-

1803 938 1806 941 '
1854 924 1964 978 nia.
1996 922 2200 988 Primo,
2243 922 2404 977 corda
2436 922 2715 976 hominum
2746 922 2889 977 illius
2919 925 3179 994 temporis
3208 925 3274 978 ad
3317 940 3433 980 cre-

1853 1013 2088 1076 dendum
2113 1013 2166 1067 in
2188 1012 2429 1078 Christo,
2452 1012 2814 1068 resistendum
2832 1013 3187 1070 Antichristo.
3209 1015 3430 1080 Deinde,

1843 1115 2018 1179 ponet
2047 1107 2282 1160 animam
2311 1122 2410 1178 pro
2441 1106 2676 1163 Christo.

1927 1198 2092 1253 Vens.
2153 1200 2241 1254 15.
2268 1231 2336 1240 -
2364 1198 2593 1254 Turbam
2638 1215 2902 1269 magnam.
2946 1197 3152 1270 (HIER.)
3198 1198 3313 1253 Non
3350 1205 3437 1253 est

1855 1293 2072 1364 requies
2107 1293 2207 1348 sub
2255 1293 2368 1348 sole
2402 1306 2654 1362 :semper
2691 1291 2890 1346 occidit
2923 1291 3174 1361 parvulos
3213 1289 3431 1356 invidia,

1851 1401 2080 1456 magnos
2125 1386 2436 1455 percutiunt
2473 1384 2685 1454 fulgura
2730 1392 2975 1449 montes,
3029 1383 3119 1438 alii
3169 1383 3436 1438 discentes

1857 1491 1978 1532 cum
2023 1477 2148 1540 fide,
2192 1477 2283 1531 alii
2330 1475 2634 1531 invidentes
2657 1491 2777 1529 cum
2832 1475 2993 1540 fastu,
3042 1475 3106 1529 ad
3140 1474 3437 1530 Ecclesiam

1847 1565 2099 1619 .veniunt.
2117 1563 2510 1636 Conquirentes.
2531 1565 2744 1637 (Βεω.)
2767 1564 2905 1632 Quid
2924 1566 3241 1634 conquirant
3264 1565 3436 1619 Evan-

1853 1654 2045 1725 gelista
2096 1671 2202 1710 non
2245 1656 2391 1718 dicit,
2435 1657 2530 1711 sed
2571 1664 2749 1726 potest
2787 1657 3010 1727 intelligi
3051 1657 3117 1713 de
3158 1657 3259 1712 hoc
3287 1671 3437 1725 qure-
3471 1709 3496 1734 ,ε

1857 1746 2086 1801 stionem
2117 1756 2316 1802 motam
2346 1748 2531 1814 fuisse,
2555 1762 2724 1818 quare
2760 1747 3011 1817 discipuli
3048 1747 3435 1802 daemoniacum

191 1838 404 1902 vivente,
423 1842 773 1896 ostendentes
799 1843 970 1913 ipsum
997 1860 1118 1900 esse
1144 1860 1302 1914 quem
1331 1845 1416 1899 lex
1441 1853 1494 1900 et
1521 1845 1756 1913 prophe-
1784 1845 1834 1905 B
1861 1843 1952 1910 (illi
1981 1841 2034 1894 in
2073 1843 2249 1897 medio
2273 1850 2410 1906 eral.
2445 1858 2550 1898 non
2598 1852 2817 1913 posset“
2857 1843 3090 1900 liberare
3116 1843 3254 1899 11100
3290 1843 3435 1898 enim

187 1937 251 1981 ta:
271 1930 671 1998 promiserunt;
703 1948 810 1988 non
858 1934 913 1988 in
955 1935 1176 1999 intimis,
1202 1935 1296 1992 sed
1319 1935 1371 1990 in
1417 1945 1599 1990 monte
1625 1951 1752 1996 cum

190 2018 291 2083 illo,
313 2022 432 2090 quia
455 2023 552 2092 qui
579 2031 796 2078 terrena
819 2026 1085 2081 desideria
1112 2034 1294 2083 mente
1315 2035 1596 2084 transeunt
1617 2027 1751 2084 solvi

188 2109 508 2178 maiestatem
557 2111 850 2183 Scriptum
884 2125 1103 2181 sanctae,
1133 2133 1256 2188 quas
1301 2118 1358 2174 in
1381 2118 1612 2174 Domino
1651 2118 1752 2172 im-

189 2201 315 2274 pleta
344 2211 448 2269 est,
478 2207 838 2277 perspiciunt.

251 2291 406 2348 Vens.
458 2295 822 2350 4.—Rubbi.
875 2296 1132 2364 Quamvis
1182 2299 1548 2370 stupefactus,
1607 2308 1750 2367 etc.,

189 2388 425 2455 usquead
456 2405 625 2444 unum
655 2389 906 2447 habentia
947 2391 1351 2448 tabernaculum
1377 2436 1392 2459 ,
1436 2395 1488 2449 id
1532 2401 1617 2450 est
1653 2393 1754 2448 Ec-

189 2477 395 2532 clesiam
425 2481 544 2534 Dei.
587 2480 794 2536 Bonum
840 2494 933 2538 est.
969 2484 1135 2539 Multo
1169 2500 1300 2556 ergo
1344 2485 1536 2539 melius
1574 2484 1756 2540 choris

189 2580 491 2627 sanctorum
525 2573 810 2642 interesse,
847 2575 1073 2632 Deitatis
1099 2576 1306 2646 perfrui
1330 2577 1535 2633 visione
1561 2594 1576 2631 :
1605 2576 1650 2632 si
1675 2576 1756 2632 sic

189 2659 410 2717 delectat
439 2664 752 2720 humanitas
776 2665 978 2724 Christi
1016 2667 1418 2741 transﬁgurata,
1446 2677 1502 2725 et
1525 2669 1754 2728 duorum

188 2751 411 2808 societas
442 2755 512 2810 ad
537 2765 792 2826 punctum
814 2768 1052 2816 ostensa.

251 2839 415 2896 Vens.
447 2842 501 2898 6.
525 2873 596 2885 —-
618 2845 795 2901 Nubes
836 2848 1169 2910 obumbrans.
1204 2848 1356 2906 Unde
1401 2849 1528 2920 quia
1559 2849 1756 2920 quassi-

185 2932 256 2987 vit
279 2937 567 2992 materiale
598 2938 1023 3007 tabernaculum,
1053 2941 1211 2998 nubis
1240 2942 1448 3012 accepit
1471 2943 1757 2997 umbracu-

184 3020 312 3090 lum,
354 3034 416 3080 ut
442 3028 615 3084 discat
641 3030 694 3084 in
724 3033 1124 3099 resurrectione
1162 3049 1269 3090 non
1305 3035 1538 3104 tegmine
1572 3034 1759 3090 domo-

185 3130 321 3183 rum,
373 3119 474 3173 sed
504 3120 735 3190 Spiritus
769 3126 941 3178 sancti
976 3134 1196 3181 sanctos
1229 3142 1350 3182 esse
1377 3127 1756 3197 protegendos.

1852 1944 1923 1986 ex
1949 1932 2300 1998 sequentibus
2321 1933 2532 2002 concipi
2557 1941 2750 2003 potest.

1929 2020 2093 2077 Vens.
2123 2022 2209 2076 l5.
2240 2053 2311 2063 —
2341 2023 2411 2077 Et
2432 2025 2790 2095 interrogavit.
2818 2023 2942 2095 (Ιο.)
2971 2023 3107 2080 Nota
3139 2025 3281 2095 quod
3317 2025 3438 2080 loca

1856 2114 2022 2170 rebus
2046 2125 2369 2186 congruunt.
2404 2115 2463 2172 In
2493 2125 2677 2172 monte
2716 2125 2860 2182 orat,
2891 2117 3324 2182 transformatur,
3357 2117 3439 2172 di-

1853 2207 2075 2278 scipulis
2102 2225 2299 2265 arcana
2324 2225 2434 2266 suae
2471 2209 2768 2278 maiestatis
2793 2212 2986 2283 aperit,
3007 2211 3063 2266 in
3092 2211 3202 2267 imo
3223 2228 3254 2264 a
3283 2210 3438 2265 turba
3494 2230 3504 2240 ·

1857 2298 2146 2368 excipitur,
2181 2304 2502 2356 miserorum
2553 2299 2676 2357 ﬂetu
2714 2301 2976 2372 pulsatur.
3017 2300 3243 2365 Sursum
3279 2299 3441 2354 disci—

1857 2391 1999 2462 pulis
2027 2393 2282 2464 mysteria
2307 2395 2457 2466 regni
2488 2403 2714 2462 reserat,
2739 2384 2990 2450 deorsum
3015 2393 3185 2449 turbis
3213 2401 3438 2464 peccata

1856 2483 2196 2542 infidelitatis
2225 2489 2536 2556 exprobrat.
2567 2479 2793 2543 Sursum
2819 2503 3006 2543 vocem
3035 2486 3214 2542 Patris
3241 2486 3325 2541 his
3346 2484 3436 2553 qui

1861 2574 2050 2651 audire
2078 2583 2330 2645 poterant
2370 2576 2578 2646 pandit,
2609 2577 2859 2633 deorsum
2900 2576 3069 2631 malos
3097 2576 3320 2645 spiritus
3341 2589 3428 2629 ex-

1857 2663 2030 2736 pellit.
2062 2663 2215 2720 Nunc
2235 2681 2334 2736 pro
2357 2668 2672 2726 meritorum
2699 2666 2959 2736 qualitate
2982 2666 3103 2722 aliis
3127 2665 3437 2729 ascendere,

1861 2753 1984 2809 aliis
2014 2769 2119 2809 non
2140 2755 2353 2812 desistit
2383 2757 2732 2813 descendere.
2758 2756 2825 2811 Et
2851 2758 3202 2828 interrogavit.
3232 2756 3439 2828 (Hii-3n.)

1863 2841 1980 2898 Scit
2024 2853 2078 2900 et
2107 2846 2428 2918 interrogat,
2472 2856 2534 2902 ut
2568 2846 2839 2904 confessio
2873 2849 3048 2918 pariat
3097 2848 3345 2913 salutem,
3388 2857 3437 2904 et

1861 2953 2108 2994 murmur
2137 2941 2316 2997 cordis
2357 2941 2528 3007 nostri
2543 2939 2898 2998 sermonibus
2933 2940 3171 2995 sdlvatur
3204 2939 3354 3010 prius
3383 2945 3438 2992 ut

1861 3035 1948 3084 est
1972 3045 1986 3081 :
2011 3028 2106 3084 Dic
2131 3029 2444 3100 iniquitates
2465 3038 2586 3090 tuas
2613 3031 2783 3101 prius,
2816 3039 2876 3084 ut
2893 3028 3227 3100 iustiticeris.

1936 3119 2104 3176 Vens.
2143 3122 2327 3176 l7.-—
2353 3122 2424 3177 Et
2467 3123 2580 3182 dimi
2610 3122 2900 3194 discipulis.
2937 3122 3194 3176 Latenter
3231 3119 3441 3190 culpam

181 3205 281 3261 Hic
303 3219 400 3263 est.
431 3209 599 3278 Quasi
627 3214 809 3270 dicat:
837 3217 937 3273 Hic
965 3233 1094 3276 vere
1121 3228 1204 3274 est
1234 3219 1324 3275 ille
1353 3236 1512 3290 quem
1545 3221 1757 3293 Moyses
1862 3212 2104 3283 obliquat
2145 3214 2199 3268 in
2242 3215 2557 3285 discipulos,
2606 3231 2728 3270 cum
2774 3230 2914 3284 saepe
2962 3215 3172 3269 curatio
3205 3227 3312 3268 non
3348 3228 3432 3268 cu-

183 3296 278 3352 iste
307 3301 466 3355 vobis
492 3305 764 3373 promisit,
806 3315 934 3373 etc.,
968 3325 1129 3380 usque
1173 3310 1244 3364 ad
1267 3311 1496 3381 ipsaque
1524 3310 1763 3370 illustrar-

181 3388 325 3446 bitur
347 3395 529 3464 gratia
563 3405 619 3452 et
643 3397 698 3452 in
725 3407 1046 3470 perpetuum
1068 3411 1402 3473 protegetur.

253 3479 421 3539 Vens.
450 3485 506 3540 7.
533 3517 608 3531 —
635 3488 703 3542 Et
731 3493 926 3546 statim.
956 3492 1167 3566 (ΒευΑ.)
1193 3493 1326 3550 Cum
1358 3495 1512 3550 fieret
1541 3510 1646 3552 vox
1667 3510 1763 3554 su-

185 3586 277 3642 per
307 3573 507 3631 Filium
551 3579 808 3648 hominis,
858 3582 1107 3639 inventus
1155 3594 1238 3641 est
1271 3586 1386 3654 ipse
1420 3585 1583 3641 solus.
1625 3584 1762 3653 Quia

186 3677 303 3719 cum
332 3665 772 3728 manifestaverit
793 3672 1026 3742 seipsum
1049 3673 1260 3740 electis,
1284 3675 1389 3730 erit
1411 3676 1552 3732 Deus
1579 3676 1763 3732 omnia

187 3755 238 3810 in
283 3759 588 3816 omnibus:
628 3761 737 3818 imo
785 3765 899 3834 ipse
936 3779 1057 3820 cum
1106 3766 1220 3820 suis
1265 3781 1404 3822 unus
1439 3783 1534 3837 per
1578 3767 1764 3830 omnia

189 3845 454 3916 Christus,
513 3851 567 3908 id
608 3861 714 3920 est,
772 3865 935 3926 caput
974 3872 1099 3912 cum
1153 3872 1381 3927 corpore
1435 3859 1762 3929 splendebit.

189 3941 325 3998 unde
350 3961 364 3997 :
397 3943 575 4000 Nemo
595 3947 824 4002 ascendit
855 3950 910 4003 in
938 3948 1139 4016 calum,
1173 3952 1273 4006 nisi
1295 3951 1384 4022 qui
1413 3952 1674 4008 descendit
1700 3951 1766 4010 de

188 4035 330 4102 creto,
357 4035 538 4093 Filius
565 4039 809 4107 hominis,
830 4043 920 4112 qui
944 4045 1094 4098 estin
1119 4043 1453 4114 cwlo.(loait.
1477 4044 1582 4117 ιιι).

259 4129 420 4185 Vsus.
448 4131 504 4187 8.
536 4161 610 4172 —-
638 4132 896 4204 Pra‘cepit
915 4134 1045 4208 illis.
1075 4135 1190 4193 Non
1215 4137 1333 4194 vult
1359 4138 1588 4210 gloriam
1615 4138 1768 4210 regni

191 4216 350 4276 futuri
401 4232 458 4278 et
499 4225 761 4296 triumphi
797 4242 961 4297 quam
998 4228 1052 4283 in
1095 4237 1274 4286 monte
1314 4229 1630 4285 ostenderat
1669 4245 1769 4299 pu-

189 4310 321 4370 blice
340 4317 631 4384 praedicari
662 4336 675 4371 :
702 4334 771 4382 ne
797 4327 852 4374 et
878 4320 1192 4377 incredibile
1230 4331 1376 4378 esset
1418 4338 1518 4392 pro
1561 4322 1769 4393 magni-

196 4405 391 4472 tudine,
421 4417 478 4464 et
506 4417 630 4478 post
662 4419 862 4465 tantam
893 4412 1116 4483 gloriam
1163 4413 1304 4484 apud
1349 4414 1517 4470 rudes
1555 4414 1768 4472 animos

193 4509 420 4566 sequens
447 4516 589 4558 crux
618 4503 927 4558 scandalum
953 4503 1179 4560 faceret.

1859 3305 2124 3370 rantium,
2149 3306 2244 3361 sed
2273 3307 2636 3362 curandorum
2667 3305 2991 3376 impediatur
3015 3305 3166 3360 vitio.

1939 3396 2105 3451 Vens.
2151 3395 2236 3452 l8.
2258 3427 2325 3437 —
2349 3395 2394 3452 0
2423 3397 2733 3469 generatio;
2759 3395 2875 3450 Non
2918 3395 3119 3451 homini
3165 3393 3442 3461 irascitur,

1857 3487 1962 3562 sed
1987 3487 2138 3542 vitio.
2167 3485 2282 3542 Non
2314 3488 2471 3543 ttedio
2499 3485 2785 3542 affectuum
2815 3487 2917 3541 hoc
2945 3485 3097 3550 dicit,
3120 3485 3214 3541 sed
3247 3491 3308 3539 ut
3331 3498 3435 3538 me-

1857 3577 2022 3653 dicus
2061 3593 2206 3651 aegro
2241 3586 2429 3634 contra
2473 3586 2743 3650 praecepta
2792 3576 2993 3650 agenti.
3031 3576 3098 3634 Et
3144 3576 3321 3650 arguit
3347 3590 3445 3646 per

1867 3684 2034 3724 unum
2054 3667 2268 3726 Iudaeos
2289 3670 2696 3726 incredulitatis.

1937 3759 2103 3818 Vens.
2135 3763 2310 3819 l9.—
2331 3761 2526 3819 Statim
2560 3763 2793 3834 spiritus.
2837 3761 2973 3830 Quia
3002 3762 3127 3817 dum
3164 3769 3285 3832 post
3318 3773 3445 3821 oec-

1863 3849 2052 3912 ~catum
2096 3854 2162 3910 ad
2189 3855 2474 3911 Dominum
2497 3855 2740 3911 converti
2771 3854 3042 3920 volumus,
3072 3853 3243 3925 magis
3269 3868 3298 3906 a
3326 3852 3445 3906 dia-

1859 3937 1992 4001 bolo
2022 3945 2418 4016 impugnamur,
2449 3955 2509 4000 ut
2535 3943 2619 4000 vel
2641 3945 2879 4000 excutiat
2902 3945 3178 4011 virtutem,
3201 3940 3287 3997 vel
3319 3941 3444 3997 vin-

1870 4037 2014 4093 dicet
2037 4051 2188 4091 suam
2213 4035 2599 4106 expulsionem.

1941 4125 2104 4184 Vens.
2129 4126 2226 4181 ‘20.
2269 4155 2338 4167 -—
2366 4126 2443 4180 Ab
2480 4126 2732 4196 infantia.
2769 4123 2973 4198 (Ηιιειι.)
2995 4123 3284 4196 Signiﬁcat
3317 4137 3446 4195 gen-

1858 4220 2019 4276 tilem
2058 4220 2314 4293 populum
2349 4219 2435 4274 cui
2475 4219 2762 4274 nativitate
2787 4218 3017 4273 increvit
3056 4217 3231 4272 cultus
3273 4215 3445 4272 idolo-

1869 4303 2014 4381 rum,
2046 4325 2104 4370 ut
2133 4315 2294 4372 stulte
2325 4314 2631 4372 immolaret
2651 4314 2791 4371 ﬁlios
2819 4327 2946 4372 suos
2970 4313 3275 4381 damoniis,
3305 4311 3448 4368 unde

1871 4411 2117 4479 sequitur
2156 4429 2168 4463 :

1942 4503 2107 4558 Vens.
2150 4499 2336 4556 ειμι
2366 4497 2435 4554 Et
2460 4499 2756 4571 frequenter
2797 4514 2940 4567 eum,
2995 4506 3105 4554 etc.
3151 4497 3258 4552 Alii
3302 4495 3448 4552 enim

262 4589 423 4648 Vens.
458 4596 513 4651 9.
539 4625 612 4636 -
656 4595 876 4652 Verbum
916 4598 1307 4653 continuem.
1336 4595 1540 4669 (Ηιειι.)
1565 4596 1622 4653 Id
1661 4604 1766 4664 est,
1794 4584 2078 4666 Dignem,
2123 4592 2212 4648 alii
2247 4607 2445 4662 aquam
2493 4593 2910 4647 venerabantur.
2964 4589 3192 4658 Adjuva.
3241 4585 3448 4657 (Ηιειι.)

194 4694 313 4737 cum
345 4686 608 4758 absorpta
633 4703 781 4745 mors
805 4687 971 4744 fuerit
1011 4690 1066 4744 in
1088 4689 1336 4754 victoria,
1369 4704 1476 4744 non
1517 4697 1677 4744 erunt
1711 4689 1771 4748 in

195 4777 457 4831 memoria
488 4778 698 4849 priora,
725 4794 850 4835 cum
880 4779 1164 4836 abstulerit
1187 4779 1449 4836 Dominus
1467 4781 1683 4838 sordem
1711 4779 1773 4835 li-

195 4862 276 4920 lia:
305 4865 462 4937 Sion,
489 4867 749 4928 auferens
774 4887 992 4932 omnem
1012 4871 1310 4944 lacrymam
1337 4875 1406 4932 ab
1432 4873 1602 4931 oculis
1640 4889 1770 4931 san-

114 4997 124 5006 .
197 4964 422 5017 ctorum.

262 5045 433 5108 Vens.
454 5053 544 5108 10.
574 5052 808 5121 -Quid
845 5071 986 5126 ergo.
1028 5053 1274 5110 Tradunt
1316 5057 1529 5122 scribae,
1568 5068 1765 5113 secun-

197 5139 323 5198 dum
357 5143 700 5212 Malachiam,
734 5146 874 5216 quod
903 5146 1050 5202 Elias
1093 5147 1276 5203 veniet
1312 5157 1437 5206 ante
1475 5149 1768 5206 adventum

199 5231 520 5304 Salvatoris,
567 5247 621 5293 et
660 5239 880 5294 reducet
917 5240 1078 5311 corda
1113 5249 1328 5311 patrum
1365 5241 1438 5296 ad
1474 5250 1768 5310 patreseo-

200 5340 333 5394 rum,
358 5338 415 5386 et
444 5332 697 5388 restituet
719 5333 897 5389 omnia
927 5334 982 5388 in
1016 5334 1296 5404 antiquum
1321 5343 1540 5390 statum.
1571 5335 1770 5391 Existi-

197 5430 344 5476 mant
383 5439 520 5493 ergo
564 5425 809 5496 discipuli
856 5425 995 5481 hanc
1039 5425 1302 5480 adventus
1349 5425 1578 5494 gloriam
1622 5441 1767 5493 esse,

199 5527 358 5582 quam
379 5517 634 5573 viderant
672 5519 726 5573 in
757 5525 958 5583 monte,
1003 5529 1059 5572 et
1093 5517 1314 5573 dicunt:
1343 5517 1398 5571 Si
1432 5515 1545 5586 iam
1574 5518 1771 5572 venisti

198 5603 251 5658 in
312 5606 490 5678 gloria
518 5648 532 5672 ,
590 5624 758 5680 quare
811 5623 1111 5678 praecursor
1170 5618 1293 5663 tuus
1341 5624 1448 5665 non
1509 5608 1774 5678 apparet?

198 5700 436 5754 maxime
460 5702 588 5770 quia
617 5701 799 5756 vident
821 5702 1111 5757 recessisse
1143 5702 1332 5756 Etiam.

275 5792 441 5851 Vm.
479 5795 567 5849 Η.
591 5795 948 5863 -Restitaet,
981 5802 1088 5851 etc.
1136 5793 1356 5851 Scilicet
1400 5801 1654 5850 convertet
1685 5809 1776 5849 cor

1865 4685 2177 4742 Credulitas
2199 4694 2400 4749 nostra,
2433 4692 2494 4739 ut
2520 4691 2751 4740 rostrata
2775 4682 2954 4752 lingua
2982 4680 3192 4735 inﬁma
3216 4687 3319 4744 est,
3345 4677 3449 4732 nisi

1876 4778 2064 4835 innixa
2109 4778 2375 4848 adiutorio
2428 4776 2545 4831 Dei.
2593 4775 2754 4831 Fides
2802 4790 2924 4829 cum
2975 4771 3228 4844 lacrymis
3267 4779 3450 4841 optata

1863 4877 2002 4923 ‘vota
2045 4869 2210 4937 capit,
2259 4874 2320 4921 ut
2360 4863 2631 4922 estzFiat
2669 4865 2762 4919 tibi
2785 4863 3070 4919 secundum
3105 4861 3260 4925 ﬁdem
3303 4869 3450 4914 tuam

1867 4959 2094 5031 (Matth.
2121 4958 2236 5029 xv).

1967 5053 2135 5108 Vsus.
2181 5051 2270 5104 25.
2302 5049 2724 5120 —-Discerpens,
2764 5057 2865 5103 etc.
2921 5045 3127 5121 (Ηιιιι.)
3184 5043 3454 5112 Discerpit

1878 5143 2122 5199 diabolus
2171 5144 2661 5215 appropinquantes
2698 5141 2768 5194 ad
2812 5139 3065 5204 salutem,
3096 5137 3240 5209 quod
3277 5144 3362 5191 est
3400 5134 3452 5190 ei

1863 5251 2001 5294 esca
2034 5235 2248 5301 dilecta,
2280 5249 2414 5305 quos
2442 5234 2496 5288 in
2526 5242 2768 5290 ventrem
2798 5249 2953 5290 suum
2985 5233 3202 5289 trahere
3229 5228 3446 5284 deside-

1859 5339 1967 5386 .rat
2007 5343 2103 5400 per
2142 5339 2380 5385 terrores
2405 5335 2460 5382 et
2510 5327 2727 5392 damna,
2778 5335 2838 5380 ut
2881 5325 3027 5396 Job:
3067 5322 3286 5388 Factus,
3339 5330 3448 5377 etc.

1873 5422 2056 5495 (1510.,
2089 5419 2366 5490 Rite.)etc.
2401 5419 2618 5475 Sanatis
2644 5419 2788 5474 enim
2816 5419 3014 5474 dicitur
3044 5435 3058 5472 :
3100 5414 3296 5470 Μαι-ηιξ
3316 5415 3454 5468 enim

1879 5515 2020 5577 estis,
2051 5522 2099 5567 et
2129 5514 2233 5566 vita
2259 5521 2426 5566 vestra
2453 5510 2752 5564 abscondita
2777 5520 2850 5565 est
2880 5526 2996 5563 cum
3015 5507 3221 5562 Christo
3258 5506 3312 5558 in
3348 5503 3454 5556 Deo

1886 5606 2024 5680 (Col.
2064 5609 2167 5677 ιιι).
2223 5606 2372 5662 Unde
2421 5605 2705 5660 infirmitas
2747 5603 3179 5660 Christianorum
3222 5613 3328 5652 non
3374 5603 3454 5650 est

1883 5717 2052 5766 mors,
2087 5703 2178 5756 sed
2211 5700 2398 5754 mortis
2440 5698 2752 5754 similitudo.

1965 5791 2130 5847 Vens.
2157 5789 2461 5847 28.—Hoc
2489 5807 2652 5863 genus
2706 5797 2749 5846 ἠ
2786 5791 2948 5846 nullo.
2985 5784 3186 5861 (ηιιιιι.)
3220 5776 3455 5838 Stultitia

1814 5904 1872 5922 τοι.

1839 5949 1852 5961 κ

1822 5965 1865 5978 μ
