3960 6336
492 441 601 502 215
988 443 1376 502 WALAFRIDI
1414 441 1662 500 STRABI
1695 440 1901 499 FULD.
1942 441 2107 499 MON.
2148 431 2303 502 OPP.
2345 445 2524 502 PARS
2557 443 2600 500 l.
2640 473 2713 485 —
2749 441 3206 500 THEOLOGICA.
3637 442 3743 499 216

495 561 564 616 ad
607 559 877 615 luxuriam
909 560 1090 614 carnis
1128 559 1364 629 pertinet
1404 568 1460 614 et
1477 558 1681 630 jejunio
1715 566 1954 614 sanatur.
1984 558 2068 614 lra
2093 563 2144 625 Α
2171 570 2324 632 parte
2351 563 2516 618 habet
2550 561 2863 628 arcendum,
2897 560 2992 616 sed
3021 561 3087 614 ad
3123 560 3225 614 hoc
3257 557 3434 628 potius
3471 557 3615 627 quod
3637 573 3746 616 non

491 658 547 704 et
592 649 803 720 ignavia
857 648 1099 704 oratione
1147 649 1448 718 depellitur.
1493 648 1756 704 Medicina
1808 647 2068 720 cujusque
2169 653 2332 708 habet
2370 653 2768 723 provocandam
2801 668 2814 706 :
2845 652 3028 707 unde:
3065 650 3242 705 Nolite
3269 649 3560 720 prohibere.

489 744 730 801 vulneris
772 743 1068 799 adhibenda
1096 753 1180 800 est
1213 745 1283 800 ei.
1314 745 1432 803 Non
1479 753 1637 800 sanat
1678 745 1895 801 oculum
1922 746 2066 815 quod
2239 744 2406 800 Vens.
2429 743 2593 799 38.—-
2607 743 2785 799 Nolite
2807 742 3096 814 prohibere.
3123 741 3335 813 (BenA.)
3357 739 3494 795 Hinc
3513 739 3744 810 Aposto-

488 835 819 901 calcaneum,
847 834 1052 904 jejunio
1097 838 1376 907 passiones
1419 838 1682 910 corporis,
1709 839 1955 894 oratione
1979 853 2069 896 sa-
2165 835 2298 892 lus:
2343 833 2448 891 Sed
2487 835 2594 890 sive
2637 835 2907 890 occasione
2943 834 3046 888 sive
3098 833 3310 888 veritate
3364 831 3601 886 Christus
3645 849 3747 888 an.-

489 933 690 979 nantur
714 934 894 994 pestes
929 927 1144 981 mentis.
2098 920 2107 929 ’
2166 926 2456 993 nuntietur,
2500 933 2631 994 etc.,
2660 940 2822 996 usque
2855 923 2925 980 ad
2959 923 3214 981 detestari
3255 931 3310 980 et
3327 922 3630 995 prohibere
3653 924 3745 982 de-

561 1013 720 1070 Vens.
750 1014 1187 1071 30.—Occident
1228 1033 1369 1083 eum,
1419 1025 1526 1074 etc.
1558 1017 1842 1089 Prosperis
1873 1019 2066 1075 miscet
2165 1014 2380 1071 bemus.

485 1108 682 1173 tristia,
715 1116 773 1161 ut
799 1123 921 1162 cum
959 1108 1220 1174 venerint,
1254 1124 1362 1164 non
1392 1110 1857 1181 impraemeditatis
1885 1111 2066 1168 feran-
2235 1105 2401 1162 Vens.
2439 1106 2530 1162 41.
2555 1137 2627 1147 -
2651 1105 2721 1160 Et
2767 1105 3000 1178 quisquis
3041 1104 3498 1162 scandalisaverit.
3556 1105 3743 1174 Quane

485 1205 574 1251 tur
610 1198 822 1253 animis.
860 1197 917 1252 Si
945 1199 1235 1254 contristat
1267 1214 1380 1267 eos,
1427 1201 1554 1271 quia
1601 1203 1929 1258 occidendus
1955 1213 2060 1271 est,
2163 1213 2327 1270 quam
2373 1198 2478 1254 hoc
2535 1197 2787 1270 generale
2823 1199 2926 1264 sit.
2973 1206 3153 1268 Ροιεει
3201 1206 3382 1254 tamen
3441 1201 3744 1256 secundum

482 1290 640 1345 debet
668 1289 943 1345 laetiﬁcare
973 1290 1100 1361 quia
1131 1291 1215 1346 die
1248 1293 1404 1346 tertia
1436 1301 1841 1349 resurrecturus
1862 1303 1965 1348 est.
2163 1289 2603 1358 consequentiam
2647 1290 2911 1346 sermonis
2951 1299 3142 1345 contra
3176 1290 3446 1361 apostolos
3491 1291 3620 1356 dici,
3651 1293 3744 1362 qui

554 1382 719 1436 Vens.
763 1379 1297 1452 3l.-—lgnorabant.
1345 1382 1462 1438 Non
1504 1390 1614 1439 tam
1655 1383 1857 1454 ingenii
1890 1383 2060 1438 tardi-
2163 1380 2230 1436 de
2261 1382 2494 1450 primatu
2541 1381 2889 1450 disputabant
2921 1390 2977 1436 et
2999 1396 3094 1437 eos
3116 1395 3254 1451 quos
3273 1382 3341 1436 ad
3373 1380 3534 1436 ﬁdem
3581 1398 3746 1438 voca-

483 1479 597 1526 tate
624 1486 784 1540 quam
814 1487 1017 1537 amore,
1059 1473 1185 1542 quia
1231 1472 1399 1527 Deum
1427 1487 1618 1527 verum
1668 1482 2058 1542 cognoverunt,
2160 1471 2328 1537 bant,
2354 1472 2601 1543 exemplo
2646 1487 2744 1528 suo
2787 1472 3016 1544 perdere
3043 1480 3313 1542 poterant.
3349 1471 3566 1544 (Βεω.)
3602 1473 3745 1530 Nota

483 1565 801 1620 moriturum
846 1565 1066 1620 credere
1111 1564 1424 1634 nequibant.
1474 1564 1542 1620 Et
1576 1565 1700 1634 quia
1730 1564 1810 1619 eis
1836 1565 1890 1618 in
1924 1563 2062 1634 ﬁgu-
2159 1565 2303 1634 quod
2328 1565 2382 1620 in
2411 1565 2554 1620 bono
2576 1579 2741 1636 opere
2787 1572 2974 1621 nostro
3001 1564 3292 1637 aliquando
3321 1567 3626 1622 cavendum
3660 1576 3748 1623 est

481 1655 559 1711 ris
594 1655 738 1726 loqui
772 1666 1187 1720 consueverunt,
1239 1656 1522 1709 horrentes
1569 1652 1686 1722 ejus
1716 1663 1970 1722 mortem,
2001 1653 2060 1709 in
2159 1656 2472 1713 scandalum
2513 1658 2771 1726 proximi,
2819 1657 3108 1730 aliquando
3153 1673 3253 1729 pro
3307 1659 3480 1716 nihilo
3532 1661 3743 1717 haben-

480 1747 565 1802 his
593 1761 803 1816 quoque
828 1761 948 1802 eum
986 1745 1133 1816 loqui
1176 1744 1404 1816 ﬁgurate
1430 1745 1711 1814 putabant.
2159 1749 2287 1805 dum
2320 1768 2334 1805 :
2370 1750 2425 1805 in
2457 1761 2716 1820 quantum
2765 1752 2883 1807 sine
2926 1759 3152 1823 peccato
3203 1767 3513 1824 possumus,
3564 1755 3746 1812 vitare

553 1838 716 1893 Vens.
748 1837 836 1892 52.
865 1836 1341 1909 -ϐαρὴανῃαιιηι.
1378 1835 1583 1908 (“ll-Ill.)
1624 1835 1760 1892 Villa
1806 1834 2055 1891 consula-
2085 1913 2102 1915 A
2157 1842 2528 1913 proximorum
2554 1841 2866 1899 scandalum
2901 1842 3176 1899 debemus.
3207 1841 3266 1898 Si
3304 1851 3484 1900 autem
3511 1860 3612 1915 pro
3651 1861 3746 1902 ve-

479 1929 641 1985 tiouis
673 1946 686 1984 :
715 1931 963 2001 congruit
1009 1929 1280 1999 praedictae
1333 1927 1616 1984 sententiae
1653 1945 1666 1982 :
1701 1926 1919 1984 Occisus
1968 1927 2055 1982 die
2082 1913 2131 1974 Β
2158 1933 2322 1988 ritate
2349 1932 2666 1988 scandalum
2691 1923 2956 1998 sumitur,
2986 1933 3174 1991 utilius
3207 1936 3359 1993 nasci
3399 1913 3743 2007 permittitur

475 2022 629 2075 tertia
680 2031 908 2091 resurget
932 2019 1115 2092 (Joan.
1162 2019 1282 2094 xu).
1328 2019 1566 2075 Granum
1605 2017 1861 2074 frumenti
1892 2019 2058 2074 mori—
2159 2039 2323 2095 quam
2350 2025 2552 2080 veritas
2582 2024 2938 2094 relinquatur.

476 2120 588 2178 tur,
618 2122 677 2167 ut
703 2113 1050 2183 multiplicius
1075 2108 1398 2184 colligatur:
1427 2103 1620 2169 sinon
1665 2116 1912 2180 moritur,
1957 2130 2048 2171 so-
2247 2112 2394 2168 Mala
2441 2113 2696 2168 asinaria.
2738 2113 2942 2187 (thn.)
2982 2114 3288 2173 Secundum
3339 2131 3547 2174 morem
3595 2133 3733 2190 pro-

403 2216 408 2220 ‘
479 2205 590 2259 lum
632 2215 830 2262 manet.
862 2205 1005 2272 Quid
1034 2207 1090 2260 in
1125 2206 1232 2272 via,
1261 2215 1368 2262 etc.
1409 2205 1468 2261 ln
1495 2208 1582 2262 via
1635 2210 1938 2264 tractabant
1987 2209 2055 2264 de
2157 2206 2367 2272 vincite,
2412 2215 2540 2274 etc.,
2591 2225 2752 2280 usque
2796 2210 2866 2264 ad
2901 2209 3236 2267 tolerabilior
3278 2218 3555 2284 utcunque
3607 2229 3739 2269 eum

474 2298 777 2367 principatu
811 2315 824 2352 :
857 2290 1047 2353 Similis
1075 2297 1326 2353 tractatio
1351 2296 1490 2354 loco.
1521 2297 1860 2369 Principatus
1902 2299 2050 2354 enim
2157 2298 2355 2355 inferni
2381 2311 2541 2370 ptBna
2587 2300 2874 2358 cruciaret.

477 2389 529 2442 vi
561 2389 880 2460 ingreditur,
907 2389 985 2444 sie
1011 2389 1297 2456 deseritur,
1325 2399 1381 2445 et
1404 2390 1532 2446 dum
1562 2399 1777 2446 tenetur
1805 2390 2001 2447 labitur
2031 2409 2045 2446 :
2226 2391 2391 2447 Vens.
2433 2391 2524 2446 42.
2566 2422 2637 2432 —
2674 2389 2745 2446 Et
2791 2393 2838 2446 si
2887 2392 3345 2450 scandalizaverit.
3392 2394 3529 2462 Quia
3566 2410 3739 2467 supra

472 2488 528 2534 et
556 2480 817 2534 incertum
849 2480 901 2535 in
950 2495 1054 2551 qua
1100 2482 1397 2547 mansione,
1448 2481 1502 2536 id
1556 2490 1656 2547 est,
1702 2483 1754 2537 in
1807 2498 1914 2553 qua
1965 2482 2053 2540 die
2153 2482 2354 2546 docuit,
2399 2473 2467 2537 ne
2511 2481 2941 2538 scandalizemus
2971 2497 3066 2538 eos
3093 2483 3185 2554 qui
3211 2483 3438 2539 credunt
3477 2483 3533 2539 in
3581 2500 3734 2552 eum,

479 2571 726 2638 ﬁniatur;
758 2574 899 2629 unde
931 2575 1061 2629 dicit
1089 2593 1102 2630 :
1136 2573 1239 2640 Qui
1271 2573 1379 2630 vult
1410 2592 1518 2630 esse
1544 2577 1766 2646 primus,
1797 2585 1900 2631 etc.
2153 2578 2409 2632 admonet
2436 2586 2696 2646 quantum
2725 2576 2984 2633 debemus
3021 2593 3117 2634 eos
3146 2593 3342 2636 cavere
3383 2579 3475 2650 qui
3505 2581 3739 2634 scanda-

552 2662 715 2718 Vens.
747 2663 1085 2720 53.-—Inter
1129 2683 1184 2721 se
1217 2667 1629 2738 disputaverunt.
1671 2666 1883 2739 (Bt-3m.)
1911 2665 2051 2724 Hinc
2151 2660 2338 2725 lizant.
2365 2668 2648 2726 Σκάνδαλον
2686 2667 2872 2726 Graece
2901 2669 3279 2726 oﬂ'endiculum
3326 2671 3410 2726 vel
3451 2673 3608 2727 ruina
3645 2673 3739 2729 vel

473 2765 661 2809 exorta
691 2756 907 2811 videtur
934 2757 1248 2827 disputatio,
1293 2759 1420 2830 quia
1459 2759 1708 2814 viderant
1738 2760 1970 2850 Petrum.
1991 2768 2047 2816 et
2152 2761 2409 2832 impactio
2431 2761 2600 2832 pedis.
2623 2760 2742 2826 Vel,
2771 2769 2832 2815 ut
2857 2760 2969 2826 alii,
2993 2762 3298 2832 scrupulus.
3319 2760 3412 2818 Ille
3432 2778 3561 2834 ergo
3581 2779 3738 2818 scan-

479 2845 739 2901 Jaeobum
783 2855 837 2902 et
873 2845 1135 2902 Joannem
1175 2862 1419 2905 seorsum
1470 2849 1660 2904 ductos
1689 2849 1741 2904 in
1786 2845 2045 2916 montem,
2152 2851 2352 2908 dalizat
2391 2851 2614 2906 fratrem
2678 2851 2770 2920 qui
2811 2851 2861 2906 ei
2903 2851 3048 2909 dicto
3076 2851 3160 2907 vel
3203 2851 3348 2907 facto
3386 2853 3736 2908 occasionem

475 2947 530 2992 et
563 2938 774 3007 aliquod
821 2948 1086 2994 secretum
1128 2939 1200 2995 ibi
1247 2955 1367 2995 esse
1405 2940 1666 2996 creditum
1712 2941 1814 3006 eis,
1853 2941 1948 2995 sed
1991 2948 2047 2995 et
2151 2942 2322 2997 ruinae
2371 2942 2596 3012 praebet.
2648 2939 2843 2996 Manus
2884 2951 2998 2996 tua.
3038 2941 3281 3007 Amicus,
3329 2941 3482 3012 cujus
3527 2956 3628 3012 ope
3675 2949 3737 2996 et

476 3027 657 3090 Petro,
691 3028 829 3083 sicut
872 3027 1155 3083 Matthaaus
1183 3029 1334 3096 dicit,
1365 3028 1546 3086 claves
1591 3031 1742 3102 regni
1784 3029 2045 3086 etelorum
2150 3034 2378 3091 consilio
2417 3033 2723 3104 indigemus
2759 3034 3024 3105 quotidie.
3068 3032 3176 3090 Sed
3214 3033 3261 3089 si
3297 3033 3386 3088 hic
3427 3033 3621 3087 laedere
3673 3033 3736 3087 in

469 3120 782 3188 promissas,
831 3129 883 3175 et
932 3119 1226 3176 Ecclesiam
1265 3137 1430 3192 super
1456 3131 1664 3192 petram
1698 3120 1842 3186 ﬁdei,
1876 3139 1907 3176 a
1935 3137 2044 3192 qua
2149 3141 2314 3181 causa
2343 3126 2539 3182 animae
2566 3125 2815 3193 voluerit,
2861 3126 3228 3182 excludendus
3257 3135 3341 3181 est
3373 3140 3405 3179 a
3434 3134 3616 3180 nostra
3642 3139 3737 3179 so-

473 3213 588 3283 ipse
616 3227 806 3268 nomen
839 3214 1131 3284 acceperit,
1162 3213 1554 3270 aediﬁcandam.
1599 3215 1870 3270 Putabant
1909 3224 2042 3288 ergo
2079 3272 2120 3290 Α
2153 3218 2374 3285 cietate,
2401 3233 2467 3274 ne
2494 3219 2540 3274 si
2568 3234 2690 3275 cum
2719 3218 2930 3290 perdito
2954 3209 3133 3275 in’hac
3157 3218 3269 3274 vita
3296 3227 3506 3289 partem
3527 3218 3738 3274 habere

474 3305 555 3358 vel
587 3304 706 3360 illos
737 3313 844 3362 tres
869 3307 1098 3372 caeteris,
1131 3306 1214 3362 vel
1239 3308 1488 3363 omnibus
1527 3307 1746 3364 Petrum
1773 3323 1893 3366 esse
1913 3323 2050 3381 prae-

470 3395 659 3451 latum.

541 3507 708 3563 Vens.
745 3507 1002 3563 54.—Et
1037 3509 1290 3576 residens,
1330 3519 1437 3565 etc.
1473 3507 1554 3564 llli
1589 3519 1781 3566 euntes
1808 3510 2049 3581 disputa-

471 3597 603 3653 bant
647 3601 713 3655 de
741 3600 1067 3672 principatu,
1097 3611 1153 3657 et
1188 3601 1303 3671 ipse
1349 3600 1543 3657 sedens
1585 3601 1740 3658 docet
1769 3601 2046 3658 humilita-

471 3708 600 3752 tem.
654 3696 935 3768 Principes
963 3698 1106 3753 enim
1144 3697 1413 3763 laborant,
1461 3697 1692 3755 humiles
1736 3699 2044 3770 quiescunt.

470 3789 805 3845 Desiderium
836 3789 1019 3860 gloriae
1042 3789 1156 3844 vult
1199 3789 1502 3846 humilitate
1532 3805 1749 3857 sanare,
1775 3798 1832 3846 et
1869 3791 2046 3862 primo

471 3881 699 3950 simplici
751 3888 934 3937 monet
983 3881 1228 3952 imperio,
1279 3895 1402 3936 mox
1456 3881 1782 3938 innocentiae
1819 3881 2047 3953 puerilis

468 3974 736 4046 exetnplo.

542 4085 706 4142 Vens.
736 4082 1256 4157 35.—Comple:cus.
1290 4085 1571 4159 Signiﬁcat
1590 4086 1824 4143 humiles
1851 4086 2044 4159 dignos

466 4194 586 4235 esse
613 4194 712 4235 suo
738 4178 1039 4249 complexu,
1075 4179 1168 4248 qui
1205 4177 1329 4248 jure
1361 4187 1586 4251 possunt
1617 4179 1836 4251 gloriari
1871 4187 1928 4235 et
1963 4179 2045 4236 dl-

467 4286 589 4327 cere
615 4289 627 4325 :
654 4269 808 4326 Lazva
829 4271 944 4341 ejus
972 4271 1067 4325 sub
1092 4271 1257 4340 capite
1281 4289 1417 4338 meo,
1445 4280 1494 4327 et
1519 4272 1733 4328 dextera
1759 4270 1904 4326 illius
1932 4289 2046 4327 am-

468 4361 765 4432 plexabitur
793 4378 876 4416 me
901 4360 1078 4435 (Cant.
1114 4367 1196 4434 u).

555 4473 716 4530 Vens.
746 4474 1179 4546 56.—Quisquis
1208 4492 1390 4531 unum.
1430 4473 1522 4530 Vel
1561 4476 1877 4548 simpliciter
1907 4491 2043 4549 pau-

467 4581 622 4638 peres
671 4567 869 4624 Christi
897 4567 966 4623 ab
1006 4567 1092 4623 his
1138 4567 1230 4638 qui
1273 4567 1439 4623 velint
1477 4583 1600 4624 esse
1639 4567 1894 4638 majores,
1941 4585 2042 4640 pro

466 4660 582 4730 ejus
627 4661 834 4717 honore
886 4659 1122 4714 ostendit
1171 4673 1292 4714 esse
1343 4658 1698 4729 recipiendos.
1748 4658 1847 4716 Vel
1897 4660 2044 4731 ipsos

467 4751 668 4806 malitia
713 4749 964 4821 parvulos
1009 4764 1130 4804 esse
1178 4750 1386 4815 suadet,
1428 4758 1488 4803 ut
1523 4759 1779 4820 tanquam
1829 4751 2042 4821 parvuli

466 4842 738 4914 simplices
768 4842 894 4898 sint.
948 4840 1015 4894 Et
1045 4841 1356 4912 quicunque.
1398 4839 1534 4908 Quia
1564 4841 1615 4894 in
1652 4840 1837 4910 pueris
1863 4856 1922 4896 se
1955 4857 2044 4898 re-

466 4935 568 5005 eipi
617 4934 864 4998 docebat,
917 4941 977 4987 ut
1025 4939 1184 5001 caput
1216 4931 1268 4986 in
1325 4931 1602 4996 membris,
1647 4945 1716 4986 ne
1757 4941 2044 5001 putaretur

465 5042 566 5084 noc
600 5026 773 5082 solum
801 5039 922 5080 esse
953 5025 1095 5094 quod
1141 5024 1444 5091 videbatur,
1489 5022 1738 5092 adjunxit
1770 5043 1783 5080 :
1814 5023 1883 5079 Et
1925 5027 2043 5097 qui-

465 5136 665 5191 cunque
711 5137 792 5175 me
835 5119 1134 5191 susceperit,
1181 5128 1288 5175 etc.

535 5235 698 5289 Vens.
726 5233 814 5288 ‘57.
838 5232 1212 5304 —Respondit
1266 5232 1362 5288 illi.
1407 5232 1544 5302 Quia
1585 5235 1842 5291 dixerat:
1881 5233 2042 5301 Quis-

463 5327 580 5397 quis
620 5340 786 5379 unum
833 5341 898 5380 ea:
926 5324 1231 5394 hujusmodi
1275 5326 1452 5395 pueris
1507 5327 1775 5397 receperit,
1813 5339 1909 5381 ‘me
1958 5342 2041 5381 re-

466 5421 611 5489 cipit,
658 5418 906 5490 intelligit
946 5417 1184 5476 Joannes
1233 5419 1377 5490 quod
1425 5420 1480 5474 in
1515 5421 1731 5476 nomine
1781 5417 1897 5488 ejus
1942 5434 2038 5476 eos

467 5530 572 5568 non
627 5514 911 5584 recipiant,
964 5514 1054 5584 qui
1112 5529 1218 5569 non
1265 5513 1477 5568 sincere
1525 5512 1847 5577 ambulant;
1895 5512 2036 5566 unde

466 5606 540 5659 ait
577 5625 587 5659 :
626 5604 894 5677 Magister,
935 5607 1153 5661 vidimus
1183 5605 1478 5676 quemdam.
1512 5604 1675 5671 Quasi
1722 5605 1867 5658 dicat
1899 5623 1911 5661 :
1943 5603 2042 5660 llic

465 5699 520 5754 in
573 5699 788 5755 nomine
838 5707 930 5754 tuo
977 5715 1081 5752 non
1115 5698 1274 5752 debet
1323 5696 1544 5765 suscipi.
1579 5693 1646 5749 Et
1681 5694 2041 5764 prohibuimus

403 5821 424 5830 η-
447 5808 604 5852 cum.
631 5791 848 5855 Putavit
891 5807 1022 5848 eum.
1043 5789 1436 5852 excludendum
1462 5805 1492 5842 a
1513 5789 1779 5846 beneﬁcio
1807 5790 1898 5860 qui
1932 5805 2041 5845 non

465 5885 634 5944 utitur
659 5882 854 5952 cilicio,
891 5883 985 5941 sed
1017 5881 1241 5938 docetur
1279 5878 1554 5937 neminem
1581 5894 1612 5934 a
1636 5878 1779 5939 bono
1801 5878 1948 5953 quod
1969 5893 2042 5938 ex

2152 3308 2420 3375 volumus,
2445 3309 2606 3365 simul
2632 3325 2755 3366 cum
2785 3309 2874 3366 illo
2899 3325 3203 3380 Pereamus.

2227 3399 2399 3467 Quam
2422 3401 2556 3456 duas
2586 3418 2793 3457 manus.
2827 3401 3034 3474 alien.)
3067 3401 3197 3457 Duae
3230 3417 3423 3458 manus
3449 3402 3734 3474 principa-

2152 3501 2260 3556 tus,
2285 3491 2561 3548 humilitas
2588 3500 2642 3548 et
2665 3493 2935 3562 superbia.
2959 3491 3226 3550 Abscinde
3246 3494 3576 3564 superbiam,
3605 3502 3738 3550 tene

2151 3584 2354 3640 humile
2379 3584 2764 3654 principatum.

2222 3672 2388 3728 Vens.
2418 3671 2686 3729 lla—Ubi
2712 3674 2916 3729 vermis.
2942 3674 3154 3749 (BEDA.)
3177 3675 3340 3733 Fetor
3363 3675 3632 3731 vermium
3661 3674 3739 3730 de

2150 3765 2498 3837 corruptione
2541 3765 2722 3820 carnis
2774 3774 2828 3820 et
2869 3768 3167 3839 sanguinis,
3199 3768 3430 3838 ideoque
3467 3783 3599 3824 caro
3643 3781 3738 3822 re-

2150 3875 2281 3918 cens
2317 3857 2429 3914 sale
2457 3858 2727 3926 conditur,
2756 3867 2817 3914 ut
2850 3861 3122 3917 exsiccato
3153 3861 3380 3918 humore
3409 3861 3732 3933 sanguineo,

2149 3949 2350 4008 vermis
2379 3962 2500 4005 esse
2530 3958 2782 4018 nequeat.
2818 3949 2959 4007 Caro
2997 3967 3125 4024 ergo
3161 3960 3217 4010 et
3258 3953 3477 4025 sanguis
3517 3967 3737 4010 vermes

2149 4047 2361 4106 creant,
2399 4041 2525 4110 quia
2563 4041 2854 4098 delectatio
2901 4041 3136 4099 carnalis
3182 4043 3270 4099 cui
3319 4043 3736 4099 condimentum

2147 4133 2500 4190 continentia:
2528 4147 2636 4189 non
2663 4131 2888 4199 resistit,
2919 4145 3137 4202 ptenam
3176 4131 3470 4188 luxuriosis
3504 4139 3737 4204 generat

2147 4233 2427 4281 aeternam.
2459 4225 2729 4281 Debemus
2757 4239 2886 4294 ergo
2915 4240 3110 4296 corpus
3138 4226 3487 4282 continentiae
3518 4226 3651 4291 sale,
3673 4234 3736 4282 et

2145 4325 2383 4371 mentem
2425 4317 2771 4374 condimento
2808 4317 3086 4387 sapientia:
3127 4318 3198 4374 ab
3241 4317 3447 4374 erroris
3493 4327 3549 4374 et
3572 4319 3735 4374 vitio-

2148 4422 2266 4462 rum
2300 4405 2420 4463 labe
2448 4409 2732 4479 castigare.
3417 4478 3421 4481 ι

2219 4499 2383 4555 Vens.
2415 4500 2504 4557 48.
2529 4532 2599 4542 -
2620 4501 2804 4557 Omnis
2827 4504 2964 4556 enim
2991 4503 3128 4574 igne.
3150 4501 3287 4571 Quia
3315 4503 3476 4559 tertio
3497 4503 3734 4559 mentio-

2147 4606 2272 4647 nem
2299 4591 2431 4647 fecit
2462 4592 2603 4664 ignis
2629 4602 2684 4648 et
2705 4594 2932 4660 vermis,
2953 4593 3191 4649 ostendit
3217 4596 3488 4665 quomodo
3520 4604 3734 4650 utrum-

2147 4699 2253 4754 que
2278 4683 2555 4741 valeamus
2582 4685 2775 4741 vitare.
2800 4683 2984 4740 Omnis
3017 4685 3154 4739 enim
3185 4686 3327 4756 igne,
3353 4686 3491 4742 mire
3523 4686 3732 4742 dictum

2146 4785 2267 4832 est:
2296 4774 2450 4843 Quod
2480 4776 2625 4832 enim
2655 4776 2770 4832 sale
2802 4775 3013 4843 salitur,
3039 4777 3240 4832 vermis
3263 4778 3606 4848 putredinem
3643 4793 3733 4833 ar-

2147 4876 2255 4924 cet.
2301 4867 2455 4935 Quod
2499 4883 2630 4923 vero
2671 4868 2812 4939 igne,
2855 4866 2908 4921 id
2949 4875 3052 4934 est,
3090 4867 3144 4923 in
3171 4867 3314 4940 igne,
3354 4883 3579 4939 asperso
3618 4869 3731 4925 sale

2146 4975 2365 5016 carnem
2408 4974 2622 5030 quoque
2648 4958 2939 5014 consumit.
2971 4958 3096 5016 Haec
3134 4960 3435 5016 secundum
3473 4961 3645 5032 legem
3674 4962 3731 5017 in

2146 5053 2340 5109 hostiis
2379 5052 2580 5107 ﬁebant
2620 5066 2741 5123 qua:
2785 5051 2838 5106 in
2886 5050 3043 5106 altari
3087 5050 3492 5117 cremabantur,
3529 5053 3620 5107 ubi
3674 5053 3730 5108 in

2145 5145 2294 5200 omni
2343 5143 2561 5198 victima
2619 5149 2674 5198 et
2726 5142 2998 5198 sacriﬁcio
3045 5141 3125 5197 sal
3165 5141 3347 5198 otl‘errt
3394 5153 3729 5213 praeceptum

2144 5244 2246 5292 est.
2278 5234 2460 5289 Omnis
2495 5236 2702 5290 victima
2742 5233 2862 5290 sale
2885 5235 3122 5290 satietur.
3159 5234 3252 5290 Ille
3284 5234 3430 5290 enim
3468 5249 3598 5290 vere
3626 5233 3729 5290 Do-

2147 5329 2279 5383 mini
2311 5329 2528 5384 victima
2555 5338 2639 5384 est
2664 5329 2754 5398 qni
2790 5343 2987 5399 corpus
3021 5337 3078 5384 et
3117 5328 3377 5395 animam,
3403 5336 3537 5391 etc.,
3565 5343 3729 5397 usque

2144 5418 2214 5472 ad
2239 5417 2466 5474 dilectos
2491 5426 2548 5474 et
2569 5420 2846 5489 proximos
2883 5418 3038 5474 nobis
3073 5419 3361 5489 abnegare.
3396 5416 3583 5472 Omnis
3627 5419 3730 5471 vic-

2143 5510 2273 5563 tima
2299 5510 2409 5564 sale
2432 5509 2669 5564 satietur.
2704 5507 2910 5581 (Hii-3R.)
2938 5506 3171 5563 Victima
3205 5524 3376 5578 genus
3401 5508 3728 5569 humanum,

2142 5602 2284 5672 quod
2311 5601 2398 5656 hic
2430 5600 2706 5671 sapientiae
2733 5599 2844 5655 sale
2873 5599 2952 5655 vel
2978 5602 3188 5663 ratione
3211 5598 3421 5664 salitur,
3450 5598 3580 5654 dum
3608 5613 3730 5653 cor-

2141 5693 2322 5760 rnptio
2349 5693 2646 5761 sanguinis,
2675 5693 2919 5747 custodia
2945 5691 3271 5762 putredinis,
3311 5698 3366 5746 et
3399 5697 3576 5745 mater
3603 5704 3730 5744 ver-

2141 5781 2311 5836 mium
2358 5781 2446 5849 hic
2486 5783 2845 5860 consumitur,
2867 5788 2922 5862 et
2949 5789 3076 5854 post
3104 5777 3419 5853 purgatorio
3443 5775 3569 5858 i'gne
3591 5793 3725 5862 exa-

2142 5872 2460 5932 minabitur.
2531 5865 2535 5868 ’
2876 5865 2896 5868 Ὗ
3177 5879 3190 5918 ί-
3241 5873 3280 5884 ”
3407 5865 3442 5892 ς’
3489 5869 3491 5872 ⁴
3550 5877 3552 5880 ’
3613 5881 3635 5919 ’τ
