3960 6336
233 417 331 481 m
567 395 570 398 ’
854 417 863 424 ·
1197 413 1464 476 GLOSSA
1501 415 1898 477 ORDINARIA.
1942 449 2010 459 —
2048 417 2302 476 EVANG.
2345 417 2581 477 MARCI.
3371 417 3476 479 ets

300 536 461 592 Vitas.
489 534 659 591 49.—
679 531 831 602 Quod
855 535 903 591 si
927 536 1028 604 sal,
1051 545 1154 592 etc.
1186 537 1245 592 ιδ
1272 545 1376 603 est,
1407 536 1450 590 si
1480 536 1603 606 quis
1631 534 1796 591 semel
1825 541 1876 603 Α
1901 534 2104 589 valoris
2126 533 2396 604 benedici,
2419 537 2513 591 sed
2538 535 2774 591 nondum
2795 531 3009 607 plenam
3034 531 3193 592 ﬁdem
3218 532 3479 594 habentes

233 627 584 686 condimentis
611 627 856 683 veritatis
889 626 1126 684 refectus
1161 627 1228 683 ad
1263 627 1587 698 apostasiam
1627 627 1802 682 redie-
1900 626 2161 697 putabant
2187 639 2310 682 eum
2341 641 2491 682 more
2521 628 2800 684 hominum
2839 627 3182 684 offerentium
3209 630 3477 702 importu-

234 723 301 778 rit
327 741 339 775 :
373 735 476 791 quo
505 719 612 776 alio
639 720 859 776 doctore
884 721 1192 792 corrigitur,
1226 720 1318 791 qui
1355 735 1475 775 eam
1508 735 1668 790 quam
1699 735 1798 791 gu-
1900 719 2071 775 nitate
2100 718 2312 774 lassari.

233 811 387 868 stavit
425 810 762 880 sapientiam,
796 810 880 866 vel
920 811 1163 868 adversis
1193 811 1432 876 territus,
1459 809 1543 865 vel
1574 825 1798 881 prospe-
1970 808 2135 865 Vens.
2171 809 2258 864 M.
2289 841 2360 850 —
2391 809 2596 866 Talium
2642 813 2779 867 enim
2823 822 2898 868 est
2943 829 3157 885 regnum
3205 813 3321 869 Dei.
3375 815 3481 870 Ta-

231 902 302 956 ris
331 899 538 955 illectus
566 900 814 970 respuit?
844 899 998 957 Unde
1030 918 1043 954 :
1073 899 1204 967 Quis
1230 901 1518 954 medebitur
1555 901 1800 955 incanta-
1899 903 2030 958 lium
2073 903 2440 975 signiﬁcanter
2485 905 2636 970 dicit,
2669 921 2775 961 non
2821 906 3066 962 istorum.
3091 906 3255 974 Quasi
3295 907 3478 962 dicat:

229 993 324 1046 tori
349 1009 380 1044 a
399 1001 632 1060 serpente
649 992 932 1062 percusso?
957 989 1145 1063 (Eccli.
1169 991 1292 1064 xu.)
1314 991 1372 1046 ln
1395 991 1498 1047 hoc
1526 990 1716 1046 Judam
1746 1005 1801 1047 et
1901 996 2079 1054 Mores
2122 1007 2374 1070 regnant,
2417 1014 2524 1055 non
2568 1008 2719 1055 tetas.
2763 1000 2858 1056 His
2898 1001 3232 1070 promittitur
3257 1017 3480 1073 regnum

229 1083 396 1138 socios
421 1080 537 1153 ejus
563 1082 871 1154 signiﬁcare
897 1084 1156 1150 creditur,
1182 1085 1273 1154 qui
1309 1083 1650 1156 phylargyria
1677 1098 1793 1140 cor-

1919 1089 2162 1145 :aslorum
2190 1091 2281 1160 qui
2312 1091 2542 1147 similem
2574 1092 2777 1148 habent
2806 1092 3204 1164 simplicitatem
3243 1103 3298 1148 et
3331 1094 3483 1150 inno-

229 1181 428 1241 ruptus,
458 1179 513 1226 et
538 1171 897 1242 apostolatum
922 1175 1170 1244 perdere,
1195 1182 1249 1228 et
1271 1174 1554 1229 Dominum
1588 1173 1793 1229 tradere

1917 1185 2158 1252 :entiam,
2186 1187 2382 1256 quibus
2411 1186 2660 1259 congruit
2689 1186 2818 1242 illud
2850 1187 3106 1258 apostolis
3133 1206 3146 1243 :
3180 1186 3360 1244 Nolite
3403 1188 3481 1259 ef-

226 1277 325 1316 non
379 1261 668 1317 dubitavit.
711 1262 847 1330 Quia
892 1272 1074 1319 autem
1112 1275 1238 1320 sunt
1284 1264 1438 1320 multi
1489 1279 1626 1336 quos
1672 1265 1790 1319 dum

1916 1276 1990 1330 ici
2008 1276 2216 1348 parvuli
2247 1277 2505 1345 sensibus,
2529 1278 2620 1333 sed
2642 1277 2849 1333 malitia
2870 1278 3076 1350 parvuli
3100 1287 3260 1334 estote
3284 1279 3333 1351 (1
3357 1276 3480 1334 Cor.

227 1351 390 1421 major
417 1351 646 1408 scientia
679 1354 860 1423 erigit,
883 1354 952 1410 ab
973 1354 1202 1410 aliorum
1226 1355 1486 1411 societate
1519 1354 1794 1425 disjungit,
1902 1368 2037 1438 ιιγ),

226 1455 277 1500 et
304 1460 407 1516 quo
432 1446 556 1518 plus
583 1447 818 1519 sapiunt,
853 1461 918 1504 eo
945 1448 1066 1518 plus
1088 1464 1125 1508 ~a
1153 1448 1457 1505 concordia.
1479 1449 1680 1504 virtute
1707 1448 1790 1503 de-

1974 1461 2139 1517 Vsns.
2180 1459 2596 1533 ﬂia—Quisquis
2611 1479 2716 1517 non
2745 1462 2992 1532 receperit
3005 1477 3238 1532 regnum.
3256 1459 3357 1528 Qui
3374 1475 3481 1515 non

225 1536 453 1606 εῖρίυηί·
505 1538 826 1610 subiungit:
858 1536 1061 1593 Habe“?
1103 1539 1158 1594 ίη
1188 1539 1328 1594 υοδίδ
1376 1537 1457 1592 δαί
1494 1548 1542 1592 ει
1594 1554 1794 1609 Ραεεηιο
1899 1550 2280 1620 perseveratin
2297 1549 2698 1616 ira,l:esusnon
2714 1552 2976 1614 meminit,
3000 1551 3184 1606 videns
3201 1545 3481 1622 pulchram

219 1625 420 1698 (ΒεοΑ.)
438 1625 660 1684 Habere
682 1628 761 1684 sal
782 1627 898 1686 sine
916 1643 1074 1699 pace,
1098 1643 1205 1684 non
1232 1627 1450 1683 virtutis
1469 1635 1552 1683 est
1573 1630 1783 1693 donum,

1916 1644 2184 1700 mulierem
2227 1659 2336 1700 non
2378 1645 2734 1714 concupiscit,
2776 1659 2883 1698 non
2924 1643 3067 1699 aliud
3095 1643 3261 1698 habet
3282 1643 3334 1697 in
3361 1657 3480 1707 ore,

215 1717 302 1774 sed
353 1718 730 1776 damnationis
772 1729 1170 1792 argumentum.
1216 1719 1334 1788 Quo
1382 1720 1525 1776 enim
1567 1720 1779 1791 quisqut

1958 1736 2048 1791 iud
2073 1736 2124 1790 in
2147 1736 2328 1791 corde.
2354 1735 2520 1804 Quasi
2534 1737 2678 1791 dicat
2704 1755 2716 1789 :
2745 1734 2803 1791 Si
2832 1735 2970 1790 tales
2985 1749 3090 1790 non
3113 1733 3342 1798 fueritis,
3375 1740 3521 1796 nam

214 1805 395 1864 melius
416 1809 592 1881 Sal)“:
621 1824 688 1866 e0
716 1810 953 1867 deterius
982 1810 1262 1882 όθιὶηίιιιὶι-
1901 1825 2176 1882 intrabitis
2218 1827 2270 1880 in
2295 1841 2521 1897 regnum
2547 1826 2829 1882 caelorum.
2862 1825 3100 1896 Regnum
3131 1825 3249 1879 Dei.
3282 1824 3339 1880 ld
3379 1833 3483 1889 est,

1822 1917 1873 1980 B
1899 1918 2200 1973 doctrinam
2229 1917 2502 1988 Evangelii
2525 1918 2667 1974 sicut
2690 1917 2902 1987 parvuli
2935 1917 3184 1987 accipere
3205 1915 3481 1985 iubemur,

837 1966 1066 2024 CAPUT
1101 1966 1171 2022 x’
1899 2007 1955 2063 id
2003 2016 2105 2073 est,
2135 2007 2274 2063 sicut
2318 1966 2573 2078 pai'vulus
2623 1966 2934 2064 doctoribus
2973 1966 3085 2062 nor:
3137 1966 3484 2072 cohtradicit:

274 2099 431 2157 Vens.
477 2102 529 2158 1.
553 2131 626 2142 -
653 2101 722 2156 Et
753 2101 876 2157 inde
904 2119 1210 2174 exsurgens.
1244 2101 1534 2172 Hucusque
1575 2116 1638 2157 ea
1679 2116 1798 2172 quae
1896 2097 2140 2154 rationes
2181 2099 2443 2155 adversus
2489 2114 2584 2155 eos
2631 2114 2738 2155 non
2790 2099 3089 2169 componit,
3123 2099 3216 2154 sed
3257 2097 3488 2153 ﬁdeliter

211 2192 260 2248 in
306 2191 540 2248 Galilzea
582 2191 712 2248 fecit
746 2202 802 2248 et
841 2193 1059 2250 docuit:
1093 2193 1218 2248 hinc
1257 2202 1443 2248 narrat
1467 2209 1588 2263 quae
1619 2193 1672 2248 in
1705 2191 1799 2247 Ju-
1897 2191 2149 2263 suscipit,
2179 2207 2304 2247 cum
2340 2199 2489 2248 metu
2535 2194 2879 2262 obtemperat
2915 2199 2970 2247 et
3000 2191 3243 2262 quiescit
3271 2209 3285 2244 :
3313 2191 3388 2245 ita
3431 2197 3488 2244 et

212 2285 315 2340 daea
352 2284 516 2351 fecit,
546 2293 601 2341 et
641 2285 843 2351 docuit,
880 2294 936 2341 et
978 2301 1171 2356 passus
1209 2293 1312 2341 est.
1355 2286 1423 2340 Et
1461 2287 1638 2357 primo
1677 2301 1797 2356 quae
1896 2299 1999 2338 nos
2045 2283 2344 2340 obediendo
2395 2284 2745 2355 simpliciter,
2800 2293 2858 2340 et
2907 2285 3026 2340 sine
3070 2284 3221 2340 omni
3263 2292 3483 2339 contra-

213 2383 352 2431 trans
378 2373 686 2430 Iordanem
720 2375 788 2430 ad
819 2375 1084 2431 orientem
1114 2394 1128 2430 :
1160 2375 1352 2431 deinde
1386 2391 1507 2446 quae
1547 2376 1628 2431 cis
1678 2373 1799 2432 Jor—
1897 2372 2138 2429 dictione
2168 2375 2332 2429 verba
2365 2373 2578 2429 Domini
2609 2375 2869 2431 debemus
2903 2374 3202 2445 suscipere.

211 2468 414 2535 danem,
449 2467 675 2538 quando
705 2469 856 2523 venit
893 2466 1127 2531 Jericho,
1159 2476 1214 2522 et
1241 2467 1583 2534 Bethaniam,
1611 2475 1666 2523 et
1710 2467 1794 2523 Je-
1974 2463 2138 2520 Vsus.
2169 2465 2256 2519 17.
2282 2463 2692 2522 —Procurrens
2719 2468 2932 2538 quidam
2957 2483 3111 2538 genu.
3139 2466 3353 2538 (Beas)
3376 2467 3484 2521 Au-

213 2561 470 2615 rusalem-
501 2559 635 2615 Cum
676 2559 823 2615 enim
857 2560 1033 2615 omnis
1060 2557 1365 2614 Judzeorum
1396 2559 1673 2630 provincia
1706 2574 1798 2630 ge-
1902 2557 2099 2622 dierat,
2130 2559 2312 2625 credo,
2345 2559 2449 2614 iste
2487 2575 2518 2614 a
2549 2559 2779 2615 Domino
2809 2569 3016 2616 tantum
3043 2575 3138 2616 eos
3183 2562 3274 2630 qui
3301 2561 3490 2615 volunt

214 2652 474 2708 neraliter
517 2653 585 2706 ad
631 2651 1031 2707 distinctionem
1073 2649 1298 2704 aliarum
1345 2650 1583 2721 gentium
1611 2648 1796 2705 Judaea
1900 2649 2141 2720 parvulis
2193 2665 2312 2706 esse
2356 2651 2560 2706 similes
2604 2652 2827 2707 introitu
2876 2653 3027 2723 regni
3077 2651 3315 2709 caelestis
3366 2662 3488 2708 esse

217 2744 352 2800 dicta
379 2745 489 2811 sit,
527 2743 815 2814 specialius
845 2751 1025 2799 tamen
1070 2741 1367 2798 meridiana
1408 2740 1566 2813 plaga
1598 2740 1799 2796 dicitur
1902 2742 2199 2821 dignos,get
2220 2743 2342 2799 ideo
2365 2743 2567 2800 certior
2594 2760 2714 2800 esse
2741 2745 3036 2812 desiderat,
3064 2761 3174 2801 non
3200 2759 3297 2814 per
3329 2760 3488 2816 para-

220 2832 395 2890 Judaea
423 2835 490 2892 ad
513 2835 912 2891 distinctionem
943 2832 1176 2890 Galilaeaa
1209 2831 1511 2904 Decapolis,
1542 2840 1598 2888 et
1630 2840 1796 2889 caete-
1899 2832 2073 2900 boias,
2100 2835 2196 2890 sed
2241 2843 2428 2905 aperte
2475 2852 2487 2887 :
2537 2833 2732 2903 quibus
2781 2849 3006 2906 operum
3056 2834 3266 2890 meritis
3301 2835 3488 2889 vitam

221 2943 400 2987 rarum
432 2929 488 2983 in
518 2928 704 2984 eadem
729 2928 1008 2998 provincia
1034 2927 1333 2998 regionum.
1899 2933 2160 2981 aeternam
2194 2925 2452 2995 consequi
2482 2925 2672 2994 possit.
2945 2914 2958 2920 ’
3349 2937 3352 2942 ·
3403 2939 3408 2944 ·

285 3016 454 3074 Vsus.
483 3018 538 3072 2.
561 3049 632 3058 —
653 3015 913 3074 Pharisaei
943 3018 1354 3089 interrogabant.
1379 3016 1570 3089 Magna
1593 3017 1797 3074 distan-
1971 3013 2133 3070 Vens.
2163 3015 2248 3071 18.
2272 3044 2341 3055 --
2365 3009 2506 3082 Quid
2543 3031 2626 3070 me
2655 3015 2805 3070 dicis.
2847 3013 2969 3087 (ln.)
3004 3013 3143 3082 Quia
3169 3013 3488 3085 magistrum

221 3110 288 3165 tia
331 3110 478 3164 inter
518 3111 706 3164 turbas
741 3117 798 3165 et
840 3109 1162 3164 Pharisaeos.
1210 3108 1303 3164 Ha:
1352 3110 1702 3175 conveniunt,
1737 3117 1799 3163 ut
1899 3113 2190 3161 vocaverat
2216 3104 2454 3172 bonum,
2495 3115 2622 3172 etc.,
2666 3122 2832 3178 usque
2864 3104 2935 3160 ad
2979 3105 3077 3162 sed
3117 3105 3322 3179 absque
3357 3095 3486 3172 Deo,

215 3199 557 3264 doceantur,
607 3205 664 3252 et
717 3197 918 3253 inﬁrmi
961 3206 1259 3263 curentur,
1315 3198 1455 3252 sicut
1511 3197 1795 3252 Matthaeus
1902 3196 2108 3252 nullum
2136 3197 2338 3253 bonum
2364 3213 2486 3254 esse
2517 3205 2765 3254 testatur.

214 3297 399 3360 aperte
442 3287 615 3342 dicit:
650 3285 729 3341 llli
768 3295 830 3342 ut
875 3287 1131 3342 tentando
1172 3287 1460 3357 decipiant.
1506 3285 1616 3342 Has
1651 3287 1798 3342 enim
1828 3275 1874 3338 C
1976 3286 2140 3342 Vens.
2177 3289 2261 3343 19.
2295 3319 2366 3329 -
2400 3287 2484 3343 Ne
2524 3289 2806 3344 adulteras.
2839 3289 2961 3363 (Ιυ.)
2987 3289 3115 3346 Haec
3141 3299 3226 3346 est
3266 3287 3490 3361 pueriiis

217 3378 434 3435 devotio
477 3376 734 3449 pietatis:
767 3377 888 3434 illos
933 3378 1150 3434 adducit
1199 3378 1450 3433 stimulus
1493 3376 1694 3434 livoris.
1738 3376 1800 3434 Si
1903 3373 2230 3432 innocentia:
2255 3379 2497 3446 castitas,
2529 3395 2650 3450 qua:
2680 3380 2836 3435 nobis
2862 3380 3122 3435 imitanda
3148 3382 3488 3452 proponitur,

221 3470 334 3526 licet
363 3471 496 3524 viro.
523 3468 734 3541 (BEDA.)
761 3467 1002 3525 Cornuto
1031 3469 1342 3541 syllogismo
1381 3469 1627 3534 tentavit,
1665 3477 1797 3538 etc.,
1903 3468 1950 3523 si
1996 3483 2219 3539 regnum
2266 3470 2360 3524 Dei
2410 3471 2618 3526 intrare
2664 3471 2910 3526 velimus.
2960 3471 3264 3526 Notandum
3317 3465 3488 3537 sane,

222 3580 380 3635 usque
408 3562 478 3616 ad
508 3562 602 3618 sed
627 3561 966 3632 peccantium
995 3561 1319 3616 necessitate
1343 3575 1601 3616 concessa
1637 3568 1739 3616 est.
1900 3561 2043 3631 quod
2061 3560 2272 3632 justitia
2297 3562 2431 3633 legis
2464 3578 2562 3619 suo
2597 3572 2836 3634 tempore
2869 3563 3160 3629 custodita,
3183 3578 3290 3618 non
3315 3563 3488 3619 solum

293 3654 453 3710 Vens.
497 3652 549 3707 5.
582 3681 650 3692 —
692 3651 774 3705 Ad
812 3651 1064 3705 duritiam
1113 3650 1305 3705 cordis.
1358 3649 1500 3722 (ln.)
1545 3648 1798 3719 Nunquid
1900 3651 2044 3706 bona
2077 3652 2413 3724 temporalia,
2459 3653 2553 3710 sed
2580 3653 2746 3710 etiam
2772 3654 2940 3709 vitam
2983 3651 3299 3710 conferebat
3322 3662 3492 3712 teter-

225 3747 360 3802 Deus
398 3743 706 3802 contrarius
746 3744 852 3800 sibi
891 3753 993 3811 est,
1018 3751 1145 3809 etc.,
1178 3760 1338 3814 usque
1365 3743 1435 3798 ad
1464 3758 1562 3813 per
1589 3743 1709 3799 odia
1744 3750 1800 3798 et
1903 3758 2052 3798 nam.
3203 3777 3226 3806 η

225 3839 508 3895 homicidia
536 3851 888 3908 perseverare
916 3836 1222 3908 nuptiarum
1254 3834 1520 3905 copulam.
1974 3836 2140 3891 Vens.
2164 3834 2254 3890 20.
2282 3866 2355 3876 —
2373 3834 2647 3908 Magister.
2673 3835 2794 3909 (11).)
2819 3835 2934 3894 Non
2957 3837 3230 3908 putandus
3254 3844 3339 3896 est
3364 3844 3490 3903 voto

289 3930 452 3985 Vens.
494 3929 549 3984 8.
574 3959 641 3968 —
674 3927 743 3982 Et
786 3936 963 3994 erunt,
1005 3935 1111 3982 etc.
1159 3925 1446 3982 Praemium
1486 3925 1798 3996 nuptiarum
1903 3929 2188 3994 teutantis,
2211 3936 2342 3992 etc.,
2369 3945 2532 4000 usque
2554 3928 2624 3983 ad
2658 3929 2800 3983 unde
2822 3929 3010 3986 addit:
3048 3927 3217 3995 Vade,
3243 3944 3491 4000 quiscun-

226 4034 302 4082 est
339 4041 368 4080 e
407 4025 619 4080 duobus
667 4039 832 4080 unam
885 4038 1104 4080 carnem
1157 4022 1293 4078 ﬁeri.
1331 4021 1567 4078 Castitas
1609 4023 1798 4095 juncta
1902 4035 2002 4092 que
2027 4018 2185 4072 habes
2208 4019 2388 4082 vende,
2413 4027 2459 4072 et
2489 4019 2557 4072 da
2583 4019 2898 4089 pauperibus
2925 4017 3380 4090 (Matth.lv),etc.

221 4116 422 4188 Spiritui
456 4131 600 4172 unus
631 4116 853 4187 spiritus
882 4113 1129 4171 eliicitur.
1972 4109 2136 4165 Vsus.
2159 4108 2334 4164 2L—
2353 4107 2422 4163 Et
2447 4108 2584 4175 veni,
2610 4125 2820 4179 sequere
2845 4124 2944 4162 me.
2977 4107 3102 4181 (lo.)
3119 4107 3292 4189 Quasi
3311 4108 3486 4164 dicat:

285 4205 443 4262 Vens.
488 4207 542 4262 9.
569 4237 639 4247 —
669 4205 840 4261 Homo
866 4222 970 4260 non
994 4214 1215 4276 separet.
1247 4204 1525 4261 Desiderio
1550 4204 1799 4262 secundae
1899 4204 2033 4262 Post
2059 4213 2402 4274 contemptae
2424 4203 2639 4260 divitias
2661 4202 2998 4259 Salvatorem
3027 4203 3272 4276 imitare,
3303 4202 3356 4282 id
3385 4209 3488 4268 est,

222 4301 416 4356 uxoris.
465 4299 612 4355 Deus
662 4305 879 4370 separat
929 4317 944 4352 :
991 4297 1086 4368 qui
1113 4295 1435 4369 :conjungit,
1465 4297 1679 4368 quando
1728 4310 1794 4352 ex
1903 4297 2104 4354 relictis
2133 4295 2292 4352 malis
2320 4294 2407 4350 fac
2433 4295 2593 4351 bona.
2625 4293 2861 4350 Facilius
2899 4307 3088 4349 saccus
3128 4293 3494 4372 contemnitur

228 4409 484 4450 consensu
515 4391 797 4461 utriusque
824 4399 1049 4462 propter
1074 4391 1387 4446 servitutem
1417 4389 1513 4445 Dei
1541 4389 1628 4461 (eo
1653 4387 1800 4460 quod
1905 4408 2068 4465 quam
2096 4388 2532 4461 concupiscentia
2560 4387 2644 4443 vel
2671 4387 2954 4458 voluptas._

230 4491 429 4556 tempus
447 4485 615 4540 breve
651 4481 768 4555 sit),
795 4481 875 4537 sic
913 4480 1114 4537 habent
1149 4495 1347 4538 uxores
1382 4479 1538 4551 quasi
1564 4495 1680 4553 non
1703 4481 1801 4534 ba-
1977 4485 2145 4541 νειιε.
2169 4484 2259 4539 25.
2282 4513 2348 4524 -
2373 4481 2546 4548 Quam
2590 4480 2816 4554 άὶῃὶεἱιε.
2843 4478 2966 4552 (Ιυ.)
2995 4479 3096 4548 Qui
3126 4467 3491 4556 multipliCan-

230 4570 428 4631 bentcs.
1909 4577 1992 4634 dis
2014 4573 2217 4631 divitiis
2249 4573 2584 4640 incumbunt,
2615 4581 2746 4640 etc.,
2773 4587 2937 4643 usque
2958 4571 3026 4625 ad
3048 4571 3252 4626 intrare
3271 4565 3493 4640 possint

293 4667 449 4722 Vsus.
489 4664 576 4719 10.
618 4694 689 4705 -
722 4662 791 4718 Et
819 4663 876 4719 in
905 4662 1081 4730 domo,
1118 4670 1224 4717 etc.
1254 4659 1462 4734 (Ὴιειι.)
1498 4660 1615 4716 Non
1644 4661 1857 4727 disci-1

1749 4661 1806 4717 ιὶ·
1829 4665 1884 4727 D
1909 4685 2132 4742 regnum
2159 4668 2277 4724 Dei.
2458 4740 2460 4743 ι
2522 4724 2536 4736 ρ
2916 4725 2920 4731 ,
3167 4737 3172 4744 ν
3199 4647 3207 4656 ’
3308 4659 3313 4664 ⁷

230 4755 332 4827 puli
369 4756 842 4826 interrogaverunt
883 4753 1054 4825 prius,
1084 4761 1218 4819 etc.,
1253 4768 1416 4822 usque
1445 4751 1514 4807 ad
1554 4761 1616 4808 ut
1648 4754 1804 4824 panis
1982 4759 2147 4816 Vens.
2179 4758 2270 4814 25.
2293 4788 2364 4799 —
2387 4755 2624 4812 Facilius
2647 4766 2722 4812 est
2745 4755 3022 4812 camelum.
3056 4745 3494 4828 QuomOdo'ergo

233 4861 321 4900 cor
351 4844 584 4900 hominis
618 4842 923 4911 conﬁrmet,
955 4851 1016 4898 ut
1042 4850 1126 4899 est
1162 4860 1176 4897 :
1205 4839 1264 4898 Si
1295 4843 1412 4913 quis
1448 4841 1556 4899 vult
1584 4850 1698 4916 post
1727 4859 1797 4900 me

1931 4868 1966 4907 n
1991 4847 2278 4920 Evangelio
2317 4847 2602 4903 Matthasus
2641 4858 2697 4903 et
2735 4847 3016 4915 Zachceus,
3049 4849 3109 4904 et
3129 4845 3325 4920 Joseph
3354 4845 3491 4904 etin

238 4935 394 4990 venire
420 4935 572 5008 (Luc.
603 4934 702 5005 ιι),
727 4943 836 4990 etc.
1707 4927 1712 4930 “

1930 4943 2092 5000 Veteri
2121 4941 2469 4997 Testamento
2503 4955 2667 5010 quam
2706 4939 2923 5011 plurimi
2961 4937 3154 4994 divites
3186 4927 3494 4994 intravere?

299 5025 460 5083 Vsus.
484 5023 966 5097 M.—Quicunque
987 5024 1264 5080 dimiserit.
1289 5023 1806 5098 (BEDA.)Matthaeus
1907 5033 2071 5090 Forte
2114 5031 2240 5102 quia
2285 5030 2503 5086 divitias
2531 5044 2636 5101 pro
2681 5029 2852 5084 nihilo
2894 5013 3133 5084 habuere
3169 5025 3256 5083 vel
3282 5045 3348 5084 ex
3379 5037 3494 5084 toto

241 5118 476 5190 plenius:
506 5119 813 5191 Quicunque
850 5117 1106 5173 dimiserit
1148 5133 1366 5172 uxorem
1409 5135 1582 5184 suam,
1607 5117 1708 5172 nisi
1740 5119 1804 5172 ob

2001 5137 2257 5183 itemnere
2280 5124 2603 5190 didicerunt,
2622 5121 2761 5178 unde
2782 5111 2950 5180 David
2972 5140 2987 5176 :
3006 5121 3201 5178 Unicus
3220 5132 3269 5177 et
3295 5120 3496 5192 pauper
3563 5135 3565 5138 ‘

243 5211 648 5280 fornicationem,
666 5222 714 5268 et
738 5211 898 5267 aliam
921 5211 1151 5276 duxerit,
1176 5210 1466 5265 moechatur
1486 5208 1702 5281 (Matth.
1726 5210 1804 5281 v).
1910 5236 2027 5276 sum
2054 5234 2147 5290 ego
2189 5213 2361 5289 (Psal.
2406 5213 2577 5286 xxxv).
2613 5213 2682 5268 Et
2707 5213 2887 5270 idem:
2925 5213 3133 5270 Diuititc
3163 5214 3209 5268 si
3247 5204 3490 5285 aﬂuant,

181 5373 190 5378 η
248 5303 350 5362 Una
376 5321 504 5378 ergo
533 5291 871 5363 solummodo
901 5318 1060 5358 causa
1082 5310 1167 5358 est
1192 5299 1452 5368 carnalis,
1476 5299 1745 5356 fornicatit

1930 5311 2071 5368 colite
2089 5291 2191 5365 (cor
2227 5321 2484 5380 apponere
2513 5307 2678 5380 (Ibid.
2708 5307 2842 5380 LXI).
2867 5305 2984 5363 Non
3005 5307 3102 5376 ait,
3129 5301 3298 5364 nolite
3316 5307 3494 5363 'susci-

242 5413 339 5454 ana
365 5399 678 5472 spiritualis,
709 5399 872 5454 timor
901 5395 1016 5463 Dei,
1051 5405 1112 5452 ut
1139 5412 1278 5452 uxor
1317 5394 1640 5462 dimittatur,
1671 5395 1810 5450 sicut
1847 5403 1852 5406 '
1914 5417 2062 5474 pere.
3165 5411 3170 5424 τ
3201 5413 3205 5432 2
3237 5410 3242 5418 -
3299 5425 3304 5430 ρ

242 5489 388 5546 multi
417 5492 690 5562 religionis
727 5506 891 5546 causa
918 5488 1114 5562 fecisse
1140 5489 1409 5562 leguntur.
1441 5485 1594 5542 Nulla
1627 5498 1808 5544 autem
1985 5495 2149 5549 Vens.
2169 5492 2259 5549 26.
2284 5500 2353 5533 -‘-
2373 5491 2442 5546 Et
2470 5491 2586 5564 quis
2633 5497 2821 5562 potest.
2858 5489 2990 5546 Cum
3021 5491 3208 5562 plures
3229 5491 3493 5562 sintpau-

244 5599 400 5642 causa
430 5596 509 5650 est
541 5586 635 5642 Dei
657 5585 773 5662 lege
797 5581 1130 5656 praescripta,
1158 5591 1217 5638 ut
1243 5581 1346 5637 alia
1376 5581 1604 5638 ducatur
1627 5581 1814 5650 yiven—
1873 5581 1893 5660 ’g
1914 5601 2073 5659 pcres
2099 5585 2261 5656 quam
2292 5583 2643 5650 divites,"non
2672 5584 2777 5640 hoc
2823 5583 3088 5639 dixissent
3119 5579 3243 5640 misi
3275 5581 3493 5638 in-divi-

247 5683 295 5730 te
317 5691 378 5732 ea
401 5693 519 5748 qua:
547 5688 626 5733 cst
660 5665 865 5734 relicta.
1661 5673 1664 5682 ’
1913 5686 2026 5732 tum
2094 5676 2352 5730 numero“
2388 5664 2816 5732 intellexissent“
2839 5685 3064 5732 cunctos
3124 5673 3224 5745 qui
3278 5673 3494 5730 divitias

174 5824 176 5828 _
207 5825 210 5828 .
243 5815 282 5848 η,
311 5769 585 5846 vana-15.
607 5805 678 5815 -
706 5773 963 5846 Discipuli
990 5751 1164 5848 autem
1201 5767 1656 5848 comminabantur
1681 5772 1738 5840 of,

1721 5771 1813 5840 (fe-
1913 5767 2137 5838 adipisci
2170 5759 2410 5823 vellent.‘
2489 5793 2491 5796 ⁴
2621 5777 2641 5792 ³
2743 5781 2790 5802 ·›
3088 5809 3091 5811 .

245 5845 486 5948 gentibus.
516 5849 788 5953 Nonquia
819 5845 1023 5923 nollent
1057 5845 1137 5923 eis
1162 5845 1429 5950 etmanu
1448 5845 1504 5948 et
1531 5878 1664 5952 voce
1691 5861 1846 5954 Sal-1"
1986 5857 2152 5956 Vens.
2181 5857 2277 5918 ετ.
2305 5857 2374 5903 -ὲ-
2397 5861 2552 5938 Ap‘t‘td
2588 5851 2779 5922 Deum.
2805 5861 2917 5954 Qui!
2937 5871 2969 5920 a
3007 5858 3492 5934 cupiditatem”-
