3960 6336
485 359 590 421 219

980 364 1371 423 WALAFRIDI
1411 367 1656 426 STRABl
1690 310 1892 428 ἕω).
1931 371 2057 429 MOI‘

2173 374 2291 430 ιΡΡ.
2330 374 2508 433 PARS
2546 376 2585 431 l.
2625 406 2695 417 --
2733 374 3191 434 THEOLOGICA.

3631 379 3744 437 220

486 492 679 534 norum
702 478 768 533 ad
791 478 1111 534 charitatem
1155 490 1479 538 aeternorum
1507 496 1824 542 convertere
1852 496 2052 559 potest,
2079 492 2133 556 Α
2158 490 2293 543 duos
2339 492 2547 562 arguit,
2578 508 2677 547 nec
2722 493 2906 548 decem
2960 491 3346 563 indignationis
3394 494 3639 565 increpat
3679 504 3747 551 et

486 579 540 627 et
564 575 824 642 superbos
849 573 1024 629 facere
1055 575 1302 630 lmmiles.
1384 582 1389 589 ‘

560 664 719 719 Vens.
749 662 836 721 28.
860 696 928 704 —
946 664 1083 720 Ecce
1108 683 1199 720 nos
1222 668 1537 726 dimisimus.
1568 668 1801 729 Grandis
1824 672 2018 730 ﬁducia
2043 692 2058 729 :

483 757 719 826 piscator
759 767 895 822 erat,
922 760 1072 814 dives
1111 777 1216 815 non
1262 772 1399 829 erat,
1431 765 1633 820 victum
1666 782 1827 821 manu
1865 777 1920 823 et
1945 778 2062 825 arte

484 848 787 916 quaerebat,
830 856 886 903 et
924 858 1105 906 tamen
1135 854 1467 910 conﬁdenter
1496 857 1626 911 dicit
1653 874 1667 911 :
1702 856 1838 913 Ecce
1864 876 1956 914 nos
1983 861 2062 915 r'e-

482 938 729 1010 liquimus
771 940 965 994 omnia.
1006 940 1074 995 Et
1116 944 1282 998 secuti
1317 962 1516 1000 sumus.
1549 945 1685 1014 Quia
1730 964 1836 1004 non
1867 949 2064 1006 sullicit

483 1031 560 1083 sic
587 1030 895 1098 dimittere,
935 1031 1114 1106 jungit
1150 1037 1292 1106 quod
1332 1037 1631 1108 perfectum
1674 1050 1781 1107 est,
1824 1052 1872 1096 et
1899 1044 2062 1098 secuti

480 1133 662 1173 sumus
687 1130 752 1174 te.
786 1120 949 1188 Quasi
978 1124 1122 1179 dicat
1155 1139 1169 1179 :
1200 1126 1451 1185 Fecimus
1476 1130 1618 1200 quod
1644 1130 1856 1201 jussisti
1886 1149 1900 1186 :
1931 1132 2063 1204 quid

479 1222 608 1279 ergo
637 1210 792 1267 dabis
816 1208 1066 1282 praemii?

552 1301 714 1357 Vens.
743 1300 906 1357 50.—
920 1303 1123 1361 Centies
1156 1315 1379 1364 tantum.
1408 1310 1617 1383 (Βεω.)
1641 1310 1754 1369 Hac
1777 1313 2063 1371 occasione

477 1394 695 1464 quidam
726 1395 1005 1452 Iudaicam
1031 1399 1175 1455 mille
1196 1417 1457 1457 annorum
1486 1405 1721 1460 fabulam
1745 1416 1867 1477 post
1887 1422 2064 1462 resur-

480 1486 771 1541 rectionem
793 1488 1061 1556 justorum
1099 1490 1486 1563 dogmatizant,
1522 1507 1653 1562 etc.,
1684 1515 1847 1569 usque
1872 1498 1939 1551 ad
1968 1514 2065 1570 pa-

480 1576 594 1630 trize
613 1577 870 1646 ctelestis,
889 1595 1006 1649 qua:
1027 1597 1125 1652 per
1145 1584 1420 1639 dexteram
1445 1586 1801 1657 signiﬁcatur,
1820 1589 2063 1642 omnium

477 1670 679 1738 pariter
700 1670 993 1726 electorum
1028 1674 1303 1730 verissima
1335 1675 1620 1732 dilectione
1650 1677 1921 1732 fruuntur.

408 1742 463 1787 δ
549 1756 714 1814 Vens.
742 1759 830 1816 5L
860 1792 928 1802 —
967 1761 1126 1817 Multi
1173 1775 1365 1820 autem.
1415 1765 1550 1833 Quia
1590 1768 1743 1822 multi
1800 1768 2064 1836 incipiunt

2167 579 2370 647 livoris,
2400 582 2494 638 sed
2535 583 2690 638 docet
2714 584 2972 654 majorem
2997 599 3117 638 esse
3151 585 3240 653 qui
3274 584 3449 639 minor
3478 582 3657 653 fuerit,
3684 595 3748 644 et

2166 673 2440 729 dominum
2471 677 2563 746 qui
2606 692 2791 732 servus
2840 678 2927 732 sit.
2961 676 3183 732 Frustra
3221 678 3401 748 igitur,
3438 689 3533 734 aut
3561 679 3632 734 illi
3672 681 3747 736 ad

2166 765 2370 836 majora
2395 767 2666 837 suspirant
2680 777 2773 822 aut
2790 769 2842 823 hi
2859 784 3021 838 super
3041 768 3309 824 desiderio
3329 785 3514 825 eorum
3538 772 3744 841 dolent,

2164 869 2285 908 cum
2332 856 2398 909 ad
2424 856 2786 911 summitatem
2816 858 3076 912 virtutum
3116 874 3221 912 non
3254 860 3495 929 potentia
3524 863 3617 917 sed
3646 863 3750 918 hu-

2165 943 2367 998 militas
2394 945 2571 1000 ducat.
2598 944 2721 1001 Suis
2751 947 2977 1017 denique
3021 949 3269 1019 proponit
3308 952 3648 1027 exemplum,
3688 965 3753 1011 ut

2165 1039 2209 1092 si
2240 1037 2379 1093 dicta
2406 1040 2870 1110 parvipenderent,
2890 1040 2959 1096 ad
2980 1057 3142 1114 opera
3166 1042 3570 1099 erubescerent.
3603 1043 3751 1101 Nam

2164 1139 2211 1184 et
2246 1120 2291 1181 F
2293 1129 2417 1183 ilius
2442 1130 2685 1197 hominis,
2710 1139 2816 1187 etc.

2236 1241 2398 1296 Vens.
2427 1240 2517 1295 46.
2539 1241 2701 1301 -Εῑ
2737 1244 2942 1299 veniunt
2982 1238 3217 1299 Iericho.
3273 1243 3478 1316 (Ηιεκ.)
3531 1244 3754 1301 Iericho

2166 1331 2289 1385 luna
2342 1329 2427 1385 vel
2471 1331 2778 1397 anathema,
2804 1333 2947 1402 quod
2990 1334 3239 1405 congruit
3286 1333 3749 1404 appropinquanti

2164 1425 2423 1497 passioni.
2490 1425 2742 1481 Defectus
2803 1426 2983 1482 carius
3031 1427 3253 1493 Christi,
3300 1430 3624 1499 prmparatio
3667 1437 3756 1484 est

2166 1517 2401 1572 caelestis
2428 1515 2747 1583 Jerusalem,
2774 1518 2913 1572 unde
2930 1516 3146 1573 Iericho
3175 1519 3505 1583 deserentes,
3529 1517 3756 1575 Jerusa-

2165 1606 2371 1673 lcm,id
2393 1615 2478 1663 est
2519 1608 2713 1662 visioni
2761 1608 2931 1677 pacis,
2964 1607 3418 1679 apprOpinquant.
3475 1607 3545 1662 Et
3588 1608 3758 1679 proﬁ-

2165 1698 2383 1752 ciscente
2403 1715 2484 1752 eo.
2504 1698 2715 1770 (Bena.)
2741 1698 2875 1765 Quia
2899 1699 3224 1754 ascendente
3244 1700 3311 1755 ad
3331 1698 3498 1755 cmlos
3521 1699 3755 1756 Domino

2166 1799 2221 1844 et
2250 1789 2496 1846 ﬁdelibus
2524 1791 2890 1858 sequentibus,
2920 1799 3059 1854 etc.,
3106 1807 3267 1861 usque
3312 1791 3382 1845 ad
3429 1806 3633 1862 eosque
3685 1791 3757 1852 ad

478 1850 573 1905 sed
620 1866 725 1905 non
774 1850 1095 1924 perﬁciunt,
1137 1855 1395 1912 terribilis
1439 1859 1705 1912 sententia
1758 1858 2052 1913 subditur:

2173 1877 2604 1933 illuminationcm
2653 1878 2892 1933 omnium
2933 1878 3249 1949 populorum
3281 1880 3333 1932 in
3362 1879 3619 1934 mundum
3666 1881 3757 1935 dir

475 1939 635 1995 Multi
674 1951 849 1997 autem
874 1983 890 2009 ,
920 1953 1041 1999 etc.
1059 1945 1222 2002 Latro
1264 1948 1319 2003 in
1357 1963 1520 2005 cruce
1561 1948 1843 2006 confessor
1869 1952 2059 2005 eodem

474 2032 560 2087 die
586 2049 693 2105 quo
720 2050 820 2106 pro
847 2039 1087 2107 peccatis
1120 2041 1231 2095 suis
1260 2044 1554 2098 cruciﬁxus
1591 2052 1689 2105 est,
1730 2044 1904 2115 gratia
1932 2044 2063 2099 ﬁdei

473 2137 595 2177 cum
643 2122 860 2183 Christo
913 2128 965 2181 in
1016 2131 1267 2198 paradiso
1314 2134 1531 2202 gaudet.
1570 2134 1820 2201 Quotidie
1849 2149 2063 2205 quoque

473 2213 718 2272 videmus
744 2217 941 2273 multos
966 2219 1133 2276 laicos
1172 2226 1343 2296 magis
1375 2226 1497 2280 vitae
1537 2228 1746 2282 meritis
1771 2226 2060 2293 excellere,

474 2311 530 2358 et
552 2302 686 2359 alios
713 2321 743 2359 a
774 2306 948 2377 prima
984 2318 1142 2366 aetate
1173 2314 1441 2383 spirituali
1467 2316 1644 2372 studio
1670 2315 1961 2383 ferventes,
1994 2317 2063 2373 ad

473 2403 776 2453 extremum
800 2398 914 2454 otio
941 2408 1270 2471 torpescere.

544 2484 709 2542 Vens.
740 2488 829 2543 32.
858 2521 928 2531 —
956 2490 1025 2545 Et
1055 2495 1349 2564 stupebant.
1394 2495 1518 2552 Ideo
1548 2498 1757 2555 scilicet
1786 2501 1911 2570 quia
1944 2516 2062 2569 me-

472 2577 745 2634 minerant
761 2584 904 2652 quod
927 2597 985 2638 se
1020 2600 1305 2655 passurum
1349 2589 1519 2645 multa
1547 2606 1579 2645 a
1610 2593 1836 2648 summis
1876 2608 2063 2650 sacer-

478 2668 693 2725 dotibus
713 2679 768 2726 et
790 2673 984 2730 scribis
1006 2677 1350 2745 praedixerat,
1380 2687 1435 2734 et
1461 2682 1837 2736 occidendum.
1864 2684 2065 2739 Metue-

473 2760 607 2818 bant
626 2779 756 2836 ergo
784 2781 853 2822 ne
879 2765 962 2821 vel
1007 2768 1105 2839 ipsi
1133 2786 1256 2825 cum
1300 2787 1365 2826 eo
1394 2774 1791 2841 occiderentur,
1822 2776 1907 2831 vel
1939 2776 2058 2843 ille,

476 2852 629 2923 cujus
654 2856 765 2911 vita
785 2866 839 2912 et
858 2860 1168 2930 magisterio
1198 2864 1535 2933 gaudebant,
1561 2868 1915 2922 occideretur.

544 2946 615 3001 Et
653 2960 942 3005 assument.
968 2951 1181 3026 (Βεθλ.)
1210 2955 1515 3013 Ρτωνὶἁεηε
1537 2959 1921 3030 discipulorum
1945 2962 2065 3017 ani-

475 3051 593 3093 mos
638 3053 706 3094 ex
759 3043 1010 3112 passione
1054 3059 1150 3099 sua
1178 3044 1605 3116 perturbandos,
1631 3060 1762 3119 etc.,
1804 3068 1965 3124 usque
1992 3052 2061 3107 ad

472 3129 651 3186 locum
679 3135 869 3190 mortis
894 3137 1048 3206 quasi
1069 3138 1369 3209 intrepidus
1399 3141 1530 3196 adit.

2165 1970 2383 2039 spersit.
2418 1969 2736 2024 Bartima’us
2763 1986 2952 2025 arcus.
2996 1970 3202 2042 (lla—3n.)
3259 1970 3486 2026 Caecitas
3534 1970 3756 2028 Judazo-

2164 2076 2281 2113 rum
2312 2059 2814 2130 qumillustrabitur
2860 2060 2917 2116 in
2973 2060 3079 2116 ﬁne
3121 2060 3175 2115 in
3232 2061 3466 2117 adventu
3513 2061 3646 2118 Elia:
3701 2071 3757 2119 et

2163 2153 2370 2209 Euoch.

2235 2266 2519 2331 Vens.,47.
2547 2299 2615 2308 ο-
2641 2267 2884 2334 Quicum
2930 2270 3184 2325 audisset.
3226 2270 3463 2342 Pepulus
3510 2274 3756 2346 gentium

2162 2358 2345 2414 audita
2372 2357 2513 2412 fama
2544 2357 2769 2424 Christi,
2811 2359 2965 2429 cujus
2994 2361 3262 2431 particeps
3289 2364 3568 2432 qumrebat
3609 2363 3755 2431 ﬁeri,

2163 2451 2606 2506 contradicebant
2630 2450 2804 2514 multi,
2826 2451 3001 2521 primo
3024 2450 3193 2506 Judmi
3216 2462 3339 2522 post
3370 2455 3535 2508 etiam
3576 2455 3759 2526 genti-

2164 2540 2265 2607 les,
2291 2556 2358 2595 ne
2386 2540 2770 2595 illuminandus
2804 2540 3183 2611 sanandusque
3206 2543 3438 2599 mundus
3464 2542 3753 2599 Christum

2165 2631 2461 2695 invocaret,
2488 2647 2587 2687 nec
2620 2641 2798 2688 tamen
2830 2634 2897 2687 ad
2936 2634 3105 2690 vitam
3145 2638 3538 2705 praeordinatos
3588 2649 3755 2695 aeter-

2164 2741 2287 2781 nam
2318 2734 2529 2795 poterat
2556 2726 2981 2796 impugnantium
3008 2727 3160 2785 furor
3182 2730 3490 2800 prohibere.

2234 2837 2344 2891 Fili
2370 2837 2556 2892 David.
2584 2837 2789 2911 (litem)
2833 2836 2937 2893 Per
2983 2841 3177 2896 merita
3223 2841 3661 2911 patriarcharum
3691 2843 3759 2898 il-

2164 2935 2459 2989 luminatur
2484 2933 2740 2990 Judaicns
2790 2934 3063 3005 populusr
3095 2936 3179 2991 cui
3226 2937 3381 2992 adest
3436 2939 3758 2997 misericors

2163 3027 2307 3083 Deus
2332 3036 2385 3083 et
2406 3029 2695 3083 miserator
2711 3028 3021 3085 illuminans
3041 3043 3217 3085 caecos
3241 3042 3296 3085 et
3316 3030 3538 3103 erigens
3563 3032 3752 3092 elisos.

2232 3140 2395 3196 Vens.
2426 3139 2516 3196 48.
2545 3172 2616 3183 -
2648 3142 2717 3197 At
2755 3142 2846 3198 illo
2891 3144 3054 3198 multo
3102 3143 3287 3215 magis.
3334 3144 3759 3216 Ingravescente

543 3222 705 3281 Vens.
752 3227 842 3282 55.
874 3258 945 3268 -
984 3228 1059 3284 Et
1092 3232 1364 3288 accedunt,
1401 3232 1597 3289 Audita
1639 3234 2054 3301 resurrectione,
2076 3246 2131 3311 ρ
2161 3228 2301 3284 bello
2326 3230 2602 3297 vitiorum,
2633 3246 2827 3287 manus
2858 3230 3097 3288 levandae
3123 3243 3250 3287 sunt
3280 3233 3348 3288 ad
3374 3234 3609 3306 lapidem
3658 3236 3759 3292 ad-

472 3315 820 3375 immemores
862 3320 1082 3377 secundi
1126 3324 1390 3379 adventus
1420 3333 1612 3393 putant
1636 3339 1758 3380 eum
1794 3341 1943 3381 more
1962 3327 2061 3382 ho-

471 3408 676 3464 minum
704 3424 948 3482 regnare.
994 3411 1278 3470 Matthaaus
1303 3415 1433 3470 dicit
1456 3425 1687 3471 matrem
1729 3417 2058 3486 postulasse,

470 3503 564 3558 sed
596 3502 809 3559 Marcus
852 3502 985 3562 dicit
1028 3507 1205 3578 ipsos,
1252 3507 1581 3564 desiderium
1631 3524 1821 3565 eorum
1867 3510 2058 3566 volens

472 3600 681 3670 aperire
705 3606 933 3671 quorum
959 3602 1185 3658 consilio
1211 3613 1386 3659 mater
1413 3605 1649 3674 petebat.

546 3691 711 3747 Vens.
741 3691 917 3749 38.—
936 3694 1039 3749 Aut
1070 3694 1344 3760 baptismo.
1374 3672 1519 3750 Idem
1547 3696 1686 3766 quod
1712 3695 1871 3752 calix.
1904 3672 2089 3754 Unde.

471 3780 599 3836 alibi
641 3783 708 3837 de
750 3784 1002 3854 passione
1038 3800 1134 3840 sua
1168 3786 1305 3861 dicit
1335 3803 1348 3837 :
1383 3784 1651 3858 Baptismo
1692 3787 1855 3841 habeo
1893 3786 2059 3859 bapti-

469 3873 585 3926 zari
614 3886 633 3925 :
660 3882 707 3925 et
739 3873 999 3944 quomodo
1027 3888 1265 3931 coarctor
1288 3894 1448 3949 usque
1471 3877 1597 3931 dum
1623 3878 1945 3948 perﬁciatur.

541 3963 702 4019 Vens.
733 3964 916 4020 '59.—
941 3964 1168 4022 Calicem
1218 3970 1446 4040 quidem.
1493 3969 1669 4042 (Ben)
1709 3969 1943 4028 Iacobus
1989 3974 2058 4029 ab

470 4052 681 4109 Herode
711 4056 888 4127 capite
933 4064 1238 4128 truncatur,
1287 4058 1523 4115 Joannes
1566 4060 1619 4114 in
1644 4061 1904 4116 lerventis
1952 4060 2055 4118 olei

468 4147 670 4205 dolium
719 4151 935 4208 misSus.
982 4148 1110 4209 lnde
1156 4155 1225 4209 ad
1264 4170 1519 4211 coronam
1567 4155 1812 4226 martyrii
1853 4155 2056 4212 athleta

469 4240 670 4297 Christi
712 4244 1002 4315 processit,
1031 4247 1320 4318 statimque
1359 4248 1412 4301 in
1463 4245 1720 4302 Pathmos
1760 4246 2050 4321 relegatus.

462 4328 653 4403 Itaque
700 4334 757 4390 et
802 4337 1063 4407 martyrio
1108 4338 1291 4394 animo
1337 4353 1443 4393 non
1484 4336 1690 4404 defuit,
1733 4347 1789 4394 et
1828 4339 2053 4396 calicem

465 4425 823 4482 confessionis
869 4426 1006 4482 bibit
1049 4443 1209 4498 quem
1254 4429 1507 4484 biberunt
1557 4429 1609 4484 in
1671 4430 1886 4486 camino
1941 4438 2053 4487 tres

464 4516 642 4587 pueri,
674 4516 800 4572 licet
826 4526 1143 4589 persecutor
1177 4521 1496 4592 sanguinem
1522 4532 1631 4577 non
1662 4520 1879 4577 fuderit.

2156 3318 2346 3389 jutorii
2371 3334 2494 3375 cum
2517 3320 2771 3388 clamore,
2797 3321 2849 3377 id
2883 3328 2986 3387 est,
3006 3322 3087 3378 .ad
3118 3319 3323 3378 Jesum.

2234 3410 2436 3484 (Ηιειι.)
2477 3411 2816 3468 Conveniens
2842 3414 2975 3469 ordo
3017 3413 3229 3481 salutis,
3276 3422 3409 3482 etc.,
3464 3433 3629 3489 usque
3679 3419 3756 3474 ad

2162 3504 2438 3574 apostolos
2465 3504 2517 3559 in
2540 3504 2665 3561 altis
2690 3506 3065 3561 considerans.

2231 3595 2397 3652 Vens.
2427 3594 2683 3651 49.—Et
2712 3606 2896 3651 vocant
2922 3608 3138 3653 aecum.
3175 3595 3387 3670 (BEDA.)
3421 3597 3751 3671 Allegorice,

2159 3704 2361 3745 caecum
2387 3689 2707 3745 clamantem
2736 3689 2997 3745 Dominus
3018 3696 3191 3756 vocat,
3228 3690 3356 3746 dum
3381 3691 3578 3762 popqu
3615 3709 3755 3764 gen-

2161 3780 2295 3836 tium
2354 3780 2641 3835 scientiam
2682 3780 2928 3836 veritatis
2976 3779 3326 3847 desideranti,
3380 3794 3479 3851 per
3532 3792 3756 3839 sanctos

2157 3873 2542 3944 praedicatores
2566 3872 2787 3928 verbum
2816 3872 2936 3929 ﬁdei
2963 3873 3272 3929 committit.
3332 3874 3435 3942 Qui
3486 3884 3751 3933 vocantes

2159 3981 2363 4021 czecum
2404 3964 2845 4036 animaequiorem
2886 3979 3005 4021 esse
3024 3972 3081 4020 et
3113 3979 3356 4037 surgere,
3406 3967 3474 4022 ad
3518 3981 3756 4049 eumque

2158 4057 2364 4122 venire,
2396 4057 2736 4128 prtecipiunt,
2785 4071 2906 4111 cum
2961 4055 3308 4127 praedicando
3360 4072 3511 4128 spem
3557 4060 3755 4118 salutis

2157 4146 2383 4213 habere,
2408 4146 2477 4202 de
2500 4147 2755 4201 vitiorum
2781 4154 3001 4217 torpore
3028 4161 3273 4218 surgere,
3299 4155 3465 4217 atque
3485 4148 3551 4202 ad
3573 4151 3751 4205 virtu-

2157 4246 2269 4294 tum
2297 4240 2472 4295 studia
2495 4241 2692 4311 quibus
2737 4240 3028 4296 illuminari
3071 4250 3366 4308 mereatur,
3417 4242 3623 4313 accingi
3659 4242 3754 4311 ju-

2153 4332 2283 4388 bent
2304 4331 2459 4402 quasi
2503 4332 2681 4387 dicat:
2709 4331 2950 4387 Accedite
2984 4324 3059 4387 ad
3100 4348 3217 4388 eum
3264 4342 3313 4387 et
3364 4331 3750 4388 illuminandm'

2155 4422 2328 4499 (Psat.
2360 4424 2575 4496 xxxnt).
2601 4425 2690 4491 Et,
2720 4438 2876 4497 surge
2899 4426 2990 4497 qui
3034 4425 3231 4480 dormis
3280 4423 3496 4497 (Ephes.
3526 4428 3605 4498 v),
3637 4435 3749 4483 etc.

2227 4514 2389 4571 Vens.
2428 4515 2517 4571 50.
2543 4547 2612 4556 —
2642 4513 2766 4582 Qui,
2803 4517 3035 4586 proiecto
3069 4517 3371 4570 vestimento
3395 4532 3509 4570 suo.
3542 4514 3601 4573 Id
3638 4525 3748 4584 eSt,

535 4608 697 4664 Vens.
741 4608 833 4664 40.
859 4640 933 4651 -
973 4610 1167 4667 Sedere
1202 4622 1397 4667 autem.
1443 4612 1644 4682 Quasi,
1677 4614 1845 4671 Vultis
1876 4623 1933 4671 ut
1949 4613 2134 4674 hocD
2159 4605 2385 4675 abiecus
2408 4608 2592 4663 mundi
2622 4608 2788 4674 ουτίεν
2816 4608 3068 4677 expedito
3096 4608 3292 4664 mentis
3317 4623 3504 4679 gressu
3531 4608 3596 4664 ad
3651 4607 3749 4664 σθ·

465 4701 699 4756 tribuam
726 4704 914 4758 vobis?
944 4702 1049 4759 Sed
1072 4720 1296 4776 regnum
1324 4706 1585 4763 caelorum
1605 4723 1710 4763 non
1737 4717 1821 4765 est
1848 4711 2047 4779 dantis,

465 4790 559 4847 sed
609 4794 948 4863 accipientis.
978 4792 1100 4850 Non
1132 4795 1269 4850 enim
1314 4814 1653 4866 personarum
1701 4802 1929 4873 acceptio
1974 4811 2054 4858 est

465 4882 605 4952 apud
652 4881 822 4936 Deum
872 4883 1010 4956 (Act.
1043 4884 1123 4956 χ),
1154 4885 1247 4941 sed
1288 4885 1594 4957 quicunque
1633 4889 1824 4961 dignus
1866 4891 2048 4959 fuerit,

465 4973 696 5043 accipiet
721 4973 862 5044 quod
889 4978 993 5030 non
1015 4991 1260 5045 persona:
1289 4974 1380 5032 sed
1402 4978 1525 5034 vita:
1564 4988 1833 5050 paratum.
1868 4978 2045 5037 Vobis.

463 5064 653 5119 Adhuc
682 5064 946 5135 superbis,
980 5067 1131 5136 quasi
1163 5066 1306 5123 dicat
1335 5067 1431 5124 :Si
1458 5069 1622 5126 vultis
1650 5071 1916 5142 accipere,
1948 5087 2047 5128 no-

463 5152 558 5209 lite
599 5166 720 5210 esse
768 5154 910 5225 quod
954 5157 1083 5213 estis
1117 5175 1129 5210 :
1165 5159 1285 5215 aliis
1317 5164 1569 5231 paratum
1598 5170 1712 5230 est,
1748 5171 1803 5218 et
1831 5178 1926 5219 vos
1954 5162 2046 5219 alii

461 5254 657 5312 estote,
683 5255 738 5302 et
758 5244 911 5303 vobis
938 5259 1184 5320 paratum
1214 5260 1328 5319 est,
1368 5254 1641 5324 quodest,
1681 5254 1834 5326 prius
1868 5256 2046 5311 humi-

462 5340 669 5396 liamini
695 5341 785 5413 qui
812 5341 922 5412 jam
952 5343 1112 5399 vultis
1139 5345 1388 5401 exaltari.

536 5430 701 5488 Vens.
727 5433 815 5488 Η.
843 5465 913 5475 -
945 5434 1219 5507 Indignati
1244 5448 1384 5492 sunt.
1408 5438 1525 5494 Non
1552 5438 1620 5495 de
1644 5448 1836 5506 matre,
1865 5442 1958 5496 sed
1980 5442 2047 5498 de

463 5523 605 5585 ﬁliis,
638 5525 730 5595 qui
759 5525 1066 5598 ignorantes
1096 5544 1406 5584 mensuram
1440 5546 1595 5586 suam
1634 5531 1920 5588 immodica
1951 5549 2041 5589 cu~

462 5616 687 5688 piditate
709 5620 988 5675 ardebant.

537 5710 697 5765 Vens.
730 5711 820 5766 42.
843 5742 914 5753 ——
933 5711 1087 5766 Iesus
1118 5721 1290 5765 autem
1320 5729 1509 5767 vocans
1538 5730 1644 5769 eos.
1673 5714 1902 5771 Humilis
1933 5733 2046 5773 ma-

460 5799 649 5883 gister,
676 5810 733 5858 et
757 5803 879 5875 pius
912 5811 969 5859 et
1010 5803 1191 5872 mitis,
1233 5819 1336 5861 nec
1383 5806 1696 5877 cupiditatis
1743 5809 2045 5869 immodicae

2155 4706 2328 4754 torem
2357 4697 2493 4754 lucis
2521 4707 2796 4769 properat.
2830 4696 3113 4752 Exsitiens.
3148 4697 3460 4769 Promptam
3488 4697 3748 4753 volunta-

2151 4800 2260 4848 tem
2284 4791 2640 4864 «mupletione
2666 4790 2918 4847 desiderii
2954 4797 3288 4855 remunerat,
3342 4789 3525 4847 unde:
3561 4789 3749 4856 Quod-

2152 4899 2354 4953 cunque
2380 4882 2627 4953 pelieritis
2656 4882 2712 4935 in
2740 4882 2975 4936 oratione
2996 4881 3261 4937 credentes
3282 4880 3575 4951 accipietis.

2222 4969 2384 5027 Vens.
2414 4971 2578 5027 51.-—
2604 4970 2862 5036 Rabboni,
2885 4980 2943 5024 ut
2964 4971 3189 5025 videam.
3232 4968 3347 5026 Non
3377 4985 3572 5027 aurum
3595 4984 3747 5044 qua:-

2149 5064 2241 5131 rit,
2273 5064 2365 5119 sed
2392 5064 2595 5120 lumen.
2628 5063 2814 5120 Cacus
2836 5065 2981 5120 enim
3028 5065 3247 5122 divitias
3298 5065 3500 5120 habere
3531 5074 3739 5137 potest,

2148 5154 2244 5211 sed
2280 5168 2387 5210 non
2415 5148 2562 5210 videt
2585 5154 2726 5225 quod
2756 5154 2941 5211 habet.
2968 5154 3229 5226 Exemplo
3249 5155 3408 5227 hujus
3428 5170 3533 5211 non
3576 5155 3745 5212 falsas

2149 5247 2366 5304 divitias
2393 5263 2721 5319 quazramus,
2747 5250 2842 5305 sed
2865 5248 3038 5305 lucem
3071 5264 3235 5321 quam
3262 5264 3383 5304 cum
3415 5249 3553 5305 solis
3577 5264 3744 5320 ange-

2149 5338 2215 5397 lis
2238 5340 2419 5396 videre
2442 5355 2729 5411 possumus
2756 5342 2819 5395 ad
2844 5356 3006 5412 quam
3032 5340 3119 5395 via
3149 5340 3282 5396 ﬁdes
3301 5348 3402 5395 est.
3433 5339 3591 5397 Unde
3616 5342 3745 5396 illu-

2150 5433 2355 5489 minato
2375 5449 2518 5489 caeco
2539 5434 2738 5490 dicitur
2767 5452 2781 5489 :
2825 5431 2984 5500 Vade,
3006 5434 3136 5503 ﬁdes
3166 5444 3258 5488 tua
3280 5433 3484 5487 salvum
3514 5443 3563 5488 te
3590 5435 3739 5506 fecit.

2222 5527 2387 5585 Vens.
2420 5528 2510 5583 52.
2534 5560 2606 5571 -
2635 5526 2776 5583 Vidit
2808 5538 2855 5583 et
2880 5530 3208 5598 sequebatur.
3243 5526 3456 5599 (ΒΕΜ.)
3491 5525 3657 5583 Videt
3686 5535 3743 5584 et

2151 5623 2393 5693 sequitur
2441 5621 2533 5691 qui
2569 5620 2711 5690 quod
2742 5615 2898 5676 bene
2942 5614 3190 5688 intelligit
3233 5627 3511 5688 operatur.
3545 5616 3737 5688 Sequi,

2149 5715 2368 5772 imitari.
2412 5713 2612 5770 Unde:
2658 5711 2722 5768 Si
2748 5712 2863 5783 quis
2908 5711 3038 5767 mihi
3062 5711 3451 5778 ministrat,me
3485 5718 3740 5783 sequatur

2149 5807 2329 5882 (Ialm.
2355 5804 2478 5880 xu).
