3960 6336
190 424 284 485 921

258 542 319 597 1η
335 538 433 594 via.
460 529 875 590 Consideremus
893 538 1001 596 qua
1023 522 1113 577 via
1132 517 1403 593 graditur,
1446 517 1503 565 et
1546 514 1739 572 sequa-

195 650 304 692 mur
329 643 420 701 per
442 623 825 687 humilitatem,
864 633 959 689 per
997 615 1228 670 labores.
1277 608 1375 701 Via
1394 618 1516 701 qum
1562 598 1739 700 dicit:

197 689 298 794 ligo
316 689 421 777 iam
448 716 567 782 via,
586 714 778 769 veritas
804 722 853 766 et
880 711 988 764 vita
1011 706 1192 779 (Joan.
1216 700 1352 770 xiv).
1394 698 1521 752 Hzec
1547 689 1744 794 est.via

195 781 401 884 angusta
425 804 713 878 quaeducit
743 801 810 857 ad
832 799 1023 863 ardua,
1056 791 1441 884 Hierosolyma
1466 793 1520 839 et
1537 781 1740 884 licthaw

194 874 286 963 uiae
312 902 374 958 ad
401 874 635 956 montem
665 894 969 960 Olivarum,
1001 889 1092 961 qui
1112 896 1199 943 est
1220 897 1377 940 mons
1421 874 1643 934 luminis
1688 878 1746 926 et

194 990 570 1054 consolationis.

764 1052 990 1113 CAPUT
1031 1048 1119 1107 XI.

255 1154 405 1211 Vens.
430 1150 481 1205 l.
510 1178 583 1192 -
609 1140 899 1205 Bethania.
936 1140 1148 1215 (Βεω.)
1190 1134 1449 1194 Bethania
1473 1129 1602 1185 villa
1632 1126 1745 1184 sive

192 1245 363 1304 civitas
382 1243 435 1296 in
459 1241 631 1296 latere
657 1238 857 1293 montis
886 1233 1101 1299 Oliveti,
1140 1239 1269 1297 etc.,
1315 1241 1477 1298 usque
1504 1222 1572 1278 ad
1610 1220 1745 1276 duos

190 1344 392 1410 propter
447 1332 693 1387 veritatis
741 1328 1022 1385 scientiam
1071 1333 1127 1381 et
1166 1321 1348 1393 operis
1402 1315 1741 1373 munditiam.

190 1406 319 1483 Duos
336 1442 398 1480 ea:
421 1422 711 1494 discipulis.
738 1422 917 1493 (Hisn.
946 1417 965 1491 )
992 1416 1110 1472 Bini
1136 1422 1414 1476 vocantur,
1458 1408 1572 1465 bini
1615 1406 1743 1461 mit-

193 1528 378 1582 tuntur,
410 1524 543 1577 etc.,
567 1531 729 1585 usque
758 1514 827 1567 ad
858 1514 997 1567 inter
1019 1510 1124 1565 duo
1150 1504 1429 1562 cherubim
1458 1498 1746 1556 Dominum

188 1616 512 1683 cognoscant,
547 1606 736 1677 spiritu
761 1612 938 1659 mente
959 1600 1263 1671 psallentes.

254 1681 406 1761 Vens.
429 1700 631 1756 2.——Et
660 1700 858 1753 statim.
894 1693 1105 1766 (Br-1m.)
1127 1692 1467 1746 Introeuntes
1489 1681 1747 1738 mundum

184 1794 550 1867 praedicatores
604 1790 925 1844 invenerunt
970 1783 1223 1856 populum
1269 1779 1572 1841 nationum,
1614 1781 1743 1838 etc.,

1100 394 1368 458 GLOSSA
1399 374 1797 448 0RDINABlA.
1836 400 1910 414 —
1943 368 2194 427 EVANG.
2236 346 2469 419 manu].

1762 494 1819 559 Α
1840 504 2084 561 magnus,
2110 496 2156 540 et
2176 484 2319 553 ﬁlius
2352 480 2607 536 Altissimi
2651 472 2939 539 vocabitur,
2961 479 3098 537 etc.,
3142 484 3304 540 usque
3350 466 3419 520 ad

3315 340 3423 400 222

1844 598 1941 655 per
1968 581 2143 650 ipsum
2168 577 2392 632 verbum
2422 573 2829 630 obsecrationis.

1916 675 2079 730 Vens.
2107 672 2193 727 ll.
2223 670 2377 724 —Et
2400 670 2651 723 introivit.
2677 666 2798 737 (lo.)
2817 663 2936 721 Iam
2958 665 3420 736 appropinquante

1844 764 2096 838 passione
2122 763 2178 817 in
2200 760 2322 816 loco
2347 758 2584 831 passioni
2606 757 2874 829 praeﬁnito
2900 765 3025 811 ante
3060 754 3253 811 saecula
3306 752 3420 810 vult

1844 870 1985 919 esse,
2019 861 2151 916 etc.,
2182 867 2344 924 usque
2368 851 2436 904 ad
2453 851 2568 921 jam
2597 856 2995 904 sacramentum
3024 847 3197 903 beatae
3227 845 3420 902 immo-

1840 942 2061 1003 lationis
2092 945 2384 1001 inchoavit.

1916 1040 1985 1095 In
2007 1039 2273 1111 templum.
2296 1039 2616 1109 Exemplum
2640 1038 2789 1094 dedit
2806 1038 2984 1103 nobis,
3010 1047 3071 1093 ut
3098 1053 3421 1110 quocunque

1845 1132 2174 1197 veniremus,
2203 1131 2437 1201 primum
2464 1131 2532 1186 ad
2574 1129 2791 1187 domum
2831 1131 3096 1187 orationis
3147 1132 3191 1187 si
3228 1132 3302 1187 ibi
3350 1131 3423 1187 sit

1847 1221 2181 1277 divertamus
2218 1241 2231 1276 :
2268 1231 2464 1278 etcum
2494 1238 2593 1279 nos
2621 1238 2719 1293 per
2739 1223 3000 1278 orationis
3029 1224 3263 1280 studium
3310 1224 3421 1281 Deo

1847 1313 2422 1379 commendaverimus,
2480 1313 2547 1367 ad
2612 1328 2675 1368 ea
2731 1324 2951 1384 pmpter
3003 1331 3123 1386 quae
3178 1317 3421 1372 venimus

1847 1404 2054 1475 agenda
2083 1404 2419 1459 secedamus.
2449 1401 2517 1457 Et.
2543 1405 2946 1469 circumsvectis,
2976 1414 3081 1461 etc.
3115 1405 3229 1462 Non
3257 1407 3422 1463 semel

1846 1495 1949 1549 hoc
1972 1493 2118 1558 fecit,
2150 1493 2245 1548 sed
2268 1508 2365 1563 per
2383 1508 2571 1549 omnes
2601 1494 2838 1564 quinque
2863 1493 2995 1551 dies.
3051 1495 3155 1552 Per
3176 1497 3316 1551 diem
3366 1498 3422 1552 in

1850 1584 2050 1654 templo
2098 1583 2344 1646 docebat,
2380 1584 2628 1639 noctibus
2664 1584 2852 1639 exiens
2903 1585 2957 1640 in
3002 1595 3186 1641 monte
3229 1586 3424 1642 Oliveti

1847 1678 2178 1741 morabatur,
2207 1676 2344 1733 sicut
2364 1676 2542 1733 Lucas
2563 1676 2657 1731 ait.
2690 1677 2942 1733 Docendo
2962 1678 3107 1733 enim
3130 1678 3422 1735 incredulis
3520 1656 3525 1661 ἱ

1848 1766 2082 1823 cilicium
2111 1768 2463 1823 correctionis
2491 1766 2709 1823 sedulus
2737 1767 3101 1838 impendebat,
3155 1770 3422 1826 manendo

185 1856 327 1958 usque
348 1885 413 1939 ad
439 1883 539 1956 qui
573 1890 755 1937 autem
784 1877 1017 1934 mundus
1054 1883 1110 1932 et
1149 1879 1368 1929 sanctus
1410 1874 1512 1933 est,
1574 1862 1743 1919 solius
1768 1861 1819 1924 Β
1846 1860 1985 1958 apud
2012 1856 2195 1914 ﬁdeles
2216 1859 2443 1930 gratiam
2468 1857 2814 1928 benignitatis
2834 1859 3096 1928 propitius
3115 1860 3419 1916 exhibebat.

182 1975 267 2033 Dei
298 1985 397 2032 est.

244 2067 396 2124 Vens.
418 2064 477 2120 ι.
507 2092 577 2105 --
605 2060 822 2117 Pullum
846 2057 1084 2132 ligatum.
1117 2049 1323 2128 (Ηιιῖιι.)
1350 2047 1534 2105 Pullus
1553 2046 1749 2117 ligatus

182 2170 232 2217 et
263 2158 572 2223 indomitus,
604 2169 765 2227 quem
791 2152 1004 2208 solvunt
1025 2156 1081 2203 et
1106 2147 1345 2209 domant,
1367 2139 1596 2215 populus
1618 2153 1749 2208 gen-

183 2250 279 2306 tilis
300 2258 399 2304 est.
425 2247 570 2303 Ante
586 2246 806 2316 ianuam
828 2240 975 2307 fidei,
996 2254 1117 2296 cum
1145 2234 1372 2291 vinculis
1399 2239 1747 2303 peccatorum

183 2356 384 2396 suorum
408 2341 464 2394 in
492 2338 640 2393 bivio
660 2344 767 2392 stat
797 2353 811 2390 :
837 2334 894 2389 in
912 2332 1159 2388 libertate
1183 2326 1397 2384 arbitrii
1422 2322 1631 2381 dubitat
1667 2321 1750 2377 in-

184 2439 256 2485 ter
281 2438 512 2485 mortem
540 2436 596 2483 et
616 2426 800 2480 vitam.

244 2522 398 2578 Vens.
424 2519 647 2577 6.—Et
670 2518 1000 2573 dimiserunt.
1032 2511 1247 2587 (ΒκυΑ.)
1279 2510 1383 2578 Qui
1411 2508 1465 2564 in
1493 2504 1749 2563 solvendo

184 2612 613 2669 contradicebant
632 2651 645 2676 ,
675 2618 807 2676 etc.,
840 2623 1002 2679 usque
1032 2605 1101 2659 ad
1138 2618 1246 2675 quo
1268 2599 1486 2657 Christo
1537 2608 1751 2652 sessore

183 2703 305 2760 ﬁant
340 2706 503 2778 digna
524 2705 793 2774 operiunt.
1366 2755 1378 2765 ,

245 2801 404 2858 Vens.
431 2802 484 2857 7.
508 2830 578 2844 --
599 2800 668 2854 Et
697 2798 849 2854 sedit.
877 2793 1081 2869 (Ηιειι.)
1105 2790 1283 2862 Coepit
1312 2799 1543 2860 regnare
1561 2792 1623 2838 ut
1642 2797 1750 2838 non

183 2901 362 2962 regnet
379 2900 662 2964 peccatum
694 2891 749 2945 in
777 2887 992 2944 mortali
1034 2884 1121 2940 vel
1170 2881 1372 2964 lasciva
1418 2892 1583 2935 carne
1616 2870 1749 2934 :sed

174 2962 456 3055 iustitia-et
481 3000 587 3055 pax
616 2991 670 3039 et
690 2982 940 3054 gaudium
968 2980 1021 3035 in
1054 2962 1258 3048 Spiritu
1288 2982 1499 3031 sancto.

243 3076 762 3134 Vsns.8.-—Multi
813 3086 987 3130 autem
1035 3080 1349 3129 straverunt.
1403 3069 1538 3137 Quia
1594 3063 1752 3123 mulli

178 3176 447 3238 martyres
475 3181 533 3222 se
552 3165 783 3237 propriae
810 3164 991 3219 carnis
1012 3161 1210 3215 amictu
1237 3168 1518 3221 exuentes,
1542 3154 1750 3224 simpli-

180 3212 446 3238 ······ἰ·νν
476 3212 532 3222 ἰν
554 3212 782 3237 ι’-νιν---ν
815 3212 988 3219 νν---π-
1014 3212 1209 3215 “ww-7*
1248 3212 1261 3214 ν
1318 3212 1326 3213 ί
1360 3212 1363 3213 ν
1505 3212 1516 3221 ι
1647 3212 1666 3224 .

179 3258 417 3314 cioribus
438 3257 582 3311 viam
621 3269 719 3311 suo
748 3253 1007 3323 sanguine
1044 3256 1255 3321 parant,
1302 3256 1361 3302 ut
1393 3245 1641 3301 inoﬂ'ensi
1685 3242 1752 3298 ad
1779 3212 1825 3276 ς·

182 3363 472 3421 supernam
491 3348 791 3412 civitatem,
827 3343 895 3400 ad
922 3358 1084 3413 quam
1115 3342 1263 3397 ducit
1287 3338 1461 3404 Jcsus,
1480 3335 1752 3391 incedant.

247 3442 457 3516 (HIER.)
482 3441 663 3509 Multi,
716 3448 821 3496 etc.
872 3440 1042 3495 Pedes
1069 3445 1195 3493 sunt
1230 3435 1457 3491 extremi
1497 3448 1633 3506 quos
1689 3424 1756 3487 ad

177 3536 506 3608 jungendum
536 3534 817 3593 constituit
841 3530 1149 3604 Apostolus,
1192 3530 1283 3601 qui
1328 3529 1430 3584 etsi
1478 3543 1585 3583 non
1631 3532 1759 3580 sunt

184 3626 394 3683 dorsum
432 3627 484 3680 in
515 3639 622 3695 quo
656 3623 794 3680 sedit
830 3624 1109 3686 Dominus,
1143 3628 1321 3676 tamen
1341 3632 1463 3674 cum
1495 3614 1757 3671 militibus

186 3731 214 3773 a
235 3715 440 3773 Joanne
468 3717 827 3771 instruuntur.

249 3809 353 3863 Alii
389 3819 585 3863 autem.
613 3807 734 3880 (ln.)
761 3804 898 3861 Justi
926 3813 986 3861 ut
1011 3804 1188 3875 palma
1226 3801 1511 3866 ﬂerebunt,
1541 3796 1757 3870 angusti

187 3901 237 3958 in
260 3904 549 3964 radicibus,
579 3902 673 3956 lati
698 3902 749 3956 in
790 3900 1009 3955 ﬂoribus
1053 3907 1108 3954 et
1160 3895 1465 3951 fructibus:
1504 3892 1757 3963 quoniam

187 3995 353 4052 bonus
376 3996 513 4052 odor
538 3994 740 4050 Christi
767 4001 912 4059 sunt,
963 3998 1017 4047 et
1038 3995 1290 4046 sternunt
1341 3987 1482 4040 viam
1538 3983 1760 4039 manda-

190 4096 354 4143 torum
385 4089 479 4144 Dei
504 4088 643 4143 bona
668 4084 832 4139 fama.
856 4080 1069 4153 (Βεολ.)
1092 4080 1196 4133 Alii
1218 4087 1398 4133 autem
1429 4074 1649 4129 frondes
1674 4069 1761 4127 vel

188 4194 360 4235 ramos
384 4180 452 4234 de
482 4176 771 4233 arboribus
799 4175 1045 4237 caedunt,
1073 4171 1164 4241 qui
1202 4170 1255 4223 in
1283 4165 1527 4223 doctrina
1556 4162 1757 4219 verita-

190 4270 255 4326 tis
287 4270 449 4326 verba
472 4276 533 4326 et
551 4262 849 4324 sententias
882 4265 1102 4320 Patrum
1133 4262 1199 4317 de
1231 4275 1418 4316 eorum
1465 4260 1763 4327 excerpunt

191 4358 356 4417 libris.
413 4360 483 4417 Et
533 4360 649 4414 haec
676 4358 728 4412 in
755 4356 841 4411 via
870 4355 965 4410 Dei
995 4353 1324 4409 adanimum
1354 4348 1616 4405 auditoris
1661 4360 1759 4402 ve-

191 4451 382 4508 nientis
405 4450 599 4507 humili
622 4447 1005 4521 praedicatione
1028 4443 1370 4499 submittunt.

1920 1947 2152 2021 Cumque
2178 1949 2405 2004 vidisset.
2432 1948 2642 2022 (BEDA.)
2670 1948 2821 2004 Sicut
2840 1965 2936 2019 per
2954 1950 3238 2021 parabolas
3258 1951 3424 2021 loqui-
3484 1969 3491 1973 ·

1848 2050 1957 2107 tur,
1982 2042 2054 2095 ita
2080 2041 2229 2106 facit,
2252 2050 2383 2107 etc.,
2403 2057 2566 2112 usque
2585 2041 2653 2094 ad
2676 2039 2934 2095 miracula
2954 2038 3220 2109 faciendo,
3241 2050 3297 2097 et
3316 2057 3424 2098 non

1849 2134 2054 2190 invenit
2084 2151 2096 2186 :
2131 2131 2250 2186 ideo
2274 2131 2568 2187 damnavit.

1921 2223 2084 2279 Vens.
2112 2222 2199 2277 M.
2229 2253 2300 2266 ——
2323 2220 2448 2276 1am
2475 2239 2578 2276 non
2603 2219 2847 2293 amplius.
2879 2218 3001 2292 (ln.)
3037 2220 3119 2276 Tu
3145 2236 3358 2292 quoque
3378 2221 3425 2278 si

1844 2318 1957 2373 non
1993 2316 2075 2371 vis
2103 2315 2291 2372 audire
2340 2316 2393 2370 in
2430 2313 2636 2385 judicio
2661 2331 2689 2370 a
2716 2314 2951 2380 Christo,
2983 2313 3242 2370 Discedite
3267 2333 3300 2370 a
3321 2331 3423 2382 me,

1847 2406 1999 2472 mali,
2028 2408 2082 2461 in
2109 2408 2279 2478 ignem
2326 2416 2578 2461 aeternum
2599 2445 2613 2470 ,
2638 2406 2762 2476 quia
2790 2405 2980 2459 esurivi
3005 2415 3053 2459 et
3081 2421 3184 2460 non
3210 2405 3426 2461 dedistis

1847 2499 1997 2565 milii,
2029 2484 2457 2551 manducandum
2479 2495 2692 2569 (Matth.
2718 2495 2869 2567 xxv),
2896 2498 3059 2552 arbor
3083 2497 3284 2553 sterilis
3304 2512 3428 2555 esse

1850 2602 2060 2657 caveto,
2096 2592 2189 2647 sed
2216 2592 2395 2662 potius
2421 2590 2637 2647 Christo
2685 2589 2908 2659 pauperi
2929 2598 2985 2645 et
3009 2589 3266 2646 esurienti
3314 2588 3428 2645 frti-

1849 2692 1993 2740 ctum
2022 2681 2240 2755 pietatis
2259 2698 2365 2752 quo
2394 2680 2596 2753 indiget
2628 2679 2780 2737 oﬂ'er.

1919 2774 2084 2833 Vens.
2130 2774 2219 2830 15.
2252 2805 2323 2815 -
2359 2773 2519 2844 ϐωρίι
2576 2773 2781 2844 ejicere.
2839 2771 2898 2827 In
2946 2772 3060 2843 ipsa
3100 2786 3159 2826 re
3196 2771 3430 2827 ostendit

1848 2865 1992 2939 quod
2020 2882 2118 2937 per
2146 2864 2373 2937 ﬁguram
2401 2865 2454 2919 iu
2484 2863 2587 2919 ﬁcu
2616 2862 2765 2919 fecit.
2793 2863 2957 2918 Ficus
2986 2863 3132 2919 enim
3155 2878 3260 2918 non
3303 2877 3429 2933 pec-

1849 2959 1994 3016 cavit
2018 2958 2064 3014 si
2093 2967 2221 3013 ante
2244 2966 2456 3027 tempus
2477 2955 2712 3012 fructum
2734 2969 2841 3011 non
2876 2955 3083 3021 habuit,
3120 2954 3215 3012 sed
3248 2968 3430 3011 sacer-

1850 3048 2024 3105 dotes.

1929 3137 2240 3192 Vendentes.
2274 3132 2487 3208 (Brom)
2518 3134 2593 3189 Ea
2624 3134 2831 3190 scilicet
2856 3149 2977 3204 qua:
3008 3134 3101 3204 qui
3126 3133 3193 3190 de
3223 3133 3430 3207 longin-

1856 3246 1963 3300 quo
1991 3236 2257 3285 venerunt
2279 3228 2348 3282 ab
2377 3227 2639 3297 indigenis
2673 3224 2947 3281 oll‘erenda
2981 3224 3261 3291 emebant,
3296 3235 3426 3293 etc.,

1854 3338 2019 3393 usque
2045 3321 2113 3374 ad
2142 3333 2354 3389 semper
2382 3319 2661 3388 privantur
2685 3316 3003 3371 sacerdotio.

1928 3411 2091 3467 Vens.
2126 3409 2213 3465 16.
2239 3438 2311 3449 —
2335 3404 2405 3461 Et
2428 3424 2529 3462 non
2556 3406 2775 3461 sinebat.
2806 3405 2994 3461 Futuri
3033 3405 3221 3476 judicii
3250 3422 3432 3464 exem-

1854 3502 2001 3574 plum
2031 3499 2325 3570 praemittit,
2349 3498 2565 3567 quando
2586 3511 2775 3553 omnes
2804 3499 3060 3567 reprobus
3091 3498 3159 3553 ab
3189 3497 3433 3554 Ecclesia

1856 3593 2110 3666 repellit:
2140 3600 2195 3647 et
2248 3606 2317 3646 ne
2367 3590 2511 3644 ultra
2565 3589 2634 3644 ad
2680 3604 2802 3645 eam
2857 3589 3179 3646 turbandam
3226 3590 3432 3647 intrent

1856 3696 2058 3743 aeterno
2078 3684 2300 3741 verbere
2327 3681 2636 3753 cumpescit.

1937 3777 2042 3835 Vos
2062 3788 2238 3833 autem
2269 3776 2486 3848 fecistis.
2514 3772 2598 3829 Ad
2620 3774 2726 3829 hoc
2755 3772 2897 3829 enim
2927 3771 2981 3828 in
3030 3772 3227 3844 templo
3254 3783 3429 3840 erant,

1858 3882 1918 3929 ut
1944 3870 2031 3926 vel
2053 3884 2160 3925 non
2191 3867 2382 3923 dantes
2422 3862 2776 3935 corporaliter
2823 3873 3297 3934 persequerentur,
3350 3864 3435 3920 vel

1859 3966 2051 4022 dantes
2102 3959 2457 4032 spiritualiter
2505 3963 2783 4011 necarent.
2841 3953 3119 4026 Templum
3145 3966 3199 4014 et
3245 3958 3433 4014 domus

1858 4056 1955 4112 Dei
1981 4070 2134 4110 mens
2152 4061 2237 4107 est
2263 4060 2318 4106 et
2346 4046 2675 4104 conscientia
2706 4045 2965 4112 ﬁdelium,
2987 4063 3107 4117 qum
3136 4048 3190 4102 in
3217 4048 3435 4104 laesione

1858 4145 2091 4222 proximi
2114 4156 2399 4215 perversas
2424 4138 2779 4209 cogitationes
2807 4136 3032 4207 profert,
3052 4139 3209 4209 quasi
3239 4140 3292 4194 in
3314 4154 3435 4210 spe-

1858 4239 2020 4295 lunca
2041 4237 2278 4292 latrones
2307 4231 2564 4294 resident,
2588 4235 2645 4283 et
2676 4226 2991 4299 simpliciter
3022 4230 3330 4300 gradientes
3356 4229 3437 4283 in-

1860 4330 2179 4386 terﬁciunt:
2217 4331 2273 4380 et
2301 4322 2382 4378 sic
2405 4335 2559 4376 mens
2599 4316 2717 4388 jam
2764 4333 2874 4374 non
2928 4319 3120 4377 domus
3168 4319 3286 4387 Dei,
3340 4319 3437 4378 sed

1861 4421 2116 4493 spelunca
2143 4425 2229 4474 est
2254 4416 2544 4472 latronum.

256 4544 417 4601 Vens.
447 4545 503 4601 9.
535 4510 703 4594 —-Et
720 4542 810 4612 qui
846 4538 1120 4611 praeibam.
1180 4532 1462 4589 Prmcessit
1504 4522 1760 4587 Iudaicus
1783 4561 1839 4624 Β
1937 4516 2102 4624 Vnens.
2132 4514 2329 4624 2021-
2352 4519 2570 4575 Aridum
2595 4519 2811 4590 factam.
2841 4517 3054 4592 (Βευλ.)
3097 4514 3144 4571 Α
3166 4510 3439 4570 radicibus

193 4638 433 4708 pupulas,
458 4642 679 4692 secutus
704 4639 791 4688 est
814 4629 1052 4702 gentilis.
1084 4626 1153 4681 Et
1172 4626 1296 4696 quia
1335 4638 1523 4679 omnes
1574 4620 1666 4691 qui
1698 4619 1761 4675 li-

193 4726 333 4783 ‘deles
359 4735 487 4782 sunt
514 4724 599 4779 vel
642 4722 859 4777 fuerunt
905 4719 958 4773 in
1011 4715 1287 4772 Christum
1337 4711 1681 4767 crediderunt
1707 4716 1763 4763 et

196 4821 431 4885 credunt,
462 4826 521 4875 et
543 4817 633 4887 qui
661 4821 921 4887 praeeunt,
952 4818 1005 4867 et
1031 4808 1121 4880 qui
1167 4812 1489 4878 sequuntur,
1522 4805 1763 4860 liosanna

196 4911 462 4968 clamant:
498 4911 642 4982 quod
671 4908 829 4963 Salva
864 4920 994 4971 nos,
1026 4902 1215 4957 Latine
1264 4899 1463 4954 dicitur
1492 4915 1506 4952 :
1534 4897 1602 4953 ab
1646 4896 1764 4967 ipso

197 5004 332 5058 enim
359 5018 553 5060 omnes
578 5000 789 5071 priores
805 4998 967 5053 etiam
992 4994 1216 5050 salutem
1245 4990 1591 5064 quiesierunt.

262 5095 422 5150 Vens.
449 5092 541 5150 10.
569 5089 971 5144 -Βεηεάἰεειιε
1007 5087 1097 5153 qui
1136 5083 1287 5139 venit.
1341 5081 1607 5148 Quoniam
1662 5093 1768 5133 una

199 5183 345 5252 ﬁdes,
367 5201 476 5242 una
511 5198 635 5255 spes
659 5180 920 5238 omnium.
953 5177 1032 5231 llli
1053 5174 1439 5245 exspectabant
1476 5179 1532 5227 et
1580 5180 1770 5226 ventu-

200 5290 312 5331 rum
345 5276 657 5340 credebant,
685 5284 738 5329 et
758 5286 857 5327 nos
887 5269 1096 5325 venisse
1122 5265 1410 5321 credimus.

269 5371 479 5442 (Βευλ.)
524 5367 631 5425 Per
676 5368 781 5422 hoc
821 5365 962 5435 quod
987 5360 1272 5432 jungitur:
1303 5358 1544 5413 hosanna
1583 5356 1637 5411 in
1681 5372 1778 5411 ει·-

205 5462 356 5518 celsis
388 5482 401 5518 :
432 5461 575 5531 quod
620 5468 703 5515 est
754 5457 929 5521 salus,
978 5450 1245 5525 signiﬁcat
1295 5448 1437 5520 quod
1480 5447 1768 5502 adventum

205 5552 398 5609 Christi
428 5568 538 5609 non
576 5551 748 5608 solum
776 5547 1052 5603 hominum
1108 5542 1253 5599 salus
1308 5550 1413 5604 est,
1467 5540 1558 5595 sed
1604 5539 1771 5595 totius

208 5645 389 5699 mundi
406 5654 619 5701 terrena
627 5641 860 5712 jungens
874 5637 1203 5699 coelestibus,
1220 5642 1279 5688 ut
1298 5634 1345 5687 ei
1363 5648 1511 5686 omne
1524 5647 1653 5702 genu
1672 5631 1769 5701 ﬂe-

225 5745 393 5801 'tatur,
408 5734 709 5799 crelestium,
723 5732 1036 5787 terrestrium
1052 5737 1098 5783 et
1114 5725 1438 5796 infernarum
1454 5722 1668 5795 (Philip.
1685 5720 1768 5794 ιι).

278 5824 487 5903 (Hicin)
515 5825 629 5884 Hoc
667 5822 902 5884 Gabrieli
933 5828 1233 5879 consonat:
1263 5817 1354 5891 qui
1382 5816 1495 5872 ait:
1526 5813 1628 5870 Hic
1676 5816 1771 5871 erit

1606 5972 1636 5987 κ

1868 4613 2108 4671 arefacta
2130 4620 2214 4668 est
2236 4611 2393 4679 ﬁcus,
2429 4619 2488 4667 ut
2520 4611 2896 4667 ostenderetur
2946 4622 3077 4678 gens
3120 4604 3286 4674 impia
3330 4616 3440 4657 non

1868 4707 1941 4762 ad
1976 4714 2204 4774 tempus,
2231 4703 2317 4757 vel
2344 4718 2410 4758 ex
2435 4709 2588 4772 parte
2609 4698 2946 4770 corripienda
2972 4703 3323 4752 externorum
3360 4692 3441 4747 in-

1868 4793 2142 4859 cursibus,
2174 4802 2229 4850 et
2254 4809 2352 4866 per
2371 4793 2743 4863 paenitentiam
2771 4788 3066 4853 liberanda,
3115 4786 3255 4841 sicut
3299 4798 3443 4855 saepe

1869 4880 2077 4969 iactum
2100 4894 2206 4952 est,
2228 4884 2322 4941 sed
2344 4884 2489 4939 omni
2516 4891 2571 4937 et
2589 4892 2788 4937 aeterna
2813 4878 3156 4934 damnatione
3177 4876 3440 4934 'erienda.

1872 4982 2065 5038 Aliter.
2118 4976 2369 5033 Arel‘acta
2410 4983 2494 5031 est
2518 4989 2549 5029 a
2575 4973 2861 5036 radicibus,
2904 4980 2964 5027 ut
2992 4972 3306 5028 ostendatur
3336 4985 3445 5025 non

1877 5074 2053 5132 solum
2074 5073 2311 5128 humano
2338 5067 2696 5131 extrinsecus,
2726 5064 2819 5120 sed
2846 5063 3028 5120 divino
3077 5063 3223 5119 intus
3260 5061 3445 5117 favore

1874 5166 2116 5223 funditus
2137 5161 2477 5219 destituenda
2502 5178 2516 5215 :
2542 5173 2667 5215 nam
2691 5164 2746 5214 et
2765 5157 2930 5213 vitam
2955 5154 3189 5227 perdidit
3214 5154 3269 5213 in
3295 5153 3446 5211 caelis

1866 5267 1932 5339 ret
1961 5257 2191 5327 patriam
2220 5254 2274 5309 in
2304 5252 2483 5308 terris.

1946 5347 2110 5403 Vens.
2138 5343 2227 5399 2|.
2259 5373 2330 5383 -—
2352 5338 2672 5395 Recordatus
2720 5335 2927 5392 Petrus.
2967 5335 3158 5392 Petrus
3208 5335 3451 5408 agnoscit

1880 5440 2112 5503 aridam,
2142 5443 2197 5489 et
2218 5431 2512 5488 abscissam
2544 5429 2777 5484 radicem
2800 5428 2885 5483 cui
2910 5428 3148 5483 succedit
3174 5426 3313 5482 oliva
3338 5426 3451 5496 pul-

1881 5530 2145 5590 cherrima
2169 5524 2446 5582 fructifera
2466 5529 2655 5578 vocata
2681 5536 2713 5576 a
2732 5518 2977 5576 Domino.
3004 5518 3156 5576 Unde
3176 5520 3447 5591 sequitur:

1881 5627 2063 5687 Amen,
2087 5626 2203 5680 dico
2222 5620 2381 5685 vobis,
2414 5627 2519 5673 etc.

1952 5718 2115 5775 Vens.
2141 5715 2305 5771 25-
2321 5711 2625 5779 Quicunque
2646 5706 2853 5762 dixerit.
2880 5702 3091 5776 (Βεω.)
3115 5701 3303 5757 Solent
3331 5698 3451 5770 qui-

1882 5818 2002 5873 dam
2030 5813 2232 5875 dicere,
2259 5804 2401 5880 quod
2434 5800 2608 5859 nostri
2635 5798 2874 5857 nondum
2909 5795 3125 5871 plenam
3148 5792 3310 5854 ﬁdem
3348 5792 3455 5863 ha
