  <div class='ocr_page' id='page_1' title='image "/cluster/home/n/w/nwhite01/storage/ocr_20150623/114/hvd.32044018909580/117.png"; bbox 0 0 3960 6336; ppageno 0'>
   <div class='ocr_carea' id='block_1_1' title="bbox 447 407 555 469">
    <p class='ocr_par' dir='ltr' id='par_1_1' title="bbox 447 407 555 469">
     <span class='ocr_line' id='line_1_1' title="bbox 447 407 555 469; baseline -0.028 0"><span class='ocrx_word' id='word_1_1' title='bbox 447 407 555 469; x_wconf 63' lang='lat'><strong>225</strong></span> 
     </span>
    </p>
   </div>
   <div class='ocr_carea' id='block_1_2' title="bbox 934 369 3172 459">
    <p class='ocr_par' dir='ltr' id='par_1_2' title="bbox 934 369 3172 459">
     <span class='ocr_line' id='line_1_2' title="bbox 934 369 3172 459; baseline -0.017 0"><span class='ocrx_word' id='word_1_2' title='bbox 934 398 1328 459; x_wconf 82' lang='lat' dir='ltr'><strong>WALAFRIDI</strong></span> <span class='ocrx_word' id='word_1_3' title='bbox 1369 388 1614 454; x_wconf 79' lang='lat' dir='ltr'><strong>STRABI</strong></span> <span class='ocrx_word' id='word_1_4' title='bbox 1654 388 1859 449; x_wconf 83' lang='lat' dir='ltr'><strong>FULD.</strong></span> <span class='ocrx_word' id='word_1_5' title='bbox 1900 385 2067 444; x_wconf 81' lang='grc' dir='ltr'><strong>ΜΟΝ.</strong></span> <span class='ocrx_word' id='word_1_6' title='bbox 2107 381 2260 441; x_wconf 84' lang='grc' dir='ltr'>ΟΡΡ.</span> <span class='ocrx_word' id='word_1_7' title='bbox 2302 373 2483 436; x_wconf 74' lang='lat' dir='ltr'><strong>PARS</strong></span> <span class='ocrx_word' id='word_1_8' title='bbox 2523 375 2566 434; x_wconf 93' lang='lat' dir='ltr'><strong>l.</strong></span> <span class='ocrx_word' id='word_1_9' title='bbox 2605 408 2674 418; x_wconf 99' lang='lat'><strong>—</strong></span> <span class='ocrx_word' id='word_1_10' title='bbox 2713 369 3172 432; x_wconf 82' lang='lat' dir='ltr'><strong>THEOLOGICA.</strong></span> 
     </span>
    </p>
   </div>
   <div class='ocr_carea' id='block_1_3' title="bbox 3603 351 3723 414">
    <p class='ocr_par' dir='ltr' id='par_1_3' title="bbox 3603 351 3723 414">
     <span class='ocr_line' id='line_1_3' title="bbox 3603 351 3723 414; baseline 0 0"><span class='ocrx_word' id='word_1_11' title='bbox 3603 351 3723 414; x_wconf 64' lang='lat' dir='ltr'><strong>22L</strong></span> 
     </span>
    </p>
   </div>
   <div class='ocr_carea' id='block_1_4' title="bbox 447 481 3717 588">
    <p class='ocr_par' dir='ltr' id='par_1_4' title="bbox 447 481 3717 588">
     <span class='ocr_line' id='line_1_4' title="bbox 447 481 3717 588; baseline -0.015 -6"><span class='ocrx_word' id='word_1_12' title='bbox 447 531 698 588; x_wconf 88' lang='lat' dir='ltr'><strong>buerunt,</strong></span> <span class='ocrx_word' id='word_1_13' title='bbox 737 530 868 585; x_wconf 89' lang='lat' dir='ltr'><strong>etc.,</strong></span> <span class='ocrx_word' id='word_1_14' title='bbox 900 531 1060 586; x_wconf 87' lang='lat' dir='ltr'><strong>usque</strong></span> <span class='ocrx_word' id='word_1_15' title='bbox 1081 514 1149 567; x_wconf 81' lang='lat' dir='ltr'><strong>ad</strong></span> <span class='ocrx_word' id='word_1_16' title='bbox 1187 520 1389 582; x_wconf 87' lang='lat' dir='ltr'><strong>quanto</strong></span> <span class='ocrx_word' id='word_1_17' title='bbox 1419 527 1448 564; x_wconf 89' lang='lat' dir='ltr'><strong>a</strong></span> <span class='ocrx_word' id='word_1_18' title='bbox 1477 511 1689 581; x_wconf 89' lang='lat' dir='ltr'><strong>piorum</strong></span> <span class='ocrx_word' id='word_1_19' title='bbox 1710 505 1930 560; x_wconf 73' lang='lat' dir='ltr'><strong>laesione</strong></span> <span class='ocrx_word' id='word_1_20' title='bbox 1965 516 2024 557; x_wconf 88' lang='lat' dir='ltr'><strong>se</strong></span> <span class='ocrx_word' id='word_1_21' title='bbox 2051 503 2104 564; x_wconf 74' lang='grc' dir='ltr'><strong>Α</strong></span> <span class='ocrx_word' id='word_1_22' title='bbox 2200 500 2362 554; x_wconf 86' lang='lat' dir='ltr'><strong>Vens.</strong></span> <span class='ocrx_word' id='word_1_23' title='bbox 2400 497 2482 550; x_wconf 85' lang='grc'><strong>10.</strong></span> <span class='ocrx_word' id='word_1_24' title='bbox 2511 527 2580 536; x_wconf 94' lang='grc'><strong><em>-</em></strong></span> <span class='ocrx_word' id='word_1_25' title='bbox 2602 494 2855 564; x_wconf 87' lang='lat' dir='ltr'><strong>Lapidem</strong></span> <span class='ocrx_word' id='word_1_26' title='bbox 2876 503 3027 560; x_wconf 83' lang='lat' dir='ltr'><strong>quem</strong></span> <span class='ocrx_word' id='word_1_27' title='bbox 3053 485 3473 588; x_wconf 50' lang='lat' dir='ltr'><strong>repr‘obaverunt.</strong></span> <span class='ocrx_word' id='word_1_28' title='bbox 3501 481 3717 587; x_wconf 58' lang='lat'><strong>(11133:)</strong></span> 
     </span>
    </p>
   </div>
   <div class='ocr_carea' id='block_1_5' title="bbox 448 591 2028 685">
    <p class='ocr_par' dir='ltr' id='par_1_5' title="bbox 448 591 2028 685">
     <span class='ocr_line' id='line_1_5' title="bbox 448 591 2028 685; baseline -0.015 -15"><span class='ocrx_word' id='word_1_29' title='bbox 448 613 728 685; x_wconf 78' lang='lat' dir='ltr'><strong>expulsum</strong></span> <span class='ocrx_word' id='word_1_30' title='bbox 759 607 941 681; x_wconf 88' lang='lat' dir='ltr'><strong>gemit.</strong></span> <span class='ocrx_word' id='word_1_31' title='bbox 968 602 1173 674; x_wconf 82' lang='lat' dir='ltr'><strong>(Hien.)</strong></span> <span class='ocrx_word' id='word_1_32' title='bbox 1200 600 1308 656; x_wconf 87' lang='lat' dir='ltr'><strong>Sed</strong></span> <span class='ocrx_word' id='word_1_33' title='bbox 1328 603 1436 654; x_wconf 85' lang='lat' dir='ltr'><strong>hoc</strong></span> <span class='ocrx_word' id='word_1_34' title='bbox 1457 598 1657 652; x_wconf 88' lang='lat' dir='ltr'><strong>factum</strong></span> <span class='ocrx_word' id='word_1_35' title='bbox 1680 603 1763 651; x_wconf 90' lang='lat' dir='ltr'><strong>est</strong></span> <span class='ocrx_word' id='word_1_36' title='bbox 1780 613 1793 648; x_wconf 88' lang='lat'><strong>:</strong></span> <span class='ocrx_word' id='word_1_37' title='bbox 1811 591 2028 664; x_wconf 87' lang='lat' dir='ltr'><strong>quando</strong></span> 
     </span>
    </p>
   </div>
   <div class='ocr_carea' id='block_1_6' title="bbox 450 682 2031 769">
    <p class='ocr_par' dir='ltr' id='par_1_6' title="bbox 450 682 2031 769">
     <span class='ocr_line' id='line_1_6' title="bbox 450 682 2031 769; baseline -0.016 -9"><span class='ocrx_word' id='word_1_38' title='bbox 450 682 699 760; x_wconf 64' lang='lat' dir='ltr'><strong>dinerunt</strong></span> <span class='ocrx_word' id='word_1_39' title='bbox 727 695 949 769; x_wconf 76' lang='lat' dir='ltr'><strong>apostoli</strong></span> <span class='ocrx_word' id='word_1_40' title='bbox 971 714 983 748; x_wconf 89' lang='lat'><strong>:</strong></span> <span class='ocrx_word' id='word_1_41' title='bbox 1003 693 1168 763; x_wconf 81' lang='lat' dir='ltr'><strong><em>Digne</em></strong></span> <span class='ocrx_word' id='word_1_42' title='bbox 1190 688 1557 759; x_wconf 80' lang='lat' dir='ltr'><strong>transferimur</strong></span> <span class='ocrx_word' id='word_1_43' title='bbox 1583 687 1650 741; x_wconf 87' lang='lat' dir='ltr'><strong>ad</strong></span> <span class='ocrx_word' id='word_1_44' title='bbox 1679 694 1852 756; x_wconf 88' lang='lat' dir='ltr'><strong>gentes</strong></span> <span class='ocrx_word' id='word_1_45' title='bbox 1879 682 2031 754; x_wconf 87' lang='lat' dir='ltr'><strong>,quia</strong></span> 
     </span>
    </p>
   </div>
   <div class='ocr_carea' id='block_1_7' title="bbox 449 774 2033 862">
    <p class='ocr_par' dir='ltr' id='par_1_7' title="bbox 449 774 2033 862">
     <span class='ocr_line' id='line_1_7' title="bbox 449 774 2033 862; baseline -0.015 -11"><span class='ocrx_word' id='word_1_46' title='bbox 449 814 537 851; x_wconf 78' lang='lat' dir='ltr'><strong>vos</strong></span> <span class='ocrx_word' id='word_1_47' title='bbox 567 794 804 862; x_wconf 85' lang='lat' dir='ltr'><strong>indignos</strong></span> <span class='ocrx_word' id='word_1_48' title='bbox 818 775 1076 859; x_wconf 86' lang='lat' dir='ltr'><strong>judicatis</strong></span> <span class='ocrx_word' id='word_1_49' title='bbox 1109 783 1325 856; x_wconf 83' lang='lat' dir='ltr'><strong>(Matth.</strong></span> <span class='ocrx_word' id='word_1_50' title='bbox 1357 781 1491 852; x_wconf 71' lang='grc' dir='ltr'><strong>χχι).</strong></span> <span class='ocrx_word' id='word_1_51' title='bbox 1525 777 1739 852; x_wconf 47' lang='lat' dir='ltr'><strong>(Reum)</strong></span> <span class='ocrx_word' id='word_1_52' title='bbox 1785 774 2033 830; x_wconf 85' lang='lat' dir='ltr'><strong>Notanda</strong></span> 
     </span>
    </p>
   </div>
   <div class='ocr_carea' id='block_1_8' title="bbox 451 868 2032 949">
    <p class='ocr_par' dir='ltr' id='par_1_8' title="bbox 451 868 2032 949">
     <span class='ocr_line' id='line_1_8' title="bbox 451 868 2032 949; baseline -0.014 -7"><span class='ocrx_word' id='word_1_53' title='bbox 451 897 536 941; x_wconf 91' lang='lat' dir='ltr'><strong>est</strong></span> <span class='ocrx_word' id='word_1_54' title='bbox 559 881 830 940; x_wconf 89' lang='lat' dir='ltr'><strong>distinctio</strong></span> <span class='ocrx_word' id='word_1_55' title='bbox 851 877 1278 949; x_wconf 84' lang='lat' dir='ltr'><strong>deprecantium,</strong></span> <span class='ocrx_word' id='word_1_56' title='bbox 1313 882 1441 938; x_wconf 87' lang='lat' dir='ltr'><strong>etc.,</strong></span> <span class='ocrx_word' id='word_1_57' title='bbox 1465 887 1627 942; x_wconf 87' lang='lat' dir='ltr'><strong>usque</strong></span> <span class='ocrx_word' id='word_1_58' title='bbox 1653 869 1722 924; x_wconf 86' lang='lat' dir='ltr'><strong>ad</strong></span> <span class='ocrx_word' id='word_1_59' title='bbox 1768 868 1816 924; x_wconf 90' lang='lat' dir='ltr'><strong>si</strong></span> <span class='ocrx_word' id='word_1_60' title='bbox 1852 875 2032 922; x_wconf 86' lang='lat' dir='ltr'><strong>tamen</strong></span> 
     </span>
    </p>
   </div>
   <div class='ocr_carea' id='block_1_9' title="bbox 454 964 1519 1042">
    <p class='ocr_par' dir='ltr' id='par_1_9' title="bbox 454 964 1519 1042">
     <span class='ocr_line' id='line_1_9' title="bbox 454 964 1519 1042; baseline -0.013 -13"><span class='ocrx_word' id='word_1_61' title='bbox 454 975 509 1028; x_wconf 93' lang='lat' dir='ltr'><strong>in</strong></span> <span class='ocrx_word' id='word_1_62' title='bbox 547 990 604 1029; x_wconf 88' lang='lat' dir='ltr'><strong>se</strong></span> <span class='ocrx_word' id='word_1_63' title='bbox 632 969 980 1042; x_wconf 78' lang='lat' dir='ltr'><strong>peccantibus</strong></span> <span class='ocrx_word' id='word_1_64' title='bbox 1014 967 1188 1036; x_wconf 89' lang='lat' dir='ltr'><strong>primo</strong></span> <span class='ocrx_word' id='word_1_65' title='bbox 1222 964 1519 1018; x_wconf 89' lang='lat' dir='ltr'><strong>dimittunt.</strong></span> 
     </span>
    </p>
   </div>
   <div class='ocr_carea' id='block_1_10' title="bbox 528 1049 2037 1125">
    <p class='ocr_par' dir='ltr' id='par_1_10' title="bbox 528 1049 2037 1125">
     <span class='ocr_line' id='line_1_10' title="bbox 528 1049 2037 1125; baseline -0.01 -7"><span class='ocrx_word' id='word_1_66' title='bbox 528 1065 690 1120; x_wconf 87' lang='lat' dir='ltr'><strong>Vens.</strong></span> <span class='ocrx_word' id='word_1_67' title='bbox 716 1060 807 1114; x_wconf 76' lang='lat'><strong>25.</strong></span> <span class='ocrx_word' id='word_1_68' title='bbox 830 1057 990 1112; x_wconf 88' lang='lat' dir='ltr'><strong>—-Et</strong></span> <span class='ocrx_word' id='word_1_69' title='bbox 1027 1074 1144 1112; x_wconf 90' lang='lat' dir='ltr'><strong>cum</strong></span> <span class='ocrx_word' id='word_1_70' title='bbox 1187 1056 1410 1109; x_wconf 85' lang='lat' dir='ltr'><strong>stabitis.</strong></span> <span class='ocrx_word' id='word_1_71' title='bbox 1462 1051 1666 1125; x_wconf 70' lang='grc' dir='ltr'><strong>(Ηιειι.)</strong></span> <span class='ocrx_word' id='word_1_72' title='bbox 1691 1049 1902 1106; x_wconf 87' lang='lat' dir='ltr'><strong>Marcus</strong></span> <span class='ocrx_word' id='word_1_73' title='bbox 1940 1061 2037 1103; x_wconf 91' lang='lat' dir='ltr'><strong>suo</strong></span> 
     </span>
    </p>
   </div>
   <div class='ocr_carea' id='block_1_11' title="bbox 455 1143 2038 1223">
    <p class='ocr_par' dir='ltr' id='par_1_11' title="bbox 455 1143 2038 1223">
     <span class='ocr_line' id='line_1_11' title="bbox 455 1143 2038 1223; baseline -0.011 -11"><span class='ocrx_word' id='word_1_74' title='bbox 455 1170 630 1220; x_wconf 88' lang='lat' dir='ltr'><strong>more,</strong></span> <span class='ocrx_word' id='word_1_75' title='bbox 669 1161 875 1223; x_wconf 82' lang='lat' dir='ltr'><strong>septem</strong></span> <span class='ocrx_word' id='word_1_76' title='bbox 896 1163 1086 1206; x_wconf 88' lang='lat' dir='ltr'><strong>versus</strong></span> <span class='ocrx_word' id='word_1_77' title='bbox 1107 1146 1373 1203; x_wconf 89' lang='lat' dir='ltr'><strong>orationis</strong></span> <span class='ocrx_word' id='word_1_78' title='bbox 1423 1143 1714 1199; x_wconf 70' lang='lat' dir='ltr'><strong>Dominicse</strong></span> <span class='ocrx_word' id='word_1_79' title='bbox 1767 1155 1873 1196; x_wconf 90' lang='lat' dir='ltr'><strong>una</strong></span> <span class='ocrx_word' id='word_1_80' title='bbox 1915 1154 2038 1194; x_wconf 86' lang='lat' dir='ltr'><strong>ora-</strong></span> 
     </span>
    </p>
   </div>
   <div class='ocr_carea' id='block_1_12' title="bbox 457 1234 2038 1314">
    <p class='ocr_par' dir='ltr' id='par_1_12' title="bbox 457 1234 2038 1314">
     <span class='ocr_line' id='line_1_12' title="bbox 457 1234 2038 1314; baseline -0.009 -12"><span class='ocrx_word' id='word_1_81' title='bbox 457 1249 604 1302; x_wconf 89' lang='lat' dir='ltr'><strong>tione</strong></span> <span class='ocrx_word' id='word_1_82' title='bbox 653 1242 1080 1314; x_wconf 90' lang='lat' dir='ltr'><strong>comprehendit.</strong></span> <span class='ocrx_word' id='word_1_83' title='bbox 1136 1240 1186 1295; x_wconf 92' lang='lat' dir='ltr'><strong>ls</strong></span> <span class='ocrx_word' id='word_1_84' title='bbox 1235 1252 1467 1308; x_wconf 87' lang='lat' dir='ltr'><strong>namque</strong></span> <span class='ocrx_word' id='word_1_85' title='bbox 1507 1236 1593 1290; x_wconf 89' lang='lat' dir='ltr'><strong>cui</strong></span> <span class='ocrx_word' id='word_1_86' title='bbox 1637 1234 1858 1290; x_wconf 90' lang='lat' dir='ltr'><strong>dimissa</strong></span> <span class='ocrx_word' id='word_1_87' title='bbox 1913 1240 2038 1288; x_wconf 91' lang='lat' dir='ltr'><strong>sunt</strong></span> 
     </span>
    </p>
   </div>
   <div class='ocr_carea' id='block_1_13' title="bbox 459 1322 2038 1403">
    <p class='ocr_par' dir='ltr' id='par_1_13' title="bbox 459 1322 2038 1403">
     <span class='ocr_line' id='line_1_13' title="bbox 459 1322 2038 1403; baseline -0.008 -12"><span class='ocrx_word' id='word_1_88' title='bbox 459 1336 666 1400; x_wconf 86' lang='lat' dir='ltr'><strong>omnia,</strong></span> <span class='ocrx_word' id='word_1_89' title='bbox 689 1332 817 1403; x_wconf 91' lang='lat' dir='ltr'><strong>quid</strong></span> <span class='ocrx_word' id='word_1_90' title='bbox 839 1331 1069 1401; x_wconf 86' lang='lat' dir='ltr'><strong>amplius</strong></span> <span class='ocrx_word' id='word_1_91' title='bbox 1089 1329 1322 1402; x_wconf 78' lang='lat' dir='ltr'><strong>rogabit,</strong></span> <span class='ocrx_word' id='word_1_92' title='bbox 1343 1327 1447 1382; x_wconf 90' lang='lat' dir='ltr'><strong>nisi</strong></span> <span class='ocrx_word' id='word_1_93' title='bbox 1471 1325 1612 1396; x_wconf 91' lang='lat' dir='ltr'><strong>quod</strong></span> <span class='ocrx_word' id='word_1_94' title='bbox 1641 1332 1952 1396; x_wconf 83' lang='lat' dir='ltr'><strong>perseveret</strong></span> <span class='ocrx_word' id='word_1_95' title='bbox 1982 1322 2038 1378; x_wconf 90' lang='lat' dir='ltr'><strong>in</strong></span> 
     </span>
    </p>
   </div>
   <div class='ocr_carea' id='block_1_14' title="bbox 462 1422 986 1494">
    <p class='ocr_par' dir='ltr' id='par_1_14' title="bbox 462 1422 986 1494">
     <span class='ocr_line' id='line_1_14' title="bbox 462 1422 986 1494; baseline -0.015 -12"><span class='ocrx_word' id='word_1_96' title='bbox 462 1441 528 1482; x_wconf 90' lang='lat' dir='ltr'><strong>eo</strong></span> <span class='ocrx_word' id='word_1_97' title='bbox 556 1424 698 1494; x_wconf 90' lang='lat' dir='ltr'><strong>quod</strong></span> <span class='ocrx_word' id='word_1_98' title='bbox 719 1422 986 1477; x_wconf 87' lang='lat' dir='ltr'><strong>obtinuit?</strong></span> 
     </span>
    </p>
   </div>
   <div class='ocr_carea' id='block_1_15' title="bbox 540 1506 2046 1582">
    <p class='ocr_par' dir='ltr' id='par_1_15' title="bbox 540 1506 2046 1582">
     <span class='ocr_line' id='line_1_15' title="bbox 540 1506 2046 1582; baseline -0.008 -11"><span class='ocrx_word' id='word_1_99' title='bbox 540 1517 700 1571; x_wconf 89' lang='lat' dir='ltr'><strong>Vens.</strong></span> <span class='ocrx_word' id='word_1_100' title='bbox 722 1515 813 1570; x_wconf 70' lang='lat'><strong>28.</strong></span> <span class='ocrx_word' id='word_1_101' title='bbox 841 1544 906 1553; x_wconf 90' lang='lat'><strong>—</strong></span> <span class='ocrx_word' id='word_1_102' title='bbox 939 1511 1006 1566; x_wconf 87' lang='lat' dir='ltr'><strong>In</strong></span> <span class='ocrx_word' id='word_1_103' title='bbox 1034 1528 1138 1582; x_wconf 89' lang='lat' dir='ltr'><strong>qua</strong></span> <span class='ocrx_word' id='word_1_104' title='bbox 1167 1517 1435 1580; x_wconf 82' lang='lat' dir='ltr'><strong>potestate.</strong></span> <span class='ocrx_word' id='word_1_105' title='bbox 1465 1507 1540 1564; x_wconf 88' lang='lat' dir='ltr'><strong>De</strong></span> <span class='ocrx_word' id='word_1_106' title='bbox 1567 1507 1663 1563; x_wconf 89' lang='lat' dir='ltr'><strong>Dei</strong></span> <span class='ocrx_word' id='word_1_107' title='bbox 1689 1506 1936 1563; x_wconf 89' lang='lat' dir='ltr'><strong>dubitant</strong></span> <span class='ocrx_word' id='word_1_108' title='bbox 1956 1519 2046 1576; x_wconf 90' lang='lat' dir='ltr'><strong>po-</strong></span> 
     </span>
    </p>
   </div>
   <div class='ocr_carea' id='block_1_16' title="bbox 465 1597 2045 1673">
    <p class='ocr_par' dir='ltr' id='par_1_16' title="bbox 465 1597 2045 1673">
     <span class='ocr_line' id='line_1_16' title="bbox 465 1597 2045 1673; baseline -0.008 -9"><span class='ocrx_word' id='word_1_109' title='bbox 465 1615 680 1673; x_wconf 87' lang='lat' dir='ltr'><strong>testate,</strong></span> <span class='ocrx_word' id='word_1_110' title='bbox 724 1615 778 1661; x_wconf 91' lang='lat' dir='ltr'><strong>et</strong></span> <span class='ocrx_word' id='word_1_111' title='bbox 804 1605 992 1660; x_wconf 90' lang='lat' dir='ltr'><strong>volunt</strong></span> <span class='ocrx_word' id='word_1_112' title='bbox 1021 1601 1346 1673; x_wconf 77' lang='lat' dir='ltr'><strong>subintelligi</strong></span> <span class='ocrx_word' id='word_1_113' title='bbox 1368 1600 1564 1656; x_wconf 90' lang='lat' dir='ltr'><strong>diaboli</strong></span> <span class='ocrx_word' id='word_1_114' title='bbox 1588 1615 1706 1654; x_wconf 90' lang='lat' dir='ltr'><strong>esse</strong></span> <span class='ocrx_word' id='word_1_115' title='bbox 1726 1599 1868 1670; x_wconf 90' lang='lat' dir='ltr'><strong>quod</strong></span> <span class='ocrx_word' id='word_1_116' title='bbox 1895 1597 2045 1652; x_wconf 82' lang='lat' dir='ltr'><strong>facit.</strong></span> 
     </span>
    </p>
   </div>
   <div class='ocr_carea' id='block_1_17' title="bbox 540 1691 2049 1763">
    <p class='ocr_par' dir='ltr' id='par_1_17' title="bbox 540 1691 2049 1763">
     <span class='ocr_line' id='line_1_17' title="bbox 540 1691 2049 1763; baseline -0.006 -13"><span class='ocrx_word' id='word_1_117' title='bbox 540 1697 705 1752; x_wconf 91' lang='lat' dir='ltr'><strong>Vens.</strong></span> <span class='ocrx_word' id='word_1_118' title='bbox 741 1696 832 1750; x_wconf 72' lang='lat'><strong>29.</strong></span> <span class='ocrx_word' id='word_1_119' title='bbox 859 1725 928 1735; x_wconf 90' lang='lat'><strong>—</strong></span> <span class='ocrx_word' id='word_1_120' title='bbox 951 1693 1314 1763; x_wconf 87' lang='lat' dir='ltr'><strong>Interrogabo.</strong></span> <span class='ocrx_word' id='word_1_121' title='bbox 1353 1691 1570 1746; x_wconf 80' lang='lat' dir='ltr'><strong>Poterat</strong></span> <span class='ocrx_word' id='word_1_122' title='bbox 1595 1697 1778 1758; x_wconf 87' lang='lat' dir='ltr'><strong>aperta</strong></span> <span class='ocrx_word' id='word_1_123' title='bbox 1822 1703 2049 1758; x_wconf 87' lang='lat' dir='ltr'><strong>respon-</strong></span> 
     </span>
    </p>
   </div>
   <div class='ocr_carea' id='block_1_18' title="bbox 470 1779 2047 1849">
    <p class='ocr_par' dir='ltr' id='par_1_18' title="bbox 470 1779 2047 1849">
     <span class='ocr_line' id='line_1_18' title="bbox 470 1779 2047 1849; baseline -0.006 -6"><span class='ocrx_word' id='word_1_124' title='bbox 470 1788 620 1843; x_wconf 87' lang='lat' dir='ltr'><strong>sione</strong></span> <span class='ocrx_word' id='word_1_125' title='bbox 668 1786 991 1842; x_wconf 88' lang='lat' dir='ltr'><strong>calumniam</strong></span> <span class='ocrx_word' id='word_1_126' title='bbox 1056 1792 1382 1839; x_wconf 88' lang='lat' dir='ltr'><strong>tentatorum</strong></span> <span class='ocrx_word' id='word_1_127' title='bbox 1430 1779 1871 1837; x_wconf 78' lang='lat' dir='ltr'><strong>confutarezsed</strong></span> <span class='ocrx_word' id='word_1_128' title='bbox 1917 1795 2047 1849; x_wconf 88' lang='lat' dir='ltr'><strong>pru-</strong></span> 
     </span>
    </p>
   </div>
   <div class='ocr_carea' id='block_1_19' title="bbox 2125 574 3721 661">
    <p class='ocr_par' dir='ltr' id='par_1_19' title="bbox 2125 574 3721 661">
     <span class='ocr_line' id='line_1_19' title="bbox 2125 574 3721 661; baseline -0.011 -15"><span class='ocrx_word' id='word_1_129' title='bbox 2125 590 2288 661; x_wconf 88' lang='lat' dir='ltr'><strong>Lapis</strong></span> <span class='ocrx_word' id='word_1_130' title='bbox 2326 587 2605 659; x_wconf 80' lang='lat' dir='ltr'><strong>reprobus,</strong></span> <span class='ocrx_word' id='word_1_131' title='bbox 2635 600 2796 656; x_wconf 88' lang='lat' dir='ltr'><strong>quem</strong></span> <span class='ocrx_word' id='word_1_132' title='bbox 2824 580 2996 653; x_wconf 67' lang='lat' dir='ltr'><strong>gessit</strong></span> <span class='ocrx_word' id='word_1_133' title='bbox 3021 577 3268 648; x_wconf 78' lang='lat' dir='ltr'><strong>angulus,</strong></span> <span class='ocrx_word' id='word_1_134' title='bbox 3299 574 3628 644; x_wconf 85' lang='lat' dir='ltr'><strong>conjungens</strong></span> <span class='ocrx_word' id='word_1_135' title='bbox 3655 575 3721 630; x_wconf 84' lang='lat' dir='ltr'><strong>in</strong></span> 
     </span>
    </p>
   </div>
   <div class='ocr_carea' id='block_1_20' title="bbox 2127 665 3725 752">
    <p class='ocr_par' dir='ltr' id='par_1_20' title="bbox 2127 665 3725 752">
     <span class='ocr_line' id='line_1_20' title="bbox 2127 665 3725 752; baseline -0.011 -14"><span class='ocrx_word' id='word_1_136' title='bbox 2127 699 2281 739; x_wconf 76' lang='lat' dir='ltr'><strong>creua</strong></span> <span class='ocrx_word' id='word_1_137' title='bbox 2298 696 2492 752; x_wconf 88' lang='lat' dir='ltr'><strong>agnum</strong></span> <span class='ocrx_word' id='word_1_138' title='bbox 2507 694 2628 735; x_wconf 91' lang='lat' dir='ltr'><strong>cum</strong></span> <span class='ocrx_word' id='word_1_139' title='bbox 2643 693 2798 747; x_wconf 87' lang='lat' dir='ltr'><strong>pane,</strong></span> <span class='ocrx_word' id='word_1_140' title='bbox 2817 673 3016 731; x_wconf 81' lang='lat' dir='ltr'><strong>ﬁniens</strong></span> <span class='ocrx_word' id='word_1_141' title='bbox 3027 671 3215 732; x_wconf 89' lang='lat' dir='ltr'><strong>Vetus,</strong></span> <span class='ocrx_word' id='word_1_142' title='bbox 3229 666 3436 723; x_wconf 83' lang='lat' dir='ltr'><strong>Novum</strong></span> <span class='ocrx_word' id='word_1_143' title='bbox 3454 665 3642 720; x_wconf 85' lang='lat' dir='ltr'><strong>inchoa</strong></span> <span class='ocrx_word' id='word_1_144' title='bbox 3651 682 3725 721; x_wconf 89' lang='lat' dir='ltr'><strong>ns</strong></span> 
     </span>
    </p>
   </div>
   <div class='ocr_carea' id='block_1_21' title="bbox 2128 755 3723 838">
    <p class='ocr_par' dir='ltr' id='par_1_21' title="bbox 2128 755 3723 838">
     <span class='ocr_line' id='line_1_21' title="bbox 2128 755 3723 838; baseline -0.014 -10"><span class='ocrx_word' id='word_1_145' title='bbox 2128 770 2532 828; x_wconf 85' lang='lat' dir='ltr'><strong>Testamentum</strong></span> <span class='ocrx_word' id='word_1_146' title='bbox 2558 809 2574 834; x_wconf 98' lang='lat'><strong>,</strong></span> <span class='ocrx_word' id='word_1_147' title='bbox 2621 769 2710 823; x_wconf 87' lang='lat' dir='ltr'><strong>hic</strong></span> <span class='ocrx_word' id='word_1_148' title='bbox 2749 771 2975 838; x_wconf 82' lang='lat' dir='ltr'><strong>praestat</strong></span> <span class='ocrx_word' id='word_1_149' title='bbox 3017 759 3156 816; x_wconf 89' lang='lat' dir='ltr'><strong>mira</strong></span> <span class='ocrx_word' id='word_1_150' title='bbox 3197 757 3256 814; x_wconf 86' lang='lat' dir='ltr'><strong>in</strong></span> <span class='ocrx_word' id='word_1_151' title='bbox 3298 756 3471 813; x_wconf 89' lang='lat' dir='ltr'><strong>oculis</strong></span> <span class='ocrx_word' id='word_1_152' title='bbox 3493 755 3723 810; x_wconf 88' lang='lat' dir='ltr'><strong>nostris.</strong></span> 
     </span>
    </p>
   </div>
   <div class='ocr_carea' id='block_1_22' title="bbox 2204 845 3727 922">
    <p class='ocr_par' dir='ltr' id='par_1_22' title="bbox 2204 845 3727 922">
     <span class='ocr_line' id='line_1_22' title="bbox 2204 845 3727 922; baseline -0.013 -4"><span class='ocrx_word' id='word_1_153' title='bbox 2204 863 2365 918; x_wconf 89' lang='lat' dir='ltr'><strong>Vens.</strong></span> <span class='ocrx_word' id='word_1_154' title='bbox 2400 861 2486 916; x_wconf 81' lang='grc'><strong>15.</strong></span> <span class='ocrx_word' id='word_1_155' title='bbox 2516 890 2586 900; x_wconf 91' lang='grc'><strong><em>-</em></strong></span> <span class='ocrx_word' id='word_1_156' title='bbox 2617 859 2683 914; x_wconf 87' lang='lat' dir='ltr'><strong>Et</strong></span> <span class='ocrx_word' id='word_1_157' title='bbox 2715 859 2927 912; x_wconf 83' lang='lat' dir='ltr'><strong>mittunt</strong></span> <span class='ocrx_word' id='word_1_158' title='bbox 2957 852 3031 910; x_wconf 77' lang='lat' dir='ltr'><strong>ad</strong></span> <span class='ocrx_word' id='word_1_159' title='bbox 3061 867 3198 906; x_wconf 88' lang='lat' dir='ltr'><strong>eum.</strong></span> <span class='ocrx_word' id='word_1_160' title='bbox 3241 845 3457 922; x_wconf 44' lang='lat' dir='ltr'><strong>(Bene)</strong></span> <span class='ocrx_word' id='word_1_161' title='bbox 3483 846 3727 900; x_wconf 82' lang='lat' dir='ltr'><strong>Turbam</strong></span> 
     </span>
    </p>
   </div>
   <div class='ocr_carea' id='block_1_23' title="bbox 2132 947 3731 1021">
    <p class='ocr_par' dir='ltr' id='par_1_23' title="bbox 2132 947 3731 1021">
     <span class='ocr_line' id='line_1_23' title="bbox 2132 947 3731 1021; baseline -0.013 -13"><span class='ocrx_word' id='word_1_162' title='bbox 2132 953 2415 1016; x_wconf 84' lang='lat' dir='ltr'><strong>timebant,</strong></span> <span class='ocrx_word' id='word_1_163' title='bbox 2444 960 2605 1021; x_wconf 88' lang='lat' dir='ltr'><strong>atque</strong></span> <span class='ocrx_word' id='word_1_164' title='bbox 2632 949 2776 1019; x_wconf 91' lang='lat' dir='ltr'><strong>quod</strong></span> <span class='ocrx_word' id='word_1_165' title='bbox 2802 964 2899 1019; x_wconf 88' lang='lat' dir='ltr'><strong>per</strong></span> <span class='ocrx_word' id='word_1_166' title='bbox 2927 962 2987 1003; x_wconf 89' lang='lat' dir='ltr'><strong>se</strong></span> <span class='ocrx_word' id='word_1_167' title='bbox 3013 957 3125 1001; x_wconf 83' lang='lat' dir='ltr'><strong>non</strong></span> <span class='ocrx_word' id='word_1_168' title='bbox 3156 947 3433 1012; x_wconf 88' lang='lat' dir='ltr'><strong>poterant,</strong></span> <span class='ocrx_word' id='word_1_169' title='bbox 3465 947 3600 1003; x_wconf 91' lang='lat' dir='ltr'><strong>etc.,</strong></span> <span class='ocrx_word' id='word_1_170' title='bbox 3634 954 3731 990; x_wconf 87' lang='lat' dir='ltr'><strong>us-</strong></span> 
     </span>
    </p>
   </div>
   <div class='ocr_carea' id='block_1_24' title="bbox 2133 1029 3732 1115">
    <p class='ocr_par' dir='ltr' id='par_1_24' title="bbox 2133 1029 3732 1115">
     <span class='ocr_line' id='line_1_24' title="bbox 2133 1029 3732 1115; baseline -0.003 -18"><span class='ocrx_word' id='word_1_171' title='bbox 2133 1060 2231 1115; x_wconf 85' lang='lat' dir='ltr'><strong>que</strong></span> <span class='ocrx_word' id='word_1_172' title='bbox 2258 1043 2326 1096; x_wconf 86' lang='lat' dir='ltr'><strong>ad</strong></span> <span class='ocrx_word' id='word_1_173' title='bbox 2356 1052 2411 1097; x_wconf 92' lang='lat' dir='ltr'><strong>et</strong></span> <span class='ocrx_word' id='word_1_174' title='bbox 2436 1055 2660 1112; x_wconf 78' lang='lat' dir='ltr'><strong>regnum</strong></span> <span class='ocrx_word' id='word_1_175' title='bbox 2685 1047 2739 1096; x_wconf 91' lang='lat' dir='ltr'><strong>et</strong></span> <span class='ocrx_word' id='word_1_176' title='bbox 2759 1039 2940 1095; x_wconf 88' lang='lat' dir='ltr'><strong>omnia</strong></span> <span class='ocrx_word' id='word_1_177' title='bbox 2963 1037 3194 1109; x_wconf 86' lang='lat' dir='ltr'><strong>perdere</strong></span> <span class='ocrx_word' id='word_1_178' title='bbox 3214 1029 3533 1095; x_wconf 60' lang='lat' dir='ltr'><strong>maluerint,</strong></span> <span class='ocrx_word' id='word_1_179' title='bbox 3559 1042 3732 1098; x_wconf 77' lang='lat' dir='ltr'><strong>quam</strong></span> 
     </span>
    </p>
   </div>
   <div class='ocr_carea' id='block_1_25' title="bbox 2135 1132 2572 1189">
    <p class='ocr_par' dir='ltr' id='par_1_25' title="bbox 2135 1132 2572 1189">
     <span class='ocr_line' id='line_1_25' title="bbox 2135 1132 2572 1189; baseline -0.009 0"><span class='ocrx_word' id='word_1_180' title='bbox 2135 1147 2256 1189; x_wconf 88' lang='lat' dir='ltr'><strong>esse</strong></span> <span class='ocrx_word' id='word_1_181' title='bbox 2281 1132 2572 1186; x_wconf 86' lang='lat' dir='ltr'><strong>tributarii.</strong></span> 
     </span>
    </p>
   </div>
   <div class='ocr_carea' id='block_1_26' title="bbox 2209 1207 3739 1294">
    <p class='ocr_par' dir='ltr' id='par_1_26' title="bbox 2209 1207 3739 1294">
     <span class='ocr_line' id='line_1_26' title="bbox 2209 1207 3739 1294; baseline -0.007 -14"><span class='ocrx_word' id='word_1_182' title='bbox 2209 1225 2373 1280; x_wconf 91' lang='lat' dir='ltr'><strong>Vens.</strong></span> <span class='ocrx_word' id='word_1_183' title='bbox 2392 1223 2478 1278; x_wconf 76' lang='lat' dir='ltr'><strong>M.</strong></span> <span class='ocrx_word' id='word_1_184' title='bbox 2495 1253 2564 1263; x_wconf 91' lang='lat'><strong>—</strong></span> <span class='ocrx_word' id='word_1_185' title='bbox 2588 1220 2862 1294; x_wconf 81' lang='lat' dir='ltr'><strong>Magister,</strong></span> <span class='ocrx_word' id='word_1_186' title='bbox 2885 1222 3097 1277; x_wconf 93' lang='lat' dir='ltr'><strong>scimus.</strong></span> <span class='ocrx_word' id='word_1_187' title='bbox 3126 1219 3252 1294; x_wconf 73' lang='grc'><strong>(11).)</strong></span> <span class='ocrx_word' id='word_1_188' title='bbox 3275 1214 3480 1274; x_wconf 87' lang='lat' dir='ltr'><strong>Blanda</strong></span> <span class='ocrx_word' id='word_1_189' title='bbox 3502 1219 3561 1272; x_wconf 78' lang='lat' dir='ltr'><strong>cl</strong></span> <span class='ocrx_word' id='word_1_190' title='bbox 3584 1207 3739 1265; x_wconf 70' lang='lat' dir='ltr'><strong>fmu-</strong></span> 
     </span>
    </p>
   </div>
   <div class='ocr_carea' id='block_1_27' title="bbox 2141 1310 3732 1386">
    <p class='ocr_par' dir='ltr' id='par_1_27' title="bbox 2141 1310 3732 1386">
     <span class='ocr_line' id='line_1_27' title="bbox 2141 1310 3732 1386; baseline -0.008 -13"><span class='ocrx_word' id='word_1_191' title='bbox 2141 1317 2359 1373; x_wconf 87' lang='lat' dir='ltr'><strong>dulenta</strong></span> <span class='ocrx_word' id='word_1_192' title='bbox 2389 1314 2740 1386; x_wconf 82' lang='lat' dir='ltr'><strong>interrogatio</strong></span> <span class='ocrx_word' id='word_1_193' title='bbox 2770 1314 2838 1369; x_wconf 86' lang='lat' dir='ltr'><strong>ad</strong></span> <span class='ocrx_word' id='word_1_194' title='bbox 2863 1313 2965 1370; x_wconf 91' lang='lat' dir='ltr'><strong>hoc</strong></span> <span class='ocrx_word' id='word_1_195' title='bbox 2988 1320 3251 1383; x_wconf 82' lang='lat' dir='ltr'><strong>provocat</strong></span> <span class='ocrx_word' id='word_1_196' title='bbox 3276 1310 3732 1381; x_wconf 83' lang='lat' dir='ltr'><strong>respondentem,</strong></span> 
     </span>
    </p>
   </div>
   <div class='ocr_carea' id='block_1_28' title="bbox 2140 1399 3736 1476">
    <p class='ocr_par' dir='ltr' id='par_1_28' title="bbox 2140 1399 3736 1476">
     <span class='ocr_line' id='line_1_28' title="bbox 2140 1399 3736 1476; baseline -0.007 -14"><span class='ocrx_word' id='word_1_197' title='bbox 2140 1416 2202 1462; x_wconf 92' lang='lat' dir='ltr'><strong>ut</strong></span> <span class='ocrx_word' id='word_1_198' title='bbox 2247 1405 2422 1476; x_wconf 90' lang='lat' dir='ltr'><strong>magis</strong></span> <span class='ocrx_word' id='word_1_199' title='bbox 2466 1405 2636 1459; x_wconf 90' lang='lat' dir='ltr'><strong>Deum</strong></span> <span class='ocrx_word' id='word_1_200' title='bbox 2683 1417 2848 1472; x_wconf 90' lang='lat' dir='ltr'><strong>quam</strong></span> <span class='ocrx_word' id='word_1_201' title='bbox 2894 1401 3167 1458; x_wconf 79' lang='lat' dir='ltr'><strong>Caesarem</strong></span> <span class='ocrx_word' id='word_1_202' title='bbox 3211 1401 3434 1465; x_wconf 84' lang='lat' dir='ltr'><strong>timeat,</strong></span> <span class='ocrx_word' id='word_1_203' title='bbox 3475 1410 3531 1452; x_wconf 90' lang='lat' dir='ltr'><strong>ct</strong></span> <span class='ocrx_word' id='word_1_204' title='bbox 3582 1399 3736 1452; x_wconf 85' lang='lat' dir='ltr'><strong>dicat</strong></span> 
     </span>
    </p>
   </div>
   <div class='ocr_carea' id='block_1_29' title="bbox 2142 1490 3734 1562">
    <p class='ocr_par' dir='ltr' id='par_1_29' title="bbox 2142 1490 3734 1562">
     <span class='ocr_line' id='line_1_29' title="bbox 2142 1490 3734 1562; baseline -0.007 -7"><span class='ocrx_word' id='word_1_205' title='bbox 2142 1515 2250 1555; x_wconf 88' lang='lat' dir='ltr'><strong>non</strong></span> <span class='ocrx_word' id='word_1_206' title='bbox 2280 1498 2476 1553; x_wconf 89' lang='lat' dir='ltr'><strong>debere</strong></span> <span class='ocrx_word' id='word_1_207' title='bbox 2506 1496 2708 1550; x_wconf 87' lang='lat' dir='ltr'><strong>tributa</strong></span> <span class='ocrx_word' id='word_1_208' title='bbox 2740 1494 2898 1562; x_wconf 88' lang='lat' dir='ltr'><strong>solvi,</strong></span> <span class='ocrx_word' id='word_1_209' title='bbox 2929 1503 2989 1549; x_wconf 89' lang='lat' dir='ltr'><strong>ut</strong></span> <span class='ocrx_word' id='word_1_210' title='bbox 3011 1493 3296 1548; x_wconf 87' lang='lat' dir='ltr'><strong>audientes</strong></span> <span class='ocrx_word' id='word_1_211' title='bbox 3325 1490 3622 1546; x_wconf 85' lang='lat' dir='ltr'><strong>Herodiani</strong></span> <span class='ocrx_word' id='word_1_212' title='bbox 3645 1505 3734 1545; x_wconf 82' lang='lat' dir='ltr'><strong>se-</strong></span> 
     </span>
    </p>
   </div>
   <div class='ocr_carea' id='block_1_30' title="bbox 2148 1587 3474 1646">
    <p class='ocr_par' dir='ltr' id='par_1_30' title="bbox 2148 1587 3474 1646">
     <span class='ocr_line' id='line_1_30' title="bbox 2148 1587 3474 1646; baseline -0.008 -1"><span class='ocrx_word' id='word_1_213' title='bbox 2148 1590 2373 1646; x_wconf 90' lang='lat' dir='ltr'><strong>ditionis</strong></span> <span class='ocrx_word' id='word_1_214' title='bbox 2403 1596 2593 1644; x_wconf 90' lang='lat' dir='ltr'><strong>eoutra</strong></span> <span class='ocrx_word' id='word_1_215' title='bbox 2621 1587 2896 1642; x_wconf 83' lang='lat' dir='ltr'><strong>Romanos</strong></span> <span class='ocrx_word' id='word_1_216' title='bbox 2919 1591 3199 1640; x_wconf 87' lang='lat' dir='ltr'><strong>auctorem</strong></span> <span class='ocrx_word' id='word_1_217' title='bbox 3231 1590 3474 1638; x_wconf 86' lang='lat' dir='ltr'><strong>teneant.</strong></span> 
     </span>
    </p>
   </div>
   <div class='ocr_carea' id='block_1_31' title="bbox 2143 1665 3739 1744">
    <p class='ocr_par' dir='ltr' id='par_1_31' title="bbox 2143 1665 3739 1744">
     <span class='ocr_line' id='line_1_31' title="bbox 2143 1665 3739 1744; baseline -0.006 -9"><span class='ocrx_word' id='word_1_218' title='bbox 2143 1668 2147 1680; x_wconf 22' lang='lat'>5</span> <span class='ocrx_word' id='word_1_219' title='bbox 2218 1665 2382 1736; x_wconf 83' lang='lat' dir='ltr'><strong>Vens.</strong></span> <span class='ocrx_word' id='word_1_220' title='bbox 2413 1680 2497 1734; x_wconf 79' lang='lat' dir='ltr'><strong>l5.</strong></span> <span class='ocrx_word' id='word_1_221' title='bbox 2526 1709 2597 1720; x_wconf 91' lang='grc'><strong><em>--</em></strong></span> <span class='ocrx_word' id='word_1_222' title='bbox 2628 1678 2730 1744; x_wconf 85' lang='lat' dir='ltr'><strong>Qui</strong></span> <span class='ocrx_word' id='word_1_223' title='bbox 2767 1679 2936 1732; x_wconf 87' lang='lat' dir='ltr'><strong>sciens</strong></span> <span class='ocrx_word' id='word_1_224' title='bbox 2974 1677 3275 1731; x_wconf 82' lang='lat' dir='ltr'><strong>versutiam.</strong></span> <span class='ocrx_word' id='word_1_225' title='bbox 3307 1674 3409 1742; x_wconf 87' lang='lat' dir='ltr'><strong>Qui</strong></span> <span class='ocrx_word' id='word_1_226' title='bbox 3435 1681 3630 1744; x_wconf 85' lang='lat' dir='ltr'><strong>putant</strong></span> <span class='ocrx_word' id='word_1_227' title='bbox 3653 1672 3739 1727; x_wconf 89' lang='lat' dir='ltr'><strong>in-</strong></span> 
     </span>
    </p>
   </div>
   <div class='ocr_carea' id='block_1_32' title="bbox 2150 1764 3741 1844">
    <p class='ocr_par' dir='ltr' id='par_1_32' title="bbox 2150 1764 3741 1844">
     <span class='ocr_line' id='line_1_32' title="bbox 2150 1764 3741 1844; baseline -0.008 -13"><span class='ocrx_word' id='word_1_228' title='bbox 2150 1774 2569 1844; x_wconf 85' lang='lat' dir='ltr'><strong>terrogationem</strong></span> <span class='ocrx_word' id='word_1_229' title='bbox 2586 1769 3295 1841; x_wconf 88' lang='lat' dir='ltr'><strong>Salvatorisignorationem</strong></span> <span class='ocrx_word' id='word_1_230' title='bbox 3320 1781 3462 1830; x_wconf 91' lang='lat' dir='ltr'><strong>esse,</strong></span> <span class='ocrx_word' id='word_1_231' title='bbox 3491 1781 3599 1818; x_wconf 92' lang='lat' dir='ltr'><strong>non</strong></span> <span class='ocrx_word' id='word_1_232' title='bbox 3627 1764 3741 1819; x_wconf 88' lang='lat' dir='ltr'><strong>dis-</strong></span> 
     </span>
    </p>
   </div>
   <div class='ocr_carea' id='block_1_33' title="bbox 471 1854 3743 1948">
    <p class='ocr_par' dir='ltr' id='par_1_33' title="bbox 471 1854 3743 1948">
     <span class='ocr_line' id='line_1_33' title="bbox 471 1854 3743 1948; baseline -0.009 -13"><span class='ocrx_word' id='word_1_233' title='bbox 471 1881 662 1935; x_wconf 89' lang='lat' dir='ltr'><strong>denter</strong></span> <span class='ocrx_word' id='word_1_234' title='bbox 687 1878 1010 1948; x_wconf 76' lang='lat' dir='ltr'><strong>interrogat,</strong></span> <span class='ocrx_word' id='word_1_235' title='bbox 1040 1884 1102 1930; x_wconf 88' lang='lat' dir='ltr'><strong>ut</strong></span> <span class='ocrx_word' id='word_1_236' title='bbox 1130 1874 1214 1931; x_wconf 87' lang='lat' dir='ltr'><strong>vel</strong></span> <span class='ocrx_word' id='word_1_237' title='bbox 1245 1871 1462 1931; x_wconf 86' lang='lat' dir='ltr'><strong>silentio</strong></span> <span class='ocrx_word' id='word_1_238' title='bbox 1509 1887 1606 1930; x_wconf 90' lang='lat' dir='ltr'><strong>suo</strong></span> <span class='ocrx_word' id='word_1_239' title='bbox 1653 1871 1740 1928; x_wconf 91' lang='lat' dir='ltr'><strong>vel</strong></span> <span class='ocrx_word' id='word_1_240' title='bbox 1784 1871 2052 1928; x_wconf 88' lang='lat' dir='ltr'><strong>sententia</strong></span> <span class='ocrx_word' id='word_1_241' title='bbox 2077 1857 2125 1919; x_wconf 89' lang='lat' dir='ltr'><strong>B</strong></span> <span class='ocrx_word' id='word_1_242' title='bbox 2151 1867 2544 1939; x_wconf 87' lang='lat' dir='ltr'><strong>pensationem,</strong></span> <span class='ocrx_word' id='word_1_243' title='bbox 2586 1879 2652 1920; x_wconf 82' lang='lat' dir='ltr'><strong>ex</strong></span> <span class='ocrx_word' id='word_1_244' title='bbox 2677 1865 2780 1918; x_wconf 90' lang='lat' dir='ltr'><strong>hoc</strong></span> <span class='ocrx_word' id='word_1_245' title='bbox 2811 1862 2928 1918; x_wconf 90' lang='lat' dir='ltr'><strong>loco</strong></span> <span class='ocrx_word' id='word_1_246' title='bbox 2965 1862 3197 1926; x_wconf 89' lang='lat' dir='ltr'><strong>discant,</strong></span> <span class='ocrx_word' id='word_1_247' title='bbox 3226 1858 3367 1929; x_wconf 91' lang='lat' dir='ltr'><strong>quod</strong></span> <span class='ocrx_word' id='word_1_248' title='bbox 3389 1855 3566 1929; x_wconf 87' lang='lat' dir='ltr'><strong>potuit</strong></span> <span class='ocrx_word' id='word_1_249' title='bbox 3595 1854 3743 1909; x_wconf 88' lang='lat' dir='ltr'><strong>scire</strong></span> 
     </span>
    </p>
   </div>
   <div class='ocr_carea' id='block_1_34' title="bbox 477 1971 921 2025">
    <p class='ocr_par' dir='ltr' id='par_1_34' title="bbox 477 1971 921 2025">
     <span class='ocr_line' id='line_1_34' title="bbox 477 1971 921 2025; baseline -0.007 0"><span class='ocrx_word' id='word_1_250' title='bbox 477 1971 921 2025; x_wconf 88' lang='lat' dir='ltr'><strong>condemnentur.</strong></span> 
     </span>
    </p>
   </div>
   <div class='ocr_carea' id='block_1_35' title="bbox 545 2051 2056 2128">
    <p class='ocr_par' dir='ltr' id='par_1_35' title="bbox 545 2051 2056 2128">
     <span class='ocr_line' id='line_1_35' title="bbox 545 2051 2056 2128; baseline -0.005 -13"><span class='ocrx_word' id='word_1_251' title='bbox 545 2061 709 2116; x_wconf 83' lang='lat' dir='ltr'><strong>Vens.</strong></span> <span class='ocrx_word' id='word_1_252' title='bbox 725 2060 814 2115; x_wconf 80' lang='grc'><strong>⁸51.</strong></span> <span class='ocrx_word' id='word_1_253' title='bbox 830 2087 901 2099; x_wconf 88' lang='grc'><strong><em>-</em></strong></span> <span class='ocrx_word' id='word_1_254' title='bbox 916 2055 974 2112; x_wconf 91' lang='lat' dir='ltr'><strong>Si</strong></span> <span class='ocrx_word' id='word_1_255' title='bbox 989 2057 1295 2112; x_wconf 74' lang='lat' dir='ltr'><strong>dixerimus.</strong></span> <span class='ocrx_word' id='word_1_256' title='bbox 1315 2055 1520 2128; x_wconf 77' lang='lat' dir='ltr'><strong>(Hren.)</strong></span> <span class='ocrx_word' id='word_1_257' title='bbox 1549 2054 1852 2110; x_wconf 89' lang='lat' dir='ltr'><strong>Delucerna</strong></span> <span class='ocrx_word' id='word_1_258' title='bbox 1869 2051 2056 2108; x_wconf 89' lang='lat' dir='ltr'><strong>mundi</strong></span> 
     </span>
    </p>
   </div>
   <div class='ocr_carea' id='block_1_36' title="bbox 477 2141 2057 2212">
    <p class='ocr_par' dir='ltr' id='par_1_36' title="bbox 477 2141 2057 2212">
     <span class='ocr_line' id='line_1_36' title="bbox 477 2141 2057 2212; baseline -0.004 -8"><span class='ocrx_word' id='word_1_259' title='bbox 477 2150 867 2212; x_wconf 90' lang='lat' dir='ltr'><strong>obscurantur,</strong></span> <span class='ocrx_word' id='word_1_260' title='bbox 912 2145 1054 2200; x_wconf 92' lang='lat' dir='ltr'><strong>unde</strong></span> <span class='ocrx_word' id='word_1_261' title='bbox 1083 2145 1216 2201; x_wconf 92' lang='lat' dir='ltr'><strong>dicit</strong></span> <span class='ocrx_word' id='word_1_262' title='bbox 1255 2163 1267 2200; x_wconf 92' lang='lat'><strong>:</strong></span> <span class='ocrx_word' id='word_1_263' title='bbox 1307 2144 1500 2198; x_wconf 86' lang='lat' dir='ltr'><strong>Paravi</strong></span> <span class='ocrx_word' id='word_1_264' title='bbox 1543 2143 1810 2198; x_wconf 83' lang='lat' dir='ltr'><strong>lucernam</strong></span> <span class='ocrx_word' id='word_1_265' title='bbox 1851 2141 2057 2198; x_wconf 80' lang='lat' dir='ltr'><strong>Christo</strong></span> 
     </span>
    </p>
   </div>
   <div class='ocr_carea' id='block_1_37' title="bbox 479 2232 2055 2306">
    <p class='ocr_par' dir='ltr' id='par_1_37' title="bbox 479 2232 2055 2306">
     <span class='ocr_line' id='line_1_37' title="bbox 479 2232 2055 2306; baseline -0.003 -12"><span class='ocrx_word' id='word_1_266' title='bbox 479 2255 593 2293; x_wconf 89' lang='lat' dir='ltr'><strong>meo</strong></span> <span class='ocrx_word' id='word_1_267' title='bbox 625 2253 643 2293; x_wconf 92' lang='lat'><strong><em>:</em></strong></span> <span class='ocrx_word' id='word_1_268' title='bbox 675 2238 910 2292; x_wconf 84' lang='lat' dir='ltr'><strong>inimicos</strong></span> <span class='ocrx_word' id='word_1_269' title='bbox 932 2236 1046 2305; x_wconf 86' lang='lat' dir='ltr'><strong>ejus</strong></span> <span class='ocrx_word' id='word_1_270' title='bbox 1080 2236 1295 2290; x_wconf 86' lang='lat' dir='ltr'><strong>induam</strong></span> <span class='ocrx_word' id='word_1_271' title='bbox 1317 2235 1620 2304; x_wconf 79' lang='lat' dir='ltr'><strong>confusione</strong></span> <span class='ocrx_word' id='word_1_272' title='bbox 1649 2232 1819 2306; x_wconf 87' lang='lat' dir='ltr'><strong>(Psal.</strong></span> <span class='ocrx_word' id='word_1_273' title='bbox 1849 2234 2055 2298; x_wconf 76' lang='lat' dir='ltr'><strong>cxxxr).</strong></span> 
     </span>
    </p>
   </div>
   <div class='ocr_carea' id='block_1_38' title="bbox 553 2325 2060 2400">
    <p class='ocr_par' dir='ltr' id='par_1_38' title="bbox 553 2325 2060 2400">
     <span class='ocr_line' id='line_1_38' title="bbox 553 2325 2060 2400; baseline -0.002 -16"><span class='ocrx_word' id='word_1_274' title='bbox 553 2330 729 2396; x_wconf 83' lang='lat' dir='ltr'><strong>Quare</strong></span> <span class='ocrx_word' id='word_1_275' title='bbox 753 2346 894 2400; x_wconf 82' lang='lat' dir='ltr'><strong>ergo,</strong></span> <span class='ocrx_word' id='word_1_276' title='bbox 939 2337 1045 2384; x_wconf 91' lang='lat' dir='ltr'><strong>etc.</strong></span> <span class='ocrx_word' id='word_1_277' title='bbox 1093 2327 1258 2394; x_wconf 86' lang='lat' dir='ltr'><strong>Quasi</strong></span> <span class='ocrx_word' id='word_1_278' title='bbox 1307 2328 1482 2382; x_wconf 87' lang='lat' dir='ltr'><strong>dicat:</strong></span> <span class='ocrx_word' id='word_1_279' title='bbox 1515 2327 1685 2394; x_wconf 89' lang='lat' dir='ltr'><strong>Quem</strong></span> <span class='ocrx_word' id='word_1_280' title='bbox 1730 2325 2060 2381; x_wconf 88' lang='lat' dir='ltr'><strong>conﬁtemini</strong></span> 
     </span>
    </p>
   </div>
   <div class='ocr_carea' id='block_1_39' title="bbox 487 2417 2062 2489">
    <p class='ocr_par' dir='ltr' id='par_1_39' title="bbox 487 2417 2062 2489">
     <span class='ocr_line' id='line_1_39' title="bbox 487 2417 2062 2489; baseline -0.004 -13"><span class='ocrx_word' id='word_1_281' title='bbox 487 2422 554 2476; x_wconf 89' lang='lat' dir='ltr'><strong>de</strong></span> <span class='ocrx_word' id='word_1_282' title='bbox 579 2421 716 2476; x_wconf 59' lang='lat' dir='ltr'><strong>coelo</strong></span> <span class='ocrx_word' id='word_1_283' title='bbox 739 2419 991 2475; x_wconf 87' lang='lat' dir='ltr'><strong>habuisse</strong></span> <span class='ocrx_word' id='word_1_284' title='bbox 1019 2418 1374 2489; x_wconf 85' lang='lat' dir='ltr'><strong>prophetiam,</strong></span> <span class='ocrx_word' id='word_1_285' title='bbox 1401 2417 1528 2471; x_wconf 89' lang='lat' dir='ltr'><strong>mihi</strong></span> <span class='ocrx_word' id='word_1_286' title='bbox 1554 2417 1916 2472; x_wconf 86' lang='lat' dir='ltr'><strong>testimonium</strong></span> <span class='ocrx_word' id='word_1_287' title='bbox 1940 2432 2062 2486; x_wconf 91' lang='lat' dir='ltr'><strong>per-</strong></span> 
     </span>
    </p>
   </div>
   <div class='ocr_carea' id='block_1_40' title="bbox 481 2506 2058 2578">
    <p class='ocr_par' dir='ltr' id='par_1_40' title="bbox 481 2506 2058 2578">
     <span class='ocr_line' id='line_1_40' title="bbox 481 2506 2058 2578; baseline -0.005 -9"><span class='ocrx_word' id='word_1_288' title='bbox 481 2514 663 2568; x_wconf 85' lang='lat' dir='ltr'><strong>hibuit</strong></span> <span class='ocrx_word' id='word_1_289' title='bbox 690 2521 747 2566; x_wconf 92' lang='lat' dir='ltr'><strong>et</strong></span> <span class='ocrx_word' id='word_1_290' title='bbox 773 2512 839 2566; x_wconf 91' lang='lat' dir='ltr'><strong>ab</strong></span> <span class='ocrx_word' id='word_1_291' title='bbox 868 2510 960 2565; x_wconf 92' lang='lat' dir='ltr'><strong>illo</strong></span> <span class='ocrx_word' id='word_1_292' title='bbox 988 2509 1216 2565; x_wconf 90' lang='lat' dir='ltr'><strong>audistis</strong></span> <span class='ocrx_word' id='word_1_293' title='bbox 1241 2509 1294 2562; x_wconf 89' lang='lat' dir='ltr'><strong>in</strong></span> <span class='ocrx_word' id='word_1_294' title='bbox 1317 2524 1422 2578; x_wconf 88' lang='lat' dir='ltr'><strong>qua</strong></span> <span class='ocrx_word' id='word_1_295' title='bbox 1449 2516 1717 2578; x_wconf 89' lang='lat' dir='ltr'><strong>potestate</strong></span> <span class='ocrx_word' id='word_1_296' title='bbox 1743 2508 1857 2562; x_wconf 66' lang='lat' dir='ltr'><strong>haec</strong></span> <span class='ocrx_word' id='word_1_297' title='bbox 1900 2506 2058 2564; x_wconf 85' lang='lat' dir='ltr'><strong>facio.</strong></span> 
     </span>
    </p>
   </div>
   <div class='ocr_carea' id='block_1_41' title="bbox 559 2601 2064 2668">
    <p class='ocr_par' dir='ltr' id='par_1_41' title="bbox 559 2601 2064 2668">
     <span class='ocr_line' id='line_1_41' title="bbox 559 2601 2064 2668; baseline -0.003 -9"><span class='ocrx_word' id='word_1_298' title='bbox 559 2605 719 2659; x_wconf 82' lang='lat' dir='ltr'><strong>Vens.</strong></span> <span class='ocrx_word' id='word_1_299' title='bbox 751 2603 838 2658; x_wconf 74' lang='grc'><strong>52.</strong></span> <span class='ocrx_word' id='word_1_300' title='bbox 876 2633 945 2643; x_wconf 91' lang='grc'><strong>--</strong></span> <span class='ocrx_word' id='word_1_301' title='bbox 973 2601 1032 2656; x_wconf 89' lang='lat' dir='ltr'><strong>Si</strong></span> <span class='ocrx_word' id='word_1_302' title='bbox 1063 2603 1366 2656; x_wconf 73' lang='lat' dir='ltr'><strong>dixerimus.</strong></span> <span class='ocrx_word' id='word_1_303' title='bbox 1424 2601 1710 2668; x_wconf 87' lang='lat' dir='ltr'><strong>Quodlibet</strong></span> <span class='ocrx_word' id='word_1_304' title='bbox 1759 2601 1948 2656; x_wconf 87' lang='lat' dir='ltr'><strong>borum</strong></span> <span class='ocrx_word' id='word_1_305' title='bbox 1982 2616 2064 2655; x_wconf 82' lang='lat' dir='ltr'><strong>re-</strong></span> 
     </span>
    </p>
   </div>
   <div class='ocr_carea' id='block_1_42' title="bbox 489 2691 2064 2766">
    <p class='ocr_par' dir='ltr' id='par_1_42' title="bbox 489 2691 2064 2766">
     <span class='ocr_line' id='line_1_42' title="bbox 489 2691 2064 2766; baseline -0.003 -16"><span class='ocrx_word' id='word_1_306' title='bbox 489 2696 796 2766; x_wconf 89' lang='lat' dir='ltr'><strong>spondeant</strong></span> <span class='ocrx_word' id='word_1_307' title='bbox 828 2712 840 2748; x_wconf 91' lang='lat'><strong>:</strong></span> <span class='ocrx_word' id='word_1_308' title='bbox 872 2693 1057 2748; x_wconf 91' lang='lat' dir='ltr'><strong>vident</strong></span> <span class='ocrx_word' id='word_1_309' title='bbox 1097 2708 1156 2748; x_wconf 88' lang='lat' dir='ltr'><strong>se</strong></span> <span class='ocrx_word' id='word_1_310' title='bbox 1196 2693 1251 2747; x_wconf 92' lang='lat' dir='ltr'><strong>in</strong></span> <span class='ocrx_word' id='word_1_311' title='bbox 1277 2692 1532 2761; x_wconf 89' lang='lat' dir='ltr'><strong>laqueum</strong></span> <span class='ocrx_word' id='word_1_312' title='bbox 1558 2691 1815 2755; x_wconf 89' lang='lat' dir='ltr'><strong>ruituros,</strong></span> <span class='ocrx_word' id='word_1_313' title='bbox 1871 2692 2064 2746; x_wconf 91' lang='lat' dir='ltr'><strong>timent</strong></span> 
     </span>
    </p>
   </div>
   <div class='ocr_carea' id='block_1_43' title="bbox 491 2784 1930 2858">
    <p class='ocr_par' dir='ltr' id='par_1_43' title="bbox 491 2784 1930 2858">
     <span class='ocr_line' id='line_1_43' title="bbox 491 2784 1930 2858; baseline -0.001 -16"><span class='ocrx_word' id='word_1_314' title='bbox 491 2787 870 2858; x_wconf 87' lang='lat' dir='ltr'><strong>lapidationem</strong></span> <span class='ocrx_word' id='word_1_315' title='bbox 900 2805 913 2840; x_wconf 90' lang='lat'><strong>:</strong></span> <span class='ocrx_word' id='word_1_316' title='bbox 939 2788 1032 2842; x_wconf 88' lang='lat' dir='ltr'><strong>sed</strong></span> <span class='ocrx_word' id='word_1_317' title='bbox 1054 2786 1226 2856; x_wconf 88' lang='lat' dir='ltr'><strong>magis</strong></span> <span class='ocrx_word' id='word_1_318' title='bbox 1251 2784 1643 2841; x_wconf 80' lang='lat' dir='ltr'><strong>confessionem</strong></span> <span class='ocrx_word' id='word_1_319' title='bbox 1668 2786 1930 2840; x_wconf 87' lang='lat' dir='ltr'><strong>veritatis.</strong></span> 
     </span>
    </p>
   </div>
   <div class='ocr_carea' id='block_1_44' title="bbox 563 2870 2066 2946">
    <p class='ocr_par' dir='ltr' id='par_1_44' title="bbox 563 2870 2066 2946">
     <span class='ocr_line' id='line_1_44' title="bbox 563 2870 2066 2946; baseline -0.001 -16"><span class='ocrx_word' id='word_1_320' title='bbox 563 2875 730 2931; x_wconf 85' lang='lat' dir='ltr'><strong>Vens.</strong></span> <span class='ocrx_word' id='word_1_321' title='bbox 760 2877 847 2931; x_wconf 80' lang='grc'><strong>55.</strong></span> <span class='ocrx_word' id='word_1_322' title='bbox 868 2906 940 2915; x_wconf 91' lang='grc'><strong>-</strong></span> <span class='ocrx_word' id='word_1_323' title='bbox 967 2875 1148 2946; x_wconf 81' lang='lat' dir='ltr'><strong>Neque</strong></span> <span class='ocrx_word' id='word_1_324' title='bbox 1173 2891 1264 2946; x_wconf 88' lang='lat' dir='ltr'><strong>ego</strong></span> <span class='ocrx_word' id='word_1_325' title='bbox 1305 2875 1421 2928; x_wconf 87' lang='lat' dir='ltr'><strong>dico</strong></span> <span class='ocrx_word' id='word_1_326' title='bbox 1444 2875 1603 2929; x_wconf 83' lang='lat' dir='ltr'><strong>vobis.</strong></span> <span class='ocrx_word' id='word_1_327' title='bbox 1639 2874 1815 2944; x_wconf 85' lang='lat' dir='ltr'><strong>(Beo.)</strong></span> <span class='ocrx_word' id='word_1_328' title='bbox 1847 2870 2066 2928; x_wconf 88' lang='lat' dir='ltr'><strong>Duabus</strong></span> 
     </span>
    </p>
   </div>
   <div class='ocr_carea' id='block_1_45' title="bbox 497 2963 2068 3035">
    <p class='ocr_par' dir='ltr' id='par_1_45' title="bbox 497 2963 2068 3035">
     <span class='ocr_line' id='line_1_45' title="bbox 497 2963 2068 3035; baseline -0.003 -11"><span class='ocrx_word' id='word_1_329' title='bbox 497 2968 562 3024; x_wconf 91' lang='lat' dir='ltr'><strong>de</strong></span> <span class='ocrx_word' id='word_1_330' title='bbox 595 2967 774 3022; x_wconf 89' lang='lat' dir='ltr'><strong>causis</strong></span> <span class='ocrx_word' id='word_1_331' title='bbox 810 2966 1033 3022; x_wconf 89' lang='lat' dir='ltr'><strong>scientia</strong></span> <span class='ocrx_word' id='word_1_332' title='bbox 1056 2966 1301 3020; x_wconf 85' lang='lat' dir='ltr'><strong>veritatis</strong></span> <span class='ocrx_word' id='word_1_333' title='bbox 1343 2965 1646 3020; x_wconf 84' lang='lat' dir='ltr'><strong>occultatur</strong></span> <span class='ocrx_word' id='word_1_334' title='bbox 1683 2963 2068 3035; x_wconf 64' lang='lat' dir='ltr'><strong>quaerentibus,</strong></span> 
     </span>
    </p>
   </div>
   <div class='ocr_carea' id='block_1_46' title="bbox 498 3054 2070 3126">
    <p class='ocr_par' dir='ltr' id='par_1_46' title="bbox 498 3054 2070 3126">
     <span class='ocr_line' id='line_1_46' title="bbox 498 3054 2070 3126; baseline -0.004 -12"><span class='ocrx_word' id='word_1_335' title='bbox 498 3074 616 3114; x_wconf 90' lang='lat' dir='ltr'><strong>cum</strong></span> <span class='ocrx_word' id='word_1_336' title='bbox 639 3065 731 3111; x_wconf 90' lang='lat' dir='ltr'><strong>aut</strong></span> <span class='ocrx_word' id='word_1_337' title='bbox 753 3058 842 3112; x_wconf 91' lang='lat' dir='ltr'><strong>hic</strong></span> <span class='ocrx_word' id='word_1_338' title='bbox 864 3058 950 3112; x_wconf 91' lang='lat' dir='ltr'><strong>cui</strong></span> <span class='ocrx_word' id='word_1_339' title='bbox 976 3057 1170 3126; x_wconf 64' lang='lat' dir='ltr'><strong>quaerit</strong></span> <span class='ocrx_word' id='word_1_340' title='bbox 1193 3056 1373 3111; x_wconf 91' lang='lat' dir='ltr'><strong>minus</strong></span> <span class='ocrx_word' id='word_1_341' title='bbox 1401 3055 1668 3126; x_wconf 81' lang='lat' dir='ltr'><strong>intelligit,</strong></span> <span class='ocrx_word' id='word_1_342' title='bbox 1709 3063 1801 3109; x_wconf 86' lang='lat' dir='ltr'><strong>aut</strong></span> <span class='ocrx_word' id='word_1_343' title='bbox 1823 3054 1946 3109; x_wconf 92' lang='lat' dir='ltr'><strong>odio</strong></span> <span class='ocrx_word' id='word_1_344' title='bbox 1977 3061 2070 3108; x_wconf 88' lang='lat' dir='ltr'><strong>aut</strong></span> 
     </span>
    </p>
   </div>
   <div class='ocr_carea' id='block_1_47' title="bbox 501 3146 2065 3219">
    <p class='ocr_par' dir='ltr' id='par_1_47' title="bbox 501 3146 2065 3219">
     <span class='ocr_line' id='line_1_47' title="bbox 501 3146 2065 3219; baseline -0.004 -14"><span class='ocrx_word' id='word_1_345' title='bbox 501 3157 808 3219; x_wconf 89' lang='lat' dir='ltr'><strong>contemptu</strong></span> <span class='ocrx_word' id='word_1_346' title='bbox 836 3148 1078 3204; x_wconf 85' lang='lat' dir='ltr'><strong>veritatis</strong></span> <span class='ocrx_word' id='word_1_347' title='bbox 1102 3147 1353 3219; x_wconf 90' lang='lat' dir='ltr'><strong>indignus</strong></span> <span class='ocrx_word' id='word_1_348' title='bbox 1372 3156 1455 3202; x_wconf 90' lang='lat' dir='ltr'><strong>est</strong></span> <span class='ocrx_word' id='word_1_349' title='bbox 1484 3148 1575 3217; x_wconf 90' lang='lat' dir='ltr'><strong>qui</strong></span> <span class='ocrx_word' id='word_1_350' title='bbox 1607 3147 1798 3201; x_wconf 86' lang='lat' dir='ltr'><strong>debeat</strong></span> <span class='ocrx_word' id='word_1_351' title='bbox 1851 3146 2065 3217; x_wconf 88' lang='lat' dir='ltr'><strong>aperiri.</strong></span> 
     </span>
    </p>
   </div>
   <div class='ocr_carea' id='block_1_48' title="bbox 2154 1949 3743 2031">
    <p class='ocr_par' dir='ltr' id='par_1_48' title="bbox 2154 1949 3743 2031">
     <span class='ocr_line' id='line_1_48' title="bbox 2154 1949 3743 2031; baseline -0.01 -16"><span class='ocrx_word' id='word_1_352' title='bbox 2154 1960 2308 2031; x_wconf 85' lang='lat' dir='ltr'><strong>cujus</strong></span> <span class='ocrx_word' id='word_1_353' title='bbox 2333 1957 2508 2027; x_wconf 81' lang='lat' dir='ltr'><strong>imago</strong></span> <span class='ocrx_word' id='word_1_354' title='bbox 2534 1963 2694 2012; x_wconf 87' lang='lat' dir='ltr'><strong>esset.</strong></span> <span class='ocrx_word' id='word_1_355' title='bbox 2743 1953 2851 2011; x_wconf 87' lang='lat' dir='ltr'><strong>Sed</strong></span> <span class='ocrx_word' id='word_1_356' title='bbox 2875 1955 3198 2023; x_wconf 84' lang='lat' dir='ltr'><strong>interrogat,</strong></span> <span class='ocrx_word' id='word_1_357' title='bbox 3234 1959 3295 2005; x_wconf 93' lang='lat' dir='ltr'><strong>ut</strong></span> <span class='ocrx_word' id='word_1_358' title='bbox 3317 1949 3386 2004; x_wconf 89' lang='lat' dir='ltr'><strong>ad</strong></span> <span class='ocrx_word' id='word_1_359' title='bbox 3431 1961 3743 2003; x_wconf 85' lang='lat' dir='ltr'><strong>sermonem</strong></span> 
     </span>
    </p>
   </div>
   <div class='ocr_carea' id='block_1_49' title="bbox 2155 2037 3746 2116">
    <p class='ocr_par' dir='ltr' id='par_1_49' title="bbox 2155 2037 3746 2116">
     <span class='ocr_line' id='line_1_49' title="bbox 2155 2037 3746 2116; baseline -0.009 -10"><span class='ocrx_word' id='word_1_360' title='bbox 2155 2065 2344 2106; x_wconf 91' lang='lat' dir='ltr'><strong>eorum</strong></span> <span class='ocrx_word' id='word_1_361' title='bbox 2364 2054 2731 2116; x_wconf 88' lang='lat' dir='ltr'><strong>competenter</strong></span> <span class='ocrx_word' id='word_1_362' title='bbox 2754 2043 3099 2116; x_wconf 87' lang='lat' dir='ltr'><strong>respondeat.</strong></span> <span class='ocrx_word' id='word_1_363' title='bbox 3134 2039 3447 2094; x_wconf 87' lang='lat' dir='ltr'><strong>Denarium.</strong></span> <span class='ocrx_word' id='word_1_364' title='bbox 3472 2037 3746 2091; x_wconf 86' lang='lat' dir='ltr'><strong>Denarius</strong></span> 
     </span>
    </p>
   </div>
   <div class='ocr_carea' id='block_1_50' title="bbox 2157 2133 3743 2213">
    <p class='ocr_par' dir='ltr' id='par_1_50' title="bbox 2157 2133 3743 2213">
     <span class='ocr_line' id='line_1_50' title="bbox 2157 2133 3743 2213; baseline -0.009 -16"><span class='ocrx_word' id='word_1_365' title='bbox 2157 2156 2328 2213; x_wconf 89' lang='lat' dir='ltr'><strong>genus</strong></span> <span class='ocrx_word' id='word_1_366' title='bbox 2341 2139 2546 2194; x_wconf 91' lang='lat' dir='ltr'><strong>nummi</strong></span> <span class='ocrx_word' id='word_1_367' title='bbox 2568 2138 2660 2208; x_wconf 92' lang='lat' dir='ltr'><strong>qui</strong></span> <span class='ocrx_word' id='word_1_368' title='bbox 2684 2153 2782 2208; x_wconf 92' lang='lat' dir='ltr'><strong>pro</strong></span> <span class='ocrx_word' id='word_1_369' title='bbox 2807 2137 2993 2192; x_wconf 85' lang='lat' dir='ltr'><strong>decem</strong></span> <span class='ocrx_word' id='word_1_370' title='bbox 3023 2133 3260 2190; x_wconf 89' lang='lat' dir='ltr'><strong>nummis</strong></span> <span class='ocrx_word' id='word_1_371' title='bbox 3285 2137 3654 2202; x_wconf 88' lang='lat' dir='ltr'><strong>computatur,</strong></span> <span class='ocrx_word' id='word_1_372' title='bbox 3684 2136 3743 2183; x_wconf 91' lang='lat' dir='ltr'><strong>et</strong></span> 
     </span>
    </p>
   </div>
   <div class='ocr_carea' id='block_1_51' title="bbox 2159 2227 2906 2302">
    <p class='ocr_par' dir='ltr' id='par_1_51' title="bbox 2159 2227 2906 2302">
     <span class='ocr_line' id='line_1_51' title="bbox 2159 2227 2906 2302; baseline -0.009 -14"><span class='ocrx_word' id='word_1_373' title='bbox 2159 2233 2322 2289; x_wconf 88' lang='lat' dir='ltr'><strong>habet</strong></span> <span class='ocrx_word' id='word_1_374' title='bbox 2344 2230 2630 2302; x_wconf 86' lang='lat' dir='ltr'><strong>imaginem</strong></span> <span class='ocrx_word' id='word_1_375' title='bbox 2655 2227 2906 2285; x_wconf 69' lang='lat' dir='ltr'><strong>Caesaris.</strong></span> 
     </span>
    </p>
   </div>
   <div class='ocr_carea' id='block_1_52' title="bbox 2230 2311 3744 2389">
    <p class='ocr_par' dir='ltr' id='par_1_52' title="bbox 2230 2311 3744 2389">
     <span class='ocr_line' id='line_1_52' title="bbox 2230 2311 3744 2389; baseline -0.009 -10"><span class='ocrx_word' id='word_1_376' title='bbox 2230 2323 2394 2378; x_wconf 82' lang='lat' dir='ltr'><strong>Vens.</strong></span> <span class='ocrx_word' id='word_1_377' title='bbox 2445 2323 2531 2377; x_wconf 82' lang='lat' dir='ltr'><strong>l7.</strong></span> <span class='ocrx_word' id='word_1_378' title='bbox 2569 2352 2638 2362; x_wconf 95' lang='lat'>—</span> <span class='ocrx_word' id='word_1_379' title='bbox 2687 2319 2908 2374; x_wconf 85' lang='lat' dir='ltr'><strong>Reddite</strong></span> <span class='ocrx_word' id='word_1_380' title='bbox 2967 2334 3088 2389; x_wconf 90' lang='lat' dir='ltr'><strong>ergo</strong></span> <span class='ocrx_word' id='word_1_381' title='bbox 3145 2331 3263 2388; x_wconf 72' lang='lat' dir='ltr'><strong>qua:</strong></span> <span class='ocrx_word' id='word_1_382' title='bbox 3316 2322 3439 2369; x_wconf 89' lang='lat' dir='ltr'><strong>sunt</strong></span> <span class='ocrx_word' id='word_1_383' title='bbox 3490 2311 3744 2368; x_wconf 65' lang='lat' dir='ltr'><strong>Ca’san&#39;s.</strong></span> 
     </span>
    </p>
   </div>
   <div class='ocr_carea' id='block_1_53' title="bbox 2163 2403 3826 2486">
    <p class='ocr_par' dir='ltr' id='par_1_53' title="bbox 2163 2403 3826 2486">
     <span class='ocr_line' id='line_1_53' title="bbox 2163 2403 3826 2486; baseline -0.01 -15"><span class='ocrx_word' id='word_1_384' title='bbox 2163 2416 2276 2471; x_wconf 81' lang='lat' dir='ltr'><strong>Hoc</strong></span> <span class='ocrx_word' id='word_1_385' title='bbox 2309 2417 2424 2486; x_wconf 90' lang='lat' dir='ltr'><strong>ipse</strong></span> <span class='ocrx_word' id='word_1_386' title='bbox 2449 2414 2580 2468; x_wconf 88' lang='lat' dir='ltr'><strong>fecit</strong></span> <span class='ocrx_word' id='word_1_387' title='bbox 2606 2427 2621 2467; x_wconf 88' lang='lat'><strong>:</strong></span> <span class='ocrx_word' id='word_1_388' title='bbox 2652 2427 2751 2482; x_wconf 89' lang='lat' dir='ltr'><strong>pro</strong></span> <span class='ocrx_word' id='word_1_389' title='bbox 2777 2425 2836 2466; x_wconf 91' lang='lat' dir='ltr'><strong>se</strong></span> <span class='ocrx_word' id='word_1_390' title='bbox 2857 2418 2912 2465; x_wconf 88' lang='lat' dir='ltr'><strong>et</strong></span> <span class='ocrx_word' id='word_1_391' title='bbox 2931 2424 3028 2480; x_wconf 92' lang='lat' dir='ltr'><strong>pro</strong></span> <span class='ocrx_word' id='word_1_392' title='bbox 3052 2408 3214 2462; x_wconf 89' lang='lat' dir='ltr'><strong>Petro</strong></span> <span class='ocrx_word' id='word_1_393' title='bbox 3237 2404 3494 2461; x_wconf 86' lang='lat' dir='ltr'><strong>solvendo</strong></span> <span class='ocrx_word' id='word_1_394' title='bbox 3517 2403 3745 2458; x_wconf 85' lang='lat' dir='ltr'><strong>tributa.</strong></span> <span class='ocrx_word' id='word_1_395' title='bbox 3821 2409 3826 2414; x_wconf 78' lang='lat'><em>&#39;</em></span> 
     </span>
    </p>
   </div>
   <div class='ocr_carea' id='block_1_54' title="bbox 2165 2491 3749 2571">
    <p class='ocr_par' dir='ltr' id='par_1_54' title="bbox 2165 2491 3749 2571">
     <span class='ocr_line' id='line_1_54' title="bbox 2165 2491 3749 2571; baseline -0.009 -12"><span class='ocrx_word' id='word_1_396' title='bbox 2165 2505 2294 2571; x_wconf 73' lang='lat' dir='ltr'><strong>Qum</strong></span> <span class='ocrx_word' id='word_1_397' title='bbox 2315 2512 2438 2558; x_wconf 88' lang='lat' dir='ltr'><strong>sunt</strong></span> <span class='ocrx_word' id='word_1_398' title='bbox 2460 2502 2556 2556; x_wconf 89' lang='lat' dir='ltr'><strong>Dei</strong></span> <span class='ocrx_word' id='word_1_399' title='bbox 2602 2501 2730 2555; x_wconf 91' lang='lat' dir='ltr'><strong>Deo.</strong></span> <span class='ocrx_word' id='word_1_400' title='bbox 2770 2499 2884 2554; x_wconf 87' lang='lat' dir='ltr'><strong>Hoc</strong></span> <span class='ocrx_word' id='word_1_401' title='bbox 2907 2511 3120 2567; x_wconf 86' lang='lat' dir='ltr'><strong>quoque</strong></span> <span class='ocrx_word' id='word_1_402' title='bbox 3148 2493 3273 2549; x_wconf 87' lang='lat' dir='ltr'><strong>fecit</strong></span> <span class='ocrx_word' id='word_1_403' title='bbox 3300 2493 3475 2548; x_wconf 86' lang='lat' dir='ltr'><strong>Patris</strong></span> <span class='ocrx_word' id='word_1_404' title='bbox 3515 2491 3749 2562; x_wconf 85' lang='lat' dir='ltr'><strong>implens</strong></span> 
     </span>
    </p>
   </div>
   <div class='ocr_carea' id='block_1_55' title="bbox 2163 2580 3748 2656">
    <p class='ocr_par' dir='ltr' id='par_1_55' title="bbox 2163 2580 3748 2656">
     <span class='ocr_line' id='line_1_55' title="bbox 2163 2580 3748 2656; baseline -0.01 -6"><span class='ocrx_word' id='word_1_405' title='bbox 2163 2595 2517 2650; x_wconf 75' lang='lat' dir='ltr'><strong>voluntatem.</strong></span> <span class='ocrx_word' id='word_1_406' title='bbox 2551 2590 2723 2645; x_wconf 85' lang='lat' dir='ltr'><strong>Aliter</strong></span> <span class='ocrx_word' id='word_1_407' title='bbox 2755 2603 2770 2642; x_wconf 87' lang='lat'><strong>:</strong></span> <span class='ocrx_word' id='word_1_408' title='bbox 2798 2587 3018 2643; x_wconf 86' lang='lat' dir='ltr'><strong>Reddite</strong></span> <span class='ocrx_word' id='word_1_409' title='bbox 3059 2601 3175 2656; x_wconf 66' lang='lat' dir='ltr'><strong>quae</strong></span> <span class='ocrx_word' id='word_1_410' title='bbox 3214 2592 3336 2638; x_wconf 84' lang='lat' dir='ltr'><strong>sunt</strong></span> <span class='ocrx_word' id='word_1_411' title='bbox 3373 2581 3600 2636; x_wconf 75' lang='lat' dir='ltr'><strong>Ctesaris</strong></span> <span class='ocrx_word' id='word_1_412' title='bbox 3631 2580 3748 2635; x_wconf 70' lang='lat' dir='ltr'><strong>Ca:-</strong></span> 
     </span>
    </p>
   </div>
   <div class='ocr_carea' id='block_1_56' title="bbox 2164 2671 3746 2754">
    <p class='ocr_par' dir='ltr' id='par_1_56' title="bbox 2164 2671 3746 2754">
     <span class='ocr_line' id='line_1_56' title="bbox 2164 2671 3746 2754; baseline -0.011 -13"><span class='ocrx_word' id='word_1_413' title='bbox 2164 2687 2293 2742; x_wconf 86' lang='lat' dir='ltr'><strong>sari.</strong></span> <span class='ocrx_word' id='word_1_414' title='bbox 2326 2681 2738 2754; x_wconf 88' lang='lat' dir='ltr'><strong>impressionem</strong></span> <span class='ocrx_word' id='word_1_415' title='bbox 2765 2693 2876 2734; x_wconf 84' lang='lat' dir='ltr'><strong>suae</strong></span> <span class='ocrx_word' id='word_1_416' title='bbox 2897 2676 3164 2746; x_wconf 82' lang='lat' dir='ltr'><strong>imaginis.</strong></span> <span class='ocrx_word' id='word_1_417' title='bbox 3197 2673 3327 2739; x_wconf 67' lang='lat' dir='ltr'><strong>Quae</strong></span> <span class='ocrx_word' id='word_1_418' title='bbox 3351 2682 3469 2726; x_wconf 88' lang='lat' dir='ltr'><strong>sunt</strong></span> <span class='ocrx_word' id='word_1_419' title='bbox 3495 2671 3591 2725; x_wconf 85' lang='lat' dir='ltr'><strong>Dei</strong></span> <span class='ocrx_word' id='word_1_420' title='bbox 3617 2671 3746 2724; x_wconf 86' lang='lat' dir='ltr'><strong>Deo.</strong></span> 
     </span>
    </p>
   </div>
   <div class='ocr_carea' id='block_1_57' title="bbox 2164 2763 3753 2840">
    <p class='ocr_par' dir='ltr' id='par_1_57' title="bbox 2164 2763 3753 2840">
     <span class='ocr_line' id='line_1_57' title="bbox 2164 2763 3753 2840; baseline -0.011 -7"><span class='ocrx_word' id='word_1_421' title='bbox 2164 2777 2414 2834; x_wconf 84' lang='lat' dir='ltr'><strong>Animam</strong></span> <span class='ocrx_word' id='word_1_422' title='bbox 2442 2773 2644 2828; x_wconf 89' lang='lat' dir='ltr'><strong>lumine</strong></span> <span class='ocrx_word' id='word_1_423' title='bbox 2683 2770 2863 2827; x_wconf 85' lang='lat' dir='ltr'><strong>vultus</strong></span> <span class='ocrx_word' id='word_1_424' title='bbox 2891 2771 3008 2840; x_wconf 87' lang='lat' dir='ltr'><strong>ejus</strong></span> <span class='ocrx_word' id='word_1_425' title='bbox 3049 2767 3392 2830; x_wconf 89' lang='lat' dir='ltr'><strong>illustratam,</strong></span> <span class='ocrx_word' id='word_1_426' title='bbox 3427 2763 3583 2818; x_wconf 87' lang='lat' dir='ltr'><strong>Unde</strong></span> <span class='ocrx_word' id='word_1_427' title='bbox 3617 2783 3628 2817; x_wconf 88' lang='lat'><strong>:</strong></span> <span class='ocrx_word' id='word_1_428' title='bbox 3664 2763 3753 2818; x_wconf 88' lang='lat' dir='ltr'><strong>Si-</strong></span> 
     </span>
    </p>
   </div>
   <div class='ocr_carea' id='block_1_58' title="bbox 2167 2853 3750 2941">
    <p class='ocr_par' dir='ltr' id='par_1_58' title="bbox 2167 2853 3750 2941">
     <span class='ocr_line' id='line_1_58' title="bbox 2167 2853 3750 2941; baseline -0.012 -17"><span class='ocrx_word' id='word_1_429' title='bbox 2167 2876 2383 2941; x_wconf 85' lang='lat' dir='ltr'><strong>gnatum</strong></span> <span class='ocrx_word' id='word_1_430' title='bbox 2403 2873 2475 2920; x_wconf 90' lang='lat' dir='ltr'><strong>est</strong></span> <span class='ocrx_word' id='word_1_431' title='bbox 2501 2878 2658 2934; x_wconf 87' lang='lat' dir='ltr'><strong>super</strong></span> <span class='ocrx_word' id='word_1_432' title='bbox 2679 2879 2770 2916; x_wconf 82' lang='lat' dir='ltr'><strong>nos</strong></span> <span class='ocrx_word' id='word_1_433' title='bbox 2801 2860 2976 2914; x_wconf 88' lang='lat' dir='ltr'><strong>lumen</strong></span> <span class='ocrx_word' id='word_1_434' title='bbox 2998 2856 3168 2914; x_wconf 83' lang='lat' dir='ltr'><strong>vultus</strong></span> <span class='ocrx_word' id='word_1_435' title='bbox 3193 2857 3270 2910; x_wconf 90' lang='lat' dir='ltr'><strong>tui</strong></span> <span class='ocrx_word' id='word_1_436' title='bbox 3301 2853 3479 2927; x_wconf 87' lang='lat' dir='ltr'><strong>(Psal.</strong></span> <span class='ocrx_word' id='word_1_437' title='bbox 3513 2853 3614 2924; x_wconf 84' lang='lat' dir='ltr'><strong>Iv),</strong></span> <span class='ocrx_word' id='word_1_438' title='bbox 3643 2863 3750 2907; x_wconf 88' lang='lat' dir='ltr'><strong>etc.</strong></span> 
     </span>
    </p>
   </div>
   <div class='ocr_carea' id='block_1_59' title="bbox 2245 2971 3755 3039">
    <p class='ocr_par' dir='ltr' id='par_1_59' title="bbox 2245 2971 3755 3039">
     <span class='ocr_line' id='line_1_59' title="bbox 2245 2971 3755 3039; baseline -0.009 -3"><span class='ocrx_word' id='word_1_439' title='bbox 2245 2981 2402 3036; x_wconf 87' lang='lat' dir='ltr'><strong>Vens.</strong></span> <span class='ocrx_word' id='word_1_440' title='bbox 2451 2980 2538 3036; x_wconf 79' lang='lat' dir='ltr'><strong>l8.</strong></span> <span class='ocrx_word' id='word_1_441' title='bbox 2585 3008 2657 3018; x_wconf 94' lang='lat'><strong><em>—</em></strong></span> <span class='ocrx_word' id='word_1_442' title='bbox 2685 2975 2992 3039; x_wconf 80' lang='lat' dir='ltr'><strong>Sadducwi,</strong></span> <span class='ocrx_word' id='word_1_443' title='bbox 3024 2982 3130 3029; x_wconf 89' lang='lat' dir='ltr'><strong>etc.</strong></span> <span class='ocrx_word' id='word_1_444' title='bbox 3186 2972 3314 3027; x_wconf 72' lang='lat' dir='ltr'><strong>Duae</strong></span> <span class='ocrx_word' id='word_1_445' title='bbox 3336 2971 3571 3027; x_wconf 74' lang='lat' dir='ltr'><strong>haereses</strong></span> <span class='ocrx_word' id='word_1_446' title='bbox 3599 2976 3755 3025; x_wconf 86' lang='lat' dir='ltr'><strong>erant</strong></span> 
     </span>
    </p>
   </div>
   <div class='ocr_carea' id='block_1_60' title="bbox 2171 3060 3754 3135">
    <p class='ocr_par' dir='ltr' id='par_1_60' title="bbox 2171 3060 3754 3135">
     <span class='ocr_line' id='line_1_60' title="bbox 2171 3060 3754 3135; baseline -0.006 -9"><span class='ocrx_word' id='word_1_447' title='bbox 2171 3071 2224 3126; x_wconf 91' lang='lat' dir='ltr'><strong>in</strong></span> <span class='ocrx_word' id='word_1_448' title='bbox 2261 3069 2481 3135; x_wconf 57' lang='lat' dir='ltr'><strong>ludatis,</strong></span> <span class='ocrx_word' id='word_1_449' title='bbox 2513 3066 2910 3122; x_wconf 77' lang='lat' dir='ltr'><strong>Pharisaeorum</strong></span> <span class='ocrx_word' id='word_1_450' title='bbox 2935 3073 2988 3119; x_wconf 89' lang='lat' dir='ltr'><strong>et</strong></span> <span class='ocrx_word' id='word_1_451' title='bbox 3019 3062 3458 3119; x_wconf 71' lang='lat' dir='ltr'><strong>Sadduczeorum.</strong></span> <span class='ocrx_word' id='word_1_452' title='bbox 3489 3060 3754 3116; x_wconf 70' lang='lat' dir='ltr'><strong>Pbarismi</strong></span> 
     </span>
    </p>
   </div>
   <div class='ocr_carea' id='block_1_61' title="bbox 2175 3153 3755 3229">
    <p class='ocr_par' dir='ltr' id='par_1_61' title="bbox 2175 3153 3755 3229">
     <span class='ocr_line' id='line_1_61' title="bbox 2175 3153 3755 3229; baseline -0.006 -11"><span class='ocrx_word' id='word_1_453' title='bbox 2175 3163 2525 3219; x_wconf 89' lang='lat' dir='ltr'><strong>traditionum</strong></span> <span class='ocrx_word' id='word_1_454' title='bbox 2555 3168 2609 3214; x_wconf 91' lang='lat' dir='ltr'><strong>et</strong></span> <span class='ocrx_word' id='word_1_455' title='bbox 2637 3157 3075 3214; x_wconf 83' lang='lat' dir='ltr'><strong>Observationum</strong></span> <span class='ocrx_word' id='word_1_456' title='bbox 3115 3154 3271 3227; x_wconf 88' lang='lat' dir='ltr'><strong>(quas</strong></span> <span class='ocrx_word' id='word_1_457' title='bbox 3310 3153 3382 3208; x_wconf 89' lang='lat' dir='ltr'><strong>illi</strong></span> <span class='ocrx_word' id='word_1_458' title='bbox 3418 3153 3755 3229; x_wconf 76' lang='grc' dir='ltr'><strong>δευτιρὼσεις</strong></span> 
     </span>
    </p>
   </div>
   <div class='ocr_carea' id='block_1_62' title="bbox 499 3213 3753 3325">
    <p class='ocr_par' dir='ltr' id='par_1_62' title="bbox 499 3213 3753 3325">
     <span class='ocr_line' id='line_1_62' title="bbox 499 3213 3753 3325; baseline -0.004 -12"><span class='ocrx_word' id='word_1_459' title='bbox 499 3240 726 3312; x_wconf 59' lang='lat' dir='ltr'><strong>Proin&quot;</strong></span> <span class='ocrx_word' id='word_1_460' title='bbox 752 3242 980 3297; x_wconf 54' lang='lat' dir='ltr'><strong>alterum</strong></span> <span class='ocrx_word' id='word_1_461' title='bbox 1017 3242 1211 3296; x_wconf 64' lang='lat' dir='ltr'><strong>diem&quot;</strong></span> <span class='ocrx_word' id='word_1_462' title='bbox 1239 3257 1253 3295; x_wconf 73' lang='grc' dir='ltr'>ε</span> <span class='ocrx_word' id='word_1_463' title='bbox 1281 3241 1468 3295; x_wconf 67' lang='lat' dir='ltr'><strong>Adhuc</strong></span> <span class='ocrx_word' id='word_1_464' title='bbox 1511 3240 1676 3295; x_wconf 75' lang='grc' dir='ltr'><strong>ηιαίια</strong></span> <span class='ocrx_word' id='word_1_465' title='bbox 1718 3239 1880 3294; x_wconf 69' lang='lat' dir='ltr'><strong>habeo</strong></span> <span class='ocrx_word' id='word_1_466' title='bbox 1927 3239 2069 3292; x_wconf 58' lang='lat'><strong>&quot;055‘</strong></span> <span class='ocrx_word' id='word_1_467' title='bbox 2098 3213 2143 3278; x_wconf 64' lang='grc' dir='ltr'>ο</span> <span class='ocrx_word' id='word_1_468' title='bbox 2172 3254 2388 3325; x_wconf 90' lang='lat' dir='ltr'><strong>vocant)</strong></span> <span class='ocrx_word' id='word_1_469' title='bbox 2409 3251 2674 3321; x_wconf 87' lang='lat' dir='ltr'><strong>justitiam</strong></span> <span class='ocrx_word' id='word_1_470' title='bbox 2696 3248 3055 3320; x_wconf 67' lang='lat' dir='ltr'><strong>praeferebant</strong></span> <span class='ocrx_word' id='word_1_471' title='bbox 3085 3213 3278 3303; x_wconf 44' lang='lat' dir='ltr'><strong>:‘tinde</strong></span> <span class='ocrx_word' id='word_1_472' title='bbox 3302 3256 3356 3302; x_wconf 91' lang='lat' dir='ltr'><strong>et</strong></span> <span class='ocrx_word' id='word_1_473' title='bbox 3382 3247 3536 3302; x_wconf 84' lang='lat' dir='ltr'><strong>divisi</strong></span> <span class='ocrx_word' id='word_1_474' title='bbox 3557 3213 3753 3301; x_wconf 65' lang='lat' dir='ltr'><strong>{-0ng</strong></span> 
     </span>
    </p>
   </div>
   <div class='ocr_carea' id='block_1_63' title="bbox 503 3329 2070 3404">
    <p class='ocr_par' dir='ltr' id='par_1_63' title="bbox 503 3329 2070 3404">
     <span class='ocr_line' id='line_1_63' title="bbox 503 3329 2070 3404; baseline -0.001 -18"><span class='ocrx_word' id='word_1_475' title='bbox 503 3332 697 3399; x_wconf 86' lang='lat' dir='ltr'><strong>dicere,</strong></span> <span class='ocrx_word' id='word_1_476' title='bbox 736 3349 850 3404; x_wconf 78' lang='lat' dir='ltr'><strong>qua:</strong></span> <span class='ocrx_word' id='word_1_477' title='bbox 863 3349 967 3387; x_wconf 93' lang='lat' dir='ltr'><strong>non</strong></span> <span class='ocrx_word' id='word_1_478' title='bbox 999 3333 1208 3404; x_wconf 84' lang='lat' dir='ltr'><strong>potestis</strong></span> <span class='ocrx_word' id='word_1_479' title='bbox 1237 3343 1449 3404; x_wconf 88' lang='lat' dir='ltr'><strong>portare</strong></span> <span class='ocrx_word' id='word_1_480' title='bbox 1475 3332 1649 3388; x_wconf 87' lang='lat' dir='ltr'><strong>modo.</strong></span> <span class='ocrx_word' id='word_1_481' title='bbox 1683 3330 1911 3402; x_wconf 85' lang='lat' dir='ltr'><strong>Propter</strong></span> <span class='ocrx_word' id='word_1_482' title='bbox 1936 3329 2070 3385; x_wconf 87' lang='lat' dir='ltr'><strong>alte-</strong></span> 
     </span>
    </p>
   </div>
   <div class='ocr_carea' id='block_1_64' title="bbox 499 3423 1502 3491">
    <p class='ocr_par' dir='ltr' id='par_1_64' title="bbox 499 3423 1502 3491">
     <span class='ocr_line' id='line_1_64' title="bbox 499 3423 1502 3491; baseline -0.001 -13"><span class='ocrx_word' id='word_1_483' title='bbox 499 3438 642 3491; x_wconf 69' lang='lat' dir='ltr'><strong>rum,</strong></span> <span class='ocrx_word' id='word_1_484' title='bbox 662 3423 838 3479; x_wconf 84' lang='lat' dir='ltr'><strong>Nolite</strong></span> <span class='ocrx_word' id='word_1_485' title='bbox 862 3435 1097 3480; x_wconf 86' lang='lat' dir='ltr'><strong>sanctum</strong></span> <span class='ocrx_word' id='word_1_486' title='bbox 1124 3426 1249 3479; x_wconf 89' lang='lat' dir='ltr'><strong>dare</strong></span> <span class='ocrx_word' id='word_1_487' title='bbox 1269 3424 1502 3479; x_wconf 83' lang='lat' dir='ltr'><strong>canibus.</strong></span> 
     </span>
    </p>
   </div>
   <div class='ocr_carea' id='block_1_65' title="bbox 1105 3531 1490 3587">
    <p class='ocr_par' dir='ltr' id='par_1_65' title="bbox 1105 3531 1490 3587">
     <span class='ocr_line' id='line_1_65' title="bbox 1105 3531 1490 3587; baseline -0.003 -1"><span class='ocrx_word' id='word_1_488' title='bbox 1105 3531 1330 3587; x_wconf 86' lang='lat' dir='ltr'>CAPUT</span> <span class='ocrx_word' id='word_1_489' title='bbox 1377 3531 1490 3586; x_wconf 81' lang='grc' dir='ltr'><strong>ΧΠ.</strong></span> 
     </span>
    </p>
   </div>
   <div class='ocr_carea' id='block_1_66' title="bbox 577 3607 2077 3676">
    <p class='ocr_par' dir='ltr' id='par_1_66' title="bbox 577 3607 2077 3676">
     <span class='ocr_line' id='line_1_66' title="bbox 577 3607 2077 3676; baseline 0.001 -13"><span class='ocrx_word' id='word_1_490' title='bbox 577 3608 740 3664; x_wconf 83' lang='lat' dir='ltr'><strong>Vens.</strong></span> <span class='ocrx_word' id='word_1_491' title='bbox 774 3610 825 3663; x_wconf 79' lang='lat' dir='ltr'><strong>l.</strong></span> <span class='ocrx_word' id='word_1_492' title='bbox 847 3638 919 3650; x_wconf 96' lang='lat'><strong><em>—</em></strong></span> <span class='ocrx_word' id='word_1_493' title='bbox 943 3607 1161 3676; x_wconf 83' lang='lat' dir='ltr'><strong>Lucum,</strong></span> <span class='ocrx_word' id='word_1_494' title='bbox 1190 3611 1304 3664; x_wconf 83' lang='lat' dir='ltr'><strong>sive</strong></span> <span class='ocrx_word' id='word_1_495' title='bbox 1329 3610 1567 3666; x_wconf 88' lang='lat' dir='ltr'><strong>torcular</strong></span> <span class='ocrx_word' id='word_1_496' title='bbox 1614 3618 1706 3665; x_wconf 89' lang='lat' dir='ltr'><strong>aut</strong></span> <span class='ocrx_word' id='word_1_497' title='bbox 1747 3611 1940 3676; x_wconf 88' lang='lat' dir='ltr'><strong>altare,</strong></span> <span class='ocrx_word' id='word_1_498' title='bbox 1985 3617 2077 3665; x_wconf 88' lang='lat' dir='ltr'><strong>aut</strong></span> 
     </span>
    </p>
   </div>
   <div class='ocr_carea' id='block_1_67' title="bbox 509 3695 2079 3774">
    <p class='ocr_par' dir='ltr' id='par_1_67' title="bbox 509 3695 2079 3774">
     <span class='ocr_line' id='line_1_67' title="bbox 509 3695 2079 3774; baseline 0.001 -17"><span class='ocrx_word' id='word_1_499' title='bbox 509 3703 600 3758; x_wconf 88' lang='lat' dir='ltr'><strong>illa</strong></span> <span class='ocrx_word' id='word_1_500' title='bbox 631 3703 920 3758; x_wconf 86' lang='lat' dir='ltr'><strong>toreularia</strong></span> <span class='ocrx_word' id='word_1_501' title='bbox 943 3719 1174 3774; x_wconf 92' lang='lat' dir='ltr'><strong>quorum</strong></span> <span class='ocrx_word' id='word_1_502' title='bbox 1197 3703 1352 3759; x_wconf 88' lang='lat' dir='ltr'><strong>titulo</strong></span> <span class='ocrx_word' id='word_1_503' title='bbox 1381 3704 1601 3773; x_wconf 89' lang='lat' dir='ltr'><strong>quidam</strong></span> <span class='ocrx_word' id='word_1_504' title='bbox 1630 3703 1823 3774; x_wconf 87' lang='lat' dir='ltr'><strong>psalmi</strong></span> <span class='ocrx_word' id='word_1_505' title='bbox 1871 3695 2079 3773; x_wconf 60' lang='lat' dir='ltr'><strong>praeno-</strong></span> 
     </span>
    </p>
   </div>
   <div class='ocr_carea' id='block_1_68' title="bbox 509 3793 2079 3865">
    <p class='ocr_par' dir='ltr' id='par_1_68' title="bbox 509 3793 2079 3865">
     <span class='ocr_line' id='line_1_68' title="bbox 509 3793 2079 3865; baseline 0 -17"><span class='ocrx_word' id='word_1_506' title='bbox 509 3802 712 3849; x_wconf 86' lang='lat' dir='ltr'><strong>tantur.</strong></span> <span class='ocrx_word' id='word_1_507' title='bbox 746 3793 968 3865; x_wconf 85' lang='lat' dir='ltr'><strong>Peregre</strong></span> <span class='ocrx_word' id='word_1_508' title='bbox 988 3794 1268 3865; x_wconf 82' lang='lat' dir='ltr'><strong>profectus.</strong></span> <span class='ocrx_word' id='word_1_509' title='bbox 1321 3793 1468 3850; x_wconf 92' lang='lat' dir='ltr'><strong>Dans</strong></span> <span class='ocrx_word' id='word_1_510' title='bbox 1508 3794 1741 3849; x_wconf 90' lang='lat' dir='ltr'><strong>liberum</strong></span> <span class='ocrx_word' id='word_1_511' title='bbox 1797 3795 2079 3849; x_wconf 90' lang='lat' dir='ltr'><strong>arbitrium</strong></span> 
     </span>
    </p>
   </div>
   <div class='ocr_carea' id='block_1_69' title="bbox 507 3889 2082 3961">
    <p class='ocr_par' dir='ltr' id='par_1_69' title="bbox 507 3889 2082 3961">
     <span class='ocr_line' id='line_1_69' title="bbox 507 3889 2082 3961; baseline -0.001 -16"><span class='ocrx_word' id='word_1_512' title='bbox 507 3889 767 3960; x_wconf 90' lang='lat' dir='ltr'><strong>operandi</strong></span> <span class='ocrx_word' id='word_1_513' title='bbox 791 3905 894 3944; x_wconf 94' lang='lat' dir='ltr'><strong>non</strong></span> <span class='ocrx_word' id='word_1_514' title='bbox 921 3891 1217 3946; x_wconf 91' lang='lat' dir='ltr'><strong>mutatione</strong></span> <span class='ocrx_word' id='word_1_515' title='bbox 1236 3890 1360 3959; x_wconf 90' lang='lat' dir='ltr'><strong>loci,</strong></span> <span class='ocrx_word' id='word_1_516' title='bbox 1400 3891 1526 3961; x_wconf 91' lang='lat' dir='ltr'><strong>quia</strong></span> <span class='ocrx_word' id='word_1_517' title='bbox 1578 3891 1776 3961; x_wconf 90' lang='lat' dir='ltr'><strong>ubique</strong></span> <span class='ocrx_word' id='word_1_518' title='bbox 1821 3889 1984 3957; x_wconf 91' lang='lat' dir='ltr'><strong>Deus,</strong></span> <span class='ocrx_word' id='word_1_519' title='bbox 2027 3897 2082 3945; x_wconf 91' lang='lat' dir='ltr'><strong>et</strong></span> 
     </span>
    </p>
   </div>
   <div class='ocr_carea' id='block_1_70' title="bbox 509 3973 1924 4051">
    <p class='ocr_par' dir='ltr' id='par_1_70' title="bbox 509 3973 1924 4051">
     <span class='ocr_line' id='line_1_70' title="bbox 509 3973 1924 4051; baseline 0 -15"><span class='ocrx_word' id='word_1_520' title='bbox 509 3981 690 4036; x_wconf 86' lang='lat' dir='ltr'><strong>omnia</strong></span> <span class='ocrx_word' id='word_1_521' title='bbox 719 3979 971 4051; x_wconf 89' lang='lat' dir='ltr'><strong>complet.</strong></span> <span class='ocrx_word' id='word_1_522' title='bbox 1918 3973 1924 3977; x_wconf 60' lang='grc'><strong><em>’</em></strong></span> 
     </span>
    </p>
   </div>
   <div class='ocr_carea' id='block_1_71' title="bbox 580 4071 2080 4142">
    <p class='ocr_par' dir='ltr' id='par_1_71' title="bbox 580 4071 2080 4142">
     <span class='ocr_line' id='line_1_71' title="bbox 580 4071 2080 4142; baseline -0.001 -15"><span class='ocrx_word' id='word_1_523' title='bbox 580 4073 741 4128; x_wconf 87' lang='lat' dir='ltr'><strong>Vens.</strong></span> <span class='ocrx_word' id='word_1_524' title='bbox 792 4072 844 4127; x_wconf 91' lang='lat'><strong>6.</strong></span> <span class='ocrx_word' id='word_1_525' title='bbox 873 4103 944 4113; x_wconf 94' lang='lat'><strong>—</strong></span> <span class='ocrx_word' id='word_1_526' title='bbox 984 4071 1123 4138; x_wconf 80' lang='lat' dir='ltr'><strong>Quia</strong></span> <span class='ocrx_word' id='word_1_527' title='bbox 1170 4073 1554 4128; x_wconf 84' lang='lat' dir='ltr'><strong>reverebantur.</strong></span> <span class='ocrx_word' id='word_1_528' title='bbox 1607 4072 1726 4128; x_wconf 87' lang='lat' dir='ltr'><strong>Non</strong></span> <span class='ocrx_word' id='word_1_529' title='bbox 1773 4074 1877 4130; x_wconf 91' lang='lat' dir='ltr'><strong>hoc</strong></span> <span class='ocrx_word' id='word_1_530' title='bbox 1925 4073 2080 4142; x_wconf 87' lang='lat' dir='ltr'><strong>igno-</strong></span> 
     </span>
    </p>
   </div>
   <div class='ocr_carea' id='block_1_72' title="bbox 510 4164 2084 4236">
    <p class='ocr_par' dir='ltr' id='par_1_72' title="bbox 510 4164 2084 4236">
     <span class='ocr_line' id='line_1_72' title="bbox 510 4164 2084 4236; baseline 0.001 -18"><span class='ocrx_word' id='word_1_531' title='bbox 510 4164 680 4220; x_wconf 91' lang='lat' dir='ltr'><strong>rando</strong></span> <span class='ocrx_word' id='word_1_532' title='bbox 703 4164 858 4229; x_wconf 79' lang='lat' dir='ltr'><strong>dixit,</strong></span> <span class='ocrx_word' id='word_1_533' title='bbox 889 4164 1012 4234; x_wconf 87' lang='lat' dir='ltr'><strong>quia</strong></span> <span class='ocrx_word' id='word_1_534' title='bbox 1037 4164 1216 4219; x_wconf 88' lang='lat' dir='ltr'><strong>omnia</strong></span> <span class='ocrx_word' id='word_1_535' title='bbox 1251 4165 1421 4230; x_wconf 90' lang='lat' dir='ltr'><strong>novit,</strong></span> <span class='ocrx_word' id='word_1_536' title='bbox 1447 4165 1539 4221; x_wconf 91' lang='lat' dir='ltr'><strong>sed</strong></span> <span class='ocrx_word' id='word_1_537' title='bbox 1568 4179 1780 4236; x_wconf 89' lang='lat' dir='ltr'><strong>semper</strong></span> <span class='ocrx_word' id='word_1_538' title='bbox 1807 4165 2084 4234; x_wconf 84' lang='lat' dir='ltr'><strong>ambigere</strong></span> 
     </span>
    </p>
   </div>
   <div class='ocr_carea' id='block_1_73' title="bbox 510 4252 2082 4320">
    <p class='ocr_par' dir='ltr' id='par_1_73' title="bbox 510 4252 2082 4320">
     <span class='ocr_line' id='line_1_73' title="bbox 510 4252 2082 4320; baseline -0.001 -12"><span class='ocrx_word' id='word_1_539' title='bbox 510 4252 707 4308; x_wconf 90' lang='lat' dir='ltr'><strong>dicitur</strong></span> <span class='ocrx_word' id='word_1_540' title='bbox 735 4254 894 4320; x_wconf 89' lang='lat' dir='ltr'><strong>Deus,</strong></span> <span class='ocrx_word' id='word_1_541' title='bbox 920 4261 978 4308; x_wconf 92' lang='lat' dir='ltr'><strong>ut</strong></span> <span class='ocrx_word' id='word_1_542' title='bbox 1017 4253 1186 4309; x_wconf 90' lang='lat' dir='ltr'><strong>libera</strong></span> <span class='ocrx_word' id='word_1_543' title='bbox 1225 4253 1473 4310; x_wconf 85' lang='lat' dir='ltr'><strong>voluntas</strong></span> <span class='ocrx_word' id='word_1_544' title='bbox 1519 4254 1724 4310; x_wconf 85' lang='lat' dir='ltr'><strong>homini</strong></span> <span class='ocrx_word' id='word_1_545' title='bbox 1754 4265 2082 4310; x_wconf 87' lang='lat' dir='ltr'><strong>reservetur.</strong></span> 
     </span>
    </p>
   </div>
   <div class='ocr_carea' id='block_1_74' title="bbox 583 4344 2088 4416">
    <p class='ocr_par' dir='ltr' id='par_1_74' title="bbox 583 4344 2088 4416">
     <span class='ocr_line' id='line_1_74' title="bbox 583 4344 2088 4416; baseline 0.001 -17"><span class='ocrx_word' id='word_1_546' title='bbox 583 4345 794 4416; x_wconf 76' lang='lat' dir='ltr'><strong>(BEDA.)</strong></span> <span class='ocrx_word' id='word_1_547' title='bbox 822 4344 1220 4416; x_wconf 87' lang='lat' dir='ltr'><strong>interrogamus</strong></span> <span class='ocrx_word' id='word_1_548' title='bbox 1240 4346 1449 4413; x_wconf 84' lang='lat' dir='ltr'><strong>Arium,</strong></span> <span class='ocrx_word' id='word_1_549' title='bbox 1495 4355 1550 4402; x_wconf 92' lang='lat' dir='ltr'><strong>et</strong></span> <span class='ocrx_word' id='word_1_550' title='bbox 1585 4346 1928 4410; x_wconf 88' lang='lat' dir='ltr'><strong>Eunomium,</strong></span> <span class='ocrx_word' id='word_1_551' title='bbox 1958 4360 2088 4400; x_wconf 89' lang='lat' dir='ltr'><strong>ecce</strong></span> 
     </span>
    </p>
   </div>
   <div class='ocr_carea' id='block_1_75' title="bbox 511 4435 2092 4508">
    <p class='ocr_par' dir='ltr' id='par_1_75' title="bbox 511 4435 2092 4508">
     <span class='ocr_line' id='line_1_75' title="bbox 511 4435 2092 4508; baseline 0.003 -21"><span class='ocrx_word' id='word_1_552' title='bbox 511 4443 665 4505; x_wconf 87' lang='lat' dir='ltr'><strong>pater</strong></span> <span class='ocrx_word' id='word_1_553' title='bbox 708 4435 904 4490; x_wconf 90' lang='lat' dir='ltr'><strong>dicitur</strong></span> <span class='ocrx_word' id='word_1_554' title='bbox 945 4436 1214 4506; x_wconf 88' lang='lat' dir='ltr'><strong>ignorare,</strong></span> <span class='ocrx_word' id='word_1_555' title='bbox 1241 4447 1297 4493; x_wconf 90' lang='lat' dir='ltr'><strong>et</strong></span> <span class='ocrx_word' id='word_1_556' title='bbox 1335 4437 1660 4493; x_wconf 86' lang='lat' dir='ltr'><strong>sententiam</strong></span> <span class='ocrx_word' id='word_1_557' title='bbox 1709 4445 2006 4508; x_wconf 87' lang='lat' dir='ltr'><strong>temperat,</strong></span> <span class='ocrx_word' id='word_1_558' title='bbox 2035 4446 2092 4492; x_wconf 88' lang='lat' dir='ltr'><strong>et</strong></span> 
     </span>
    </p>
   </div>
   <div class='ocr_carea' id='block_1_76' title="bbox 2175 3337 3750 3415">
    <p class='ocr_par' dir='ltr' id='par_1_76' title="bbox 2175 3337 3750 3415">
     <span class='ocr_line' id='line_1_76' title="bbox 2175 3337 3750 3415; baseline -0.007 -13"><span class='ocrx_word' id='word_1_559' title='bbox 2175 3357 2263 3402; x_wconf 88' lang='lat' dir='ltr'><strong>tur</strong></span> <span class='ocrx_word' id='word_1_560' title='bbox 2287 3363 2318 3401; x_wconf 90' lang='lat' dir='ltr'><strong>a</strong></span> <span class='ocrx_word' id='word_1_561' title='bbox 2344 3343 2559 3415; x_wconf 88' lang='lat' dir='ltr'><strong>populo.</strong></span> <span class='ocrx_word' id='word_1_562' title='bbox 2596 3341 2876 3397; x_wconf 63' lang='lat' dir='ltr'><strong>Sadduccei</strong></span> <span class='ocrx_word' id='word_1_563' title='bbox 2914 3349 3114 3406; x_wconf 90' lang='lat' dir='ltr'><strong>autem,</strong></span> <span class='ocrx_word' id='word_1_564' title='bbox 3153 3337 3205 3394; x_wconf 90' lang='lat' dir='ltr'><strong>id</strong></span> <span class='ocrx_word' id='word_1_565' title='bbox 3233 3347 3336 3404; x_wconf 90' lang='lat' dir='ltr'><strong>est,</strong></span> <span class='ocrx_word' id='word_1_566' title='bbox 3360 3338 3515 3410; x_wconf 85' lang='lat' dir='ltr'><strong>justi,</strong></span> <span class='ocrx_word' id='word_1_567' title='bbox 3544 3346 3600 3393; x_wconf 91' lang='lat' dir='ltr'><strong>et</strong></span> <span class='ocrx_word' id='word_1_568' title='bbox 3628 3353 3750 3392; x_wconf 87' lang='lat' dir='ltr'><strong>cor-</strong></span> 
     </span>
    </p>
   </div>
   <div class='ocr_carea' id='block_1_77' title="bbox 2175 3431 3414 3510">
    <p class='ocr_par' dir='ltr' id='par_1_77' title="bbox 2175 3431 3414 3510">
     <span class='ocr_line' id='line_1_77' title="bbox 2175 3431 3414 3510; baseline -0.007 -17"><span class='ocrx_word' id='word_1_569' title='bbox 2175 3439 2324 3510; x_wconf 91' lang='lat' dir='ltr'><strong>poris</strong></span> <span class='ocrx_word' id='word_1_570' title='bbox 2346 3445 2400 3492; x_wconf 91' lang='lat' dir='ltr'><strong>et</strong></span> <span class='ocrx_word' id='word_1_571' title='bbox 2427 3436 2622 3491; x_wconf 75' lang='lat' dir='ltr'><strong>anima:</strong></span> <span class='ocrx_word' id='word_1_572' title='bbox 2649 3433 3100 3490; x_wconf 80' lang='lat' dir='ltr'><strong>resurrectionem</strong></span> <span class='ocrx_word' id='word_1_573' title='bbox 3124 3431 3414 3504; x_wconf 84' lang='lat' dir='ltr'><strong>negabant.</strong></span> 
     </span>
    </p>
   </div>
   <div class='ocr_carea' id='block_1_78' title="bbox 2249 3523 3762 3600">
    <p class='ocr_par' dir='ltr' id='par_1_78' title="bbox 2249 3523 3762 3600">
     <span class='ocr_line' id='line_1_78' title="bbox 2249 3523 3762 3600; baseline -0.009 -13"><span class='ocrx_word' id='word_1_574' title='bbox 2249 3530 2552 3596; x_wconf 73' lang='lat' dir='ltr'><strong>Sadducwi,</strong></span> <span class='ocrx_word' id='word_1_575' title='bbox 2580 3537 2684 3585; x_wconf 89' lang='lat' dir='ltr'><strong>etc.</strong></span> <span class='ocrx_word' id='word_1_576' title='bbox 2718 3527 2930 3600; x_wconf 78' lang='grc' dir='ltr'><strong>(ΒευΑ.)</strong></span> <span class='ocrx_word' id='word_1_577' title='bbox 2963 3526 3063 3594; x_wconf 90' lang='lat' dir='ltr'><strong>Qui</strong></span> <span class='ocrx_word' id='word_1_578' title='bbox 3088 3523 3536 3581; x_wconf 88' lang='lat' dir='ltr'><strong>resurrectionem</strong></span> <span class='ocrx_word' id='word_1_579' title='bbox 3567 3537 3762 3592; x_wconf 86' lang='lat' dir='ltr'><strong>corpo-</strong></span> 
     </span>
    </p>
   </div>
   <div class='ocr_carea' id='block_1_79' title="bbox 2178 3614 3760 3692">
    <p class='ocr_par' dir='ltr' id='par_1_79' title="bbox 2178 3614 3760 3692">
     <span class='ocr_line' id='line_1_79' title="bbox 2178 3614 3760 3692; baseline -0.008 -12"><span class='ocrx_word' id='word_1_580' title='bbox 2178 3640 2298 3681; x_wconf 87' lang='lat' dir='ltr'><strong>rum</strong></span> <span class='ocrx_word' id='word_1_581' title='bbox 2329 3638 2447 3679; x_wconf 90' lang='lat' dir='ltr'><strong>esse</strong></span> <span class='ocrx_word' id='word_1_582' title='bbox 2496 3630 2727 3692; x_wconf 88' lang='lat' dir='ltr'><strong>negant,</strong></span> <span class='ocrx_word' id='word_1_583' title='bbox 2757 3619 2843 3675; x_wconf 91' lang='lat' dir='ltr'><strong>vel</strong></span> <span class='ocrx_word' id='word_1_584' title='bbox 2871 3634 2978 3674; x_wconf 93' lang='lat' dir='ltr'><strong>non</strong></span> <span class='ocrx_word' id='word_1_585' title='bbox 3014 3618 3246 3674; x_wconf 85' lang='lat' dir='ltr'><strong>credunt</strong></span> <span class='ocrx_word' id='word_1_586' title='bbox 3278 3615 3487 3670; x_wconf 86' lang='lat' dir='ltr'><strong>animas</strong></span> <span class='ocrx_word' id='word_1_587' title='bbox 3510 3614 3760 3684; x_wconf 84' lang='lat' dir='ltr'><strong>judican-</strong></span> 
     </span>
    </p>
   </div>
   <div class='ocr_carea' id='block_1_80' title="bbox 2180 3706 3763 3783">
    <p class='ocr_par' dir='ltr' id='par_1_80' title="bbox 2180 3706 3763 3783">
     <span class='ocr_line' id='line_1_80' title="bbox 2180 3706 3763 3783; baseline -0.006 -11"><span class='ocrx_word' id='word_1_588' title='bbox 2180 3727 2262 3774; x_wconf 91' lang='lat' dir='ltr'><strong>tes</strong></span> <span class='ocrx_word' id='word_1_589' title='bbox 2307 3715 2530 3772; x_wconf 89' lang='lat' dir='ltr'><strong>interire</strong></span> <span class='ocrx_word' id='word_1_590' title='bbox 2553 3730 2674 3770; x_wconf 90' lang='lat' dir='ltr'><strong>cum</strong></span> <span class='ocrx_word' id='word_1_591' title='bbox 2703 3713 3052 3783; x_wconf 89' lang='lat' dir='ltr'><strong>corporibus;</strong></span> <span class='ocrx_word' id='word_1_592' title='bbox 3084 3719 3233 3766; x_wconf 88' lang='lat' dir='ltr'><strong>recte</strong></span> <span class='ocrx_word' id='word_1_593' title='bbox 3270 3707 3578 3780; x_wconf 74' lang='lat' dir='ltr'><strong>huiusmodi</strong></span> <span class='ocrx_word' id='word_1_594' title='bbox 3606 3706 3763 3762; x_wconf 86' lang='lat' dir='ltr'><strong>fabu-</strong></span> 
     </span>
    </p>
   </div>
   <div class='ocr_carea' id='block_1_81' title="bbox 2181 3799 3761 3879">
    <p class='ocr_par' dir='ltr' id='par_1_81' title="bbox 2181 3799 3761 3879">
     <span class='ocr_line' id='line_1_81' title="bbox 2181 3799 3761 3879; baseline -0.009 -14"><span class='ocrx_word' id='word_1_595' title='bbox 2181 3810 2288 3865; x_wconf 89' lang='lat' dir='ltr'><strong>lam</strong></span> <span class='ocrx_word' id='word_1_596' title='bbox 2335 3809 2562 3879; x_wconf 89' lang='lat' dir='ltr'><strong>ﬁngunt,</strong></span> <span class='ocrx_word' id='word_1_597' title='bbox 2588 3821 2708 3876; x_wconf 70' lang='lat' dir='ltr'><strong>qua:</strong></span> <span class='ocrx_word' id='word_1_598' title='bbox 2755 3803 3093 3860; x_wconf 90' lang='lat' dir='ltr'><strong>deliramenti</strong></span> <span class='ocrx_word' id='word_1_599' title='bbox 3122 3809 3315 3873; x_wconf 87' lang='lat' dir='ltr'><strong>arguat</strong></span> <span class='ocrx_word' id='word_1_600' title='bbox 3355 3815 3450 3855; x_wconf 91' lang='lat' dir='ltr'><strong>eos</strong></span> <span class='ocrx_word' id='word_1_601' title='bbox 3479 3799 3572 3868; x_wconf 92' lang='lat' dir='ltr'><strong>qui</strong></span> <span class='ocrx_word' id='word_1_602' title='bbox 3608 3812 3761 3853; x_wconf 88' lang='lat' dir='ltr'><strong>asse-</strong></span> 
     </span>
    </p>
   </div>
   <div class='ocr_carea' id='block_1_82' title="bbox 2182 3887 3765 3964">
    <p class='ocr_par' dir='ltr' id='par_1_82' title="bbox 2182 3887 3765 3964">
     <span class='ocr_line' id='line_1_82' title="bbox 2182 3887 3765 3964; baseline -0.008 -10"><span class='ocrx_word' id='word_1_603' title='bbox 2182 3907 2309 3954; x_wconf 89' lang='lat' dir='ltr'><strong>runt</strong></span> <span class='ocrx_word' id='word_1_604' title='bbox 2348 3896 2800 3952; x_wconf 87' lang='lat' dir='ltr'><strong>resurrectionem</strong></span> <span class='ocrx_word' id='word_1_605' title='bbox 2844 3906 3152 3964; x_wconf 90' lang='lat' dir='ltr'><strong>corporum.</strong></span> <span class='ocrx_word' id='word_1_606' title='bbox 3181 3889 3366 3945; x_wconf 90' lang='lat' dir='ltr'><strong>Potuit</strong></span> <span class='ocrx_word' id='word_1_607' title='bbox 3395 3897 3576 3943; x_wconf 89' lang='lat' dir='ltr'><strong>autem</strong></span> <span class='ocrx_word' id='word_1_608' title='bbox 3607 3896 3661 3942; x_wconf 90' lang='lat' dir='ltr'><strong>et</strong></span> <span class='ocrx_word' id='word_1_609' title='bbox 3711 3887 3765 3942; x_wconf 87' lang='lat' dir='ltr'><strong>in</strong></span> 
     </span>
    </p>
   </div>
   <div class='ocr_carea' id='block_1_83' title="bbox 2181 3981 3273 4061">
    <p class='ocr_par' dir='ltr' id='par_1_83' title="bbox 2181 3981 3273 4061">
     <span class='ocr_line' id='line_1_83' title="bbox 2181 3981 3273 4061; baseline -0.009 -17"><span class='ocrx_word' id='word_1_610' title='bbox 2181 3998 2338 4061; x_wconf 86' lang='lat' dir='ltr'><strong>gente</strong></span> <span class='ocrx_word' id='word_1_611' title='bbox 2360 4002 2548 4044; x_wconf 88' lang='lat' dir='ltr'><strong>eorum</strong></span> <span class='ocrx_word' id='word_1_612' title='bbox 2569 3985 2857 4055; x_wconf 85' lang='lat' dir='ltr'><strong>aliquando</strong></span> <span class='ocrx_word' id='word_1_613' title='bbox 2883 3983 2988 4039; x_wconf 89' lang='lat' dir='ltr'><strong>hoc</strong></span> <span class='ocrx_word' id='word_1_614' title='bbox 3008 3981 3273 4037; x_wconf 89' lang='lat' dir='ltr'><strong>accidere.</strong></span> 
     </span>
    </p>
   </div>
   <div class='ocr_carea' id='block_1_84' title="bbox 2252 4069 3765 4146">
    <p class='ocr_par' dir='ltr' id='par_1_84' title="bbox 2252 4069 3765 4146">
     <span class='ocr_line' id='line_1_84' title="bbox 2252 4069 3765 4146; baseline -0.009 -9"><span class='ocrx_word' id='word_1_615' title='bbox 2252 4083 2415 4137; x_wconf 88' lang='lat' dir='ltr'><strong>Vens.</strong></span> <span class='ocrx_word' id='word_1_616' title='bbox 2447 4079 2536 4133; x_wconf 72' lang='lat'><strong>20.</strong></span> <span class='ocrx_word' id='word_1_617' title='bbox 2563 4108 2631 4118; x_wconf 91' lang='lat'><strong><em>—</em></strong></span> <span class='ocrx_word' id='word_1_618' title='bbox 2660 4077 2866 4146; x_wconf 85' lang='lat' dir='ltr'><strong>Septem</strong></span> <span class='ocrx_word' id='word_1_619' title='bbox 2889 4091 3030 4146; x_wconf 86' lang='lat' dir='ltr'><strong>ergo,</strong></span> <span class='ocrx_word' id='word_1_620' title='bbox 3053 4083 3156 4130; x_wconf 91' lang='lat' dir='ltr'><strong>etc.</strong></span> <span class='ocrx_word' id='word_1_621' title='bbox 3192 4070 3314 4144; x_wconf 83' lang='lat' dir='ltr'><strong>(lo.)</strong></span> <span class='ocrx_word' id='word_1_622' title='bbox 3343 4069 3765 4140; x_wconf 88' lang='lat' dir='ltr'><strong>Turpitudinem</strong></span> 
     </span>
    </p>
   </div>
   <div class='ocr_carea' id='block_1_85' title="bbox 2183 4161 3768 4241">
    <p class='ocr_par' dir='ltr' id='par_1_85' title="bbox 2183 4161 3768 4241">
     <span class='ocr_line' id='line_1_85' title="bbox 2183 4161 3768 4241; baseline -0.008 -13"><span class='ocrx_word' id='word_1_623' title='bbox 2183 4173 2379 4229; x_wconf 76' lang='lat' dir='ltr'><strong>fabulae</strong></span> <span class='ocrx_word' id='word_1_624' title='bbox 2418 4178 2738 4241; x_wconf 91' lang='lat' dir='ltr'><strong>opponunt,</strong></span> <span class='ocrx_word' id='word_1_625' title='bbox 2785 4176 2847 4221; x_wconf 88' lang='lat' dir='ltr'><strong>ut</strong></span> <span class='ocrx_word' id='word_1_626' title='bbox 2885 4165 3338 4222; x_wconf 89' lang='lat' dir='ltr'><strong>resurrectionem</strong></span> <span class='ocrx_word' id='word_1_627' title='bbox 3384 4172 3603 4235; x_wconf 84' lang='lat' dir='ltr'><strong>negent.</strong></span> <span class='ocrx_word' id='word_1_628' title='bbox 3657 4161 3768 4217; x_wconf 84' lang='lat' dir='ltr'><strong>Sed</strong></span> 
     </span>
    </p>
   </div>
   <div class='ocr_carea' id='block_1_86' title="bbox 2186 4254 3758 4336">
    <p class='ocr_par' dir='ltr' id='par_1_86' title="bbox 2186 4254 3758 4336">
     <span class='ocr_line' id='line_1_86' title="bbox 2186 4254 3758 4336; baseline -0.008 -16"><span class='ocrx_word' id='word_1_629' title='bbox 2186 4265 2431 4336; x_wconf 88' lang='lat' dir='ltr'><strong>mystice,</strong></span> <span class='ocrx_word' id='word_1_630' title='bbox 2459 4270 2663 4332; x_wconf 88' lang='lat' dir='ltr'><strong>septem</strong></span> <span class='ocrx_word' id='word_1_631' title='bbox 2688 4258 2884 4314; x_wconf 81' lang='lat' dir='ltr'><strong>fratres</strong></span> <span class='ocrx_word' id='word_1_632' title='bbox 2914 4259 3031 4313; x_wconf 90' lang='lat' dir='ltr'><strong>sine</strong></span> <span class='ocrx_word' id='word_1_633' title='bbox 3062 4257 3187 4312; x_wconf 88' lang='lat' dir='ltr'><strong>ﬁliis</strong></span> <span class='ocrx_word' id='word_1_634' title='bbox 3216 4254 3478 4318; x_wconf 86' lang='lat' dir='ltr'><strong>defuncti,</strong></span> <span class='ocrx_word' id='word_1_635' title='bbox 3497 4254 3758 4311; x_wconf 90' lang='lat' dir='ltr'><strong>omnibus</strong></span> 
     </span>
    </p>
   </div>
   <div class='ocr_carea' id='block_1_87' title="bbox 2186 4344 3770 4425">
    <p class='ocr_par' dir='ltr' id='par_1_87' title="bbox 2186 4344 3770 4425">
     <span class='ocr_line' id='line_1_87' title="bbox 2186 4344 3770 4425; baseline -0.006 -15"><span class='ocrx_word' id='word_1_636' title='bbox 2186 4354 2429 4425; x_wconf 90' lang='lat' dir='ltr'><strong>reprobis</strong></span> <span class='ocrx_word' id='word_1_637' title='bbox 2459 4357 2761 4422; x_wconf 89' lang='lat' dir='ltr'><strong>congruunt</strong></span> <span class='ocrx_word' id='word_1_638' title='bbox 2791 4368 2805 4404; x_wconf 86' lang='lat'><strong>;</strong></span> <span class='ocrx_word' id='word_1_639' title='bbox 2836 4349 2926 4418; x_wconf 90' lang='lat' dir='ltr'><strong>qui</strong></span> <span class='ocrx_word' id='word_1_640' title='bbox 2959 4363 3057 4418; x_wconf 89' lang='lat' dir='ltr'><strong>per</strong></span> <span class='ocrx_word' id='word_1_641' title='bbox 3089 4355 3257 4403; x_wconf 90' lang='lat' dir='ltr'><strong>totam</strong></span> <span class='ocrx_word' id='word_1_642' title='bbox 3298 4347 3463 4400; x_wconf 88' lang='lat' dir='ltr'><strong>vitam</strong></span> <span class='ocrx_word' id='word_1_643' title='bbox 3496 4344 3638 4416; x_wconf 76' lang='lat' dir='ltr'><strong>(qua:</strong></span> <span class='ocrx_word' id='word_1_644' title='bbox 3680 4360 3770 4400; x_wconf 86' lang='lat' dir='ltr'><strong>se-</strong></span> 
     </span>
    </p>
   </div>
   <div class='ocr_carea' id='block_1_88' title="bbox 2186 4435 3768 4516">
    <p class='ocr_par' dir='ltr' id='par_1_88' title="bbox 2186 4435 3768 4516">
     <span class='ocr_line' id='line_1_88' title="bbox 2186 4435 3768 4516; baseline -0.004 -19"><span class='ocrx_word' id='word_1_645' title='bbox 2186 4452 2331 4516; x_wconf 87' lang='lat' dir='ltr'><strong>ptem</strong></span> <span class='ocrx_word' id='word_1_646' title='bbox 2382 4441 2570 4498; x_wconf 89' lang='lat' dir='ltr'><strong>diebus</strong></span> <span class='ocrx_word' id='word_1_647' title='bbox 2607 4439 2861 4508; x_wconf 89' lang='lat' dir='ltr'><strong>volvitur)</strong></span> <span class='ocrx_word' id='word_1_648' title='bbox 2904 4454 2935 4492; x_wconf 90' lang='lat' dir='ltr'><strong>a</strong></span> <span class='ocrx_word' id='word_1_649' title='bbox 2979 4437 3120 4494; x_wconf 89' lang='lat' dir='ltr'><strong>bono</strong></span> <span class='ocrx_word' id='word_1_650' title='bbox 3152 4449 3315 4507; x_wconf 85' lang='lat' dir='ltr'><strong>Opere</strong></span> <span class='ocrx_word' id='word_1_651' title='bbox 3359 4435 3573 4492; x_wconf 85' lang='lat' dir='ltr'><strong>steriles</strong></span> <span class='ocrx_word' id='word_1_652' title='bbox 3623 4447 3768 4500; x_wconf 88' lang='lat' dir='ltr'><strong>sunt,</strong></span> 
     </span>
    </p>
   </div>
   <div class='ocr_carea' id='block_1_89' title="bbox 516 4523 2067 4624">
    <p class='ocr_par' dir='ltr' id='par_1_89' title="bbox 516 4523 2067 4592">
     <span class='ocr_line' id='line_1_89' title="bbox 516 4523 2067 4592; baseline 0.003 -16"><span class='ocrx_word' id='word_1_653' title='bbox 516 4531 775 4591; x_wconf 86' lang='lat' dir='ltr'><strong>quantum</strong></span> <span class='ocrx_word' id='word_1_654' title='bbox 808 4523 862 4577; x_wconf 91' lang='lat' dir='ltr'><strong>in</strong></span> <span class='ocrx_word' id='word_1_655' title='bbox 901 4523 1055 4578; x_wconf 91' lang='lat' dir='ltr'><strong>nobis</strong></span> <span class='ocrx_word' id='word_1_656' title='bbox 1081 4532 1166 4578; x_wconf 90' lang='lat' dir='ltr'><strong>est</strong></span> <span class='ocrx_word' id='word_1_657' title='bbox 1194 4524 1391 4580; x_wconf 90' lang='lat' dir='ltr'><strong>dicitur</strong></span> <span class='ocrx_word' id='word_1_658' title='bbox 1422 4540 1540 4581; x_wconf 91' lang='lat' dir='ltr'><strong>esse</strong></span> <span class='ocrx_word' id='word_1_659' title='bbox 1586 4525 1860 4581; x_wconf 90' lang='lat' dir='ltr'><strong>mentitus.</strong></span> <span class='ocrx_word' id='word_1_660' title='bbox 1911 4524 2067 4592; x_wconf 90' lang='lat' dir='ltr'><strong>Quid-</strong></span> 
     </span>
    </p>
   </div>
   <div class='ocr_carea' id='block_1_90' title="bbox 2181 4523 3772 4624">
    <p class='ocr_par' dir='ltr' id='par_1_90' title="bbox 2189 4529 3772 4608">
     <span class='ocr_line' id='line_1_90' title="bbox 2189 4529 3772 4608; baseline -0.004 -17"><span class='ocrx_word' id='word_1_661' title='bbox 2189 4536 2383 4608; x_wconf 84' lang='lat' dir='ltr'><strong>quibus</strong></span> <span class='ocrx_word' id='word_1_662' title='bbox 2407 4534 2609 4589; x_wconf 91' lang='lat' dir='ltr'><strong>viritim</strong></span> <span class='ocrx_word' id='word_1_663' title='bbox 2641 4531 2996 4588; x_wconf 90' lang='lat' dir='ltr'><strong>morientibus</strong></span> <span class='ocrx_word' id='word_1_664' title='bbox 3016 4530 3084 4586; x_wconf 87' lang='lat' dir='ltr'><strong>ad</strong></span> <span class='ocrx_word' id='word_1_665' title='bbox 3107 4530 3358 4585; x_wconf 91' lang='lat' dir='ltr'><strong>ultimum</strong></span> <span class='ocrx_word' id='word_1_666' title='bbox 3385 4538 3443 4586; x_wconf 91' lang='lat' dir='ltr'><strong>et</strong></span> <span class='ocrx_word' id='word_1_667' title='bbox 3466 4529 3585 4600; x_wconf 89' lang='lat' dir='ltr'><strong>ipsa</strong></span> <span class='ocrx_word' id='word_1_668' title='bbox 3613 4545 3772 4584; x_wconf 78' lang='lat' dir='ltr'><strong>mun-</strong></span> 
     </span>
    </p>
   </div>
   <div class='ocr_carea' id='block_1_91' title="bbox 514 4614 2084 4687">
    <p class='ocr_par' dir='ltr' id='par_1_91' title="bbox 514 4614 2084 4687">
     <span class='ocr_line' id='line_1_91' title="bbox 514 4614 2084 4687; baseline 0.002 -19"><span class='ocrx_word' id='word_1_669' title='bbox 514 4615 644 4685; x_wconf 90' lang='lat' dir='ltr'><strong>quid</strong></span> <span class='ocrx_word' id='word_1_670' title='bbox 693 4629 792 4685; x_wconf 90' lang='lat' dir='ltr'><strong>pro</strong></span> <span class='ocrx_word' id='word_1_671' title='bbox 832 4623 982 4684; x_wconf 88' lang='lat' dir='ltr'><strong>patre</strong></span> <span class='ocrx_word' id='word_1_672' title='bbox 1018 4615 1432 4685; x_wconf 90' lang='lat' dir='ltr'><strong>responderint,</strong></span> <span class='ocrx_word' id='word_1_673' title='bbox 1483 4617 1583 4670; x_wconf 88' lang='lat' dir='ltr'><strong>hoc</strong></span> <span class='ocrx_word' id='word_1_674' title='bbox 1632 4614 1935 4687; x_wconf 88' lang='lat' dir='ltr'><strong>intelligant</strong></span> <span class='ocrx_word' id='word_1_675' title='bbox 1984 4631 2084 4686; x_wconf 92' lang='lat' dir='ltr'><strong>pro</strong></span> 
     </span>
    </p>
   </div>
   <div class='ocr_carea' id='block_1_92' title="bbox 514 4709 1988 4784">
    <p class='ocr_par' dir='ltr' id='par_1_92' title="bbox 514 4709 1988 4784">
     <span class='ocr_line' id='line_1_92' title="bbox 514 4709 1988 4784; baseline -0.001 -18"><span class='ocrx_word' id='word_1_676' title='bbox 514 4711 644 4776; x_wconf 87' lang='lat' dir='ltr'><strong>ﬁlio,</strong></span> <span class='ocrx_word' id='word_1_677' title='bbox 672 4713 762 4781; x_wconf 91' lang='lat' dir='ltr'><strong>qui</strong></span> <span class='ocrx_word' id='word_1_678' title='bbox 793 4726 851 4766; x_wconf 90' lang='lat' dir='ltr'><strong>se</strong></span> <span class='ocrx_word' id='word_1_679' title='bbox 879 4711 1010 4766; x_wconf 89' lang='lat' dir='ltr'><strong>dicit</strong></span> <span class='ocrx_word' id='word_1_680' title='bbox 1043 4712 1292 4784; x_wconf 85' lang='lat' dir='ltr'><strong>ignorare</strong></span> <span class='ocrx_word' id='word_1_681' title='bbox 1315 4709 1798 4766; x_wconf 91' lang='lat' dir='ltr'><strong>consummationis</strong></span> <span class='ocrx_word' id='word_1_682' title='bbox 1821 4710 1988 4764; x_wconf 89' lang='lat' dir='ltr'><strong>diem.</strong></span> 
     </span>
    </p>
   </div>
   <div class='ocr_carea' id='block_1_93' title="bbox 587 4798 2087 4873">
    <p class='ocr_par' dir='ltr' id='par_1_93' title="bbox 587 4798 2087 4873">
     <span class='ocr_line' id='line_1_93' title="bbox 587 4798 2087 4873; baseline -0.004 -12"><span class='ocrx_word' id='word_1_683' title='bbox 587 4805 749 4861; x_wconf 85' lang='lat' dir='ltr'><strong>Vens.</strong></span> <span class='ocrx_word' id='word_1_684' title='bbox 783 4803 835 4858; x_wconf 92' lang='lat'><strong>7.</strong></span> <span class='ocrx_word' id='word_1_685' title='bbox 867 4833 938 4844; x_wconf 93' lang='lat'><strong>—</strong></span> <span class='ocrx_word' id='word_1_686' title='bbox 964 4801 1148 4858; x_wconf 89' lang='lat' dir='ltr'><strong>Coloni</strong></span> <span class='ocrx_word' id='word_1_687' title='bbox 1167 4813 1359 4857; x_wconf 88' lang='lat' dir='ltr'><strong>autem.</strong></span> <span class='ocrx_word' id='word_1_688' title='bbox 1395 4801 1520 4873; x_wconf 84' lang='lat' dir='ltr'><strong>(ln.)</strong></span> <span class='ocrx_word' id='word_1_689' title='bbox 1551 4800 1750 4856; x_wconf 87' lang='lat' dir='ltr'><strong>Probat</strong></span> <span class='ocrx_word' id='word_1_690' title='bbox 1776 4798 2087 4855; x_wconf 74' lang='lat' dir='ltr'><strong>Iudaeorum</strong></span> 
     </span>
    </p>
   </div>
   <div class='ocr_carea' id='block_1_94' title="bbox 516 4889 2086 4968">
    <p class='ocr_par' dir='ltr' id='par_1_94' title="bbox 516 4889 2086 4968">
     <span class='ocr_line' id='line_1_94' title="bbox 516 4889 2086 4968; baseline -0.002 -17"><span class='ocrx_word' id='word_1_691' title='bbox 516 4897 790 4968; x_wconf 89' lang='lat' dir='ltr'><strong>principes</strong></span> <span class='ocrx_word' id='word_1_692' title='bbox 850 4910 956 4950; x_wconf 91' lang='lat' dir='ltr'><strong>non</strong></span> <span class='ocrx_word' id='word_1_693' title='bbox 1003 4910 1100 4966; x_wconf 90' lang='lat' dir='ltr'><strong>per</strong></span> <span class='ocrx_word' id='word_1_694' title='bbox 1146 4894 1511 4964; x_wconf 88' lang='lat' dir='ltr'><strong>ignorantiam</strong></span> <span class='ocrx_word' id='word_1_695' title='bbox 1561 4889 1840 4948; x_wconf 89' lang='lat' dir='ltr'><strong>Christum</strong></span> <span class='ocrx_word' id='word_1_696' title='bbox 1902 4893 2086 4948; x_wconf 91' lang='lat' dir='ltr'><strong>cruci-</strong></span> 
     </span>
    </p>
   </div>
   <div class='ocr_carea' id='block_1_95' title="bbox 523 4983 2088 5058">
    <p class='ocr_par' dir='ltr' id='par_1_95' title="bbox 523 4983 2088 5058">
     <span class='ocr_line' id='line_1_95' title="bbox 523 4983 2088 5058; baseline -0.002 -13"><span class='ocrx_word' id='word_1_697' title='bbox 523 4988 728 5054; x_wconf 83' lang='lat' dir='ltr'><strong>ﬁxisse,</strong></span> <span class='ocrx_word' id='word_1_698' title='bbox 757 4997 888 5054; x_wconf 88' lang='lat' dir='ltr'><strong>etc.,</strong></span> <span class='ocrx_word' id='word_1_699' title='bbox 911 5004 1072 5058; x_wconf 79' lang='lat' dir='ltr'><strong>usque</strong></span> <span class='ocrx_word' id='word_1_700' title='bbox 1097 4987 1165 5042; x_wconf 89' lang='lat' dir='ltr'><strong>ad</strong></span> <span class='ocrx_word' id='word_1_701' title='bbox 1189 4995 1244 5042; x_wconf 92' lang='lat' dir='ltr'><strong>et</strong></span> <span class='ocrx_word' id='word_1_702' title='bbox 1265 5001 1416 5041; x_wconf 90' lang='lat' dir='ltr'><strong>suam</strong></span> <span class='ocrx_word' id='word_1_703' title='bbox 1439 4983 1704 5055; x_wconf 85' lang='lat' dir='ltr'><strong>justitiam</strong></span> <span class='ocrx_word' id='word_1_704' title='bbox 1733 4999 1853 5055; x_wconf 78' lang='lat' dir='ltr'><strong>qua:</strong></span> <span class='ocrx_word' id='word_1_705' title='bbox 1872 4998 1938 5039; x_wconf 81' lang='lat' dir='ltr'><strong>ex</strong></span> <span class='ocrx_word' id='word_1_706' title='bbox 1971 4985 2088 5055; x_wconf 82' lang='lat' dir='ltr'><strong>lege</strong></span> 
     </span>
    </p>
   </div>
   <div class='ocr_carea' id='block_1_96' title="bbox 523 5079 1272 5150">
    <p class='ocr_par' dir='ltr' id='par_1_96' title="bbox 523 5079 1272 5150">
     <span class='ocr_line' id='line_1_96' title="bbox 523 5079 1272 5150; baseline -0.007 -14"><span class='ocrx_word' id='word_1_707' title='bbox 523 5091 628 5146; x_wconf 89' lang='lat' dir='ltr'><strong>est,</strong></span> <span class='ocrx_word' id='word_1_708' title='bbox 659 5080 916 5150; x_wconf 72' lang='lat' dir='ltr'><strong>praeferre</strong></span> <span class='ocrx_word' id='word_1_709' title='bbox 944 5079 1272 5134; x_wconf 89' lang='lat' dir='ltr'><strong>nitebantur.</strong></span> 
     </span>
    </p>
   </div>
   <div class='ocr_carea' id='block_1_97' title="bbox 596 5168 2089 5242">
    <p class='ocr_par' dir='ltr' id='par_1_97' title="bbox 596 5168 2089 5242">
     <span class='ocr_line' id='line_1_97' title="bbox 596 5168 2089 5242; baseline -0.003 -12"><span class='ocrx_word' id='word_1_710' title='bbox 596 5175 757 5230; x_wconf 85' lang='lat' dir='ltr'><strong>Vens.</strong></span> <span class='ocrx_word' id='word_1_711' title='bbox 776 5175 829 5230; x_wconf 91' lang='lat'><strong>8.</strong></span> <span class='ocrx_word' id='word_1_712' title='bbox 843 5204 913 5214; x_wconf 93' lang='lat'><strong>—</strong></span> <span class='ocrx_word' id='word_1_713' title='bbox 925 5172 996 5226; x_wconf 87' lang='lat' dir='ltr'><strong>Et</strong></span> <span class='ocrx_word' id='word_1_714' title='bbox 1016 5172 1298 5242; x_wconf 84' lang='lat' dir='ltr'><strong>ejecerunt.</strong></span> <span class='ocrx_word' id='word_1_715' title='bbox 1319 5168 1481 5224; x_wconf 82' lang='lat' dir='ltr'><strong>Notat</strong></span> <span class='ocrx_word' id='word_1_716' title='bbox 1496 5169 1850 5238; x_wconf 88' lang='lat' dir='ltr'><strong>pertinaciam</strong></span> <span class='ocrx_word' id='word_1_717' title='bbox 1867 5185 2054 5226; x_wconf 91' lang='lat' dir='ltr'><strong>eorum</strong></span> <span class='ocrx_word' id='word_1_718' title='bbox 2075 5188 2089 5225; x_wconf 90' lang='lat'>:</span> 
     </span>
    </p>
   </div>
   <div class='ocr_carea' id='block_1_98' title="bbox 525 5260 2096 5339">
    <p class='ocr_par' dir='ltr' id='par_1_98' title="bbox 525 5260 2096 5339">
     <span class='ocr_line' id='line_1_98' title="bbox 525 5260 2096 5339; baseline -0.004 -17"><span class='ocrx_word' id='word_1_719' title='bbox 525 5268 616 5339; x_wconf 90' lang='lat' dir='ltr'><strong>qui</strong></span> <span class='ocrx_word' id='word_1_720' title='bbox 635 5282 734 5322; x_wconf 86' lang='lat' dir='ltr'><strong>nec</strong></span> <span class='ocrx_word' id='word_1_721' title='bbox 746 5265 1004 5322; x_wconf 82' lang='lat' dir='ltr'><strong>cruciﬁxo</strong></span> <span class='ocrx_word' id='word_1_722' title='bbox 1020 5279 1084 5318; x_wconf 92' lang='lat' dir='ltr'><strong>ac</strong></span> <span class='ocrx_word' id='word_1_723' title='bbox 1097 5261 1422 5318; x_wconf 89' lang='lat' dir='ltr'><strong>resuscitato</strong></span> <span class='ocrx_word' id='word_1_724' title='bbox 1440 5260 1666 5316; x_wconf 88' lang='lat' dir='ltr'><strong>Domino</strong></span> <span class='ocrx_word' id='word_1_725' title='bbox 1679 5260 1743 5315; x_wconf 88' lang='lat' dir='ltr'><strong>ad</strong></span> <span class='ocrx_word' id='word_1_726' title='bbox 1760 5261 2096 5331; x_wconf 68' lang='lat' dir='ltr'><strong>prazdicatio-</strong></span> 
     </span>
    </p>
   </div>
   <div class='ocr_carea' id='block_1_99' title="bbox 527 5352 2098 5429">
    <p class='ocr_par' dir='ltr' id='par_1_99' title="bbox 527 5352 2098 5429">
     <span class='ocr_line' id='line_1_99' title="bbox 527 5352 2098 5429; baseline -0.005 -14"><span class='ocrx_word' id='word_1_727' title='bbox 527 5375 651 5415; x_wconf 89' lang='lat' dir='ltr'><strong>nem</strong></span> <span class='ocrx_word' id='word_1_728' title='bbox 695 5357 1059 5429; x_wconf 90' lang='lat' dir='ltr'><strong>apostolorum</strong></span> <span class='ocrx_word' id='word_1_729' title='bbox 1089 5354 1313 5411; x_wconf 89' lang='lat' dir='ltr'><strong>credere</strong></span> <span class='ocrx_word' id='word_1_730' title='bbox 1352 5352 1654 5418; x_wconf 84' lang='lat' dir='ltr'><strong>voluerunt,</strong></span> <span class='ocrx_word' id='word_1_731' title='bbox 1688 5352 1780 5407; x_wconf 91' lang='lat' dir='ltr'><strong>sed</strong></span> <span class='ocrx_word' id='word_1_732' title='bbox 1813 5352 1965 5422; x_wconf 89' lang='lat' dir='ltr'><strong>quasi</strong></span> <span class='ocrx_word' id='word_1_733' title='bbox 1992 5352 2098 5407; x_wconf 89' lang='lat' dir='ltr'><strong>vile</strong></span> 
     </span>
    </p>
   </div>
   <div class='ocr_carea' id='block_1_100' title="bbox 525 5447 2102 5520">
    <p class='ocr_par' dir='ltr' id='par_1_100' title="bbox 525 5447 2102 5520">
     <span class='ocr_line' id='line_1_100' title="bbox 525 5447 2102 5520; baseline -0.003 -12"><span class='ocrx_word' id='word_1_734' title='bbox 525 5453 754 5508; x_wconf 85' lang='lat' dir='ltr'><strong>cadaver</strong></span> <span class='ocrx_word' id='word_1_735' title='bbox 778 5448 1123 5520; x_wconf 76' lang='lat' dir='ltr'><strong>proiecerunt</strong></span> <span class='ocrx_word' id='word_1_736' title='bbox 1148 5465 1161 5502; x_wconf 89' lang='lat'><strong>:</strong></span> <span class='ocrx_word' id='word_1_737' title='bbox 1190 5447 1315 5518; x_wconf 91' lang='lat' dir='ltr'><strong>quia</strong></span> <span class='ocrx_word' id='word_1_738' title='bbox 1344 5455 1600 5518; x_wconf 90' lang='lat' dir='ltr'><strong>quantum</strong></span> <span class='ocrx_word' id='word_1_739' title='bbox 1629 5447 1684 5502; x_wconf 90' lang='lat' dir='ltr'><strong>in</strong></span> <span class='ocrx_word' id='word_1_740' title='bbox 1711 5461 1768 5502; x_wconf 91' lang='lat' dir='ltr'><strong>se</strong></span> <span class='ocrx_word' id='word_1_741' title='bbox 1789 5457 1925 5512; x_wconf 89' lang='lat' dir='ltr'><strong>erat,</strong></span> <span class='ocrx_word' id='word_1_742' title='bbox 1945 5463 1974 5501; x_wconf 87' lang='lat' dir='ltr'><strong>a</strong></span> <span class='ocrx_word' id='word_1_743' title='bbox 1991 5447 2102 5504; x_wconf 88' lang='lat' dir='ltr'><strong>suis</strong></span> 
     </span>
    </p>
   </div>
   <div class='ocr_carea' id='block_1_101' title="bbox 524 5539 2100 5610">
    <p class='ocr_par' dir='ltr' id='par_1_101' title="bbox 524 5539 2100 5610">
     <span class='ocr_line' id='line_1_101' title="bbox 524 5539 2100 5610; baseline -0.002 -14"><span class='ocrx_word' id='word_1_744' title='bbox 524 5542 722 5597; x_wconf 83' lang='lat' dir='ltr'><strong>ﬁnibus</strong></span> <span class='ocrx_word' id='word_1_745' title='bbox 745 5539 1092 5595; x_wconf 83' lang='lat' dir='ltr'><strong>excludentes</strong></span> <span class='ocrx_word' id='word_1_746' title='bbox 1117 5539 1363 5610; x_wconf 90' lang='lat' dir='ltr'><strong>gentibus</strong></span> <span class='ocrx_word' id='word_1_747' title='bbox 1386 5539 1783 5609; x_wconf 87' lang='lat' dir='ltr'><strong>suscipiendum</strong></span> <span class='ocrx_word' id='word_1_748' title='bbox 1819 5539 2100 5594; x_wconf 87' lang='lat' dir='ltr'><strong>dederunt.</strong></span> 
     </span>
    </p>
   </div>
   <div class='ocr_carea' id='block_1_102' title="bbox 599 5629 2103 5702">
    <p class='ocr_par' dir='ltr' id='par_1_102' title="bbox 599 5629 2103 5702">
     <span class='ocr_line' id='line_1_102' title="bbox 599 5629 2103 5702; baseline -0.001 -17"><span class='ocrx_word' id='word_1_749' title='bbox 599 5632 833 5702; x_wconf 70' lang='grc' dir='ltr'><strong>(Βεωλ.)</strong></span> <span class='ocrx_word' id='word_1_750' title='bbox 885 5629 1194 5699; x_wconf 88' lang='lat' dir='ltr'><strong>Cuicunque</strong></span> <span class='ocrx_word' id='word_1_751' title='bbox 1249 5629 1482 5685; x_wconf 87' lang='lat' dir='ltr'><strong>ﬁdelium</strong></span> <span class='ocrx_word' id='word_1_752' title='bbox 1545 5631 1861 5702; x_wconf 87' lang='lat' dir='ltr'><strong>mysterium</strong></span> <span class='ocrx_word' id='word_1_753' title='bbox 1924 5631 2103 5700; x_wconf 90' lang='lat' dir='ltr'><strong>bapti-</strong></span> 
     </span>
    </p>
   </div>
   <div class='ocr_carea' id='block_1_103' title="bbox 525 5723 2105 5795">
    <p class='ocr_par' dir='ltr' id='par_1_103' title="bbox 525 5723 2105 5795">
     <span class='ocr_line' id='line_1_103' title="bbox 525 5723 2105 5795; baseline 0.001 -16"><span class='ocrx_word' id='word_1_754' title='bbox 525 5725 627 5779; x_wconf 82' lang='lat' dir='ltr'><strong>smi</strong></span> <span class='ocrx_word' id='word_1_755' title='bbox 650 5765 663 5788; x_wconf 93' lang='lat'><strong>,</strong></span> <span class='ocrx_word' id='word_1_756' title='bbox 696 5733 825 5788; x_wconf 88' lang='lat' dir='ltr'><strong>etc.,</strong></span> <span class='ocrx_word' id='word_1_757' title='bbox 856 5739 1012 5792; x_wconf 85' lang='lat' dir='ltr'><strong>usque</strong></span> <span class='ocrx_word' id='word_1_758' title='bbox 1041 5724 1110 5776; x_wconf 86' lang='lat' dir='ltr'><strong>ad</strong></span> <span class='ocrx_word' id='word_1_759' title='bbox 1156 5723 1439 5780; x_wconf 89' lang='lat' dir='ltr'><strong>Dominum</strong></span> <span class='ocrx_word' id='word_1_760' title='bbox 1469 5724 1786 5795; x_wconf 90' lang='lat' dir='ltr'><strong>cruciﬁgere</strong></span> <span class='ocrx_word' id='word_1_761' title='bbox 1825 5733 1880 5779; x_wconf 90' lang='lat' dir='ltr'><strong>et</strong></span> <span class='ocrx_word' id='word_1_762' title='bbox 1921 5733 2105 5781; x_wconf 84' lang='lat' dir='ltr'><strong>osten-</strong></span> 
     </span>
    </p>
   </div>
   <div class='ocr_carea' id='block_1_104' title="bbox 528 5813 1190 5886">
    <p class='ocr_par' dir='ltr' id='par_1_104' title="bbox 528 5813 1190 5886">
     <span class='ocr_line' id='line_1_104' title="bbox 528 5813 1190 5886; baseline 0.003 -18"><span class='ocrx_word' id='word_1_763' title='bbox 528 5815 663 5868; x_wconf 86' lang='lat' dir='ltr'><strong>tatui</strong></span> <span class='ocrx_word' id='word_1_764' title='bbox 690 5814 893 5870; x_wconf 84' lang='lat' dir='ltr'><strong>habere</strong></span> <span class='ocrx_word' id='word_1_765' title='bbox 923 5813 1190 5886; x_wconf 85' lang='lat' dir='ltr'><strong>gaudebit.</strong></span> 
     </span>
    </p>
   </div>
   <div class='ocr_carea' id='block_1_105' title="bbox 2192 4621 3767 4690">
    <p class='ocr_par' dir='ltr' id='par_1_105' title="bbox 2192 4621 3767 4690">
     <span class='ocr_line' id='line_1_105' title="bbox 2192 4621 3767 4690; baseline -0.005 -6"><span class='ocrx_word' id='word_1_766' title='bbox 2192 4629 2332 4684; x_wconf 88' lang='lat' dir='ltr'><strong>dana</strong></span> <span class='ocrx_word' id='word_1_767' title='bbox 2375 4625 2713 4682; x_wconf 85' lang='lat' dir='ltr'><strong>conversatio</strong></span> <span class='ocrx_word' id='word_1_768' title='bbox 2752 4624 3018 4687; x_wconf 89' lang='lat' dir='ltr'><strong>moritur,</strong></span> <span class='ocrx_word' id='word_1_769' title='bbox 3067 4622 3121 4677; x_wconf 93' lang='lat' dir='ltr'><strong>id</strong></span> <span class='ocrx_word' id='word_1_770' title='bbox 3155 4629 3275 4687; x_wconf 89' lang='lat' dir='ltr'><strong>est,</strong></span> <span class='ocrx_word' id='word_1_771' title='bbox 3321 4621 3556 4686; x_wconf 89' lang='lat' dir='ltr'><strong>transit,</strong></span> <span class='ocrx_word' id='word_1_772' title='bbox 3609 4621 3767 4690; x_wconf 87' lang='lat' dir='ltr'><strong>quasi</strong></span> 
     </span>
    </p>
   </div>
   <div class='ocr_carea' id='block_1_106' title="bbox 2191 4711 3771 4784">
    <p class='ocr_par' dir='ltr' id='par_1_106' title="bbox 2191 4711 3771 4784">
     <span class='ocr_line' id='line_1_106' title="bbox 2191 4711 3771 4784; baseline -0.004 -10"><span class='ocrx_word' id='word_1_773' title='bbox 2191 4733 2328 4775; x_wconf 74' lang='lat' dir='ltr'><strong>uxor</strong></span> <span class='ocrx_word' id='word_1_774' title='bbox 2368 4711 2678 4780; x_wconf 90' lang='lat' dir='ltr'><strong>infecunda,</strong></span> <span class='ocrx_word' id='word_1_775' title='bbox 2705 4728 2866 4784; x_wconf 88' lang='lat' dir='ltr'><strong>quam</strong></span> <span class='ocrx_word' id='word_1_776' title='bbox 2904 4711 2979 4767; x_wconf 93' lang='lat' dir='ltr'><strong>illi</strong></span> <span class='ocrx_word' id='word_1_777' title='bbox 3029 4712 3146 4767; x_wconf 90' lang='lat' dir='ltr'><strong>sine</strong></span> <span class='ocrx_word' id='word_1_778' title='bbox 3187 4711 3360 4766; x_wconf 90' lang='lat' dir='ltr'><strong>fructu</strong></span> <span class='ocrx_word' id='word_1_779' title='bbox 3412 4711 3540 4766; x_wconf 89' lang='lat' dir='ltr'><strong>boni</strong></span> <span class='ocrx_word' id='word_1_780' title='bbox 3589 4712 3771 4781; x_wconf 84' lang='lat' dir='ltr'><strong>operis</strong></span> 
     </span>
    </p>
   </div>
   <div class='ocr_carea' id='block_1_107' title="bbox 2193 4802 3774 4878">
    <p class='ocr_par' dir='ltr' id='par_1_107' title="bbox 2193 4802 3774 4878">
     <span class='ocr_line' id='line_1_107' title="bbox 2193 4802 3774 4878; baseline -0.001 -15"><span class='ocrx_word' id='word_1_781' title='bbox 2193 4813 2505 4878; x_wconf 80' lang='lat' dir='ltr'><strong>exegerunt.</strong></span> <span class='ocrx_word' id='word_1_782' title='bbox 2551 4804 2709 4860; x_wconf 82' lang='lat' dir='ltr'><strong>Hien.</strong></span> <span class='ocrx_word' id='word_1_783' title='bbox 2741 4802 2932 4858; x_wconf 88' lang='lat' dir='ltr'><strong>Mulier</strong></span> <span class='ocrx_word' id='word_1_784' title='bbox 2962 4802 3186 4870; x_wconf 86' lang='lat' dir='ltr'><strong>sterilis,</strong></span> <span class='ocrx_word' id='word_1_785' title='bbox 3215 4817 3317 4859; x_wconf 88' lang='lat' dir='ltr'><strong>nec</strong></span> <span class='ocrx_word' id='word_1_786' title='bbox 3347 4803 3662 4874; x_wconf 87' lang='lat' dir='ltr'><strong>relinquens</strong></span> <span class='ocrx_word' id='word_1_787' title='bbox 3692 4821 3774 4861; x_wconf 82' lang='lat' dir='ltr'><strong>se-</strong></span> 
     </span>
    </p>
   </div>
   <div class='ocr_carea' id='block_1_108' title="bbox 2195 4893 3774 4966">
    <p class='ocr_par' dir='ltr' id='par_1_108' title="bbox 2195 4893 3774 4966">
     <span class='ocr_line' id='line_1_108' title="bbox 2195 4893 3774 4966; baseline -0.004 -12"><span class='ocrx_word' id='word_1_788' title='bbox 2195 4915 2318 4954; x_wconf 92' lang='lat' dir='ltr'><strong>men</strong></span> <span class='ocrx_word' id='word_1_789' title='bbox 2363 4912 2428 4952; x_wconf 85' lang='lat' dir='ltr'><strong>ex</strong></span> <span class='ocrx_word' id='word_1_790' title='bbox 2470 4903 2675 4966; x_wconf 86' lang='lat' dir='ltr'><strong>septem</strong></span> <span class='ocrx_word' id='word_1_791' title='bbox 2718 4893 3000 4959; x_wconf 88' lang='lat' dir='ltr'><strong>fratribus,</strong></span> <span class='ocrx_word' id='word_1_792' title='bbox 3022 4902 3156 4962; x_wconf 91' lang='lat' dir='ltr'><strong>etc.,</strong></span> <span class='ocrx_word' id='word_1_793' title='bbox 3202 4909 3363 4965; x_wconf 87' lang='lat' dir='ltr'><strong>usque</strong></span> <span class='ocrx_word' id='word_1_794' title='bbox 3401 4893 3470 4948; x_wconf 88' lang='lat' dir='ltr'><strong>ad</strong></span> <span class='ocrx_word' id='word_1_795' title='bbox 3509 4894 3636 4965; x_wconf 88' lang='lat' dir='ltr'><strong>quia</strong></span> <span class='ocrx_word' id='word_1_796' title='bbox 3677 4895 3774 4948; x_wconf 85' lang='lat' dir='ltr'><strong>ini-</strong></span> 
     </span>
    </p>
   </div>
   <div class='ocr_carea' id='block_1_109' title="bbox 2197 4985 3058 5059">
    <p class='ocr_par' dir='ltr' id='par_1_109' title="bbox 2197 4985 3058 5059">
     <span class='ocr_line' id='line_1_109' title="bbox 2197 4985 3058 5059; baseline -0.008 -13"><span class='ocrx_word' id='word_1_797' title='bbox 2197 4993 2326 5046; x_wconf 87' lang='lat' dir='ltr'><strong>tium</strong></span> <span class='ocrx_word' id='word_1_798' title='bbox 2353 4989 2620 5059; x_wconf 73' lang='lat' dir='ltr'><strong>sapientire</strong></span> <span class='ocrx_word' id='word_1_799' title='bbox 2646 4988 2800 5041; x_wconf 90' lang='lat' dir='ltr'><strong>timor</strong></span> <span class='ocrx_word' id='word_1_800' title='bbox 2823 4985 3058 5040; x_wconf 87' lang='lat' dir='ltr'><strong>Domini.</strong></span> 
     </span>
    </p>
   </div>
   <div class='ocr_carea' id='block_1_110' title="bbox 2267 5076 3772 5151">
    <p class='ocr_par' dir='ltr' id='par_1_110' title="bbox 2267 5076 3772 5151">
     <span class='ocr_line' id='line_1_110' title="bbox 2267 5076 3772 5151; baseline -0.003 -14"><span class='ocrx_word' id='word_1_801' title='bbox 2267 5083 2430 5137; x_wconf 90' lang='lat' dir='ltr'><strong>Vens.</strong></span> <span class='ocrx_word' id='word_1_802' title='bbox 2474 5079 2566 5134; x_wconf 68' lang='lat'><strong>25.</strong></span> <span class='ocrx_word' id='word_1_803' title='bbox 2613 5109 2684 5120; x_wconf 90' lang='lat'><strong>--</strong></span> <span class='ocrx_word' id='word_1_804' title='bbox 2721 5077 2904 5150; x_wconf 85' lang='lat' dir='ltr'><strong>Neque</strong></span> <span class='ocrx_word' id='word_1_805' title='bbox 2950 5078 3159 5143; x_wconf 88' lang='lat' dir='ltr'><strong>nubent,</strong></span> <span class='ocrx_word' id='word_1_806' title='bbox 3202 5093 3394 5149; x_wconf 88' lang='lat' dir='ltr'><strong>neque,</strong></span> <span class='ocrx_word' id='word_1_807' title='bbox 3420 5086 3526 5134; x_wconf 88' lang='lat' dir='ltr'><strong>etc.</strong></span> <span class='ocrx_word' id='word_1_808' title='bbox 3560 5076 3772 5151; x_wconf 71' lang='grc' dir='ltr'><strong>(Βεω.)</strong></span> 
     </span>
    </p>
   </div>
   <div class='ocr_carea' id='block_1_111' title="bbox 2196 5168 3769 5238">
    <p class='ocr_par' dir='ltr' id='par_1_111' title="bbox 2196 5168 3769 5238">
     <span class='ocr_line' id='line_1_111' title="bbox 2196 5168 3769 5238; baseline -0.003 -8"><span class='ocrx_word' id='word_1_809' title='bbox 2196 5173 2386 5230; x_wconf 57' lang='lat' dir='ltr'><strong>Graeco</strong></span> <span class='ocrx_word' id='word_1_810' title='bbox 2429 5169 2670 5226; x_wconf 90' lang='lat' dir='ltr'><strong>idiomati</strong></span> <span class='ocrx_word' id='word_1_811' title='bbox 2707 5168 2898 5224; x_wconf 89' lang='lat' dir='ltr'><strong>Latina</strong></span> <span class='ocrx_word' id='word_1_812' title='bbox 2933 5168 3264 5225; x_wconf 89' lang='lat' dir='ltr'><strong>consuetudo</strong></span> <span class='ocrx_word' id='word_1_813' title='bbox 3291 5183 3399 5224; x_wconf 89' lang='lat' dir='ltr'><strong>non</strong></span> <span class='ocrx_word' id='word_1_814' title='bbox 3438 5169 3769 5238; x_wconf 86' lang='lat' dir='ltr'><strong>respondet.</strong></span> 
     </span>
    </p>
   </div>
   <div class='ocr_carea' id='block_1_112' title="bbox 2199 5259 3749 5332">
    <p class='ocr_par' dir='ltr' id='par_1_112' title="bbox 2199 5259 3749 5332">
     <span class='ocr_line' id='line_1_112' title="bbox 2199 5259 3749 5332; baseline -0.003 -13"><span class='ocrx_word' id='word_1_815' title='bbox 2199 5265 2403 5319; x_wconf 84' lang='lat' dir='ltr'><strong>nubere</strong></span> <span class='ocrx_word' id='word_1_816' title='bbox 2429 5261 2573 5318; x_wconf 91' lang='lat' dir='ltr'><strong>enim</strong></span> <span class='ocrx_word' id='word_1_817' title='bbox 2601 5261 2820 5332; x_wconf 90' lang='lat' dir='ltr'><strong>proprie</strong></span> <span class='ocrx_word' id='word_1_818' title='bbox 2849 5261 3105 5316; x_wconf 86' lang='lat' dir='ltr'><strong>mulieres</strong></span> <span class='ocrx_word' id='word_1_819' title='bbox 3144 5261 3395 5316; x_wconf 91' lang='lat' dir='ltr'><strong>dicuntur</strong></span> <span class='ocrx_word' id='word_1_820' title='bbox 3425 5275 3440 5314; x_wconf 90' lang='lat'><strong>:</strong></span> <span class='ocrx_word' id='word_1_821' title='bbox 3467 5270 3523 5316; x_wconf 91' lang='lat' dir='ltr'><strong>et</strong></span> <span class='ocrx_word' id='word_1_822' title='bbox 3547 5259 3650 5314; x_wconf 91' lang='lat' dir='ltr'><strong>viri</strong></span> <span class='ocrx_word' id='word_1_823' title='bbox 3680 5261 3749 5315; x_wconf 87' lang='lat' dir='ltr'><strong>du</strong></span> 
     </span>
    </p>
   </div>
   <div class='ocr_carea' id='block_1_113' title="bbox 2200 5354 3766 5425">
    <p class='ocr_par' dir='ltr' id='par_1_113' title="bbox 2200 5354 3766 5425">
     <span class='ocr_line' id='line_1_113' title="bbox 2200 5354 3766 5425; baseline 0 -14"><span class='ocrx_word' id='word_1_824' title='bbox 2200 5371 2343 5411; x_wconf 90' lang='lat' dir='ltr'><strong>cere.</strong></span> <span class='ocrx_word' id='word_1_825' title='bbox 2390 5355 2495 5411; x_wconf 88' lang='lat' dir='ltr'><strong>Sed</strong></span> <span class='ocrx_word' id='word_1_826' title='bbox 2535 5372 2634 5411; x_wconf 92' lang='lat' dir='ltr'><strong>nos</strong></span> <span class='ocrx_word' id='word_1_827' title='bbox 2673 5355 2990 5425; x_wconf 89' lang='lat' dir='ltr'><strong>simpliciter</strong></span> <span class='ocrx_word' id='word_1_828' title='bbox 3022 5356 3223 5411; x_wconf 89' lang='lat' dir='ltr'><strong>dictum</strong></span> <span class='ocrx_word' id='word_1_829' title='bbox 3276 5354 3660 5422; x_wconf 86' lang='lat' dir='ltr'><strong>intelligamus,</strong></span> <span class='ocrx_word' id='word_1_830' title='bbox 3689 5369 3766 5411; x_wconf 82' lang='lat' dir='ltr'><strong>ne-</strong></span> 
     </span>
    </p>
   </div>
   <div class='ocr_carea' id='block_1_114' title="bbox 2203 5446 3451 5520">
    <p class='ocr_par' dir='ltr' id='par_1_114' title="bbox 2203 5446 3451 5520">
     <span class='ocr_line' id='line_1_114' title="bbox 2203 5446 3451 5520; baseline -0.001 -19"><span class='ocrx_word' id='word_1_831' title='bbox 2203 5465 2305 5520; x_wconf 87' lang='lat' dir='ltr'><strong>que</strong></span> <span class='ocrx_word' id='word_1_832' title='bbox 2331 5449 2518 5502; x_wconf 87' lang='lat' dir='ltr'><strong>nubent</strong></span> <span class='ocrx_word' id='word_1_833' title='bbox 2546 5447 2669 5512; x_wconf 90' lang='lat' dir='ltr'><strong>viri,</strong></span> <span class='ocrx_word' id='word_1_834' title='bbox 2700 5464 2863 5519; x_wconf 89' lang='lat' dir='ltr'><strong>neque</strong></span> <span class='ocrx_word' id='word_1_835' title='bbox 2893 5447 3151 5504; x_wconf 87' lang='lat' dir='ltr'><strong>nubentur</strong></span> <span class='ocrx_word' id='word_1_836' title='bbox 3181 5446 3451 5502; x_wconf 89' lang='lat' dir='ltr'><strong>mulieres.</strong></span> 
     </span>
    </p>
   </div>
   <div class='ocr_carea' id='block_1_115' title="bbox 2274 5535 3771 5610">
    <p class='ocr_par' dir='ltr' id='par_1_115' title="bbox 2274 5535 3771 5610">
     <span class='ocr_line' id='line_1_115' title="bbox 2274 5535 3771 5610; baseline 0 -19"><span class='ocrx_word' id='word_1_837' title='bbox 2274 5537 2438 5594; x_wconf 82' lang='lat' dir='ltr'><strong>Vens.</strong></span> <span class='ocrx_word' id='word_1_838' title='bbox 2474 5537 2565 5592; x_wconf 69' lang='grc'><strong>26.</strong></span> <span class='ocrx_word' id='word_1_839' title='bbox 2607 5568 2677 5578; x_wconf 91' lang='grc'><strong><em>-</em></strong></span> <span class='ocrx_word' id='word_1_840' title='bbox 2719 5536 2833 5608; x_wconf 86' lang='lat' dir='ltr'><strong>Ego</strong></span> <span class='ocrx_word' id='word_1_841' title='bbox 2882 5555 2997 5592; x_wconf 88' lang='lat' dir='ltr'><strong>sum</strong></span> <span class='ocrx_word' id='word_1_842' title='bbox 3048 5537 3212 5605; x_wconf 84' lang='lat' dir='ltr'><strong>Deus,</strong></span> <span class='ocrx_word' id='word_1_843' title='bbox 3258 5546 3364 5594; x_wconf 89' lang='lat' dir='ltr'><strong>etc.</strong></span> <span class='ocrx_word' id='word_1_844' title='bbox 3414 5535 3593 5610; x_wconf 60' lang='lat' dir='ltr'><strong>(Bern)</strong></span> <span class='ocrx_word' id='word_1_845' title='bbox 3643 5537 3771 5610; x_wconf 75' lang='lat' dir='ltr'><strong>Cum</strong></span> 
     </span>
    </p>
   </div>
   <div class='ocr_carea' id='block_1_116' title="bbox 2207 5630 3774 5701">
    <p class='ocr_par' dir='ltr' id='par_1_116' title="bbox 2207 5630 3774 5701">
     <span class='ocr_line' id='line_1_116' title="bbox 2207 5630 3774 5701; baseline -0.002 -15"><span class='ocrx_word' id='word_1_846' title='bbox 2207 5631 2371 5686; x_wconf 85' lang='lat' dir='ltr'><strong>multa</strong></span> <span class='ocrx_word' id='word_1_847' title='bbox 2413 5630 2681 5700; x_wconf 86' lang='lat' dir='ltr'><strong>apertiora</strong></span> <span class='ocrx_word' id='word_1_848' title='bbox 2712 5631 3019 5686; x_wconf 89' lang='lat' dir='ltr'><strong>testimonia</strong></span> <span class='ocrx_word' id='word_1_849' title='bbox 3063 5631 3129 5688; x_wconf 89' lang='lat' dir='ltr'><strong>de</strong></span> <span class='ocrx_word' id='word_1_850' title='bbox 3156 5631 3552 5687; x_wconf 87' lang='lat' dir='ltr'><strong>resurrectione</strong></span> <span class='ocrx_word' id='word_1_851' title='bbox 3598 5637 3774 5701; x_wconf 73' lang='lat' dir='ltr'><strong>posset</strong></span> 
     </span>
    </p>
   </div>
   <div class='ocr_carea' id='block_1_117' title="bbox 2206 5720 3776 5798">
    <p class='ocr_par' dir='ltr' id='par_1_117' title="bbox 2206 5720 3776 5798">
     <span class='ocr_line' id='line_1_117' title="bbox 2206 5720 3776 5798; baseline 0.002 -22"><span class='ocrx_word' id='word_1_852' title='bbox 2206 5720 2490 5794; x_wconf 89' lang='lat' dir='ltr'><strong>proferre,</strong></span> <span class='ocrx_word' id='word_1_853' title='bbox 2540 5730 2671 5787; x_wconf 86' lang='lat' dir='ltr'><strong>etc.,</strong></span> <span class='ocrx_word' id='word_1_854' title='bbox 2719 5740 2880 5793; x_wconf 88' lang='lat' dir='ltr'><strong>usque</strong></span> <span class='ocrx_word' id='word_1_855' title='bbox 2929 5723 2998 5780; x_wconf 85' lang='lat' dir='ltr'><strong>ad</strong></span> <span class='ocrx_word' id='word_1_856' title='bbox 3045 5739 3163 5798; x_wconf 79' lang='lat' dir='ltr'><strong>quae</strong></span> <span class='ocrx_word' id='word_1_857' title='bbox 3197 5739 3319 5782; x_wconf 89' lang='lat' dir='ltr'><strong>cum</strong></span> <span class='ocrx_word' id='word_1_858' title='bbox 3367 5723 3651 5784; x_wconf 76' lang='lat' dir='ltr'><strong>animabus</strong></span> <span class='ocrx_word' id='word_1_859' title='bbox 3699 5723 3776 5780; x_wconf 80' lang='lat' dir='ltr'><strong>vel</strong></span> 
     </span>
    </p>
   </div>
   <div class='ocr_carea' id='block_1_118' title="bbox 2207 5811 2956 5885">
    <p class='ocr_par' dir='ltr' id='par_1_118' title="bbox 2207 5811 2956 5885">
     <span class='ocr_line' id='line_1_118' title="bbox 2207 5811 2956 5885; baseline 0.001 -14"><span class='ocrx_word' id='word_1_860' title='bbox 2207 5815 2350 5871; x_wconf 87' lang='lat' dir='ltr'><strong>bona</strong></span> <span class='ocrx_word' id='word_1_861' title='bbox 2374 5813 2460 5870; x_wconf 84' lang='lat' dir='ltr'><strong>vel</strong></span> <span class='ocrx_word' id='word_1_862' title='bbox 2489 5811 2630 5870; x_wconf 87' lang='lat' dir='ltr'><strong>mala</strong></span> <span class='ocrx_word' id='word_1_863' title='bbox 2654 5823 2956 5885; x_wconf 81' lang='lat' dir='ltr'><strong>gesserunt.</strong></span> 
     </span>
    </p>
   </div>
  </div>
