3960 6336
1464 267 1560 284 ΚΑ..-

240 379 340 443 225

1162 377 1429 437 GLOSSA
1465 373 1863 436 ORDINARIA.
1893 405 1966 419 —
1992 374 2244 434 EVANG.
2283 375 2516 434 MARCI.

3356 377 3463 434 226

303 499 460 556 Vsus.
487 495 579 554 28.
622 525 692 538 —
717 495 1062 568 Interrogavit
1088 512 1226 550 eum.
1265 495 1470 568 (illam)
1501 493 1640 562 Quid
1685 493 1790 549 sibi
1814 496 1869 559 Α
1893 497 1950 544 et
1974 489 2223 546 desidero
2247 491 2390 560 quod
2431 505 2538 546 non
2563 504 2785 562 possum
2812 489 2965 546 vobis
2985 487 3293 562 explanare.
3342 491 3462 549 Non

240 589 344 643 vult
368 589 478 644 hac
506 587 750 656 quastio,
800 601 922 642 cum
951 587 1052 641 hoc
1094 586 1270 640 sciant
1295 600 1484 641 omnes
1521 584 1679 656 periti
1729 585 1786 640 in

240 680 380 750 lege?
408 677 509 733 Sed
537 677 746 732 diverse
760 677 813 731 in
838 677 1021 732 Exodo
1041 685 1095 731 et
1115 677 1354 733 Levitico
1375 686 1430 732 et
1450 678 1788 733 Deuterono-

237 770 337 825 mio
351 768 662 823 ordinantur
676 768 952 823 mandata.
971 768 1044 822 De
1054 769 1140 824 his
1153 769 1298 824 enim
1311 768 1516 824 duobus
1529 768 1788 824 uberibus

236 877 385 933 super
412 870 626 932 pectora
657 878 866 933 sponsa
893 863 1085 918 levatis
1126 863 1286 916 alitur
1315 869 1500 916 nostra
1532 859 1782 915 infantia.

298 950 532 1014 Primum
566 956 821 1020 omnium,
854 963 961 1010 etc.
1011 953 1304 1008 Maximum
1333 951 1476 1022 quod
1516 959 1642 1006 ante
1669 965 1786 1006 om-

232 1043 312 1099 nia
342 1043 594 1099 debemus
620 1044 676 1099 in
701 1045 882 1110 corde,
909 1046 1062 1115 quasi
1091 1045 1312 1100 unicum
1351 1044 1570 1115 pietatis
1591 1042 1785 1098 funda-

229 1141 454 1190 mentum
481 1134 686 1201 locare,
707 1137 810 1192 hoc
831 1145 933 1202 est,
963 1136 1170 1192 scilicet
1202 1136 1441 1209 cognitio
1470 1143 1632 1206 atque
1653 1149 1784 1190 con-

228 1224 378 1282 fessio
410 1225 605 1282 divina
632 1229 855 1284 unitatis
883 1244 1018 1284 cum.
1035 1229 1382 1285 exsecutione
1412 1228 1610 1284 divina
1653 1219 1783 1296 ope?

226 1316 454 1384 rationis,
480 1334 601 1389 qua
625 1319 680 1374 in
705 1319 989 1378 dilectione
1016 1321 1112 1377 Dei
1132 1329 1188 1378 et
1209 1321 1441 1392 proximi
1461 1320 1777 1392 perﬁcitur:

224 1408 327 1463 hac
352 1416 432 1464 est
457 1409 592 1478 ﬁdes
619 1427 735 1482 qua:
758 1428 850 1481 per
881 1411 1207 1466 dilectionem
1232 1421 1494 1482 operatur.

285 1497 442 1554 Vens.
503 1500 852 1556 32.—Bene
903 1503 1167 1573 magister.
1225 1500 1482 1573 (Βεωι.)
1533 1499 1780 1556 Ostendit

221 1591 385 1648 scriba
405 1591 458 1645 in
487 1591 596 1647 hac
620 1592 969 1662 responsione
989 1592 1132 1646 inter
1159 1591 1368 1647 scribas
1393 1598 1449 1645 et
1474 1588 1778 1644 Pharisaos

220 1695 418 1752 gravem
441 1681 794 1749 quastionem
811 1681 900 1736 diu
923 1687 1190 1736 versatam
1213 1693 1356 1743 esse,
1377 1685 1507 1743 etc.,
1525 1692 1687 1747 usque
1705 1675 1777 1729 ad

220 1786 364 1826 nemo
384 1779 569 1827 autem
595 1771 798 1842 absque
826 1771 929 1826 ﬁde
948 1779 1002 1826 et
1027 1770 1316 1825 dilectione
1340 1769 1396 1824 in
1420 1782 1526 1839 qua
1548 1773 1776 1823 senten-

218 1862 283 1916 tia
303 1863 473 1918 scriba
515 1863 616 1919 iste
643 1862 881 1919 declarat
902 1878 961 1919 se
981 1863 1166 1920 fuisse.

277 1953 435 2008 Vens.
457 1953 553 2009 ⁸54.
581 1983 653 1994 -
678 1951 800 2010 Νοη
827 1953 976 2027 longe
1000 1971 1053 2009 es
1080 1971 1113 2009 a
1138 1970 1294 2025 regno
1315 1953 1435 2021 Dei,
1455 1963 1564 2011 etc.
1598 1953 1772 2027 (1811).)

215 2045 457 2114 Quamvis
485 2046 558 2100 ad
581 2045 890 2102 tentandum
917 2046 1125 2101 venerit
1153 2063 1166 2099 :
1197 2046 1410 2118 longior
1432 2059 1666 2116 namque
1691 2052 1776 2100 est

213 2138 505 2208 ignorantia
566 2153 728 2209 quam
773 2139 999 2194 scientia
1025 2178 1040 2204 ,
1067 2146 1130 2193 ut
1175 2137 1487 2194 Sadducais
1531 2138 1768 2193 dicitur:

213 2227 406 2284 Erratis
459 2229 746 2285 nescientes
811 2228 1111 2300 Scripturas
1169 2247 1332 2300 neque
1377 2231 1616 2285 virtutem
1676 2230 1774 2286 Dei

213 2319 411 2392 (Matth.
445 2323 607 2392 χιιι).
643 2321 856 2394 (ΒευΑ.)
887 2321 1167 2376 Matthaus
1191 2322 1341 2388 dicit,
1369 2322 1493 2391 quia
1515 2321 1772 2379 tentando

211 2417 491 2484 quarebat,
525 2424 835 2488 etc.,usque
858 2414 926 2469 ad
954 2414 1247 2469 secundum
1278 2413 1405 2469 illud
1434 2431 1448 2468 :
1483 2413 1588 2480 Qui
1614 2413 1771 2482 facile

210 2507 360 2562 credit
381 2507 507 2563 levis
534 2517 610 2563 est
633 2507 806 2574 corde,
832 2516 879 2561 et
907 2506 1254 2561 minorabitur
1275 2505 1443 2576 (Eccl.
1465 2505 1606 2577 xu).

270 2598 337 2653 Et
370 2615 543 2655 nemo.
588 2598 724 2668 Quia
763 2599 819 2653 in
847 2596 1184 2654 sermonibus
1229 2595 1602 2661 confutantur,
1627 2595 1770 2652 ultra

210 2705 305 2746 non
330 2691 703 2762 interrogant;
725 2689 820 2746 sed
834 2697 1019 2760 aperte
1038 2687 1484 2758 comprehensum
1512 2685 1770 2742 Romana

207 2782 450 2852 potestati
475 2784 714 2848 tradunt,
736 2781 878 2837 unde
897 2789 1045 2853 patet
1064 2795 1270 2837 venena
1291 2779 1503 2836 invidia
1523 2781 1768 2852 superari

206 2886 374 2941 posse,
403 2873 500 2928 sed
529 2871 742 2929 difﬁcile
767 2871 1066 2943 quiescere.

270 2963 434 3018 Vens.
475 2963 567 3018 56.
594 2994 667 3006 -—
692 2962 829 3020 Sede
857 2964 1128 3020 adextris.
1157 2962 1294 3020 Nam
1322 2964 1377 3020 in
1405 2963 1509 3020 hoc
1530 2961 1764 3018 inﬁrmi-

205 3059 365 3110 tatem
391 3054 514 3121 ﬁlii,
531 3059 626 3112 sed
647 3057 774 3127 quia
800 3056 934 3111 alter
957 3057 1012 3111 in
1037 3056 1208 3112 altero
1227 3065 1479 3128 operatur
1506 3057 1762 3113 ostendit.

1891 591 2172 654 quantum,
2199 583 2294 638 sed
2317 597 2385 637 ex
2409 591 2610 653 quanto
2641 583 2908 640 desiderat
2949 585 3110 664 Deus.
3160 583 3462 655 Unusquis-

1890 692 1996 747 que
2017 677 2377 747 quadrantem
2416 685 2596 746 potest
2619 677 2832 733 oﬁ‘erre.
2862 677 2988 733 Hac
3030 687 3116 732 est
3141 685 3278 734 torta
3305 681 3462 750 panis

1888 769 1943 824 in
1990 769 2252 835 Levitico,
2283 783 2402 838 qua
2429 776 2514 824 est
2555 768 2804 824 voluntas
2827 776 3095 840 prompta.
3151 769 3457 839 Quadrans,

1887 862 2013 932 quia
2034 861 2298 917 extribus
2321 861 2590 927 consistit,
2618 861 2874 932 cogitatu,
2902 862 3069 917 verbo
3091 870 3146 916 et
3171 861 3332 916 facto.

1958 953 2262 1020 Quadrans.
2298 952 2667 1021 Quadrantem
2690 961 2885 1008 vocant
2911 951 3269 1008 calculatores
3297 967 3460 1022 quar-

1885 1053 1995 1102 tam
2039 1055 2251 1118 partem
2299 1045 2558 1116 cujusque
2604 1044 2718 1112 rei,
2761 1044 2996 1109 scilicet,
3024 1043 3149 1108 loci,
3179 1043 3458 1112 temporis,

1881 1141 2143 1212 pecunia.
2172 1139 2420 1196 Forsitan
2450 1153 2580 1209 ergo
2608 1138 2698 1194 hic
2725 1144 2972 1208 quartam
2993 1144 3201 1206 partem
3223 1135 3360 1199 sieli,
3405 1135 3459 1190 id

1881 1240 1985 1297 est,
2010 1231 2250 1302 quinque
2276 1230 2466 1287 obolos
2495 1228 2784 1302 signiﬁcat.

1889 1351 1892 1356 -
1951 1323 2112 1379 Vnus.
2136 1321 2226 1376 44.
2242 1321 2517 1377 —0mnes
2542 1320 2698 1374 enim.
2724 1317 2937 1390 (ΒευΑ.)
2963 1315 3180 1372 Judaus
3201 1329 3270 1369 ex
3287 1314 3454 1368 abun-

1879 1413 2043 1469 dante
2072 1412 2243 1468 mittit
2281 1413 2336 1467 in
2381 1425 2631 1476 munera,
2659 1417 2788 1474 etc.,
2813 1424 2974 1479 usque
3019 1406 3090 1462 ad
3122 1405 3265 1460 Deus
3311 1419 3454 1458 meus

1877 1502 2235 1558 misericordia
2261 1502 2376 1573 ejus
2399 1500 2672 1573 prtcveniet
2700 1515 2782 1554 me
2810 1496 2983 1570 (Psal.
3033 1497 3206 1566 Lvm).

2456 1607 2685 1666 CAPUT
2723 1605 2861 1662 XIII.

1947 1682 2111 1737 Vens.
2144 1682 2196 1736 1.
2223 1710 2295 1722 --
2319 1679 2390 1735 Et
2415 1696 2534 1734 cum
2553 1678 2902 1749 egrederetur.
2928 1673 3144 1746 (BEDA.)
3169 1673 3448 1730 Recedent

1877 1773 1944 1829 de
1992 1772 2187 1845 templo
2233 1771 2480 1838 Domino,
2512 1779 2642 1834 etc.,
2674 1785 2834 1839 usque
2879 1767 2948 1822 ad
2991 1774 3111 1822 erat
3143 1765 3359 1830 luitura,
3397 1772 3453 1819 et

1800 1855 1850 1917 B
1875 1864 2101 1921 adiﬁcia
2126 1864 2358 1919 ruitura.

1959 1955 2108 2011 Vides
2137 1956 2256 2021 has,
2286 1961 2395 2010 etc.
2441 1952 2714 2008 Divinitus
2739 1959 2918 2006 autem
2958 1956 3311 2020 procuratum
3344 1954 3450 2014 est,

1873 2055 1954 2114 ut,
1967 2047 2233 2118 patefacta
2255 2060 2351 2118 per
2369 2046 2554 2102 orbem
2573 2045 2696 2101 ﬁdei
2719 2043 3041 2116 evangelica
3063 2043 3260 2115 gratia,
3276 2044 3450 2114 ipsum

1873 2138 2130 2208 templum
2153 2153 2275 2193 cum
2296 2136 2631 2193 caremoniis
2654 2134 2930 2190 tolleretur
2953 2152 2966 2188 :
2996 2149 3067 2189 ne
3086 2133 3225 2189 forte
3250 2133 3449 2204 aliquis

1870 2229 2125 2300 parvulus
2150 2228 2348 2296 adhuc,
2371 2242 2437 2284 ac
2464 2226 2670 2282 lactens
2698 2227 2753 2281 in
2782 2226 2907 2291 ﬁde,
2931 2226 2977 2281 si
2998 2226 3204 2282 videret
3229 2239 3451 2282 manere

1871 2323 1962 2379 illa
1991 2339 2022 2379 a
2050 2323 2328 2395 prophetis
2354 2322 2496 2378 facta
2524 2337 2555 2376 a
2585 2321 2814 2378 Domino
2857 2321 3101 2377 instituta
3131 2319 3448 2376 admirando

1870 2425 2115 2473 sanctum
2159 2415 2438 2482 saculare,
2467 2414 2728 2486 paulatim
2757 2414 2827 2470 ad
2875 2411 3210 2470 Judaismum
3245 2411 3453 2468 relabe-

1871 2516 2038 2565 retur.
2073 2507 2333 2564 Aufertur
2369 2523 2500 2579 ergo
2546 2508 2761 2571 umbra,
2788 2516 2844 2562 et
2871 2505 3106 2577 palmam
3136 2512 3282 2561 tenet
3307 2504 3448 2562 veri-

1869 2606 1954 2654 tas
1986 2614 2083 2669 per
2103 2599 2291 2654 orbem
2317 2597 2608 2653 declarata.

1940 2689 2144 2762 (Ηιειι.)
2174 2688 2504 2744 Pranuntiat
2541 2688 2745 2744 cladem
2770 2688 3048 2744 novissimi
3078 2688 3358 2759 temporis,
3392 2688 3443 2744 id

1867 2789 1950 2838 est
1982 2781 2402 2837 destructionem
2433 2781 2620 2850 templi
2671 2795 2796 2836 cum
2823 2779 2978 2850 plebe
3013 2790 3068 2837 et
3110 2780 3292 2836 littera
3321 2796 3441 2836 sua.

1865 2873 1944 2930 De
1968 2887 2112 2943 qua:
2150 2871 2309 2943 Lapis
2347 2888 2505 2941 super
2525 2870 2753 2942 lapidem
2793 2887 2896 2926 non
2930 2871 3251 2943 relinquetur
3287 2870 3440 2942 (Luc.

1864 2963 1980 3036 xxi)
2011 2978 2026 3018 :
2057 2963 2111 3019 id
2157 2971 2260 3030 est,
2291 2962 2603 3018 testimonia
2643 2962 3031 3032 prophetarum
3075 2977 3235 3032 super
3262 2977 3354 3018 eos
3391 2961 3445 3017 in

1865 3068 2004 3125 quos
2031 3052 2200 3109 Judai
2228 3052 2618 3133 retorquebant
2647 3066 2712 3106 ea
2741 3060 2800 3106 ut
2821 3048 2877 3106 in
2919 3051 3168 3117 Esdram,
3199 3052 3252 3106 in
3280 3050 3446 3108 Zoro-

203 3143 330 3198 Nam
354 3151 412 3200 et
432 3143 575 3198 ﬁlius
596 3141 810 3212 subjicit
831 3145 1076 3201 inimicos
1098 3144 1266 3211 Patri,
1282 3153 1338 3200 et
1361 3146 1528 3202 Deum
1549 3145 1766 3200 Patrem
1813 3211 1835 3212 ἡ
1867 3145 2045 3212 babel,
2072 3148 2126 3201 in
2147 3145 2506 3212 Machabaos.

201 3233 468 3304 gloriﬁcat
493 3249 654 3306 super
679 3242 900 3290 terram.

264 3326 434 3382 Vnus.
469 3326 558 3383 58.
586 3357 658 3368 -
684 3325 887 3383 Cavete.
917 3325 1128 3399 (ΒΕΜ.)
1157 3325 1316 3394 Nota,
1341 3326 1467 3397 quia
1490 3341 1596 3383 non
1621 3334 1770 3382 vetat

201 3433 288 3475 eos
309 3419 400 3490 qui
428 3417 588 3488 hujus
613 3417 775 3475 oﬁicii
800 3427 946 3484 sunt,
972 3425 1100 3485 etc.,
1125 3435 1287 3490 usque
1323 3418 1394 3472 ad
1421 3418 1768 3475 simulatione

203 3509 540 3574 seducamur,
568 3508 655 3563 vel
699 3507 1036 3563 amulatioue
1083 3507 1150 3564 ad
1181 3508 1324 3562 idem
1350 3507 1764 3565 inﬁammemur.

268 3597 432 3654 Vens.
457 3598 548 3654 40.
575 3629 648 3641 —
673 3599 778 3665 Qui
804 3600 1054 3654 devorant
1073 3600 1254 3654 domos
1275 3599 1573 3654 viduarum.
1602 3600 1766 3667 Quasi

202 3690 406 3759 patroni
437 3690 494 3745 in
529 3689 732 3760 judicio
767 3688 955 3755 futuri,
988 3690 1056 3746 ab
1086 3689 1316 3746 inﬁrmis
1341 3698 1396 3745 et
1421 3699 1764 3760 peccatorum

203 3780 526 3836 conscientia
569 3779 799 3834 turbatis
849 3779 1134 3848 pecuniam
1164 3779 1410 3850 accipere
1454 3794 1564 3835 non
1610 3781 1768 3837 dubi-

203 3875 313 3925 tant
342 3889 355 3925 :
380 3885 508 3926 eum
543 3869 884 3926 commendet
914 3870 1024 3926 Deo
1044 3870 1344 3927 orationem
1364 3886 1557 3926 manus
1580 3887 1768 3943 porre-

204 3968 282 4016 cta
304 3961 371 4016 ad
395 3959 652 4027 dandum,
674 3976 783 4016 non
806 3961 1026 4018 collecta
1047 3962 1115 4016 ad
1135 3963 1505 4032 accipiendum
1531 3981 1543 4016 :
1571 3965 1767 4034 quibus

205 4053 324 4109 illud
353 4054 610 4126 congruit
636 4071 650 4107 :
681 4051 866 4109 Oratio
899 4054 1012 4124 ejus
1035 4055 1130 4123 ﬁat
1159 4055 1213 4108 in
1241 4065 1530 4125 peccatum.

271 4146 429 4204 Vens.
475 4148 684 4203 41.’-
729 4146 1191 4218 Gasopltylacium.
1225 4147 1456 4221 (BEDA.)
1494 4148 1765 4208 Φυλᾶττειν

203 4243 399 4311 Grace,
429 4256 653 4300 servare
672 4226 1062 4308 Latine.Gaza,
1084 4240 1318 4305 Persice,
1343 4242 1564 4309 divitia,
1586 4242 1765 4300 Gazo-

205 4337 502 4409 phylacinm
533 4335 684 4392 locus
707 4337 812 4406 quo
839 4333 1038 4390 divitia
1071 4341 1377 4401 servantur,
1399 4341 1456 4390 et
1476 4349 1626 4402 arca,
1654 4335 1765 4392 sci-

209 4428 343 4495 licet,
366 4429 420 4486 in
446 4443 555 4500 qua
579 4426 758 4498 populi
787 4427 1009 4482 donaria
1039 4425 1503 4497 congregabantur
1524 4427 1592 4482 ad
1633 4442 1764 4488 usus

1793 3211 1841 3276 C
1942 3237 2118 3292 Vens;
2147 3237 2200 3291 5.
2229 3267 2300 3278 -
2329 3235 2398 3291 Et
2428 3253 2570 3302 cum,
2600 3244 2706 3292 etc.
2739 3234 2917 3309 (Bm)
2943 3236 3002 3290 ln
3044 3236 3249 3292 sanctis
3293 3237 3459 3308 quieag

1871 3334 1961 3382 tus
1998 3336 2221 3383 manet:
2249 3327 2375 3382 dum
2406 3328 2762 3398 superborum
2803 3327 3102 3382 detestatur
3126 3329 3440 3385 amentiam.

1871 3417 2023 3475 Mons
2043 3419 2186 3474 enim
2215 3418 2489 3474 Olivarum
2529 3417 2862 3474 fructiferam
2890 3418 3148 3474 Ecclesiae
3167 3419 3444 3476 celsitudi-

1867 3526 1994 3568 nem
2024 3510 2291 3580 signiﬁcat
2313 3507 2330 3565 ἐ
2365 3525 2522 3566 mons
2549 3510 2640 3566 ille
2675 3526 2781 3566 non
2813 3510 3178 3566 infructuosas
3197 3511 3444 3578 arbores,

1867 3603 1961 3660 sed
1983 3602 2181 3658 oliveta
2209 3603 2401 3674 gignit,
2431 3601 2627 3672 quibus
2653 3601 2835 3658 lumen
2883 3587 3310 3673 alitur,'requies
3338 3601 3445 3659 las-

1869 3695 1946 3751 sis
1975 3695 2249 3762 tribuitur,
2280 3694 2570 3750 inﬁrmitas
2599 3694 2848 3750 solvitur.

1938 3787 2102 3842 Vsns.
2133 3787 2185 3842 5.
2213 3815 2288 3830 —
2311 3786 2378 3840 Et
2402 3787 2735 3856 respondens.
2766 3784 2888 3858 (lo.)
2914 3785 2960 3841 A
2989 3793 3233 3858 tempore
3261 3786 3444 3844 Domi-

1867 3877 2002 3933 nica
2025 3878 2292 3949 passionis
2317 3878 2368 3932 in
2393 3877 2588 3948 populo
2607 3877 2917 3934 Judaorum
2944 3881 3035 3950 qui
3062 3880 3325 3936 latronem
3355 3895 3442 3937 se-

1867 3973 2123 4029 ditiosum
2186 3973 2501 4044 elegerunt,
2537 3971 2809 4028 Christum
2855 3972 3190 4030 Salvatorem
3236 3973 3443 4045 abjece-

1867 4071 2012 4130 runt,
2043 4079 2145 4120 nec
2167 4063 2307 4120 bella
2338 4064 2572 4119 hostium
2593 4079 2695 4119 nec
2721 4064 3018 4119 seditiones
3043 4065 3239 4120 civium
3263 4079 3441 4121 cessa-

1865 4162 2062 4210 verunt
2083 4171 2098 4220 ;
2116 4153 2215 4208 sed
2237 4154 2465 4223 apostoli
2488 4169 2556 4208 ne
2570 4153 2653 4208 his
2668 4153 3087 4209 adventantibus
3109 4163 3438 4220 terreantur,

1865 4256 1920 4304 et
1943 4262 2012 4303 ne
2029 4246 2460 4318 Hierosolymam
2475 4245 2824 4318 Judaamque
2851 4247 3124 4312 deserant,
3151 4249 3444 4305 admouen-

1849 4346 1958 4395 .tur
1979 4378 1996 4405 ,
2027 4338 2150 4409 quia
2183 4352 2285 4391 non
2307 4338 2481 4390 statim
2517 4337 2656 4406 ﬁnis.
2697 4337 2754 4392 In
2793 4337 3260 4409 quadragesimum
3297 4338 3442 4393 enim

1865 4447 2066 4488 annum
2090 4430 2352 4487 desolatio
2378 4430 2669 4500 provincia
2695 4438 2752 4486 et
2772 4429 3019 4486 ultimum
3048 4430 3200 4486 urbis
3219 4446 3283 4486 ac
3310 4437 3442 4488 tem-

208 4522 398 4632 templi.
430 4521 587 4578 Unde
611 4521 664 4574 in
690 4518 827 4574 libro
860 4518 1103 4590 Regnum
1137 4533 1153 4573 :
1190 4517 1332 4632 Tuli:
1363 4519 1765 4632 Joiadalponti-
1788 4568 1844 4632 Β
1866 4524 1940 4595 pli
1962 4523 2230 4604 excidium
2258 4523 2528 4594 prolatum
2557 4531 2660 4578 est.

209 4609 288 4680 {es
306 4610 734 4684 gazophylacium
757 4625 940 4673 unum,
967 4610 1270 4680 aperuitque
1295 4608 1532 4678 foramen
1546 4609 1766 4680 desuper

1944 4615 2109 4682 Vens.
2141 4615 2193 4670 6.
2217 4646 2289 4656 —-
2315 4615 2473 4669 Multi
2499 4616 2636 4669 enim
2660 4616 2880 4670 venient.
2924 4614 3246 4670 Imminente
3291 4616 3440 4672 exci-

210 4700 306 4773 (1V
332 4702 457 4775 Reg.
487 4701 614 4774 ιιι),
639 4709 769 4766 διο-ν
793 4710 848 4755 ει
884 4699 1124 4769 ροτιὶευε
1165 4699 1221 4754 in
1247 4700 1443 4768 quibus
1471 4702 1766 4756 servaball-
1873 4708 1963 4764 dio
1983 4707 2136 4763 multi
2167 4715 2427 4762 venerunt
2460 4705 2553 4776 qui
2577 4720 2636 4766 se
2663 4720 2783 4761 esse
2809 4704 3077 4771 Chtistos,
3101 4716 3153 4760 et
3175 4704 3287 4774 jam
3314 4714 3444 4762 tem-

209 4799 308 4847 tur.
341 4793 493 4851 Unde
525 4811 539 4848 :
572 4791 702 4849 Hac
725 4791 878 4848 verba
910 4791 1112 4847 locutus
1142 4800 1218 4847 est
1242 4791 1396 4848 Jesus
1422 4794 1479 4848 in
1502 4794 1766 4866 gasophy-
1869 4814 1973 4872 pus
1993 4799 2259 4867 libertatis
2281 4797 2471 4852 adesse
2495 4797 2872 4852 mentirentur.
2897 4795 3048 4851 Multi
3069 4797 3234 4852 etiam
3265 4797 3318 4852 in
3346 4799 3444 4865 Ec~

210 4881 353 4949 lucio,
380 4886 570 4938 docens
591 4883 648 4938 in
663 4882 873 4954 templo.

1885 4891 2033 4949 :lesia
2086 4891 2420 4962 temporibus
2459 4889 2823 4960 apostolorum
2867 4889 3011 4944 inter
3050 4900 3247 4946 catera
3299 4892 3440 4946 diem

273 4974 565 5045 Aspiciebat
589 4974 868 5048 quomodo.
899 4972 1052 5031 Sicut
1074 4975 1402 5046 appetitores
1425 4975 1687 5046 primatus
1708 4984 1766 5033 et
1867 4982 2080 5039 Domini
2110 4983 2314 5037 instare
2339 4981 2526 5036 minati
2555 4990 2700 5037 sunt.
2734 4980 2885 5035 Multi
2914 4982 2966 5036 in
2989 4982 3208 5038 nomine
3234 4982 3438 5038 Christi

211 5080 350 5122 vana
367 5067 550 5139 gloria
565 5066 972 5124 cavendosesse
992 5067 1146 5134 dixit,
1162 5074 1218 5122 et
1235 5067 1575 5124 simulatione
1597 5083 1761 5124 oran-
1864 5089 2061 5134 venere
2094 5073 2438 5140 Antichristi,
2467 5087 2695 5143 quorum
2740 5072 2949 5143 primus
2993 5070 3179 5130 Simon
3231 5073 3435 5144 magus,

212 5155 345 5214 tibus
366 5159 626 5230 prolixius
641 5158 903 5231 judicium
924 5157 1193 5232 praedixit,
1215 5158 1294 5215 sic
1319 5159 1486 5215 etiam
1525 5157 1766 5228 oﬁ‘erene
1863 5168 1950 5222 cui
1993 5165 2360 5222 auscultabunt
2391 5181 2566 5219 omnes
2601 5164 2691 5234 qui
2715 5171 2865 5218 erant
2897 5163 2954 5218 in
2983 5163 3231 5220 Samaria
3277 5182 3310 5220 a
3334 5165 3437 5219 mi-

215 5255 290 5304 tes
307 5240 450 5320 justo
472 5250 720 5306 examine
739 5251 1016 5317 diseernit,
1031 5258 1092 5306 ut
1119 5247 1385 5307 retribuat
1407 5250 1650 5321 singulis,
1682 5267 1766 5308 se—
1867 5260 2008 5314 nimo
2032 5276 2192 5331 usque
2221 5259 2290 5312 ad
2319 5258 2605 5312 maximum
2627 5256 2854 5311 dicentes
2877 5273 2896 5311 :
2926 5255 3027 5310 IIic
3049 5266 3124 5311 est
3153 5257 3316 5312 virtus
3339 5257 3436 5313 Dei

215 5343 434 5398 cundum
462 5359 554 5399 cor
575 5353 630 5400 et
652 5359 838 5414 opera,
866 5345 1009 5415 quod
1035 5352 1089 5400 et
1103 5343 1262 5400 hodie
1284 5343 1480 5399 facitin
1502 5346 1762 5401 Ecclesia.
1866 5369 1983 5424 qua:
2010 5362 2223 5406 vocatur
2251 5368 2442 5422 magna
2474 5367 2491 5404 :
2522 5367 2582 5405 eo
2609 5350 2748 5420 quod
2768 5350 2933 5404 multo
2960 5359 3186 5420 tempore
3220 5353 3435 5421 magicis

277 5433 486 5492 Divites.
544 5437 757 5509 (ΒευΑ.)
807 5437 1011 5494 Divites
1033 5478 1049 5503 ,
1076 5435 1244 5494 Judai
1289 5436 1355 5493 de
1389 5437 1596 5508 justitia
1633 5439 1763 5510 legis
1867 5445 2067 5500 artibus
2092 5444 2433 5498 dementasset
2463 5457 2569 5495 eos.

215 5526 352 5594 elati,
379 5539 505 5596 etc.,
534 5549 693 5603 usque
718 5533 787 5586 ad
827 5531 1034 5588 cunctis
1075 5530 1429 5603 superborum
1457 5530 1764 5589 Judaorum
1939 5533 2104 5589 Vens.
2143 5533 2196 5588 8.
2230 5564 2299 5574 —
2327 5530 2585 5602 Exsurget
2632 5532 2790 5586 enim.
2835 5527 3049 5599 (Βεω.)
3089 5527 3215 5584 Hac
3254 5530 3431 5586 omnia

216 5621 477 5689 operibus.
503 5632 773 5694 praestant.
1869 5634 1992 5681 ante
2011 5625 2231 5681 ultimos
2256 5631 2311 5680 et
2333 5622 2716 5680 acerbissimos
2743 5621 2977 5687 dolores,
3001 5629 3130 5685 etc.,
3168 5636 3327 5691 usque
3363 5620 3433 5672 ad

234 5802 239 5808 .
280 5733 438 5790 Vsus.
469 5736 555 5791 42.
583 5767 653 5777 -
689 5733 858 5790 Vidua
893 5753 1107 5808 pauper.
1159 5737 1363 5810 (Ηιιιι.)
1386 5738 1513 5794 Haec
1535 5751 1765 5808 pauper.
1865 5722 1959 5794 qui
2003 5732 2192 5776 contra
2239 5735 2296 5777 se
2329 5719 2560 5776 invicem
2602 5717 2944 5783 dimicantes,
2973 5712 3230 5770 Ecclesia
3265 5712 3435 5774 vieto.-

219 5811 329 5882 eula
364 5844 448 5887 me
478 5829 553 5888 et'
577 5833 779 5890 similes
807 5813 1002 5903 signat,
1030 5832 1139 5904 qui.
1172 5834 1326 5889 mitto
1366 5830 1508 5902 quod
1528 5844 1761 5900 possum
1867 5815 1999 5876 fiam
2023 5814 2244 5871 ἷδοίυηι-
