3960 6336
502 389 608 447 ΞΞῚ

992 385 1391 444 WALAFRIDI
1429 384 1681 444 ετιιΑΒι
1712 384 1921 445 FULD.
1964 383 2063 442 ΜΟ

2179 380 2323 443 DPP.
2364 389 2548 450 PARS
2583 392 2626 450 Ι.
2664 425 2737 437 -
2770 396 3227 460 THEOLOGICA.

3643 405 3752 463 228

577 504 738 562 Vens.
762 500 1090 561 9.-—Videte
1110 514 1305 559 autem.
1324 504 1536 578 (BI-tua.)
1560 505 1737 573 Quare
1756 506 1875 560 haec
1898 501 2079 559 omnia
2105 499 2160 564 Α
2182 508 2237 558 et
2261 504 2491 576 favonii;
2542 510 2622 567 sic
2658 527 2780 568 cum
2821 492 2936 570 haec
2955 530 3076 585 quae
3101 516 3302 587 scripta
3326 524 3456 574 sunt
3481 517 3751 586 videritis,

502 596 965 661 inferantur,dicit
995 595 1195 661 Videte,
1214 605 1316 651 etc.
1347 596 1420 651 Ea
1442 597 1586 651 enim
1607 596 1691 652 vel
1710 596 1821 653 sola
1842 596 2079 651 maxima

504 674 671 749 causa
694 697 777 747 est
803 686 1017 752 excidii,
1046 688 1170 757 quia
1198 695 1320 757 post
1344 688 1670 742 occisionem
1718 688 1951 753 Domini,
1981 701 2082 742 nos

502 784 665 840 minis
686 794 901 852 quoque
928 792 992 832 ac
1019 776 1142 832 ﬁdei
1173 793 1451 848 praecones
1473 778 1678 834 similes
1716 786 1772 833 et
1808 776 2083 833 confessos

500 890 590 932 res
623 872 779 943 impia
807 869 1127 937 crudelitate
1148 871 1435 925 vexabant.

571 966 735 1020 Vens.
766 960 1024 1017 lib—Et
1054 963 1109 1015 in
1131 977 1306 1016 omnes
1334 971 1527 1032 gentes.
1558 961 1684 1034 (im)
1732 961 1868 1029 Quia
1914 975 2081 1017 nove-

500 1065 587 1112 rat
607 1053 865 1110 Dominus
891 1052 1057 1108 corda
1095 1052 1483 1121 discipulorum
1512 1053 1579 1107 de
1624 1053 1926 1123 perditione
1966 1066 2081 1108 sua

500 1148 675 1220 gentis
696 1147 977 1209 tristanda,
998 1146 1102 1201 hoc
1121 1147 1283 1200 modo
1298 1145 1625 1212 consolatur,
1640 1154 1700 1200 ut
1718 1147 1896 1201 sciant
1916 1146 2081 1201 amis-

499 1242 576 1298 sis
606 1240 804 1296 Judaeis
831 1253 889 1294 se
914 1238 1091 1293 socios
1121 1236 1273 1308 regni
1303 1235 1544 1291 caelestis
1568 1251 1637 1291 ex
1664 1244 1776 1292 toto
1811 1236 1945 1295 orbe
1981 1236 2082 1291 hac

498 1333 728 1390 bituros.
753 1329 911 1386 Sicut
933 1330 1083 1384 enim
1116 1329 1504 1384 ecclesiasticae
1529 1328 1769 1383 historiae
1814 1336 2081 1384 testantur

498 1423 667 1478 multo
700 1430 828 1477 ante
885 1420 1158 1476 excidium
1204 1418 1420 1481 Iudaeae,
1479 1432 1671 1474 omnes
1723 1418 1953 1489 apostoli
2009 1415 2080 1472 ad

498 1514 902 1585 praedicandum
924 1510 1272 1582 Evangelium
1297 1524 1394 1580 per
1418 1518 1594 1565 totum
1620 1496 1811 1566 orbem
1846 1518 1974 1565 sunt
1998 1510 2080 1565 dl-

498 1606 693 1676 spersi,
724 1604 967 1674 exceptis
1014 1600 1214 1658 Jacobo
1255 1600 1521 1665 Zebedazi,
1553 1609 1608 1654 et
1657 1598 1858 1655 Iacobo
1906 1599 2078 1655 fratre

497 1694 733 1760 Domini,
759 1696 851 1766 qui
875 1694 1024 1765 prius
1047 1693 1101 1748 in
1125 1691 1309 1749 Judtea
1337 1707 1436 1763 pro
1462 1693 1629 1748 verbo
1650 1690 1926 1764 Evangelii
1956 1705 2077 1745 san-

497 1788 707 1860 guinem
738 1785 1011 1841 fuderunt.

567 1877 732 1933 Vens.
762 1877 849 1932 14.
869 1908 937 1917 -
960 1876 1091 1931 Cum
1121 1886 1295 1931 autem
1321 1877 1571 1942 videritis,
1596 1882 1700 1931 etc.
1735 1875 1832 1947 (In.

496 1967 829 2023 abominatio
879 1965 1151 2037 intelligi,
1201 1964 1287 2019 vel
1334 1965 1724 2030 Antichristus,
1762 1965 1848 2019 vel
1895 1965 2074 2035 imago

495 2056 723 2115 Caesaris
759 2073 921 2129 quam
960 2056 1167 2112 Pilatus
1192 2056 1246 2110 in
1290 2055 1489 2126 templo
1528 2056 1727 2125 posuit,
1755 2064 1887 2121 etc.,
1910 2068 2077 2127 usque

495 2153 565 2207 ad
595 2166 809 2222 semper
837 2146 1064 2221 parebat
1095 2148 1324 2219 imperio
1351 2146 1742 2202 Romanorum.

567 2243 732 2299 Vens.
759 2243 843 2296 17.
868 2271 940 2280 -
970 2238 1060 2294 Vw
1082 2250 1255 2294 autem
1305 2239 1714 2310 prtegnuntibu.,
1767 2248 1873 2295 etc.
1934 2238 2073 2308 Quia

492 2337 578 2394 vel
602 2336 743 2392 uteri
784 2334 1025 2405 pondere
1048 2334 1135 2389 vel
1173 2333 1406 2388 ﬁliorum
1449 2333 1666 2388 sarcina
1704 2340 1940 2403 gravatm
1984 2333 2077 2388 fu-

494 2443 620 2501 gere
638 2443 747 2483 non
770 2433 1045 2498 poterunt.
1074 2424 1227 2481 Unde
1248 2424 1301 2479 in
1332 2423 1472 2479 libro
1495 2423 1854 2479 Historiarum
1877 2424 2079 2495 legitur

493 2534 721 2578 uxorem
751 2517 995 2575 Jonathm
1031 2516 1307 2572 turbatam
1338 2516 1484 2586 fuga,
1521 2514 1690 2569 lilium
1712 2515 1832 2570 sinu
1854 2529 1954 2571 suo
1994 2515 2075 2570 la-

490 2628 646 2685 psum
669 2610 939 2682 recepisse
960 2618 1220 2679 perpetuo
1249 2606 1518 2662 claudum.

560 2702 726 2758 Vens.
757 2701 846 2756 2i.
876 2732 943 2741 -—
970 2699 1039 2754 Et
1059 2713 1181 2754 tunc
1207 2700 1253 2753 si
1275 2700 1410 2770 quis.
1457 2698 1633 2769 (Ben.)
1680 2698 1910 2768 Quidam
1964 2700 2071 2757 hoc

492 2797 559 2852 ad
585 2795 956 2866 captivitatem
1002 2791 1283 2848 Iudaicam
1335 2791 1599 2855 referunt,
1649 2792 1866 2861 quando
1911 2791 2069 2847 multi

489 2885 735 2944 Christus
764 2900 822 2940 se
846 2898 965 2940 esse
996 2882 1257 2946 dicentes,
1280 2880 1530 2951 populum
1553 2888 1676 2951 post
1699 2896 1760 2936 se
1781 2882 2066 2951 deceptum

489 2982 797 3036 trahebant.
853 2977 960 3034 Sed
1006 2976 1080 3033 ibi
1130 2975 1309 3031 nullus
1351 2983 1470 3031 erat
1500 2974 1703 3042 ﬁdelis,
1735 2990 1895 3047 quem
1924 2976 2067 3033 Deus

488 3075 889 3137 exhortaretur,
939 3084 1007 3126 ne
1049 3082 1336 3140 perversos
1379 3067 1672 3138 magistros
1719 3078 2063 3139 sequeretur.

2181 613 2286 653 non
2315 601 2514 668 putetis
2552 603 2664 673 jam
2689 604 2875 659 adesse
2904 605 3063 661 linem
3091 607 3297 673 mundi,
3322 609 3418 663 sed
3439 609 3594 679 quasi
3621 625 3753 681 prs:-

2181 706 2430 747 cursores
2450 694 2651 758 venire,
2679 696 2771 764 qui
2793 698 3082 752 ostendant
3103 712 3269 769 prope
3301 713 3442 755 esse.

2186 804 2219 889 ς
2252 802 2466 875 (Βιςω.)
2488 802 2650 862 Ficus
2677 804 2984 879 Synagoga,
3025 823 3143 878 quae
3166 811 3291 879 quia
3322 811 3390 865 ad
3414 827 3475 869 se
3505 812 3755 872 veniente

2179 893 2406 949 Domino
2426 894 2660 951 fructum
2682 898 2904 968 justitize
2935 915 3041 955 non
3074 901 3277 971 habuit,
3311 911 3444 971 etc.,
3484 922 3646 977 usque
3683 907 3755 962 ad

2180 994 2234 1041 et
2262 995 2510 1042 aestatem
2523 1003 2674 1079 ,γει-ω
2702 989 2840 1045 lucis
2858 999 2914 1045 et
2943 992 3112 1064 pacis.

2251 1106 2456 1179 (Ηιιιιι.)
2477 1108 2592 1162 Fici
2612 1109 2888 1177 parabola,
2905 1109 2958 1164 id
2986 1118 3090 1176 est,
3110 1111 3411 1183 prophetia.
3431 1112 3583 1170 Folia
3603 1123 3754 1185 nata,

2178 1199 2341 1254 verba
2371 1206 2493 1254 sunt
2516 1200 2836 1268 praesentia,
2859 1209 3019 1257 testas
3041 1218 3172 1257 veru
3217 1203 3464 1273 proxima
3509 1204 3628 1260 dies
3673 1214 3759 1261 est

2172 1289 2384 1371 iudicii,
2422 1288 2474 1345 in
2503 1306 2610 1361 quo
2643 1307 2975 1371 unaquaeque
3005 1292 3167 1349 arbor
3196 1294 3563 1351 manilestabit
3610 1299 3759 1368 quod

2179 1380 2324 1438 intus
2346 1382 2533 1461 habuit
2555 1399 2625 1439 an
2652 1384 2862 1439 aridum
2888 1384 2955 1441 ad
2984 1386 3411 1443 combureudum
3431 1428 3446 1453 ,
3474 1403 3543 1444 an
3581 1391 3756 1448 viride

2178 1473 2244 1529 ad
2262 1473 2613 1543 plantandum
2642 1473 2698 1529 in
2724 1474 2869 1532 Eden
2893 1491 3015 1533 cum
3044 1477 3186 1547 ligno
3212 1479 3336 1533 vita:
3360 1477 3514 1550 cujus
3534 1478 3668 1536 folia
3698 1482 3754 1537 in

2179 1568 2406 1635 salutem
2431 1569 2695 1640 gentium,
2736 1569 2790 1624 id
2829 1579 2931 1637 est,
2960 1572 3124 1628 verba
3152 1571 3349 1643 quibus
3384 1572 3615 1642 dicetur,
3652 1575 3753 1631 Ve-

2178 1659 2303 1726 nite,
2326 1659 2579 1727 benedicti
2604 1661 2781 1716 Patris
2802 1663 2926 1727 mei,
2947 1671 3052 1719 etc.

2248 1750 2411 1815 Vens.
2442 1753 2533 1811 51.
2571 1782 2643 1795 ——
2665 1750 2861 1807 Caelum
2891 1762 2939 1808 et
2986 1763 3127 1809 terra
3168 1756 3488 1813 transibunt.
3539 1757 3756 1816 C(elum

1839 1875 1858 1949 )
1888 1875 2075 1932 P018“
2100 1857 2153 1924 ι
2177 1858 2417 1949 aereum,
2448 1860 2477 1899 a
2508 1861 2615 1915 quo
2642 1861 2770 1901 aves
2797 1846 2919 1903 coeli
2948 1854 3004 1901 et
3049 1848 3235 1904 nubila
3280 1850 3424 1918 coeli,
3457 1852 3600 1908 unde
3652 1855 3757 1911 Pe-

2178 1944 2294 1993 trus
2323 1953 2335 1990 :
2374 1933 2502 1997 Caeli
2522 1946 2694 1995 autem
2708 1939 2799 2009 qui
2823 1954 2959 1997 nunc
2988 1949 3130 2009 sunt,
3160 1952 3208 1999 et
3238 1952 3377 1999 terra
3398 1945 3578 2001 eodem
3604 1948 3756 2002 verba

2177 2026 2385 2096 repositi
2417 2038 2537 2093 sunt
2564 2038 2612 2083 et
2635 2030 2742 2100 igni
2767 2032 3015 2093 reservati
3037 2031 3120 2104 (ΙΙ
3154 2031 3272 2090 Pet.
3302 2035 3414 2107 ιιι),
3444 2048 3633 2108 aperte
3657 2040 3757 2097 (ιο.

2174 2132 2323 2187 cens,
2350 2120 2479 2189 quia
2500 2118 2590 2174 alii
2617 2121 2741 2176 coeli
2780 2130 2906 2178 sunt
2944 2124 3067 2196 igne
3124 2126 3351 2197 perituri
3398 2143 3561 2200 quam
3610 2147 3755 2202 aqua

2171 2212 2390 2283 perditi,
2416 2212 2469 2269 id
2496 2222 2596 2279 est,
2631 2214 2813 2272 inania
2848 2225 2905 2273 et
2933 2217 3217 2276 nebulosa.
3243 2222 3398 2291 Aqua
3420 2224 3566 2283 enim
3614 2227 3756 2284 dilu-

2172 2304 2246 2363 vii
2267 2320 2387 2375 quae
2415 2315 2621 2366 tantum
2663 2308 2973 2379 quindecim
3017 2311 3213 2369 cubitis
3260 2317 3543 2372 cacumina
3590 2334 3753 2376 mon-

2175 2394 2306 2451 tium
2334 2398 2665 2453 transcendit
2689 2398 2829 2455 ultra
2851 2403 2994 2457 aeris
3012 2404 3337 2476 :etheriSque
3364 2407 3601 2465 conﬁnia
3640 2426 3754 2468 non

2170 2488 2438 2558 pervenit.
2464 2488 2825 2547 Ecclesiastes
2869 2492 3020 2564 (Cap.
3050 2493 3089 2565 ι)
3120 2513 3131 2548 ;
3166 2492 3442 2553 Generatio
3491 2502 3753 2570 presterit,

2169 2588 2217 2635 at
2239 2582 2505 2650 generatio
2532 2581 2739 2643 advenit
2759 2596 2778 2634 .'
2811 2593 2953 2640 terra
2979 2602 3100 2643 vero
3129 2587 3185 2642 in
3212 2599 3465 2644 (sternunt
3485 2601 3611 2647 stat.
3654 2592 3753 2649 Sic

2168 2686 2298 2742 ergo
2338 2672 2534 2735 caelum
2583 2681 2638 2735 et
2692 2681 2837 2730 terra
2889 2685 3202 2746 transeunt,
3231 2681 3527 2737 secundum
3556 2682 3753 2754 imagi-

2168 2780 2319 2831 nem,
2343 2776 2564 2823 mauent
2584 2769 2638 2825 in
2663 2778 2923 2825 aeternum
2951 2771 3246 2828 secundum
3286 2776 3598 2843 essentiam.

2240 2857 2402 2912 Vens.
2434 2858 2523 2914 52.
2543 2890 2616 2900 —
2637 2859 2819 2933 Neque
2839 2861 3002 2931 ﬁlius.
3017 2895 3090 2907 —-
3107 2864 3177 2920 In
3197 2883 3256 2921 eo
3277 2869 3548 2927 enimsunt
3568 2890 3752 2935 omna

2168 2953 2399 3007 thesauri
2423 2955 2692 3023 sapientia:
2714 2965 2762 3009 et
2787 2956 3018 3015 scientia:
3036 2957 3349 3017 absconditi.
3374 2961 3497 3023 ideo
3521 2965 3752 3025 abscon-

2167 3045 2290 3112 diti,
2323 3047 2449 3116 quia
2485 3046 2645 3107 nobis
2673 3048 2815 3104 scire
2862 3064 2970 3107 non
3019 3051 3259 3121 expedit,
3283 3052 3425 3111 unde
3456 3056 3537 3113 ait
3571 3074 3584 3111 :
3621 3057 3753 3115 Non

486 3164 687 3222 Omnes
708 3172 764 3219 et
794 3162 1103 3219 obsidentes
1131 3170 1188 3216 et
1215 3161 1421 3217 obsessi
1455 3160 1617 3216 alieni
1645 3176 1675 3216 a
1704 3160 1923 3217 Christo
1967 3162 2066 3217 ob-
2104 3146 2239 3231 A9“
2277 3149 2505 3197 “mm”
2541 3157 2693 3197 ³0⁸⁸⁸
2734 3150 2967 3212 multo”
3007 3143 3083 3201 ναί
3128 3156 3386 3201 momen”
3425 3164 3544 3219 qua?
3584 3148 3753 3207 Pam

486 3256 777 3319 durabant,
796 3255 940 3309 unde
962 3252 1154 3308 melius
1181 3252 1246 3308 de
1266 3252 1533 3307 haereticis
1561 3252 1954 3323 accipiendum,
1969 3253 2061 3323 qui

2179 3233 2338 3287 posuit
2368 3234 2423 3287 in
2442 3249 2540 3287 sua
2560 3243 2812 3303 potestate
2838 3234 2977 3303 (Act.
3002 3234 3065 3308 l).
3092 3236 3155 3293 In
3180 3252 3289 3307 quo
3317 3241 3555 3299 estatdit
3598 3244 3751 3313 quod

483 3356 671 3405 contra
708 3345 1007 3402 Ecclesium
1034 3345 1332 3411 venientes,
1365 3359 1425 3400 se
1470 3342 1718 3401 Christus
1764 3359 1885 3402 esse
1911 3362 2064 3403 men-

483 3439 691 3496 tiuntur
720 3458 733 3494 :
765 3453 994 3510 quorum
1038 3437 1247 3509 primus
1294 3435 1482 3492 Simon
1529 3435 1756 3509 Magus;
1786 3448 2063 3498 extremus

480 3532 872 3589 Antichristus.

555 3620 719 3680 Vens.
759 3621 849 3676 24.
885 3652 956 3663 —
985 3620 1092 3677 Sed
1116 3620 1173 3674 in
1199 3618 1306 3674 illis
1334 3618 1533 3685 diebus,
1559 3627 1667 3675 etc.
1700 3618 1823 3693 (ln.)
1867 3619 2060 3679 Sidera

480 3714 535 3769 in
561 3713 765 3784 judicio
787 3711 1113 3766 videbuntur
1155 3709 1405 3774 obscura,
1442 3718 1571 3776 etc.,
1602 3728 1761 3783 usque
1814 3713 1885 3767 ad
1931 3721 2062 3770 tunc

480 3803 574 3856 ﬁet
599 3801 739 3871 quod
760 3800 902 3856 idem
922 3799 1182 3870 propheta
1206 3798 1333 3853 alibi
1359 3798 1491 3855 dicit
1518 3818 1530 3853 :
1561 3798 1629 3854 Et
1661 3803 1759 3855 erit
1792 3801 1885 3857 lux
1918 3801 2059 3858 luna:

478 3892 611 3948 sicut
640 3891 739 3958 sol,
766 3902 813 3945 et
845 3891 938 3945 lux
964 3889 1092 3945 solis
1112 3890 1207 3945 erit
1229 3889 1627 3962 septempliciter
1669 3893 1803 3946 sicut
1837 3892 1931 3948 lua:
1971 3909 2055 3947 se-

477 3996 614 4058 ptem
651 3986 855 4040 dierum
884 3983 1023 4056 (Isa.
1057 3984 1162 4055 ιιι).

552 4079 716 4135 Vens.
747 4077 839 4133 25.
861 4107 933 4117 —
957 4075 1283 4131 Decidentes.
1313 4074 1360 4129 A
1395 4074 1599 4131 lumine
1651 4075 1868 4147 quando
1918 4090 2059 4147 pene

476 4174 650 4231 deerit
677 4186 859 4227 semen
883 4169 1138 4245 Abrahae,
1168 4168 1254 4225 cui
1295 4167 1607 4223 assimilatas
1641 4177 1769 4224 sunt
1791 4169 1977 4225 stellte.

544 4265 613 4320 Et
638 4266 850 4319 virtutes
878 4277 1015 4333 quis,
1042 4268 1146 4315 etc.
1185 4258 1397 4332 (BEDA.)
1424 4258 1563 4327 Quid
1593 4259 1790 4315 mirum
1820 4268 2058 4317 tremere

474 4358 741 4418 homines,
765 4370 886 4409 cum
914 4363 1133 4423 aspectu
1154 4351 1346 4421 judicii
1380 4361 1613 4407 tremant
1654 4353 1911 4425 angelica:
1953 4370 2055 4425 po-

473 4448 735 4505 testates?
760 4444 913 4501 Unde
932 4442 1033 4499 Job
1062 4461 1075 4498 :
1106 4442 1377 4497 Columnae
1402 4442 1514 4497 caeli
1554 4446 1980 4512 contremiscunt,
2004 4454 2056 4501 et

2167 3325 2325 3389 sciat,
2351 3326 2448 3381 sed
2476 3340 2635 3382 nosse
2659 3324 2919 3397 apostolis
2960 3340 3067 3383 non
3111 3329 3395 3399 expediat,
3422 3339 3482 3387 ut
3529 3347 3753 3403 semper

2166 3417 2363 3474 incerti
2384 3418 2452 3474 de
2476 3419 2712 3474 adventu
2736 3418 2959 3495 iudicis,
2984 3420 3063 3476 sic
3092 3422 3334 3492 quotidie
3361 3423 3545 3480 vivant
3584 3426 3749 3497 quasi

2166 3507 2270 3563 alia
2298 3509 2385 3563 die
2400 3509 2696 3580 iudicandi.
2723 3509 2840 3566 Scit
2859 3525 2990 3582 ergo
3018 3510 3160 3568 ﬁlius
3172 3513 3300 3579 sibi,
3322 3514 3418 3571 sed
3437 3531 3545 3571 non
3563 3516 3749 3585 nobis,

2165 3608 2226 3656 ut
2247 3614 2467 3670 semper
2484 3600 2655 3655 simus
2675 3600 2910 3664 solliciti.
2946 3604 3086 3660 unde
3119 3622 3134 3657 :
3162 3604 3347 3673 videte,
3375 3606 3606 3676 vigilate,
3633 3616 3746 3664 etc.

2238 3689 2480 3760 illness.)
2510 3689 2681 3746 Filius
2708 3699 2763 3746 et
2787 3689 3023 3761 Spiritus
3055 3704 3299 3762 sanctus,
3329 3697 3457 3766 quia
3476 3712 3585 3753 non
3615 3707 3753 3759 sunt

2165 3799 2196 3838 a
2223 3797 2298 3847 se,
2325 3783 2393 3839 de
2413 3785 2499 3840 die
2526 3784 2615 3839 illa
2639 3785 2891 3849 nesciunt
2913 3802 2947 3842 a
2970 3803 3070 3845 se:
3109 3788 3273 3847 Pater
3299 3801 3478 3849 autem
3495 3834 3511 3860 ,
3537 3795 3663 3865 quia
3708 3811 3748 3853 a

2165 3890 2225 3931 se
2251 3887 2355 3942 est,
2387 3877 2488 3932 scit
2517 3893 2549 3931 a
2581 3893 2659 3932 se.

2234 3967 2397 4027 Vens.
2426 3968 2516 4024 34.
2542 4001 2611 4013 -—
2664 3969 2734 4025 Et
2746 3970 2996 4041 janitori,
3015 3980 3119 4029 etc.
3152 3971 3360 4047 (Ηιῑιι.)
3388 3974 3475 4042 Ei,
3507 3977 3747 4048 scilicet,

2161 4061 2253 4132 qui
2286 4061 2563 4132 praedicat.
2587 4059 2689 4116 Cui
2714 4062 2915 4119 dicitur
2947 4082 2960 4116 :
2987 4062 3176 4119 Sinon
3203 4069 3601 4125 (renuntiaveris
3636 4072 3746 4126 ini-

2159 4172 2261 4227 quo
2280 4155 2604 4225 iniquitatem
2633 4171 2809 4223 suam,
2838 4157 3147 4227 sanguinein
3179 4158 3303 4229 ejus
3329 4161 3396 4215 de
3436 4176 3602 4218 manu
3644 4173 3745 4221 tua

2158 4246 2420 4317 requiram
2439 4245 2657 4318 (Ezech.
2683 4245 2789 4318 ιιι).

2239 4338 2459 4409 Vigilate
2496 4357 2642 4413 ergo.
2689 4342 2976 4399 Pramisso
3024 4344 3432 4416 patrisfamilias
3465 4351 3742 4424 exemplo,

2158 4444 2256 4486 cur
2290 4434 2773 4491 consummationis
2810 4435 2953 4491 diem
3001 4439 3241 4505 reticeat,
3290 4442 3422 4498 dicit
3457 4461 3472 4503 :
3529 4445 3745 4516 uigilata

469 4549 655 4613 pavent
686 4539 755 4592 ad
786 4547 970 4593 nutum
997 4536 1111 4606 ejus
1156 4533 1297 4607 (Job.
1326 4535 1497 4604 xxvi).
1550 4534 1619 4588 Et
1664 4538 1792 4606 quid
1845 4539 2053 4607 patitur

2179 4538 2299 4594 ego.
2331 4523 2432 4591 Qui
2454 4525 2678 4593 dormit,
2699 4542 2805 4583 non
2834 4543 3084 4601 corpora,
3100 4532 3195 4587 sed
3216 4535 3532 4605 phantasias
3550 4538 3734 4607 videt;

469 4607 679 4702 virgula
711 4629 945 4695 deserti,
969 4629 1061 4683 ubi
1088 4627 1397 4683 concutitur
1420 4627 1611 4683 cedrus
1631 4630 1911 4698 paradisi?
1933 4631 2053 4686 Μο-

2179 4632 2279 4673 zum
2304 4618 2526 4689 evigilat
2554 4621 2867 4679 nihilhabet
2885 4624 2954 4679 de
2968 4625 3054 4681 his
3074 4642 3194 4697 qua:
3217 4628 3451 4685 viderat.
3485 4630 3579 4687 Sic
3605 4639 3742 4691 sunt

467 4725 740 4781 rebantur.
767 4720 969 4797 (litem)
998 4721 1079 4776 Ad
1100 4722 1236 4776 iram
1257 4719 1506 4775 vindlctae
1527 4723 1744 4791 quando
1767 4725 2053 4781 mittentur

2179 4727 2294 4783 [uos
2340 4714 2707 4779 mundiamor
2732 4718 2872 4788 rapit
2914 4717 2967 4773 in
2991 4721 3122 4782 vita,
3149 4721 3351 4777 deserit
3394 4737 3518 4794 pom
3540 4725 3735 4782 vitam.

469 4833 501 4873 a
532 4816 667 4870 Filio
695 4814 930 4870 hominis
962 4812 1213 4867 veniente
1234 4811 1288 4866 in
1317 4812 1551 4867 nubibus
1579 4813 1702 4867 coeli
1733 4830 1855 4869 cum
1876 4817 2055 4872 virtu-

2228 4804 2387 4862 Vens.
2410 4808 2502 4864 56.
2533 4837 2604 4850 -
2631 4808 2787 4876 Quod
2810 4818 2986 4867 autem
3015 4814 3177 4869 vobis.
3207 4815 3323 4871 Non
3356 4817 3529 4873 solum
3557 4828 3736 4876 recto~

469 4915 543 4974 te,
582 4923 702 4977 quae.
741 4906 890 4977 prius
930 4906 1075 4961 sicut
1102 4904 1297 4975 pluvia
1350 4905 1406 4959 in
1462 4905 1632 4961 vellus
1678 4908 1959 4965 descendit
1992 4911 2049 4966 in

2179 4914 2242 4954 es
2265 4898 2540 4967 Ecclesiae,
2567 4903 2660 4957 sed
2690 4911 2747 4957 et
2783 4918 2973 4961 omnes
2995 4906 3221 4978 vigilare
3245 4910 3609 4981 praecipimur,
3645 4913 3735 4985 ja-

467 4998 790 5054 humilitate.

540 5086 703 5142 Vens.
733 5082 822 5140 27.
849 5114 919 5125 —
946 5084 987 5139 Α
1012 5092 1239 5156 quatuor
1260 5086 1445 5141 ventis.
1466 5085 1551 5141 Ah
1576 5088 1785 5143 oriente
1820 5097 1875 5145 et
1900 5091 2047 5148 occi-

467 5179 644 5242 dente,
663 5185 867 5243 austro,
896 5176 1164 5248 aquilone,
1196 5186 1251 5233 et
1289 5186 1397 5236 non
1429 5184 1641 5235 tantum
1670 5179 1741 5235 ab
1783 5181 1898 5250 his;
1947 5184 2041 5240 sed

466 5286 498 5326 a
519 5285 727 5325 summo
754 5277 912 5325 terrae
939 5283 1112 5340 usque
1139 5269 1207 5324 ad
1234 5284 1505 5325 summum
1530 5271 1751 5338 omium,
1772 5273 1826 5329 id
1846 5282 1949 5341 est,
1973 5275 2042 5331 ab

462 5360 721 5420 extremis
749 5360 945 5416 ﬁnibus
970 5368 1130 5416 teme
1152 5373 1253 5431 per
1276 5360 1541 5417 directum
1573 5378 1745 5433 usque
1797 5365 1866 5420 ad
1904 5366 2036 5422 ulti-

462 5471 580 5512 mos
601 5454 862 5509 terminos
888 5451 1022 5522 ejus,
1059 5453 1153 5507 ubi
1176 5451 1333 5524 longe
1368 5453 1759 5523 aspicientibus
1798 5456 2036 5514 circulus

460 5548 584 5607 coeli
607 5556 765 5603 terra:
793 5547 1010 5604 videtur
1034 5546 1291 5604 insidere.
1436 5608 1441 5614 ,

529 5646 696 5701 Vens.
726 5644 816 5709 28.
832 5675 899 5685 -—
921 5644 966 5697 Α
986 5643 1092 5713 ﬁcu
1118 5654 1313 5699 autem.
1356 5643 1524 5713 Quasi
1565 5645 1742 5714 dicat,
1766 5649 2038 5720 quomodo

460 5753 583 5794 cum
624 5726 831 5792 iuerint
884 5738 937 5791 in
983 5736 1089 5792 ﬁcu
1130 5737 1303 5793 teneri
1339 5737 1615 5805 cauliculi,
1644 5748 1698 5796 et
1728 5755 1941 5811 gemma
1981 5744 2037 5800 in

458 5826 645 5893 ﬂorem
665 5828 919 5900 erumpit,
946 5827 1248 5901 intelligitis
1267 5827 1555 5886 adventum
1582 5832 1789 5889 aestatis
1808 5841 1865 5890 et
1887 5835 2051 5891 veris-

2151 5005 2288 5047 nuas
2323 4992 2567 5047 cordium
2593 4995 2991 5063 custodientes;
3034 5010 3103 5054 ne
3131 5000 3337 5070 antiqui
3372 5000 3546 5058 hostis
3584 5005 3729 5061 mala

2150 5085 2426 5156 suggestio
2453 5086 2739 5154 subintret,
2768 5102 2839 5143 ne
2858 5104 2959 5145 nos
2986 5089 3247 5147 Dominus
3271 5093 3603 5152 dormientes
3638 5097 3729 5151 in-

2147 5180 2350 5247 veniat,
2374 5181 2515 5238 unde
2542 5182 2774 5238 Paulus:
2806 5180 3048 5254 Vigilate,
3063 5186 3285 5256 justi,et
3308 5188 3469 5244 nolite
3487 5205 3726 5261 peccare.

2729 5297 2957 5402 caput
2995 5341 3135 5401 xxv.

2211 5460 2375 5517 Vens.
2394 5455 2655 5515 l.-Erat
2668 5466 2845 5513 autem
2856 5457 3072 5529 pascha.
3081 5456 3287 5531 (litem)
3302 5457 3726 5526 Pascha,’trans~

2140 5557 2250 5614 itus
2289 5555 2697 5626 interpretatur,
2721 5552 2890 5622 phase
2922 5566 3052 5608 vero
3072 5552 3727 5627 immolatio,etc.,usque

2139 5649 2209 5704 ad
2234 5656 2289 5704 et
2308 5647 2505 5702 armati
2546 5647 2746 5702 virtute
2796 5643 3143 5701 comedamus
3199 5645 3479 5702 dicentes:
3513 5645 3727 5704 Etenim

2142 5739 2351 5794 Pascha
2374 5748 2610 5793 nostrum
2630 5736 2934 5794 immolatus
2957 5746 3034 5792 est
3051 5734 3291 5794 Christus
3309 5736 3524 5809 (Matth.
3546 5737 3717 5811 xxvr).

2213 5829 2425 5903 (Βεω.)
2452 5829 2682 5897 Pascha,
2706 5828 2852 5902 quod
2880 5829 3147 5889 Hebraice
3188 5832 3376 5902 phase,
3405 5846 3435 5889 a
3461 5833 3721 5900 transitu.
