3960 6336
234 335 331 393 929

1167 326 1434 388 GLOSSA
1474 322 1874 383 OliDlNABlA.
1913 350 1980 363 -ο
2017 324 2271 384 EVANG.
2310 326 2543 386 MARCI.

235 462 331 503 non
357 459 386 499 a
410 443 680 516 passione,
709 451 841 510 etc.,
862 458 1026 513 usque
1052 442 1120 496 ad
1161 441 1266 496 iter
1295 440 1499 495 scilicet
1533 438 1789 492 admonet
1812 442 1862 501 Α
1888 444 1973 491 sto
1993 438 2239 493 notitiam
2271 439 2608 508 futurorum,
2629 456 2887 514 passuros
2922 453 3051 518 post
3088 461 3292 519 paucos
3339 450 3458 509 dies

234 539 402 597 subire
433 537 711 591 virtutum.
764 535 832 589 Et
881 536 1177 605 querceam
1231 532 1420 587 summi
1470 531 1812 586 sacerdotes..

233 628 424 698 (Ηιειι.)
451 627 493 680 Α
522 626 856 697 principibus
883 639 1101 694 egressa
1127 632 1207 677 est
1235 622 1509 692 iniquitas,
1524 622 1630 691 .qui
1652 629 1791 677 tem-

231 723 364 793 plum
396 732 604 787 parare,
641 726 696 772 et
723 731 873 781 vasa,
896 724 953 770 et
978 730 1036 769 se
1059 713 1353 784 puriﬁcare
1381 713 1675 768 secundum
1709 713 1791 768 le-

230 827 337 880 gem
367 808 430 863 ad
456 822 606 863 esum
639 806 765 876 agni
803 805 1120 860 debuerant.

294 898 446 954 Vens.
494 896 550 951 2.
593 924 659 936 --
690 894 815 949 Non
839 895 897 949 in
924 894 1010 947 die
1051 894 1203 962 festo.
1232 892 1357 965 (Ιιι.)
1410 891 1598 947 Vitant
1642 892 1786 947 diem

233 990 433 1053 bstum,
458 987 601 1058 quod
621 986 873 1042 convenit
898 983 1002 1040 illis
1032 1002 1046 1039 :
1074 998 1180 1039 non
1204 992 1289 1039 est
1304 982 1570 1041 festivitas
1592 982 1675 1039 eis
1692 982 1790 1054 qui

231 1082 377 1136 vitam
406 1087 460 1134 et
480 1079 909 1136 misericordiam
927 1076 1293 1147 perdidean

286 1173 445 1227 Vsus.
466 1171 530 1226 3.
559 1200 633 1211 —
657 1169 729 1225 Et
758 1186 876 1225 eum
900 1175 1037 1223 esset
1081 1164 1371 1222 Bethania.
1423 1165 1549 1239 (10.)
1584 1165 1789 1221 Hinnu—

223 1264 299 1320 ius
323 1276 607 1319 cervorum
628 1275 843 1331 semper
864 1260 933 1315 ad
961 1249 1215 1314 lectulum
1239 1272 1395 1314 suum
1424 1258 1583 1322 redit,
1610 1257 1660 1311 id
1680 1266 1781 1321 est,

221 1354 376 1411 Filius
394 1352 657 1408 obedieus
678 1351 823 1406 Patri
844 1365 1017 1421 usque
1035 1351 1104 1404 ad
1125 1357 1352 1404 mortem
1373 1366 1386 1402 :
1420 1348 1784 1404 obedientiam

220 1463 247 1503 a
270 1446 421 1502 nobis
446 1445 606 1515 petit.
642 1443 834 1498 Simon
859 1443 1010 1496 enim
1024 1441 1284 1497 obedieus
1307 1442 1523 1497 dicitur.
1554 1439 1791 1496 Simonis

219 1539 417 1611 leprosi.
444 1536 635 1592 Simon
664 1535 911 1606 leprosus
953 1533 1215 1590 mundum
1270 1531 1541 1587 inﬁdelem
1588 1530 1785 1601 primo,

218 1640 391 1701 postea
405 1627 620 1683 ﬁdelem
636 1625 925 1698 signiﬁcat.
944 1623 1011 1679 Et
1027 1624 1365 1691 recumberet,
1380 1624 1534 1688 venit,
1550 1631 1654 1679 ete.
1676 1623 1783 1676 Re-

216 1722 495 1779 cumbente
521 1719 723 1790 seipse,
752 1718 933 1781 idaest,
960 1714 1276 1781 humiﬁaate
1299 1729 1388 1780 se,
1420 1722 1479 1768 ut
1506 1728 1631 1767 eum
1661 1724 1783 1768 tau-

1887 532 2102 600 prmscit
2131 532 2479 603 Evangelium
2509 550 2663 591 suum
2710 546 2822 593 toto
2863 541 2995 595 orbe
3033 542 3455 611 praedicandum.

1885 622 2209 688 Notandum,
2242 625 2385 695 quod
2414 629 2554 681 sicut
2578 628 2743 683 Maria
2783 632 3049 687 totoorbe
3080 649 3187 703 quo
3226 645 3313 692 est
3354 638 3457 694 Ec-

1886 714 2048 770 clesia
2070 712 2259 770 diﬁ‘usa
2295 715 2521 786 gloriam
2557 721 2754 775 meruit
2778 722 2845 776 de
2864 723 2954 791 pio
2980 724 3268 794 obsequio,
3312 730 3456 799 quod

1888 806 2116 861 Domino
2143 805 2336 861 devote
2357 807 2604 863 exhibuit
2636 826 2649 863 :
2681 811 2761 865 sio
2786 817 2841 866 et
2871 812 3038 869 ludas
3066 816 3161 885 qui
3183 816 3235 871 ei
3277 818 3455 873 detra-

1885 896 1988 961 xit,
2011 895 2248 967 perﬁdiae
2271 907 2398 951 nota
2421 897 2578 968 longe
2607 899 2821 972 lateque
2854 901 3165 960 infamatur.
3198 905 3304 962 Sed
3351 908 3459 964 Do-

1886 978 2065 1042 minus
2090 987 2289 1041 bonum
2316 988 2402 1058 pia
2427 987 2586 1045 laude
2604 1002 2937 1059 remunerat,
2957 994 3139 1057 futura
3155 996 3307 1068 impii
3325 1013 3456 1055 con-

1888 1076 2139 1134 tumelias
2167 1086 2330 1134 tacet.

1955 1187 2229 1244 Vsss.lﬁ.
2251 1187 2459 1244 ——Uno
2486 1190 2554 1244 de
2585 1190 2882 1248 duodecim.
2921 1193 3127 1268 (illam)
3175 1194 3323 1256 Unus
3354 1218 3459 1257 nu-

1885 1292 2056 1345 mero,
2087 1294 2194 1334 non
2218 1281 2430 1345 merito,
2455 1281 2673 1336 nomine
2694 1297 2804 1338 non
2829 1285 3071 1351 numine,
3094 1288 3321 1358 corpore
3350 1308 3458 1348 non

1885 1369 2065 1425 animo
2088 1409 2103 1435 ,
2144 1370 2291 1425 unde
2321 1384 2550 1440 sponsus
2590 1371 2656 1426 ad
2704 1387 2954 1443 sponsam
2993 1392 3011 1429 ιη
3047 1372 3346 1433 Vulnerasti
3368 1398 3460 1436 cor

1886 1475 2078 1527 meum,
2103 1476 2253 1515 soror
2278 1476 2416 1528 mea,
2440 1461 2496 1516 in
2526 1477 2629 1515 uno
2658 1462 2930 1518 oculorum
2951 1474 3182 1532 tuorum,
3203 1477 3254 1521 et
3273 1468 3330 1524 in
3350 1486 3455 1526 uno

1885 1551 2026 1605 crine
2050 1550 2172 1604 colli
2198 1552 2274 1604 tui
2305 1550 2480 1622 (Cant.
2501 1553 2597 1624 tv).
2623 1552 2824 1610 Oculus
2840 1563 2898 1610 et
2920 1556 3085 1611 crinis
3099 1559 3364 1629 sapientia
3376 1570 3462 1619 est

1884 1647 1939 1695 et
1966 1641 2155 1706 virtus,
2172 1642 2424 1711 quoniam
2456 1642 2607 1699 indie
2637 1660 2760 1699 cum
2785 1645 2998 1702 caeteris
3029 1648 3228 1705 dicitur
3254 1669 3271 1706 :
3309 1649 3459 1709 Vobis

1884 1731 2069 1785 datum
2083 1743 2157 1786 est
2175 1749 2323 1786 nosse
2348 1736 2652 1803 mysterium
2678 1726 2823 1806 regni
2841 1737 2940 1792 Dei
2964 1736 3178 1810 (Matth.
3198 1741 3340 1815 xm).
3360 1743 3456 1799 Et:

216 1822 355 1885 geret
381 1811 518 1867 ﬁdes
545 1809 863 1882 peccatricis
891 1826 904 1863 :
936 1823 1055 1878 quae
1085 1808 1149 1898 de
1174 1807 1399 1877 pedibus
1441 1796 1687 1898 ascendit
1713 1804 1785 1860 ad
1810 1801 1871 1862 Β
1884 1822 2018 1878 Dedi
2041 1824 2180 1877 vobis
2207 1796 2511 1894 ροιεειαξεηι
2541 1824 2692 1897 (Luc,
2711 1796 2790 1898 χ’),
2820 1836 2926 1884 εις,

214 1910 382 1974 caput,
407 1918 439 1957 a
467 1902 655 1972 capite
668 1900 946 1957 descendit
970 1912 1075 1969 per
1086 1897 1281 1964 ﬁdem,
1304 1897 1358 1953 id
1376 1906 1480 1964 est,
1507 1911 1541 1952 a
1568 1896 1784 1952 Christo

214 1995 276 2050 ad
302 1995 548 2050 membra
574 1991 713 2062 ejus.

276 2086 488 2142 Mulier.
520 2083 730 2157 (Beate)
747 2083 915 2138 Maria
926 2081 1236 2153 Magdaleaa
1252 2096 1408 2137 soror
1420 2081 1606 2136 Lazari
1623 2095 1785 2151 quem

212 2178 482 2237 suscitavit
534 2175 815 2241 Dominus,
862 2182 994 2239 etc.,
1040 2188 1203 2243 usque
1228 2171 1297 2227 ad
1329 2180 1390 2229 ut
1416 2170 1701 2228 Mattbaeus
1728 2178 1787 2228 et

212 2268 417 2324 Marcus
445 2267 756 2339 perhibent,
784 2263 906 2320 oleo
928 2271 1119 2319 sancto
1144 2260 1401 2333 perfudit.
1501 2308 1507 2313 ς

273 2362 632 2415 Atabastram.
660 2357 1007 2413 Alabastrum
1030 2369 1269 2411 marmor
1296 2354 1582 2411 candidum
1620 2354 1785 2412 variis

210 2454 367 2526 guttis
391 2453 711 2509 distinctum
743 2459 1013 2523 unguenta
1039 2450 1350 2518 incorrupta
1384 2455 1583 2505 servat.
1609 2446 1787 2508 Nardi

208 2545 403 2615 apicati.
428 2544 640 2600 Pistica
667 2544 871 2598 nardus
898 2543 1097 2599 dicitur
1122 2541 1298 2605 mista,
1326 2539 1454 2610 quia
1482 2554 1585 2594 non
1611 2537 1785 2595 solum

209 2638 269 2692 de
296 2638 498 2702 radice,
514 2637 611 2693 sed
631 2637 697 2691 de
720 2636 882 2706 spicis
898 2634 1046 2691 etde
1069 2632 1212 2691 foliis
1236 2632 1593 2703 compositum
1622 2638 1743 2686 erat
1766 2648 1777 2684 :

206 2728 344 2798 quod
376 2737 464 2783 est
502 2727 812 2798 pretiosius.
846 2772 849 2777 .

272 2818 341 2872 Et
370 2818 564 2889 fracto.
597 2818 807 2891 (litum)
828 2818 1029 2873 Domus
1049 2816 1268 2887 impleta
1287 2814 1471 2881 odore,
1499 2814 1695 2873 omium
1726 2822 1785 2871 et

204 2919 345 2966 terra
375 2922 483 2969 est.
522 2911 773 2967 Fructum
823 2911 1155 2969 alabastrum
1193 2908 1410 2969 earnale
1445 2915 1529 2963 est
1573 2908 1783 2964 deside-

203 3005 367 3069 rium,
395 3004 544 3073 quod
568 3003 837 3074 frangitur
856 3003 927 3059 ad
946 3010 1111 3071 caput
1134 3015 1150 3056 :
1184 3016 1249 3059 ex
1275 3015 1380 3068 quo
1403 3013 1562 3053 omne
1582 3012 1781 3068 corpus

201 3098 645 3166 compaginatum
669 3103 772 3150 est.
811 3094 989 3166 (Βειι.)
1025 3094 1247 3155 Devotio
1270 3091 1485 3155 Mariae,
1524 3090 1683 3146 ﬁdem
1727 3100 1786 3145 et

201 3156 463 3258 pietatem
490 3190 739 3259 designat
765 3156 1039 3253 Ecclesiae,
1069 3196 1172 3247 etc.
1194 3226 1210 3251 ,
1238 3202 1397 3255 usque
1416 3183 1484 3238 ad
1513 3183 1599 3253 pia
1640 3196 1778 3253 prae-
1810 3156 1857 3220 Ο

200 3280 478 3337 dicatione
513 3288 569 3335 et
596 3279 806 3335 devotis
841 3286 1133 3335 veneratur
1159 3276 1455 3346 obsequiis.
1698 3326 1707 3338 ,

269 3373 443 3429 γωδ.
472 3370 527 3427 4.
568 3401 640 3411 -
668 3370 837 3425 Erant
872 3379 1044 3424 autem
1092 3367 1327 3439 quidam.
1359 3364 1483 3439 (lu.)
1532 3362 1636 3418 Per
1689 3378 1783 3434 sy-

203 3463 518 3521 necdochen
546 3459 749 3531 plurale
787 3475 887 3530 pro
930 3456 1187 3529 singulari
1232 3455 1435 3528 posuit,
1462 3461 1595 3520 etc.,
1623 3468 1786 3524 usque

205 3557 269 3613 ad
296 3555 456 3626 cujus
485 3555 590 3610 hac
621 3554 687 3613 de
727 3567 890 3609 causa
927 3549 1146 3607 furandi
1174 3546 1618 3611 consuetudinem
1651 3545 1783 3601 inti-

202 3664 350 3707 mare
375 3648 609 3707 curavit.
645 3643 710 3700 Ut
744 3646 871 3717 quid
896 3644 1120 3715 perditio
1146 3642 1269 3697 ista.
1298 3638 1504 3713 (HIER.)
1534 3637 1789 3694 Perditus

204 3738 267 3794 de
293 3739 475 3793 salute
503 3737 862 3808 perditionem
891 3735 1117 3800 invenit,
1148 3743 1209 3789 ut
1246 3733 1303 3788 in
1350 3732 1458 3795 ﬁcu
1503 3728 1785 3787 fructifera

203 3832 392 3887 mortis
418 3831 673 3901 laqueum
699 3829 1127 3884 nancisceretur.

270 3925 439 3985 Vsus.
472 3921 529 3979 5.
559 3951 629 3965 —-
656 3919 871 3977 Poterat
900 3920 1039 3973 enim
1088 3923 1433 3986 unguentum.
1489 3911 1614 3985 (lu.)
1670 3910 1784 3973 Sub

203 4026 471 4088 praetextu.
531 4015 773 4075 avaritiae
813 4011 1131 4086 mysterium
1177 4008 1414 4079 loquitur
1460 4005 1614 4071 ﬁdei,
1651 4013 1781 4073 etc.,

204 4128 361 4181 usque
407 4110 479 4166 ad
513 4106 685 4179 spolia
720 4104 1025 4161 dividamus
1056 4102 1124 4157 ad
1162 4113 1467 4172 vesperam.

274 4201 435 4259 Vsus.
466 4201 521 4255 6.
546 4228 619 4239 —
648 4196 852 4251 Bonum
887 4210 1015 4265 opus
1054 4200 1286 4262 operata.
1318 4187 1440 4261 (lo.)
1468 4186 1573 4256 Qui
1609 4185 1789 4243 credit

203 4298 259 4361 in
281 4298 477 4364 Deum,
502 4302 788 4365 reputatur
812 4292 862 4347 ei
887 4292 941 4346 in
963 4304 1098 4360 opus
1143 4286 1386 4356 justiti-ae.
1431 4283 1591 4340 Aliud
1639 4282 1785 4340 enim

202 4399 284 4447 est
302 4390 535 4446 credere
564 4388 635 4452 ei,
658 4385 804 4442 aliud
833 4392 919 4442 est
963 4380 1186 4439 credere
1222 4380 1277 4436 in
1321 4394 1465 4445 eum,
1488 4378 1544 4433 id
1570 4385 1675 4444 est,
1707 4384 1787 4433 to-

204 4488 315 4537 tum
344 4498 403 4538 se
433 4480 661 4550 injicere
689 4480 742 4537 in
767 4477 937 4532 illum.

1954 1934 2094 1988 Abiit
2124 1935 2211 2000 ad,
2241 1943 2344 1991 etc.
2373 1937 2464 1994 ille
2488 1938 2622 1993 abiit
2651 1940 2721 1994 ad
2750 1940 3061 2011 principes:
3093 1952 3148 1999 et
3173 1954 3459 2017 postquam

1884 2028 2070 2095 exivit,
2088 2028 2310 2084 intravit
2327 2029 2380 2083 in
2397 2044 2521 2084 eum
2544 2030 2830 2088 Sathanas.
2847 2032 2947 2089 llic
2968 2050 3072 2089 nox
3100 2039 3239 2091 nocti
3261 2039 3458 2098 indicat

1883 2120 2170 2175 scientiam.
2192 2118 2603 2194 Unumquodque
2621 2123 2821 2179 animal
2834 2126 2904 2179 ad
2918 2127 3017 2181 sibi
3031 2129 3202 2184 simile
3213 2131 3459 2203 jungitur
3539 2194 3542 2197 Α

1885 2211 2100 2284 (Matth.
2128 2216 2344 2287 xxviii).
2362 2214 2529 2275 Maria
2550 2216 2721 2271 currit
2747 2218 2814 2272 ad
2839 2219 3111 2289 apostolos
3132 2231 3188 2277 ut
3210 2216 3324 2279 dies
3350 2225 3456 2280 diei
3490 2230 3496 2235 ’

1883 2312 2092 2360 eructet
2121 2306 2372 2372 verbum;
2397 2304 2564 2361 Judas
2584 2307 2653 2362 ad
2678 2305 2910 2376 Judteos,
2926 2317 2987 2365 ut
3010 2308 3117 2367 nox
3138 2314 3284 2369 nocti
3314 2314 3459 2371 indi-

1885 2409 1971 2455 cet
2002 2401 2300 2457 scientiam.

1956 2516 2119 2572 Vsns.
2158 2516 2245 2571 ll.
2301 2545 2372 2555 —
2417 2514 2485 2570 Et
2537 2516 2800 2587 qurerebat
2844 2519 3103 2591 quomodo
3149 2518 3321 2589 illum,
3350 2530 3458 2582 etc.

1886 2609 2091 2681 (Ηιεκ.)
2128 2608 2403 2664 Promittit
2425 2622 2484 2664 se
2516 2611 2751 2677 tradere,
2783 2618 2841 2666 ut
2871 2612 3129 2684 magister
3176 2614 3292 2685 ejus
3336 2624 3464 2673 ante

1885 2701 2100 2757 dicebat
2153 2719 2165 2755 :
2223 2700 2340 2761 Tibi
2394 2700 2533 2758 dabo
2593 2701 2733 2761 hanc
2781 2712 3103 2774 potestatem
3131 2706 3459 2769 universam.

1885 2793 2097 2864 (Βεω.)
2114 2792 2272 2847 Multi
2296 2792 2455 2849 hodie
2476 2793 2654 2851 scelus
2672 2792 2823 2850 Judte
2842 2798 3139 2859 exhorrent
3155 2814 3259 2856 nec
3281 2809 3465 2860 tamen

1885 2895 2101 2952 cavent,
2130 2895 2260 2953 etc.,
2287 2903 2447 2958 usque
2471 2888 2540 2940 ad
2572 2898 2630 2942 ut
2672 2889 2867 2945 amotis
2914 2892 3132 2955 arbitris
3181 2894 3465 2955 mendacio

1883 2977 2191 3044 veritatem,
2221 2978 2448 3033 crimine
2472 2986 2681 3035 mutent
2703 2980 2981 3037 virtutem.

1956 3094 2121 3153 Vsus.
2160 3095 2242 3149 12.
2272 3124 2344 3135 -
2368 3094 2437 3149 Et
2463 3096 2633 3166 prima
2657 3096 2743 3152 die
2770 3113 3095 3168 azymorum.
3118 3097 3244 3171 (1(1.)
3262 3101 3469 3169 Quarta

1888 3186 2096 3242 decima
2125 3186 2273 3253 luna,
2299 3186 2515 3256 quando
2548 3187 2759 3258 abjecto
2786 3186 3055 3245 fermento
3098 3206 3270 3262 agnus
3317 3193 3464 3249 occi-

1888 3281 2115 3336 debatur
2136 3282 2204 3336 ad
2228 3296 2536 3350 vesperum,
2566 3291 2698 3345 etc.,
2728 3300 2891 3355 usque
2924 3285 2994 3341 ad
3031 3285 3198 3356 ipsius
3217 3287 3465 3345 immola-

1887 3373 2073 3438 tionis,
2106 3373 2159 3428 id
2185 3381 2288 3438 est,
2319 3388 2430 3429 suae
2456 3375 2728 3444 passimis
2760 3376 3043 3432 exordium
3074 3379 3327 3435 sacravit.

1960 3464 2133 3537 Usus.)
2148 3464 2281 3520 Cum
2309 3466 2671 3522 amaritudine
2684 3467 2987 3524 comeditur
3010 3484 3222 3540 azyma,
3244 3487 3364 3541 quae
3383 3480 3489 3532 est.

1886 3557 2184 3627 redemptio
2200 3565 2402 3613 nostra.
2421 3558 2740 3619 Amsritudo
2761 3561 2905 3616 enim
2926 3569 3011 3618 est
3030 3563 3211 3632 passio
3233 3563 3467 3623 Domini.

1958 3672 2119 3726 Vens.
2154 3670 2240 3725 i3.
2268 3700 2340 3714 ιυ-
2373 3670 2454 3725 Ite
2475 3671 2531 3724 in
2556 3672 2831 3726 civitatem.
2861 3672 3047 3745 (830.)
3076 3673 3336 3731 iudicium
3385 3685 3470 3734 est

1884 3762 2241 3833 praescientia:
2270 3760 2585 3826 divinitatis,
2617 3768 2757 3826 etc.,
2778 3778 2939 3834 usque
2966 3764 3035 3817 ad
3058 3772 3113 3820 et
3136 3765 3203 3821 ad
3230 3764 3470 3824 tollenda

1886 3854 2073 3908 mundi
2100 3852 2331 3909 crimina
2353 3854 2550 3908 viviﬁci
2581 3853 2743 3909 fontis
2784 3855 3051 3924 baptisma
3094 3868 3462 3916 consecretur.

1889 3943 2093 4016 (Ηιειι.)
2114 3942 2319 3999 Civitas
2342 3953 2425 3999 est
2448 3944 2688 3999 Ecclesia
2709 3960 2831 4015 quae
2858 3961 3014 4003 muro
3036 3947 3160 4004 ﬁdei
3186 3951 3461 4022 cingitur:

1887 4036 2051 4098 homo
2079 4050 2377 4091 occurrens
2426 4036 2735 4105 primitivus
2778 4039 3008 4108 populus
3059 4048 3162 4103 est.
3203 4043 3464 4111 amphora

1887 4138 2043 4195 aqua:
2069 4125 2154 4180 lex
2184 4124 2397 4179 litterae.
2424 4124 2597 4180 Homo
2624 4125 2865 4197 (egenam
2886 4144 3058 4198 aqum.
3085 4128 3297 4202 (Beas)
3324 4131 3487 4188 Conv

1889 4217 2026 4273 salte
2054 4225 2108 4273 et
2133 4230 2288 4286 aqua:
2327 4214 2508 4285 bajuli,
2542 4225 2598 4272 et
2645 4218 2861 4273 Domini
2908 4220 3101 4277 domus
3145 4222 3305 4278 tacita
3342 4232 3469 4280 sunt

1887 4308 2170 4375 vocabula,
2194 4318 2253 4364 ut
2279 4310 2531 4365 omnibus
2569 4326 2757 4366 verum
2796 4314 3001 4382 pascha
3052 4314 3331 4372 celebrare
3375 4332 3467 4373 vo-

1888 4406 2146 4471 lentibus,
2174 4405 2226 4460 id
2250 4414 2334 4461 est
2368 4407 2729 4461 sacramentis
2752 4405 2953 4463 Christi
3001 4408 3193 4475 imbui,
3240 4424 3469 4483 eumque

1810 4514 1867 4581 ῃ
1891 4512 2007 4554 suae
2039 4497 2236 4553 mentis
2260 4497 2497 4568 hospitio
2525 4498 2805 4568 suscipere
2825 4499 3217 4569 quaerentibus,
3243 4500 3467 4561 facultas

274 4574 439 4630 Vsus.
464 4574 518 4628 7.
544 4602 616 4613 —
644 4569 737 4662 die
763 4578 936 4662 autem
951 4581 1070 4662 Anon
1092 4580 1310 4662 semper.
1337 4561 1549 4662 (Deum)
1578 4561 1784 4662 Corpo-
1815 4561 1862 4581 "
1896 4594 2072 4650 danda
2101 4562 2363 4662 signetur;

207 4664 300 4719 rali
327 4663 623 4736 praesentia
643 4646 698 4715 et
716 4658 1081 4714 familiaritate
1101 4653 1443 4723 coniunctum
1459 4653 1598 4707 sicut
1619 4667 1782 4709 nunc.

206 4752 359 4810 Unde
381 4750 681 4826 Apostolus
707 4768 721 4804 :
747 4747 863 4802 Etsi
895 4747 1186 4802 noverimus
1210 4742 1474 4796 Christum
1501 4740 1787 4796 secundum

205 4861 435 4912 carnem,
462 4842 558 4899 sed
597 4857 734 4897 nunc
759 4839 877 4911 jam
913 4838 1147 4892 novimus
1205 4833 1290 4908 (ll
1334 4831 1458 4889 Cor.
1486 4833 1563 4904 v).
1613 4830 1786 4902 Spiri-

206 4938 426 4993 tualiter
458 4944 645 4991 autem
673 4946 889 5003 semper
928 4937 1011 4986 est
1058 4927 1360 4991 nobiscum,
1395 4924 1538 4980 unde
1588 4943 1602 4979 :
1652 4920 1787 4978 Ecce

206 5044 295 5098 ego
325 5027 596 5085 vobiscum
634 5040 750 5079 sunt
776 5037 937 5092 usque
964 5019 1033 5075 ad
1063 5018 1562 5074 consummationem
1607 5012 1788 5070 surculi

207 5122 447 5175 omnibus
477 5119 682 5175 diebus.
714 5116 925 5190 (Ηιειι.)
972 5116 1050 5170 Ita
1084 5111 1491 5183 intelligendum
1526 5118 1607 5169 est
1639 5125 1659 5165 :
1702 5108 1788 5165 Me

209 5222 388 5270 autem
420 5228 536 5270 non
571 5226 785 5282 semper
804 5207 1072 5266 habebitis
1106 5206 1160 5260 in
1184 5201 1452 5274 corporali
1479 5201 1786 5272 praesentia,

209 5315 267 5359 ut
301 5309 458 5377 prius
486 5309 539 5362 in
570 5306 817 5362 convictu
847 5313 902 5359 et
928 5301 1319 5358 familiaritate.

280 5400 450 5456 Vsus.
478 5398 532 5459 8.
546 5430 617 5445 σι-
636 5397 790 5465 Quod
817 5397 1015 5453 habuit.
1034 5394 1188 5463 Quod
1210 5393 1411 5463 putatis
1430 5390 1788 5462 perditionem

208 5506 330 5547 esse
354 5493 637 5563 unguenti,
668 5489 898 5546 ofﬁcium
938 5486 1233 5558 sepulturae
1277 5492 1380 5540 est.
1428 5481 1541 5538 Nec
1590 5481 1790 5536 mirum

213 5584 256 5638 si
286 5584 419 5638 mihi
455 5584 603 5638 dedit
624 5583 846 5639 odorem
872 5580 997 5636 ﬁdei
1026 5580 1247 5642 bonum,
1283 5590 1406 5639 cum
1440 5588 1541 5644 ego
1578 5586 1679 5642 pro
1725 5586 1790 5626 ea

212 5674 438 5730 {usurus
463 5688 583 5729 sum
613 5672 929 5744 sanguinem
954 5684 1154 5726 meum.

284 5768 456 5826 Vsus.
488 5767 541 5826 9.
566 5800 589 5810 -
657 5767 822 5823 Amen
844 5765 960 5820 dico
980 5762 1137 5819 vobis.
1168 5756 1378 5834 (Βεω.)
1400 5755 1536 5817 Nota
1561 5754 1615 5814 iu
1639 5750 1793 5811 Citri-

1965 4704 2271 4775 Sequimini.
2303 4700 2508 4774 (Ηιιςιι.)
2531 4701 2633 4769 Qui
2658 4700 2808 4757 ducit
2834 4702 2891 4757 in
2928 4702 3094 4759 altum
3126 4702 3219 4759 ubi
3242 4703 3465 4764 refectio

1891 4796 2119 4864 Christi,
2148 4794 2292 4851 unde
2319 4794 2470 4849 Raab
2495 4793 2929 4864 exploratoribus
2971 4796 3213 4863 mandat,
3258 4805 3319 4852 ut
3361 4813 3475 4879 non

1889 4906 1989 4964 per
2012 4893 2119 4947 ima
2143 4893 2234 4947 sed
2258 4904 2356 4961 per
2386 4888 2599 4946 excelsa
2630 4888 2791 4944 irent.

1962 5003 2128 5060 Vsus.
2164 5001 2348 5058 15.-
2383 4995 2720 5055 ϐωιιαοιιιιιηι
2769 4998 2986 5069 grande.
3047 4994 3174 5075 (lo.)
3226 5002 3463 5065 Ecclesia

1890 5108 2107 5168 magna,
2136 5106 2260 5165 qua).
2286 5097 2472 5147 narrat
2499 5105 2695 5146 nomen
2737 5089 2974 5156 Domini,
2999 5100 3171 5148 strata
3206 5093 3465 5157 varietate

1890 5189 2151 5243 virtutum
2193 5193 2249 5240 et
2268 5184 2572 5255 linguarum
2592 5222 2607 5246 ,
2649 5179 2793 5237 unde
2823 5198 2836 5235 :
2868 5178 3272 5238 Circumamicta
3303 5186 3465 5241 varie-

1896 5291 2004 5337 tate
2026 5277 2199 5353 (Psal.
2223 5273 2367 5345 xuv)
2395 5274 2654 5329 virtutum
2676 5313 2691 5338 ,
2720 5271 2776 5326 in
2829 5286 2933 5343 qua
2972 5281 3196 5349 paratur
3238 5274 3473 5347 Domino

1892 5371 2114 5444 pascha.
2147 5366 2408 5423 Dominus
2426 5365 2617 5419 domus
2642 5362 2839 5422 Petrus
2864 5363 3139 5436 apostolus
3172 5365 3259 5421 cui
3286 5365 3467 5423 Domi-

1893 5480 1997 5520 nus
2022 5463 2241 5519 domum
2270 5472 2426 5514 suam
2482 5455 2758 5512 credidit:
2796 5463 2858 5511 ut
2904 5456 2977 5514 sit
3031 5473 3136 5512 una
3188 5458 3324 5516 ﬁdes
3366 5462 3467 5517 sub

1894 5550 2001 5612 un'o
2028 5561 2260 5625 pastore.
2286 5548 2461 5623 (Bm)
2484 5547 2830 5604 Cmnaculnm
2862 5548 2947 5605 lex
2989 5551 3316 5623 spiritualis,
3348 5568 3467 5623 qua:

1895 5650 1962 5706 de
1990 5645 2249 5719 angustiis
2279 5643 2471 5699 littera:
2493 5641 2777 5714 egrediens
2803 5642 2856 5697 in
2889 5643 3101 5698 sublimi
3131 5644 3250 5699 loco
3280 5630 3474 5718 recipit.

1871 5745 2258 5809 ‘Salvatorem,
2293 5746 2421 5805 etc.,
2456 5753 2617 5809 usque
2651 5736 2723 5791 ad
2766 5735 2892 5808 quia
2924 5746 3112 5792 cuncta
3142 5736 3358 5809 paschae
3379 5753 3466 5793 sa-
