3960 6336
437 373 537 432 231

945 366 1340 429 WALAFRIDI
1377 366 1624 427 STRAB.
1661 366 1869 426 FULD.
1903 364 2073 427 MON.
2115 366 2269 426 OPP.
2302 364 2488 426 PARS
2523 367 2566 426 Ι.
2603 395 2674 412 --
2711 366 3171 428 THEOLOGICA.

3601 367 3709 425 232

435 496 713 550 crementa
737 495 796 547 et
833 494 1030 547 camera
1076 487 1214 558 legis
1257 486 1474 542 decreta
1508 484 1626 556 ejus
1671 500 1794 541 esse
1839 484 2102 546 sacra-,A
2125 483 2414 539 undecima
2449 498 2665 540 orenam
2691 483 2904 538 Domini
2932 482 3083 550 facit,
3112 481 3255 554 quod
3298 493 3578 554 nunquam
3619 481 3697 536 in-

434 592 620 640 menta
647 581 944 654 cognoscit.
1881 663 1885 667 .

444 717 464 734 .
501 675 669 732 Vens.
698 675 785 730 l7.
817 703 889 714 —
918 671 1138 743 Vespere
1168 679 1367 726 autem.
1403 669 1610 741 (litem)
1643 665 1885 739 Vespera
1910 665 2017 722 diei

431 780 714 838 vesperam
752 764 953 820 indicat
980 762 1186 817 mundi.
1215 760 1375 817 Circa
1412 761 1754 816 undecimam
1783 774 2017 829 namque

432 859 626 915 horam
653 856 876 912 veniunt
901 854 1185 911 novissimi
1217 871 1232 907 :
1265 853 1357 924 qui
1385 853 1548 923 primi
1571 852 1853 908 denarium
1874 852 2018 907 acci-

429 949 585 1020 piunt
620 947 742 1002 vitae
768 953 985 1001 aeterna:
1008 962 1022 998 :
1049 944 1174 1015 quia
1199 953 1325 998 ante
1353 957 1572 998 crucem
1602 942 1878 998 Abraham
1897 949 2018 998 erat

427 1041 484 1096 in
513 1037 746 1101 inferno,
775 1045 970 1109 etpost
1004 1051 1222 1093 crucem
1249 1035 1391 1090 latro
1414 1035 1467 1090 in
1490 1034 1764 1105 paradiso.

499 1127 668 1183 Vens.
708 1127 796 1183 i8.
825 1157 896 1168 -—
923 1125 1090 1181 Amen
1117 1125 1259 1192 dico,
1304 1134 1410 1181 etc.
1460 1124 1616 1181 Sicut
1657 1125 1723 1181 de
1763 1123 2016 1195 passione

425 1221 798 1295 praedixerat:
839 1219 913 1274 ita
942 1219 1010 1274 de
1035 1217 1311 1290 proditore
1351 1217 1614 1289 praedicit,
1663 1218 1796 1274 dans
1835 1216 2016 1272 locum

423 1311 758 1383 paenitendi.
807 1317 870 1364 ut
922 1324 1043 1364 cum
1082 1307 1438 1363 intellexisset
1480 1308 1838 1380 cogitationes
1887 1323 2015 1363 suas

424 1400 668 1473 praesciri
693 1415 726 1455 a
749 1399 884 1467 Deo,
905 1399 1198 1470 paeniteret
1220 1413 1342 1453 eum
1375 1397 1505 1454 facti
1537 1398 1641 1454 sui.
1686 1397 1805 1454 Non
1833 1406 2015 1454 tamen

425 1509 493 1548 ex
516 1492 736 1548 nomine
761 1491 1028 1564 designat,
1068 1505 1138 1547 ne
1167 1498 1354 1560 aperte
1384 1491 1706 1562 redargutus
1735 1491 2016 1561 impuden-

425 1582 534 1638 tior
558 1581 673 1637 fiat.
702 1581 868 1638 Mittit
889 1582 1096 1638 crimen
1121 1581 1177 1636 in
1197 1596 1481 1636 numerum
1509 1597 1524 1636 :
1555 1591 1617 1636 ut
1637 1583 1888 1638 conscius
1905 1596 2016 1654 pce-

423 1673 708 1728 nitentiam
731 1681 875 1742 agat.
901 1671 1052 1728 Unus
1080 1671 1328 1727 errabis.
1354 1671 1492 1728 Dum
1517 1671 1725 1729 falsitas
1744 1673 2014 1744 arguitur,

425 1765 631 1820 veritas
661 1766 1046 1837 comprobatur
1068 1772 1126 1821 et
1165 1765 1442 1836 impletur.
1487 1766 1592 1833 Qui
1637 1768 1819 1822 edebat
1853 1784 2014 1840 panes

2118 581 2340 628 ventum
2366 583 2450 630 est
2477 589 2579 630 nec
2603 573 2657 629 in
2689 571 2839 630 Novo
2870 589 2971 630 nec
3013 574 3067 628 in
3108 572 3304 629 Vetere
3334 573 3705 628 Testamento.

2127 660 2280 717 Vitis.
2301 663 2516 735 (Deme)
2535 663 2674 718 Vitis
2700 663 2783 718 vel
2813 664 2970 719 vinea
3001 663 3214 719 Domini
3239 664 3546 736 Synagoga,
3573 672 3707 730 etc.,

2119 773 2282 828 usque
2301 758 2371 812 ad
2401 759 2467 812 de
2490 757 2664 813 salute
2691 755 2933 826 ejusdem
2967 757 3149 827 populi
3178 757 3451 826 baptismo
3483 771 3710 828 regene-

2119 849 2223 903 rati
2257 863 2396 904 novo
2422 849 2700 904 vobiscum
2739 848 2936 920 gaudio
2963 847 3276 918 perfundar.

2189 940 2355 996 Vens.
2406 940 2497 996 26.
2540 939 2610 994 Et
2638 941 2829 1011 hymno
2869 939 3030 994 dicto.
3079 939 3205 1010 (lo.)
3247 939 3437 994 Potest
3478 937 3710 1010 intelligi

2117 1031 2353 1105 hymnus
2411 1047 2572 1103 quem
2619 1033 2914 1088 secundum
2966 1029 3229 1089 Joannem
3284 1031 3435 1087 Patri
3503 1032 3713 1104 gratias

2117 1138 2284 1196 agens
2334 1123 2693 1190 decantabat,
2743 1131 2849 1178 etc.
2871 1163 2887 1189 ,
2935 1137 3100 1194 usque
3154 1121 3224 1175 ad
3275 1128 3332 1177 et
3372 1121 3713 1177 charismata

2117 1213 2290 1270 sancti
2319 1213 2555 1285 Spiritus
2581 1213 2856 1284 quibusin
2886 1213 3051 1269 corde
3080 1226 3470 1284 perungamur,
3508 1211 3714 1268 debere

2118 1303 2505 1359 conscendere.
2535 1302 2604 1358 In
2624 1313 2851 1358 montem
2881 1302 3173 1358 Oliuarum.
3205 1301 3411 1374 (litem)
3438 1301 3498 1358 in
3524 1309 3720 1358 monte

2118 1395 2312 1452 Oliveti
2335 1405 2555 1452 tenetur
2581 1397 2742 1452 Jesus
2774 1410 2790 1450 :
2811 1404 2870 1452 et
2895 1396 3021 1451 inde
3044 1397 3294 1452 ascendit
3316 1397 3386 1452 ad
3407 1394 3619 1460 caelos:
3649 1402 3716 1449 ut

2117 1489 2354 1545 sciamus
2383 1490 2510 1560 quia
2539 1490 2666 1546 inde
2685 1489 3030 1546 ascendimus
3050 1491 3120 1546 ad
3149 1489 3316 1546 caelos
3347 1491 3489 1546 unde
3513 1489 3713 1561 vigila-

2117 1595 2263 1646 mus,
2277 1589 2332 1636 et
2347 1595 2590 1646 oramus,
2605 1588 2662 1636 et
2684 1580 2938 1652 ligamur,
2963 1595 3066 1636 nec
3077 1595 3443 1652 repugnamus
3467 1579 3522 1636 in
3539 1588 3714 1636 terra.

2189 1671 2383 1727 Omnes
2397 1671 2906 1738 scandaliubimini.
2929 1669 3146 1744 (Βεω.)
3161 1672 3414 1729 Praedicit
3432 1674 3564 1744 quid
3576 1689 3714 1745 pas-

2118 1765 2230 1820 suri
2257 1764 2368 1819 sint
2392 1781 2406 1818 :
2431 1772 2492 1820 ut
2512 1779 2636 1820 cum
2676 1763 2824 1836 passi
2861 1762 3068 1820 fuerint
3106 1779 3215 1821 non
3259 1765 3569 1838 desperent,
3612 1765 3716 1822 sed

422 1859 964 1930 meos,magniﬁcavit
995 1876 1154 1930 super
1199 1876 1281 1914 me
1323 1858 1800 1932 supplantationem
1838 1859 2012 1932 (Psal.

2131 1856 2442 1928 pmniteant.

423 1950 537 2023 xc).
565 1950 766 2008 Omnes
792 1960 1092 2025 tanguntur
1135 1961 1198 2007 ut
1237 1953 1333 2007 ﬂat
1367 1952 1651 2008 harmonia
1697 1953 1751 2008 in
1784 1954 2010 2009 cithara.

421 2043 624 2100 Omnes
645 2044 797 2100 nervi
819 2044 956 2100 bene
969 2045 1219 2115 suspensi
1240 2059 1481 2100 consona
1498 2059 1632 2100 voce
1651 2045 2009 2116 respondent:

424 2135 684 2207 Nunquid
711 2154 804 2208 ego
833 2154 982 2202 sum,
1018 2137 1236 2193 Domine
1263 2139 1287 2192 .9
1314 2137 1464 2194 Unus
1490 2139 1750 2195 remissus
1779 2147 1832 2194 et
1850 2155 2015 2210 pecu-

421 2226 526 2282 nia:
551 2243 738 2283 amore
767 2227 992 2284 affectus
1015 2229 1153 2283 dixit
1179 2246 1192 2282 :
1224 2228 1481 2300 Nunquid
1511 2246 1604 2301 ego
1627 2247 1766 2296 sum,
1797 2230 1968 2285 Rabbi
1989 2231 2016 2286 2

493 2322 657 2376 Vens.
686 2321 772 2377 f9.
797 2351 870 2362 —
895 2321 1235 2376 Contristari.
1262 2319 1416 2376 Sicut
1439 2320 1687 2376 undecim
1718 2321 1843 2391 quia
1877 2321 2014 2376 nihil

419 2410 550 2466 mali
579 2420 768 2467 contra
796 2411 1085 2466 Dominum
1130 2411 1540 2483 cogitaverant:
1585 2411 1678 2466 sed
1726 2410 1847 2480 plus
1889 2425 2012 2467 cre-

420 2504 556 2559 dunt
595 2501 857 2573 magistro
889 2517 1052 2573 quam
1097 2502 1236 2569 sibi,
1270 2511 1328 2558 et
1369 2501 1622 2558 timentes
1665 2499 2011 2573 fragilitatem

417 2607 595 2660 suam,
629 2593 816 2650 tristes
845 2594 915 2651 de
944 2601 1166 2666 peccato
1192 2611 1290 2651 suo
1321 2595 1694 2666 interrogant,
1720 2595 1876 2664 cujus
1901 2608 2011 2649 non

416 2685 694 2743 habebant
721 2686 1136 2743 conscientiam.

490 2777 655 2834 Vens.
688 2777 778 2834 20.
805 2810 872 2820 —
908 2777 1057 2834 Unus
1091 2795 1157 2834 ex
1186 2778 1483 2834 duodecim.
1531 2777 1738 2850 (litem)
1778 2777 2014 2849 Separat

415 2881 668 2925 seorsum
695 2885 855 2926 ovem
883 2869 1042 2940 lupus
1067 2885 1231 2941 quam
1257 2869 1428 2940 cupit.
1469 2868 1600 2925 Ovis
1639 2884 1760 2938 quae
1787 2869 1856 2924 de
1883 2869 2012 2925 ovili

416 2961 713 3033 egreditur,
755 2961 867 3033 lupi
893 2971 1045 3033 patet
1076 2962 1368 3018 morsibus.
1403 2961 1509 3028 Qui
1528 2961 1759 3032 intingit.
1793 2960 2010 3034 (Βεωι.)

418 3056 555 3112 Mira
589 3057 801 3114 Domini
824 3057 1105 3128 patientia.
1146 3056 1305 3112 Prius
1333 3055 1472 3112 dixit
1521 3055 1714 3112 :Unus
1757 3075 1822 3113 ex
1869 3059 2012 3114 vobis

417 3150 590 3204 tradet
619 3165 721 3215 me,
749 3158 1062 3221 perseverat
1083 3148 1328 3220 proditor
1365 3149 1418 3204 in
1448 3148 1610 3204 malo.
1639 3149 1894 3221 Apertius
1925 3166 2013 3205 ar-

2187 1946 2353 2003 Vens.
2381 1947 2470 2002 27.
2501 1977 2566 1988 —
2605 1946 2676 2005 In
2715 1957 2865 2003 nocte
2915 1947 3038 2004 ista.
3071 1947 3176 2015 Qui
3200 1949 3330 2005 ebrii
3371 1959 3518 2016 sunt,
3559 1958 3718 2005 nocte

2114 2041 2245 2095 ebrii
2286 2050 2408 2095 sunt
2431 2040 2483 2110 (1
2517 2039 2698 2097 Thess.
2723 2041 2801 2113 v),
2831 2049 2888 2097 et
2921 2042 3015 2113 qui
3049 2043 3522 2110 scandalizantur,
3549 2053 3718 2100 nocte

2115 2134 2582 2200 scandalizanlur,
2631 2135 2688 2189 id
2732 2142 2847 2200 est,
2899 2143 3083 2190 mente
3122 2136 3424 2192 obscurati.
3475 2135 3714 2207 (linem)

2115 2226 2316 2284 Omnes
2339 2227 2557 2294 cadunt,
2589 2227 2687 2282 sed
2711 2242 2820 2283 non
2841 2241 3033 2284 omnes
3059 2227 3264 2296 jaceat.
3294 2228 3552 2300 Nunquid
3581 2229 3716 2298 quia

2113 2318 2307 2372 dormit
2345 2335 2451 2373 non
2477 2318 2715 2389 .adjiciet
2754 2329 2811 2373 ut
2839 2329 3080 2390 resurgat
3107 2322 3132 2374 7
3168 2318 3356 2392 (Zach.
3394 2321 3542 2390 xm.)
3578 2320 3716 2376 Car-

2114 2410 2237 2466 nale
2261 2418 2345 2466 est
2366 2410 2602 2466 cadere:
2654 2410 2979 2466 diabolicum
3019 2421 3105 2468 est
3149 2411 3355 2482 jacere.
3401 2411 3714 2466 Percutiam

2112 2514 2396 2576 pastorem.
2429 2504 2663 2563 Percute
2683 2515 2980 2577 pastorem.
3017 2506 3288 2579 Propheta
3315 2507 3553 2578 postulat
3577 2522 3709 2578 pas-

2115 2599 2322 2654 sionem
2344 2593 2598 2657 Domini:
2631 2599 2797 2655 Pater
2825 2599 3122 2671 respondet
3147 2618 3159 2654 :
3194 2598 3500 2656 Percutiam
3522 2609 3709 2671 pasto-

2113 2707 2244 2746 rem.
2283 2690 2545 2748 Precibus
2573 2698 2888 2748 sanctorum
2928 2691 3102 2747 Filius
3138 2706 3171 2746 a
3219 2691 3383 2747 Patre
3419 2691 3659 2746 mittitur
3690 2707 3707 2745 :

2114 2780 2170 2838 id
2195 2790 2298 2848 est,
2325 2781 2642 2838 incarnatur
2671 2791 2727 2838 et
2753 2783 3084 2853 percutitur,
3114 2792 3172 2838 et
3209 2781 3415 2854 patitur
3442 2799 3456 2836 :
3502 2782 3715 2853 disper-

2115 2879 2315 2943 guntur
2337 2887 2470 2929 oves
2511 2881 2732 2944 pastore
2767 2881 2947 2944 capto.
2979 2872 3332 2930 Resurrectio
3367 2871 3714 2944 promittitur

2113 2979 2177 3026 ut
2201 2985 2326 3041 spes
2354 2985 2462 3026 non
2486 2971 2882 3042 exstinguatur.

2186 3059 2352 3117 Vens.
2377 3060 2542 3117 29.—
2555 3061 2746 3116 Petrus
2762 3071 2959 3117 autem.
2989 3060 3116 3135 (ln.)
3144 3061 3276 3118 Avis
3303 3061 3422 3118 sine
3433 3059 3628 3132 pennis
3649 3058 3710 3116 in

2116 3153 2286 3210 altum
2305 3154 2488 3212 volare
2509 3155 2705 3212 nititur
2729 3174 2743 3210 :
2771 3154 2867 3213 sed
2879 3171 3078 3228 corpus
3092 3167 3351 3229 aggravat
3369 3157 3610 3212 animam
3623 3163 3708 3222 ut,

417 3242 576 3313 guit:
609 3250 665 3297 et
687 3249 868 3298 tamen
900 3257 1008 3298 non
1038 3242 1255 3314 proprie
1299 3243 1632 3314 designatur.
1676 3243 1846 3300 Judas
1886 3243 2010 3299 aliis
2036 3232 2083 3297 C
2117 3250 2312 3305 timore
2333 3251 2584 3307 humana:
2613 3253 2808 3308 ωοι-ιίε
2836 3293 2852 3320 ,
2886 3253 3050 3309 timor
3083 3253 3298 3309 Domini
3324 3261 3631 3323 superetur,

418 3335 760 3392 contristatis
787 3345 844 3391 et
888 3351 1108 3391 manum
1156 3335 1562 3391 retrahcntibus
1606 3352 1636 3390 a
1667 3336 1806 3392 cibis
1836 3347 2011 3392 teme-

415 3428 582 3484 ritate
628 3436 685 3484 et
733 3427 1069 3499 impudentia
1120 3441 1228 3499 qua
1267 3427 1555 3483 Dominum
1603 3428 1797 3495 tradit;
1847 3430 2014 3485 etiam

415 3536 640 3577 manum
689 3535 814 3575 cum
850 3521 1114 3590 magistro
1160 3521 1216 3574 in
1242 3521 1428 3576 catino
1468 3521 1637 3576 mittit
1680 3529 1742 3576 ut
1786 3522 2013 3580 audacia

416 3613 616 3669 bonam
639 3613 1035 3670 conscientiam
1061 3612 1406 3668 mentiretur.

489 3700 655 3761 Vens.
687 3705 777 3762 2i.
808 3737 880 3749 —
910 3705 1002 3762 Va:
1033 3716 1230 3760 autem.
1266 3705 1389 3779 (ln.)
1413 3704 1472 3761 In
1501 3707 1896 3777 sempiternum
1931 3723 2014 3766 va:

415 3797 624 3855 homini
653 3797 730 3854 illi
759 3799 854 3870 qui
878 3799 947 3854 ad
977 3814 1220 3854 mensam
1263 3797 1476 3853 Domini
1518 3797 1738 3870 indigne
1781 3800 2012 3868 accedit,

415 3899 551 3958 etc.,
573 3907 738 3962 usque
758 3891 827 3945 ad
867 3905 1030 3962 plena
1067 3889 1381 3962 praedicitur
1420 3898 1482 3945 ut
1507 3890 1601 3961 qui
1647 3891 1856 3962 pudore
1903 3906 2014 3949 non

417 3985 671 4049 vincitur,
697 3985 894 4041 timore
917 3985 1242 4056 corrigatur.

489 4072 655 4132 Vens.
685 4074 777 4130 22.
806 4105 878 4116 —
917 4073 1384 4131 Manducantibus.
1430 4073 1577 4147 (lo.)
1624 4073 1806 4131 Finito
1839 4075 2013 4132 veteri

416 4167 618 4239 pascha
645 4168 789 4239 quod
821 4167 878 4223 in
907 4168 1426 4224 commemoratione
1467 4167 1804 4224 liberationis
1826 4167 2013 4238 populi

303 4305 308 4308 .
418 4260 518 4317 Dei
538 4260 607 4316 ab
631 4259 868 4333 Egypto
891 4261 1176 4332 agebatur,
1213 4269 1342 4326 etc.,
1372 4276 1535 4330 usque
1564 4259 1632 4314 ad
1659 4259 1888 4330 ideoque
1921 4273 2040 4317 ve-.

418 4352 595 4409 locius
625 4367 656 4408 a
680 4361 857 4409 morte
899 4353 1355 4409 resuscitandum.
1400 4352 1632 4423 Accepit.
1676 4351 1887 4422 (Ηιειι.)
1922 4350 2014 4406 Fi-

421 4462 626 4518 gurans
653 4461 852 4518 corpus
873 4462 1031 4502 suum
1061 4447 1115 4501 in
1139 4462 1296 4518 pane,
1333 4456 1467 4511 etc.,
1500 4461 1662 4516 usque
1703 4445 1772 4498 ad
1799 4445 2011 4500 exstin-

421 4545 666 4609 guuntur
694 4536 898 4592 inimici
922 4551 1044 4607 qua:
1067 4546 1195 4592 sunt
1219 4537 1474 4607 mysteria
1506 4535 1762 4591 Ecclesiae
1784 4534 2008 4592 Christi.

2190 3339 2352 3396 Vens.
2389 3341 2479 3396 50.
2504 3373 2576 3383 -
2607 3341 2702 3398 Bis
2723 3344 2894 3415 gallus
2908 3359 3102 3400 vocem.
3130 3344 3347 3417 (Βεω.)
3373 3343 3479 3399 Alii
3502 3341 3714 3414 simpli-

2115 3435 2255 3492 citer
2282 3453 2296 3490 :
2324 3433 2645 3509 Priusquam
2672 3438 2846 3510 gallus
2873 3449 3066 3506 cantet,
3096 3449 3176 3494 ter
3202 3456 3284 3494 me
3307 3437 3544 3510 negabis,
3572 3445 3710 3504 etc.,

2114 3547 2280 3602 usque
2298 3531 2368 3584 ad
2393 3531 2532 3587 sicut
2560 3541 2617 3588 et
2636 3531 2767 3589 illud
2802 3551 2816 3589 :
2849 3533 2954 3600 Qui
2976 3534 3164 3589 uiderit
3189 3533 3458 3588 mulierem
3487 3532 3558 3587 ad
3584 3547 3714 3585 con-

2115 3625 2507 3695 cupiscendum,
2526 3626 2643 3696 iam
2658 3627 2943 3682 moechatus
2955 3638 3031 3683 est
3045 3644 3160 3684 eam
3178 3626 3478 3700 (Matth.v).
3501 3625 3569 3698 (Η
3576 3625 3712 3698 ten).

2114 3716 2300 3774 Gallus
2327 3725 2552 3773 cantat:
2599 3719 2793 3776 Petrus
2821 3729 2984 3793 negat
3031 3729 3132 3786 ter,
3164 3727 3294 3786 etc.,
3345 3735 3510 3791 usque
3540 3718 3611 3773 ad
3653 3725 3717 3774 et

2115 3809 2274 3865 trinae
2305 3809 2611 3882 negationis
2638 3811 2826 3867 sordes
2852 3811 2983 3866 lavit
3003 3811 3282 3884 lacrymis.

2187 3902 2355 3959 Vens.
2382 3905 2472 3960 52.
2503 3935 2574 3946 -
2605 3903 2963 3960 Gethsemani.
2994 3905 3119 3978 (ln.)
3155 3905 3210 3961 Id
3244 3912 3346 3971 est,
3386 3903 3542 3960 vallis
3587 3903 3714 3976 pin-

2115 3997 2301 4071 guium
2321 4039 2336 4065 ,
2367 3999 2460 4055 ubi
2488 3999 2631 4054 tauri
2668 3999 2897 4072 pingues
2935 4001 3269 4056 obsederunt
3306 4016 3430 4056 eum
3461 4006 3521 4054 et
3551 3997 3713 4054 vituli

2115 4090 2270 4148 multi
2293 4091 2770 4148 circumdederunt
2795 4109 2940 4149 eum.
2984 4091 3172 4148 Sedete
3196 4094 3301 4148 hic.
3337 4092 3512 4164 (Ιειιι.)
3538 4092 3712 4164 Sepa-

2117 4193 2309 4240 rantur
2337 4185 2391 4240 in
2421 4185 2669 4242 oratione
2690 4186 2782 4257 qui
2810 4194 3136 4258 separantur
3163 4187 3216 4241 in
3245 4187 3501 4258 passione
3529 4203 3542 4240 :
3581 4185 3715 4256 quia

2117 4277 2208 4333 ille
2229 4285 2368 4344 orat,
2405 4276 2484 4332 illi
2529 4278 2807 4333 dormiunt
2841 4278 3168 4350 pinguedine
3208 4278 3392 4334 cordis
3438 4277 3712 4350 oppressi.

2115 4367 2294 4423 Donec
2315 4384 2477 4422 orem.
2495 4366 2674 4440 (Bt-:0.)
2690 4368 2825 4424 Cum
2849 4368 3110 4425 Dominus
3129 4370 3183 4425 in
3203 4378 3389 4426 monte
3409 4378 3556 4435 orat,
3579 4377 3712 4435 etc.,

2117 4475 2282 4530 usque
2306 4459 2375 4513 ad
2412 4459 2598 4515 unde:
2641 4458 2956 4516 Humiliaeit
2990 4463 3322 4534 semetipsum
3377 4461 3552 4530 factus
3599 4461 3716 4515 obe-

2120 4553 2268 4607 diens
2301 4570 2466 4624 usque
2494 4553 2565 4608 ad
2591 4564 2830 4610 mortem.
2858 4554 2926 4609 Et
2963 4555 3219 4626 majorem
3250 4556 3350 4610 hac
3378 4554 3715 4610 dilectionem

422 4602 638 4700 (Bent)
667 4627 832 4684 Panis
852 4602 957 4700 qui
976 4602 1379 4684 confirmatcor
1403 4625 1636 4682 hominis
1654 4667 1669 4692 ,
1693 4634 1827 4694 etc.,
1852 4643 2013 4698 usque

2304 4602 2462 4624 --τη
2495 4602 2559 4608 η
2858 4602 2923 4609 .,,
2964 4602 3217 4626 .--_,-.-..-
3250 4602 3345 4610 η--
3380 4602 3713 4610 “nun---”

2131 4663 2270 4701 nemo
2297 4647 2450 4701 habet
2478 4657 2535 4701 ut
2559 4658 2722 4719 ponat
2763 4648 2880 4719 quis
2927 4649 3162 4703 animam
3210 4665 3364 4703 suam
3400 4664 3498 4720 pro
3527 4647 3714 4704 amicis

423 4722 494 4777 ad
528 4721 613 4777 vel
634 4736 734 4777 nos
755 4721 874 4778 sine
905 4720 1049 4777 illius
1081 4721 1334 4792 passione
1363 4719 1585 4774 salvari.

496 4814 662 4869 Vens.
691 4813 782 4868 25.
818 4843 889 4854 -
927 4812 1162 4868 Gratias.
1198 4811 1414 4868 Gratias
1459 4812 1572 4883 egit
1619 4820 1674 4867 et
1724 4812 2009 4869 benedixit

419 4905 534 4978 jam
562 4906 842 4977 proximus
865 4905 1124 4977 passioni,
1146 4904 1239 4974 qui
1259 4918 1474 4974 plenam
1499 4903 1689 4958 alienae
1709 4904 2013 4974 iniquitatis

423 4996 658 5068 suscipit
687 5011 702 5051 :
732 4997 826 5068 qui
855 4996 988 5051 nihil
1023 4996 1245 5067 dignum
1273 4994 1527 5066 passione
1558 4996 1670 5067 egit
1699 5013 1713 5050 :
1744 5006 1806 5051 ut
1831 5005 2016 5052 osten-

425 5088 520 5145 dat
546 5104 708 5160 quam
743 5088 1123 5157 aequanimiter
1152 5089 1525 5159 unusquisque
1567 5088 1801 5160 propria:
1838 5087 2009 5161 culpa:

424 5177 634 5251 flagella
659 5177 929 5235 sustinere
953 5177 1168 5232 debeat.
2005 5168 2009 5176 ’

496 5271 768 5326 Biberant.
797 5269 1002 5342 (ιιιειι.)
1041 5271 1291 5329 Ebrietas
1338 5272 1467 5329 felix
1503 5293 1516 5331 ε
1553 5276 1809 5337 salutaris
1845 5257 2013 5337 satie?

425 5370 548 5429 tas,
586 5369 718 5428 etc.,
761 5377 926 5432 usque
967 5361 1036 5416 ad
1068 5364 1290 5434 sanguis
1323 5365 1467 5421 enim
1508 5367 1641 5425 Novi
1679 5369 2016 5428 Testamenti

422 5455 520 5529 qui
541 5469 641 5525 pro
670 5452 855 5508 multis
887 5453 1181 5510 effunditur
1204 5472 1310 5512 non
1341 5471 1532 5516 omnes
1560 5464 1845 5518 emundat.

496 5542 662 5600 Vens.
690 5543 780 5598 25.
812 5574 885 5584 —
909 5544 1035 5600 lam
1065 5562 1169 5601 non
1197 5547 1385 5602 bibam.
1429 5550 1554 5624 (Ῑο.)
1588 5553 1687 5610 Hic
1722 5564 1894 5610 mutat
1925 5571 2013 5612 sa-

423 5635 709 5703 crificium,
741 5636 836 5693 sed
866 5652 976 5693 non
1008 5645 1181 5694 mutat
1218 5648 1464 5712 tempus;
1503 5652 1563 5699 ut
1602 5662 1701 5702 nos
1730 5663 2011 5720 nunquam

424 5747 638 5790 caenam
692 5730 818 5788 Jesu
849 5742 976 5790 ante
1026 5745 1276 5806 quartam
1307 5737 1575 5796 decimam
1615 5742 1798 5799 lunam
1844 5744 2009 5802 facia-

425 5837 567 5881 mus.
589 5822 689 5894 Qui
717 5825 922 5882 facitin
950 5837 1142 5898 quarta
1186 5829 1398 5888 decima
1441 5836 1914 5905 resurrectionem,
1951 5837 2006 5896 in

2115 4737 2229 4792 suis
2260 4735 2427 4808 (Phil.
2461 4752 2536 4802 ιι;
2562 4729 2724 4792 Joan.
2754 4725 2874 4810 xv).

2189 4828 2356 4885 Vens.
2385 4829 2475 4886 33.
2499 4860 2570 4871 —
2595 4829 2665 4903 Et
2696 4832 2847 4902 capit
2887 4848 3093 4902 pavere.
3131 4828 3363 4904 (litem)
3401 4829 3612 4888 Pavere
3656 4839 3715 4888 et

2115 4919 2324 4976 tristari
2363 4920 2621 4976 docemur
2642 4929 2767 4976 ante
2786 4921 3051 4991 judicium
3079 4922 3292 4986 mortis,
3326 4921 3419 4993 qui
3445 4937 3556 4978 non
3587 4937 3715 4992 pos-

2117 5027 2307 5068 sumus
2332 5027 2432 5082 per
2459 5027 2558 5068 nos
2590 5012 2771 5068 dicere
2801 5013 2904 5069 nisi
2935 5029 3034 5084 per
3053 5013 3202 5069 illum
3229 5032 3242 5068 :
3284 5013 3436 5069 Venit
3469 5015 3714 5084 princeps

2113 5102 2273 5174 hujus
2297 5104 2481 5158 mundi
2509 5112 2558 5159 et
2586 5105 2640 5159 in
2663 5121 2746 5160 me
2772 5122 2875 5160 non
2888 5106 3039 5162 habet
3058 5107 3344 5178 quidquam
3358 5107 3544 5178 (Joan.
3573 5107 3717 5180 xlv).

2211 5192 2373 5250 Vens.
2403 5193 2492 5250 54.
2523 5227 2593 5238 ——
2615 5195 2802 5252 Tristis
2836 5207 2933 5263 est,
2970 5205 3077 5255 etc.
3120 5198 3300 5270 (Ben.)
3341 5197 3458 5254 Non
3489 5208 3714 5271 propter

2116 5294 2348 5344 mortem
2371 5289 2544 5345 tristis
2573 5297 2674 5354 est,
2705 5299 2837 5356 etc.,
2861 5307 3024 5362 usque
3053 5292 3124 5345 ad
3152 5292 3248 5347 sed
3287 5306 3319 5347 s
3353 5307 3546 5348 somno
3583 5291 3687 5348 inti»

2118 5375 2356 5433 delitatis
2399 5386 2452 5432 et
2491 5387 2709 5449 torpore
2738 5380 2951 5436 mentis.

2190 5467 2355 5525 Vens.
2390 5470 2479 5524 55.
2512 5502 2582 5511 —
2605 5471 2673 5526 Et
2699 5473 2904 5527 orabat.
2941 5472 3064 5546 (In.)
3095 5473 3221 5531 Haec
3261 5489 3368 5531 vox
3414 5485 3500 5532 est
3542 5491 3712 5536 sonus

2116 5561 2450 5618 inﬁrmitatis
2480 5572 2699 5630 nostrae,
2752 5574 2883 5632 etc.,
2913 5584 3075 5638 usque
3127 5568 3196 5622 ad
3240 5571 3335 5625 sed
3373 5570 3502 5641 quia
3551 5571 3711 5629 aliter

2114 5669 2222 5710 non
2248 5655 2357 5722 fiet,
2389 5656 2663 5730 Nonquod
2693 5676 2785 5731 ego
2816 5659 2952 5728 volo,
2980 5662 3072 5716 sed
3095 5665 3237 5734 quod
3265 5674 3342 5720 tu.

2185 5749 2394 5822 (Hten.)
2427 5750 2537 5807 Hoc
2587 5765 2777 5808 contra
2808 5755 3175 5828 Eutychianos
3203 5760 3295 5830 qui
3325 5760 3513 5816 dicunt
3540 5778 3705 5820 unam

2113 5850 2322 5898 tantum
2359 5841 2413 5898 in
2439 5843 2657 5900 Christo
2691 5847 3094 5919 operationem,
3128 5867 3290 5907 unam
3325 5851 3702 5914 voluntatem:

3951 3449 3955 3615 Ι

3947 3861 3952 4078 Ι

3945 4403 3947 4533 τ
