3960 6336
214 329 325 386 233
1177 331 1440 390 GLOSSA
1481 329 1873 390 ORDINARIA.
1912 361 1983 373 —
2021 331 2273 389 EV‘ANG.
2314 331 2544 388 MARCI.

3368 333 3477 387 236

214 451 308 502 hic
339 454 522 502 autem
557 446 795 501 dstendit
837 447 1126 501 humanam
1151 463 1273 516 qua:
1299 462 1396 517 per
1427 446 1794 500 inﬁrmitatem
1825 453 1875 509 Α
1901 445 1976 496 Ab
2000 447 2094 498 eis.
2128 446 2366 511 Quorum
2393 459 2448 497 et
2477 452 2818 511 praesentiam
2844 441 3213 497 detestabatur
3236 451 3291 497 et
3313 441 3478 496 facta.

213 540 402 594 carnis
427 546 641 593 recusat
675 539 998 608 passionem,
1026 546 1081 591 et
1107 537 1345 592 divinam
1393 553 1512 608 qua:
1551 544 1797 606 prompta

212 639 302 683 est
333 631 594 699 perﬁcere
635 629 1114 697 dispensationem.

290 718 457 772 Vsus.
482 718 571 771 '56.
595 749 666 757 —
693 717 798 771 Sed
826 734 928 770 non
952 718 1111 787 quod.
1134 717 1340 788 (IIII-EB.)
1367 717 1546 786 Usque
1563 718 1616 771 in
1640 717 1801 772 ﬁnem

211 824 324 862 non
355 808 744 862 cessatdocere
769 824 867 862 nos
905 809 1151 878 patribus
1175 809 1398 864 obedire
1427 827 1440 862 :
1475 820 1531 864 et
1558 810 1802 864 volunla-
1844 803 1855 815 “

212 906 326 952 tem
349 915 536 953 eorum
564 899 827 952 voluntati
855 909 1057 954 nostra:
1085 917 1422 970 prtnponere.

294 989 457 1043 Vsus.
484 991 572 1044 57.
613 1019 685 1030 --
713 991 784 1044 Et
819 993 893 1044 ait
934 991 1118 1057 Petro,
1162 1003 1268 1047 etc.
1311 993 1413 1060 Qui
1448 994 1690 1050 dixerat:
1733 995 1802 1048 Et

211 1079 261 1131 si
285 1090 518 1148 oporteat
547 1095 628 1132 me
657 1080 789 1132 mori
809 1090 1000 1144 tecum,
1022 1098 1126 1133 non
1154 1090 1203 1134 te
1237 1083 1433 1152 negabo
1458 1099 1476 1137 :
1498 1084 1594 1137 etsi
1626 1101 1801 1139 omnes

213 1167 567 1221 scandalizati
597 1169 812 1238 fuerint,
839 1170 929 1223 sed
964 1187 1066 1225 non
1087 1188 1178 1242 ego
1211 1171 1424 1243 (Matth.
1452 1174 1633 1240 xxvi);
1660 1192 1804 1231 nunc

212 1261 458 1315 tristitia:
489 1262 858 1331 magnitudine
899 1265 1168 1318 somnium
1201 1266 1422 1320 vincere
1463 1283 1569 1320 non
1600 1276 1798 1337 potest.

291 1352 458 1405 Vens.
507 1351 594 1405 58.
639 1382 710 1391 —
731 1350 799 1405 Ut
827 1369 931 1405 non
952 1353 1176 1407 intretis.
1210 1353 1326 1410 Non
1355 1356 1432 1409 ait
1467 1365 1526 1409 ut
1556 1373 1661 1410 non
1686 1366 1804 1412 ten"-

213 1443 408 1496 temini
429 1483 443 1508 ,
481 1443 575 1497 sed
600 1453 655 1496 ut
687 1459 790 1496 non
821 1444 1023 1498 intretis
1053 1445 1108 1498 in
1135 1448 1496 1512 tentationem,
1538 1447 1590 1501 id
1616 1457 1720 1514 est,
1746 1456 1804 1502 ut

215 1535 448 1590 tentatio
464 1549 561 1588 vos
580 1550 683 1588 non
700 1543 938 1606 superet,
961 1551 1066 1590 non
1089 1545 1273 1592 teneat
1295 1539 1432 1592 intra
1454 1554 1581 1594 suos
1596 1555 1798 1596 casses.

289 1625 520 1697 (HIEB.)
568 1625 625 1678 In
677 1627 1029 1681 tentationem
1075 1629 1240 1682 intrat
1280 1631 1373 1698 qui
1423 1645 1582 1686 orare
1629 1633 1797 1704 negli-

211 1717 315 1788 git.
375 1717 481 1772 Ter
536 1717 784 1786 discipuli
834 1718 1146 1786 dormiunt,
1195 1729 1278 1776 ter
1322 1722 1579 1779 Dominus
1636 1742 1801 1781 orans

1900 535 2015 589 Non
2043 551 2072 588 a
2097 536 2343 599 Domino,
2367 532 2520 601 cujus
2548 549 2788 588 amorem
2815 535 2976 588 etiam
3018 535 3212 590 absens
3255 549 3484 605 corpore

1901 626 2066 679 ﬁxura
2094 625 2328 679 servavit
2350 626 2400 678 in
2434 633 2632 678 mente.

1974 716 2135 770 Vens.
2169 715 2258 769 55.
2298 745 2363 754 —-
2395 713 2709 779 Summum,
2763 724 2867 770 etc.
2921 715 3178 786 Caipham
3235 715 3479 781 scilicet,

1901 806 1994 875 qui
2018 805 2313 860 secundum
2345 805 2606 859 Joannem
2637 813 2757 858 erat
2798 805 3039 873 pontifex
3066 807 3195 860 anni
3224 807 3383 872 illius,
3417 809 3484 863 de

1901 911 2009 966 quo
2056 906 2476 951 consentaneum
2521 897 2712 950 scribit
2747 894 3028 966 Josephus,
3080 897 3221 966 quod
3265 899 3482 968 pontiﬁ-

1902 987 2045 1041 cium
2069 988 2169 1042 sibi
2198 988 2402 1056 absque
2436 988 2628 1041 merito
2651 987 2927 1057 dignitatis
2947 998 3156 1044 emerat
3185 1006 3214 1044 a
3241 991 3487 1062 principe

1902 1077 2150 1132 Romano
2179 1096 2192 1132 :
2224 1079 2353 1148 quid
2375 1091 2504 1147 ergo
2544 1079 2762 1143 mirum,
2792 1079 2836 1132 si
2864 1078 3080 1148 iniquus
3103 1082 3346 1149 pontifex
3376 1083 3485 1138 ini-

1904 1185 2009 1240 que
2033 1171 2242 1240 judicat
2261 1171 2284 1223 ?
3327 1235 3330 1238 ,

1976 1261 2139 1315 Vsus.
2171 1261 2376 1316 54.-Α
2401 1260 2570 1331 longe.
2599 1262 2811 1334 (ΒεοΑ.)
2835 1263 2970 1330 Quia
2997 1265 3270 1334 negationi
3294 1267 3485 1335 proxi-

1905 1371 2042 1418 mus,
2093 1355 2138 1409 si
2169 1354 2385 1409 Christo
2429 1355 2706 1424 proximus
2734 1356 2926 1412 fuisset
2954 1373 3059 1412 non
3107 1368 3395 1429 negasset:
3430 1363 3486 1416 in

1905 1446 2008 1500 hoc
2041 1454 2217 1499 tamen
2246 1445 2593 1498 admirandus
2627 1453 2730 1508 est,
2770 1447 2912 1515 quod
2953 1447 3239 1501 Dominum
3271 1465 3377 1503 non
3407 1467 3490 1505 re-

1905 1537 2065 1608 liquit
2091 1536 2303 1590 ctiamsi
2353 1536 2558 1590 timeat.
2586 1535 2736 1603 Quod
2768 1537 2956 1593 timeat
2982 1549 3191 1595 natura:
3218 1551 3316 1604 est,
3345 1545 3489 1612 quod

1906 1629 2151 1698 sequitur
2171 1628 2474 1682 devotionis
2521 1638 2604 1682 est
2626 1646 2640 1682 :
2669 1629 2811 1697 quod
2835 1640 2994 1698 negat
3011 1631 3348 1701 obreptionis
3367 1645 3487 1700 est,

1906 1718 2048 1789 quod
2086 1719 2312 1788 paenitet
2343 1719 2465 1773 ﬁdei
2495 1728 2598 1773 est.
2630 1719 2857 1772 Atrium.
2884 1721 3089 1792 (Ηιειι.)
3118 1722 3328 1778 Atrium
3347 1765 3363 1789 ,
3387 1741 3489 1780 sa:-

211 1812 464 1865 suscitat.
517 1809 680 1864 Trina
732 1811 1015 1877 dormitio,
1055 1823 1168 1868 tres
1228 1824 1472 1871 mortuos
1511 1833 1647 1886 quos
1701 1819 1806 1874 Do.
1836 1817 1881 1875 Β
1910 1811 2111 1864 cularis
2130 1809 2448 1865 circumitus
2475 1818 2577 1864 est.
2606 1809 2860 1875 Ministri,
2883 1813 3147 1866 dzemonia
3175 1823 3318 1868 sunt.
3348 1815 3491 1882 Ignis

212 1906 400 1961 minus
441 1907 720 1962 suscitavit
774 1907 1061 1978 signiﬁcat.
1112 1909 1326 1964 Primus
1374 1910 1428 1964 in
1472 1911 1652 1975 domo,
1711 1927 1801 1966 se-

212 1999 429 2052 cundus
473 1999 538 2053 ad
585 1999 930 2069 sepulcrum,
974 2001 1167 2056 tertius
1208 2003 1275 2057 de
1322 2003 1590 2073 sepulcro.
1636 2005 1800 2059 Trina

213 2090 428 2145 Domini
465 2091 642 2162 vigilia
675 2101 784 2146 tres
822 2108 1084 2163 personas
1129 2110 1228 2150 nos
1271 2095 1472 2151 habere
1503 2098 1556 2151 in
1597 2100 1802 2154 orando

210 2181 395 2244 docet,
427 2191 482 2236 et
509 2182 575 2236 de
608 2182 896 2251 praeteritis
919 2192 975 2236 et
1003 2183 1069 2238 de
1105 2186 1483 2253 przesentibus,
1517 2195 1572 2241 et
1606 2187 1802 2243 futuris

201 2268 432 2330 veniam
479 2290 690 2346 rogare.
737 2273 874 2329 Caro
927 2285 1101 2330 autem
1150 2277 1382 2345 inﬁrma.
1412 2278 1630 2350 (Βεω.)
1664 2279 1803 2335 Caro

209 2379 449 2434 namque
477 2365 718 2435 pondere
740 2380 840 2419 suo
863 2365 933 2419 ad
963 2365 1070 2418 ima
1107 2381 1326 2436 semper
1361 2369 1550 2423 trahit.

285 2455 452 2510 Vsus.
501 2455 592 2510 42.
635 2486 709 2495 —
743 2455 975 2526 Surgite.
1025 2456 1320 2528 Postquam
1364 2461 1528 2515 tertio
1586 2462 1801 2529 oravit,

208 2547 580 2617 apostolorum
620 2547 872 2602 timorem
915 2548 1237 2617 ptnnitentia
1280 2553 1661 2620 corrigendum
1709 2555 1805 2609 do-

207 2642 350 2706 cuit,
373 2655 596 2696 securus
624 2639 692 2696 ad
734 2641 1040 2711 passionem
1072 2643 1281 2714 pergit,
1309 2645 1495 2700 dicens
1527 2663 1540 2698 :
1571 2643 1802 2717 Surgite,

204 2749 415 2787 eamus.
447 2732 614 2800 Quasi
639 2733 786 2788 dicat
816 2748 916 2788 nos
954 2748 1059 2788 non
1088 2735 1362 2790 inveniant
1409 2735 1680 2802 timentes,
1707 2737 1803 2793 sed

205 2825 360 2881 ultro
383 2840 570 2880 eamus
598 2825 834 2890 obviam,
863 2833 924 2880 ut
943 2827 1155 2895 passuri
1179 2828 1436 2897 gaudium
1458 2837 1514 2884 et
1531 2827 1804 2885 conﬁden-

201 2914 346 2970 tiam
373 2915 622 2971 videant.

288 3007 451 3063 Vsus.
478 3007 568 3062 M.
596 3039 668 3048 —
703 3007 947 3078 Signum.
987 3009 1194 3080 (Ηιειι.)
1233 3009 1336 3065 Dat
1371 3011 1581 3083 signum
1631 3013 1799 3068 osculi

202 3114 338 3154 cum
376 3113 584 3154 veneno
626 3098 868 3152 diaboli:
907 3099 1049 3154 sicut
1073 3100 1208 3155 Cain
1240 3102 1433 3156 obtulit
1475 3102 1800 3160 sacriﬁcium

201 3190 506 3246 subdolum
530 3197 586 3244 et
611 3189 982 3260 reprobatum,
1027 3192 1170 3246 unde
1209 3193 1392 3246 vinum
1419 3209 1543 3248 eum
1568 3204 1720 3273 aceto
1745 3197 1802 3250 in
1829 3163 1874 3225 (ἶ

204 3296 386 3337 cruce
421 3289 652 3350 ponunt.

283 3372 454 3426 Vsus.
485 3372 576 3426 45.
605 3402 668 3410 -
688 3370 877 3425 Rabbi.
912 3369 1123 3445 (BEDA.)
1148 3373 1435 3444 lmpudens
1463 3385 1517 3432 et
1545 3375 1805 3432 scelerata

199 3463 541 3520 conﬁdentia
570 3463 888 3534 magistrum
935 3474 1111 3530 vocat,
1161 3477 1307 3531 etc.,
1357 3485 1519 3539 usque
1557 3469 1626 3522 ad
1672 3469 1806 3525 illud

202 3557 379 3613 etiam
409 3556 678 3627 complet:
723 3554 856 3609 Cum
895 3555 976 3611 his
1017 3559 1106 3629 qui
1150 3559 1374 3613 oderunt
1404 3577 1584 3631 pacem
1618 3561 1800 3632 (Psal.

201 3647 390 3718 cxnx),
412 3657 518 3701 etc.

285 3738 454 3792 Vsus.
484 3736 858 3792 47.—Unus.
893 3738 1015 3811 (In.)
1055 3739 1248 3796 Petrus
1295 3741 1591 3797 secundum
1636 3742 1803 3799 Joan-

204 3847 340 3888 nem
364 3831 552 3886 eodem
581 3831 776 3885 ardore
799 3833 999 3886 mentis
1029 3849 1136 3902 quo
1162 3843 1380 3888 uetera.
1412 3833 1632 3890 Sciebat
1657 3837 1802 3892 enim

204 3925 359 3994 quod
391 3921 624 3977 Phinees
652 3923 923 3992 puniendo
949 3924 1262 3994 sacrilegos,
1309 3926 1614 3980 mercedem
1636 3928 1800 3996 justi-

206 4017 303 4072 tiaa
323 4027 378 4071 et
397 4015 682 4070 sacerdotii
701 4016 958 4086 perennis
979 4024 1284 4084 acceperat.
1312 4016 1486 4070 Lucas
1508 4017 1586 4070 ait
1610 4035 1621 4069 :
1649 4017 1803 4082 Quod

204 4109 472 4163 Dominus
501 4108 668 4178 tetigit
697 4107 995 4160 auriculam
1021 4118 1068 4162 et
1091 4109 1297 4162 sanavit
1321 4125 1435 4160 eam
1462 4108 1612 4173 (Luc.
1643 4109 1800 4180 χχιι).

202 4202 332 4274 Ipse
380 4200 526 4256 enim
575 4200 796 4270 pietatis
843 4216 1119 4271 nunquam
1176 4201 1554 4268 obliviscitur,
1620 4203 1804 4258 hostes

205 4296 379 4350 etiam
407 4309 535 4348 suos
577 4292 851 4348 vulnerari
886 4309 990 4348 non
1032 4295 1257 4364 patitur.
1296 4294 1561 4365 Mystice:
1594 4296 1804 4351 Doeens

203 4402 309 4442 eos
343 4385 437 4455 qui
467 4386 523 4439 in
572 4399 684 4438 suae
723 4384 915 4438 mortis
957 4386 1316 4440 consensione
1364 4386 1558 4441 vulnus
1605 4388 1801 4443 anima:

205 4486 635 4545 contraxerunt,
681 4478 727 4534 si
771 4477 930 4548 digne
963 4479 1334 4548 pcenitnerunt
1376 4478 1600 4534 salutem
1647 4495 1803 4550 posse

206 4572 436 4629 mereri.

282 4665 452 4720 Vens.
478 4662 567 4720 48.
598 4690 672 4704 -
700 4661 972 4732 Tanquam
1021 4664 1090 4716 ad
1143 4663 1420 4718 latronem.
1467 4663 1588 4737 (In.)
1631 4664 1797 4732 Quasi

208 4756 361 4813 dicat
400 4773 414 4809 :
445 4752 681 4810 Stultum
713 4761 797 4809 est
825 4769 947 4808 cum
980 4753 1172 4823 gladiis
1199 4763 1254 4808 et
1298 4753 1529 4810 fustibus
1553 4771 1799 4826 compre-

207 4849 476 4915 hendere,
508 4847 600 4917 qui
632 4846 774 4901 ultro
803 4861 860 4900 se
884 4846 1037 4901 vobis
1061 4847 1227 4900 tradit
1251 4861 1265 4899 :
1292 4856 1346 4900 et
1374 4847 1428 4901 in
1460 4856 1620 4902 nocte
1639 4849 1796 4917 quasi

209 4941 516 4997 latitantem
541 4939 865 5008 investigare
885 4954 981 5008 per
1018 4939 1370 5006 proditorem,
1397 4954 1519 4992 cum
1559 4939 1799 5008 quotidie

208 5034 266 5086 in
293 5030 494 5101 templo
524 5031 732 5085 doceat.
762 5028 867 5083 Sed
896 5029 1015 5083 ideo
1058 5029 1343 5082 adversum
1383 5043 1468 5082 me
1509 5044 1802 5100 congrega-

208 5125 346 5180 tnini
373 5125 426 5178 in
452 5123 707 5187 tenebris,
737 5121 864 5192 quia
889 5131 1128 5191 potestas
1157 5131 1334 5176 vestra
1361 5121 1414 5175 in
1441 5123 1675 5178 tenebris
1695 5133 1799 5180 est.

283 5213 450 5270 Vsus.
490 5213 577 5268 50.
600 5241 672 5253 ——-
696 5211 858 5276 Tunc,
892 5221 998 5268 etc.
1027 5212 1147 5285 (ID.)
1172 5211 1427 5283 Impletur
1467 5213 1609 5282 quod
1641 5215 1795 5281 dixit,

209 5309 358 5379 quod
387 5323 576 5363 omnes
611 5306 1129 5370 scandalizarentur,
1174 5315 1306 5371 etc.,
1347 5323 1508 5376 usque
1546 5307 1615 5361 ad
1661 5319 1717 5364 et
1767 5326 1797 5364 a

212 5403 324 5456 Deo
352 5399 666 5464 revocandi,
691 5398 1016 5452 adversariis
1046 5399 1174 5453 dare
1197 5399 1520 5452 didicerunt.

234 5547 240 5552 .
284 5495 451 5550 Vens.
509 5491 596 5548 52.
634 5523 704 5533 -
746 5493 810 5546 At
859 5492 970 5558 ille,
1011 5501 1116 5548 etc.
1170 5492 1324 5548 Sicut
1365 5492 1563 5564 Joscph
1610 5494 1797 5549 relicto

212 5588 377 5658 pallio
405 5589 580 5642 nudus
631 5586 696 5641 de
725 5588 977 5642 manibus
1008 5587 1290 5657 impndicm
1321 5586 1550 5642 dominae
1591 5589 1796 5658 effugit.

215 5679 320 5744 Qui
368 5687 549 5732 autem
592 5678 707 5732 vult
742 5677 976 5748 eﬁ‘ugere
1024 5691 1216 5731 manus
1256 5676 1586 5746 iniquorum,
1637 5679 1799 5731 relin-

216 5784 391 5838 quens
436 5777 616 5823 mente
647 5782 765 5836 quae
797 5766 980 5819 mundi
1019 5775 1163 5832 sunt,
1209 5776 1330 5837 post
1371 5765 1553 5821 Jesum
1606 5765 1793 5838 fugiat.

505 5863 779 5922 PATBOL.
825 5860 1042 5921 CXIV.

1907 1901 2234 1955 desiderium
2273 1900 2511 1966 carnale,
2563 1915 2686 1955 eum
2735 1903 2932 1971 quibus
2978 1905 3071 1974 qui
3117 1916 3320 1971 manet,
3359 1908 3493 1964 ﬁere

1902 2002 2124 2064 peccata
2167 2008 2272 2048 nou
2317 1993 2477 2047 valet.
2526 1993 2597 2046 Et
2647 1993 2982 2063 calefaciebat
3025 2014 3100 2052 se.
3136 1997 3352 2072 (Βεω.)
3398 2001 3495 2058 Est

1904 2086 2043 2156 ignis
2095 2085 2412 2150 charitatis;
2463 2085 2530 2140 de
2585 2101 2693 2155 quo
2741 2087 2970 2150 dicitur,
3025 2098 3165 2154 etc.,
3220 2108 3380 2162 usque
3420 2096 3491 2149 ad

1903 2195 2138 2250 moxque
2207 2179 2293 2234 sui
2366 2178 2548 2233 cordis
2609 2193 2810 2233 arcana
2871 2181 3061 2250 prunis
3138 2182 3493 2241 inﬂammavit

1893 2274 2126 2329 amoris.
3074 2285 3076 2288 ν

1976 2369 2140 2424 Vens.
2165 2366 2258 2421 56.
2285 2397 2354 2407 —
2391 2365 2612 2421 Falsum
2634 2369 3007 2424 testimonium.
3037 2369 3164 2443 (1ο.)
3190 2369 3384 2429 Falsus
3406 2382 3495 2430 est

1901 2460 1998 2530 qui
2032 2473 2138 2514 non
2166 2459 2221 2513 in
2261 2459 2452 2514 eodem
2480 2474 2644 2514 sensu
2686 2459 2828 2514 dicta
2859 2461 3110 2533 intelligit
3147 2479 3256 2532 quo
3299 2465 3493 2522 dicun-

1903 2557 2013 2614 tur,
2036 2558 2167 2615 ete.,
2196 2567 2358 2622 usque
2394 2550 2463 2604 ad
2494 2561 2552 2604 ut
2580 2551 2798 2621 proprie
2827 2552 2894 2606 de
2924 2553 3123 2623 templo
3145 2553 3373 2613 Judaico
3411 2559 3495 2614 vi-

1904 2642 2098 2698 deatur
2121 2641 2344 2696 dixisse.

1975 2755 2141 2810 Vsus.
2172 2753 2262 2808 60.
2289 2784 2361 2793 —
2386 2752 2456 2806 Et
2484 2769 2785 2822 exsurgens,
2824 2762 2929 2808 etc.
2974 2752 3171 2820 Iratus,
3216 2757 3343 2826 quia
3383 2773 3494 2814 non

1904 2847 2110 2902 invenit
2148 2846 2327 2900 locum
2371 2845 2686 2908 calumniae,
2728 2854 2876 2899 motu
2931 2849 3176 2917 corporis
3223 2849 3494 2906 insaniam

1904 2941 2104 2996 mentis
2130 2940 2482 2995 demonstrat.
2515 2935 2641 2991 Non
2665 2937 3000 3007 respondens,
3024 2947 3130 2995 etc.
3160 2940 3241 2995 Ad
3267 2957 3496 3012 respon-

1905 3047 2024 3088 sum
2057 3037 2348 3102 provocat,
2386 3037 2448 3083 ut
2493 3043 2561 3083 ex
2603 3027 2844 3098 qualibet
2887 3029 3191 3102 occasione,
3223 3035 3497 3092 sermonis

1904 3099 2082 3180 locum
2098 3121 2385 3176 accusandi
2410 3119 2668 3173 inveniat.
2684 3117 2842 3174 Jesus
2864 3129 3042 3175 autem
3060 3138 3164 3178 non
3174 3099 3494 3195 .respondit,

1906 3214 2033 3283 quia
2080 3211 2326 3283 praevidit
2362 3209 2624 3279 quidquid
2666 3211 3018 3280 responderet
3065 3213 3120 3267 in
3162 3215 3495 3275 calumniam

1906 3301 2067 3361 verti.

1982 3418 2060 3473 Tu
2084 3436 2136 3473 es
2159 3416 2422 3473 Christus.
2453 3415 2660 3488 (Ηιειι.)
2688 3415 2858 3484 Quem
2883 3418 3238 3487 exspectabat
3277 3435 3308 3474 a
3335 3418 3496 3494 longe

1905 3529 2013 3570 non
2038 3514 2256 3568 videbat
2299 3527 2505 3583 prope:
2558 3511 2700 3565 sicut
2726 3510 2876 3565 Isaac
2915 3510 3275 3582 caligantibus
3299 3516 3492 3580 oculis,

1905 3603 2072 3660 Jacob
2092 3604 2193 3658 sub
2223 3601 2472 3656 manibus
2504 3616 2611 3654 non
2647 3602 3004 3670 agnoscebat,
3036 3602 3130 3656 sed
3177 3602 3334 3672 longe
3375 3615 3497 3676 post

1906 3697 1973 3753 de
2000 3711 2067 3752 eo
2095 3695 2272 3750 futura
2295 3694 2461 3749 canit.

1976 3809 2138 3864 Vsus.
2164 3808 2344 3863 61-—
2365 3806 2433 3860 Et
2472 3807 2726 3861 videbitis.
2777 3807 3041 3864 Sacerdos
3081 3811 3379 3882 interrogat
3408 3812 3494 3867 Fi-

1905 3901 2036 3955 lium
2063 3901 2190 3964 Dei;
2219 3900 2375 3954 Jesns
2405 3900 2683 3968 respondit
2704 3899 2898 3953 Filium
2913 3900 3149 3955 hominis
3173 3919 3186 3967 ;
3217 3913 3275 3956 ut
3302 3904 3496 3959 intelli-

1907 4009 2097 4063 gamus
2134 3991 2382 4046 eumdem
2424 3990 2617 4045 Filium
2662 3991 2756 4045 Dei
2787 4006 2906 4046 esse
2931 4001 2987 4046 et
3009 3993 3206 4048 Filium
3234 3996 3493 4060 howinis,

1907 4103 1974 4142 ne
1999 4086 2420 4155 quaternitatcm
2455 4083 2718 4138 faciamus
2755 4085 2806 4138 in
2839 4085 3124 4150 Trinitate,
3161 4096 3217 4141 et
3245 4088 3405 4140 homo
3439 4089 3495 4144 in

1907 4179 2039 4242 Deo,
2073 4188 2127 4233 et
2155 4177 2290 4232 Deus
2315 4177 2366 4230 iu
2397 4177 2615 4230 homine
2658 4177 2746 4230 sit.
2776 4177 2818 4228 Α
2857 4175 3055 4229 dextris
3089 4178 3312 4231 uirtutis.
3357 4178 3494 4244 Quia

1905 4269 2200 4324 humiliavit
2221 4269 2444 4340 seipsum
2472 4267 2643 4336 factus
2673 4268 2915 4322 obediens
2936 4284 3101 4338 usque
3134 4269 3204 4322 ad
3236 4281 3455 4324 mortem
3478 4313 3494 4336 ,

1907 4370 2124 4412 mortem
2154 4369 2329 4412 autem
2357 4357 2527 4412 crucis
2557 4371 2576 4410 .'
2605 4367 2815 4428 propter
2839 4358 2980 4428 quod
3001 4368 3049 4412 et
3074 4358 3217 4413 Deus
3244 4363 3496 4416 exultavit

1907 4449 2081 4516 illum,
2113 4460 2160 4504 et
2187 4451 2327 4504 dedit
2357 4450 2435 4504 illi
2461 4465 2646 4504 nomen
2671 4451 2810 4521 quod
2836 4461 2911 4505 est
2933 4467 3090 4522 super
3122 4467 3272 4508 omne
3308 4470 3497 4509 nomen

1831 4520 1882 4579 υ
1907 4540 2073 4613 (Phil.
2107 4542 2190 4614 u).

1975 4655 2108 4709 Cum
2132 4655 2353 4708 nubibus
2389 4654 2522 4708 caeli.
2551 4649 2761 4727 (illam)
2789 4654 3051 4710 Ascendit
3080 4656 3132 4710 in
3176 4657 3342 4722 nube,
3367 4673 3493 4712 cum

1904 4749 2048 4803 nube
2088 4748 2268 4803 veniet
2315 4767 2327 4802 :
2374 4749 2424 4802 id
2465 4757 2549 4802 est
2599 4764 2722 4803 cum
2766 4763 2995 4820 corpore
3041 4749 3156 4804 solo
3194 4765 3293 4804 suo
3348 4753 3494 4822 quod

1906 4841 2198 4909 assumpsit
2248 4856 2278 4894 a
2313 4841 2520 4912 virgine
2567 4841 2856 4905 ascendit,
2895 4849 2952 4896 et
3001 4858 3123 4897 cum
3169 4843 3493 4906 multiformi

1907 4932 2170 4997 Ecclesia,
2202 4948 2321 5001 qua:
2351 4942 2434 4987 est
2459 4948 2656 5002 corpus
2684 4933 2848 5004 ipsius
2878 4943 2933 4988 et
2960 4933 3234 5004 plenitudo
3259 4937 3327 4989 ad
3348 4936 3495 5007 judi-

1907 5026 2052 5079 cium
2080 5033 2338 5094 venturus
2365 5033 2469 5088 est,
2514 5025 2656 5078 sicut
2695 5026 2828 5080 dicit
2863 5025 3146 5080 Matthazus
3174 5044 3188 5080 :
3229 5026 3362 5082 Cum
3391 5044 3492 5082 an-

1869 5123 2015 5169 ~tem
2058 5115 2270 5170 venerit
2314 5114 2480 5170 Filius
2507 5115 2760 5178 hominis,
2813 5124 2867 5170 et
2911 5131 3102 5171 omnes
3146 5115 3320 5189 angeli
3367 5134 3492 5174 cum

1901 5221 1988 5271 eo,
2020 5217 2126 5262 etc.

1979 5298 2141 5352 Vsus.
2193 5297 2281 5352 63.
2321 5329 2390 5339 —
2425 5297 2673 5353 Summus
2726 5308 2900 5353 autem
2948 5303 3213 5357 sacerdos.
3255 5301 3494 5374 (Βεω.)

1906 5389 2108 5446 Eadem
2133 5390 2311 5445 rabies
2329 5406 2450 5460 quae
2478 5392 2626 5461 prius
2648 5390 2714 5446 de
2735 5392 2862 5447 sede
2883 5403 3220 5460 excusserat,
3250 5404 3380 5460 etc.,
3405 5412 3498 5449 us-

1903 5503 2002 5558 que
2046 5486 2114 5539 ad
2162 5502 2284 5540 cum
2329 5485 2382 5539 in
2428 5484 2695 5556 Lycaonia
2742 5488 2894 5558 quasi
2938 5489 3010 5542 dii
3071 5490 3493 5556 honorarentnr,

1906 5571 2168 5638 fecerunt.
2239 5580 2557 5634 Vestimenta
2601 5599 2734 5647 sua,
2783 5592 2887 5638 etc.
2939 5583 3170 5653 (Ηιεκ.)
3222 5583 3334 5637 Hoc
3375 5593 3492 5648 est,

1904 5676 2079 5746 ephod
2107 5676 2159 5729 in
2205 5689 2311 5744 quo
2339 5672 2508 5728 Judzei
2550 5674 2823 5730 habebant
2857 5675 3139 5738 honorem,
3172 5673 3490 5737 amiserunt,

1906 5777 2012 5822 etc.
2036 5807 2052 5833 ,
2099 5781 2260 5834 usque
2299 5763 2367 5816 ad
2403 5763 2520 5833 ejus
2565 5773 2742 5820 tamen
2785 5764 3038 5818 inviolata
3081 5770 3361 5834 permanet
3400 5777 3492 5816 ca-

2923 5855 2964 5914 8
