  <div class='ocr_page' id='page_1' title='image "/cluster/home/n/w/nwhite01/storage/ocr_20150623/114/hvd.32044018909580/123.png"; bbox 0 0 3960 6336; ppageno 0'>
   <div class='ocr_carea' id='block_1_1' title="bbox 532 333 638 390">
    <p class='ocr_par' dir='ltr' id='par_1_1' title="bbox 532 333 638 390">
     <span class='ocr_line' id='line_1_1' title="bbox 532 333 638 390; baseline 0 0"><span class='ocrx_word' id='word_1_1' title='bbox 532 333 638 390; x_wconf 75' lang='lat'><strong>255</strong></span> 
     </span>
    </p>
   </div>
   <div class='ocr_carea' id='block_1_2' title="bbox 1033 325 3250 390">
    <p class='ocr_par' dir='ltr' id='par_1_2' title="bbox 1033 325 3250 390">
     <span class='ocr_line' id='line_1_2' title="bbox 1033 325 3250 390; baseline -0 -5"><span class='ocrx_word' id='word_1_2' title='bbox 1033 328 1427 386; x_wconf 79' lang='lat' dir='ltr'><strong>WALAFRIDI</strong></span> <span class='ocrx_word' id='word_1_3' title='bbox 1464 326 1714 386; x_wconf 79' lang='lat' dir='ltr'><strong>STRABI</strong></span> <span class='ocrx_word' id='word_1_4' title='bbox 1748 329 1952 388; x_wconf 81' lang='lat' dir='ltr'><strong>FULD.</strong></span> <span class='ocrx_word' id='word_1_5' title='bbox 1993 328 2157 387; x_wconf 79' lang='lat' dir='ltr'><strong>MON.</strong></span> <span class='ocrx_word' id='word_1_6' title='bbox 2198 325 2347 387; x_wconf 89' lang='lat' dir='ltr'><strong>OPP.</strong></span> <span class='ocrx_word' id='word_1_7' title='bbox 2391 330 2572 390; x_wconf 82' lang='lat' dir='ltr'><strong>PARS</strong></span> <span class='ocrx_word' id='word_1_8' title='bbox 2606 331 2647 390; x_wconf 83' lang='grc' dir='ltr'><strong>Ι.</strong></span> <span class='ocrx_word' id='word_1_9' title='bbox 2687 363 2758 374; x_wconf 92' lang='grc'><strong>-</strong></span> <span class='ocrx_word' id='word_1_10' title='bbox 2797 328 3250 389; x_wconf 82' lang='lat' dir='ltr'><strong>THEOLOGICA.</strong></span> 
     </span>
    </p>
   </div>
   <div class='ocr_carea' id='block_1_3' title="bbox 3679 330 3780 389">
    <p class='ocr_par' dir='ltr' id='par_1_3' title="bbox 3679 330 3780 389">
     <span class='ocr_line' id='line_1_3' title="bbox 3679 330 3780 389; baseline -0.04 0"><span class='ocrx_word' id='word_1_11' title='bbox 3679 330 3780 389; x_wconf 69' lang='lat'><strong>236</strong></span> 
     </span>
    </p>
   </div>
   <div class='ocr_carea' id='block_1_4' title="bbox 533 442 3781 518">
    <p class='ocr_par' dir='ltr' id='par_1_4' title="bbox 533 442 3781 518">
     <span class='ocr_line' id='line_1_4' title="bbox 533 442 3781 518; baseline 0.002 -19"><span class='ocrx_word' id='word_1_12' title='bbox 533 446 691 500; x_wconf 80' lang='lat' dir='ltr'><strong>stitas</strong></span> <span class='ocrx_word' id='word_1_13' title='bbox 711 456 882 513; x_wconf 86' lang='lat' dir='ltr'><strong>usque</strong></span> <span class='ocrx_word' id='word_1_14' title='bbox 906 442 973 497; x_wconf 88' lang='lat' dir='ltr'><strong>ad</strong></span> <span class='ocrx_word' id='word_1_15' title='bbox 993 443 1507 499; x_wconf 75' lang='lat' dir='ltr'><strong>consummationem</strong></span> <span class='ocrx_word' id='word_1_16' title='bbox 1533 445 1713 500; x_wconf 73' lang='lat' dir='ltr'><strong>steculi</strong></span> <span class='ocrx_word' id='word_1_17' title='bbox 1738 445 1791 499; x_wconf 93' lang='lat' dir='ltr'><strong>in</strong></span> <span class='ocrx_word' id='word_1_18' title='bbox 1806 444 1943 511; x_wconf 80' lang='lat' dir='ltr'><strong>illis,</strong></span> <span class='ocrx_word' id='word_1_19' title='bbox 1968 459 2105 515; x_wconf 89' lang='lat' dir='ltr'><strong>quos</strong></span> <span class='ocrx_word' id='word_1_20' title='bbox 2130 446 2182 507; x_wconf 77' lang='grc' dir='ltr'><strong>Δ</strong></span> <span class='ocrx_word' id='word_1_21' title='bbox 2278 445 2442 501; x_wconf 74' lang='lat' dir='ltr'><strong>Vens.</strong></span> <span class='ocrx_word' id='word_1_22' title='bbox 2473 448 2558 501; x_wconf 83' lang='lat' dir='ltr'><strong>ll.</strong></span> <span class='ocrx_word' id='word_1_23' title='bbox 2581 478 2652 490; x_wconf 85' lang='lat'><strong><em>—</em></strong></span> <span class='ocrx_word' id='word_1_24' title='bbox 2673 446 2739 503; x_wconf 88' lang='lat' dir='ltr'><strong>Ut</strong></span> <span class='ocrx_word' id='word_1_25' title='bbox 2763 448 2927 518; x_wconf 83' lang='lat' dir='ltr'><strong>magis</strong></span> <span class='ocrx_word' id='word_1_26' title='bbox 2952 446 3267 501; x_wconf 89' lang='lat' dir='ltr'><strong>Barabbam.</strong></span> <span class='ocrx_word' id='word_1_27' title='bbox 3295 444 3508 517; x_wconf 75' lang='grc' dir='ltr'><strong>(Βεω.)</strong></span> <span class='ocrx_word' id='word_1_28' title='bbox 3538 446 3781 504; x_wconf 63' lang='lat' dir='ltr'><strong>Adhaeret</strong></span> 
     </span>
    </p>
   </div>
   <div class='ocr_carea' id='block_1_5' title="bbox 531 535 1277 593">
    <p class='ocr_par' dir='ltr' id='par_1_5' title="bbox 531 535 1277 593">
     <span class='ocr_line' id='line_1_5' title="bbox 531 535 1277 593; baseline -0.005 0"><span class='ocrx_word' id='word_1_29' title='bbox 531 553 652 593; x_wconf 86' lang='lat' dir='ltr'><strong>sors</strong></span> <span class='ocrx_word' id='word_1_30' title='bbox 679 535 960 592; x_wconf 73' lang='lat' dir='ltr'><strong>electionis</strong></span> <span class='ocrx_word' id='word_1_31' title='bbox 987 536 1277 590; x_wconf 89' lang='lat' dir='ltr'><strong>invenerit.</strong></span> 
     </span>
    </p>
   </div>
   <div class='ocr_carea' id='block_1_6' title="bbox 602 628 2106 702">
    <p class='ocr_par' dir='ltr' id='par_1_6' title="bbox 602 628 2106 702">
     <span class='ocr_line' id='line_1_6' title="bbox 602 628 2106 702; baseline -0.003 -15"><span class='ocrx_word' id='word_1_32' title='bbox 602 631 765 687; x_wconf 72' lang='lat' dir='ltr'><strong>Vnus.</strong></span> <span class='ocrx_word' id='word_1_33' title='bbox 796 630 884 685; x_wconf 62' lang='grc' dir='ltr'><strong>θαι.</strong></span> <span class='ocrx_word' id='word_1_34' title='bbox 915 660 983 669; x_wconf 91' lang='grc'><strong><em>--</em></strong></span> <span class='ocrx_word' id='word_1_35' title='bbox 1009 628 1111 695; x_wconf 85' lang='lat' dir='ltr'><strong>Qui</strong></span> <span class='ocrx_word' id='word_1_36' title='bbox 1156 645 1360 694; x_wconf 86' lang='lat' dir='ltr'><strong>omnes,</strong></span> <span class='ocrx_word' id='word_1_37' title='bbox 1399 636 1500 686; x_wconf 91' lang='lat' dir='ltr'><strong>etc.</strong></span> <span class='ocrx_word' id='word_1_38' title='bbox 1548 628 1754 702; x_wconf 63' lang='lat' dir='ltr'><strong>(illam)</strong></span> <span class='ocrx_word' id='word_1_39' title='bbox 1798 630 1915 697; x_wconf 91' lang='lat' dir='ltr'><strong>Quo</strong></span> <span class='ocrx_word' id='word_1_40' title='bbox 1956 639 2106 684; x_wconf 94' lang='lat' dir='ltr'><strong>reatu</strong></span> 
     </span>
    </p>
   </div>
   <div class='ocr_carea' id='block_1_7' title="bbox 531 718 2108 791">
    <p class='ocr_par' dir='ltr' id='par_1_7' title="bbox 531 718 2108 791">
     <span class='ocr_line' id='line_1_7' title="bbox 531 718 2108 791; baseline -0.002 -14"><span class='ocrx_word' id='word_1_41' title='bbox 531 738 629 777; x_wconf 82' lang='lat' dir='ltr'><strong>suo</strong></span> <span class='ocrx_word' id='word_1_42' title='bbox 662 729 902 777; x_wconf 88' lang='lat' dir='ltr'><strong>nostrum</strong></span> <span class='ocrx_word' id='word_1_43' title='bbox 946 728 1154 775; x_wconf 82' lang='lat' dir='ltr'><strong>reatum</strong></span> <span class='ocrx_word' id='word_1_44' title='bbox 1204 718 1455 785; x_wconf 82' lang='lat' dir='ltr'><strong>solveret,</strong></span> <span class='ocrx_word' id='word_1_45' title='bbox 1500 729 1631 786; x_wconf 91' lang='lat' dir='ltr'><strong>etc.,</strong></span> <span class='ocrx_word' id='word_1_46' title='bbox 1675 737 1837 791; x_wconf 85' lang='lat' dir='ltr'><strong>usque</strong></span> <span class='ocrx_word' id='word_1_47' title='bbox 1879 722 1949 774; x_wconf 87' lang='lat' dir='ltr'><strong>ad</strong></span> <span class='ocrx_word' id='word_1_48' title='bbox 1980 720 2108 775; x_wconf 92' lang='lat' dir='ltr'><strong>hinc</strong></span> 
     </span>
    </p>
   </div>
   <div class='ocr_carea' id='block_1_8' title="bbox 529 813 2106 888">
    <p class='ocr_par' dir='ltr' id='par_1_8' title="bbox 529 813 2106 888">
     <span class='ocr_line' id='line_1_8' title="bbox 529 813 2106 888; baseline -0.002 -17"><span class='ocrx_word' id='word_1_49' title='bbox 529 817 790 888; x_wconf 82' lang='lat' dir='ltr'><strong>propheta</strong></span> <span class='ocrx_word' id='word_1_50' title='bbox 817 830 832 869; x_wconf 88' lang='lat'><strong>:</strong></span> <span class='ocrx_word' id='word_1_51' title='bbox 868 813 1009 880; x_wconf 92' lang='lat' dir='ltr'><strong>Quid</strong></span> <span class='ocrx_word' id='word_1_52' title='bbox 1038 813 1319 868; x_wconf 82' lang='lat' dir='ltr'><strong>retribuam</strong></span> <span class='ocrx_word' id='word_1_53' title='bbox 1350 813 1574 868; x_wconf 86' lang='lat' dir='ltr'><strong>Domino</strong></span> <span class='ocrx_word' id='word_1_54' title='bbox 1605 830 1699 884; x_wconf 83' lang='lat' dir='ltr'><strong>pro</strong></span> <span class='ocrx_word' id='word_1_55' title='bbox 1732 813 1971 868; x_wconf 87' lang='lat' dir='ltr'><strong>omnibus</strong></span> <span class='ocrx_word' id='word_1_56' title='bbox 1989 829 2106 885; x_wconf 78' lang='lat' dir='ltr'><strong>qua:</strong></span> 
     </span>
    </p>
   </div>
   <div class='ocr_carea' id='block_1_9' title="bbox 531 903 1345 977">
    <p class='ocr_par' dir='ltr' id='par_1_9' title="bbox 531 903 1345 977">
     <span class='ocr_line' id='line_1_9' title="bbox 531 903 1345 977; baseline -0.002 -16"><span class='ocrx_word' id='word_1_57' title='bbox 531 909 765 963; x_wconf 76' lang='lat' dir='ltr'><strong>retribuit</strong></span> <span class='ocrx_word' id='word_1_58' title='bbox 788 906 918 960; x_wconf 82' lang='lat' dir='ltr'><strong>mihi</strong></span> <span class='ocrx_word' id='word_1_59' title='bbox 945 906 969 960; x_wconf 80' lang='lat'><strong><em>?</em></strong></span> <span class='ocrx_word' id='word_1_60' title='bbox 1002 903 1173 977; x_wconf 84' lang='lat' dir='ltr'><strong>(Psal.</strong></span> <span class='ocrx_word' id='word_1_61' title='bbox 1198 905 1345 976; x_wconf 78' lang='lat' dir='ltr'><strong>cxv.)</strong></span> 
     </span>
    </p>
   </div>
   <div class='ocr_carea' id='block_1_10' title="bbox 598 995 2103 1067">
    <p class='ocr_par' dir='ltr' id='par_1_10' title="bbox 598 995 2103 1067">
     <span class='ocr_line' id='line_1_10' title="bbox 598 995 2103 1067; baseline -0.004 -12"><span class='ocrx_word' id='word_1_62' title='bbox 598 1000 762 1055; x_wconf 74' lang='lat' dir='ltr'><strong>Vens.</strong></span> <span class='ocrx_word' id='word_1_63' title='bbox 790 997 879 1054; x_wconf 81' lang='lat'><strong>65.</strong></span> <span class='ocrx_word' id='word_1_64' title='bbox 906 1028 974 1039; x_wconf 86' lang='lat'><strong>—-</strong></span> <span class='ocrx_word' id='word_1_65' title='bbox 1018 995 1203 1052; x_wconf 83' lang='lat' dir='ltr'><strong>Velare</strong></span> <span class='ocrx_word' id='word_1_66' title='bbox 1246 998 1454 1067; x_wconf 79' lang='lat' dir='ltr'><strong>faciem,</strong></span> <span class='ocrx_word' id='word_1_67' title='bbox 1500 1004 1605 1052; x_wconf 92' lang='lat' dir='ltr'><strong>etc.</strong></span> <span class='ocrx_word' id='word_1_68' title='bbox 1652 996 1767 1051; x_wconf 87' lang='lat' dir='ltr'><strong>Non</strong></span> <span class='ocrx_word' id='word_1_69' title='bbox 1808 1003 1866 1050; x_wconf 92' lang='lat' dir='ltr'><strong>ut</strong></span> <span class='ocrx_word' id='word_1_70' title='bbox 1899 995 2103 1051; x_wconf 86' lang='lat' dir='ltr'><strong>scelera</strong></span> 
     </span>
    </p>
   </div>
   <div class='ocr_carea' id='block_1_11' title="bbox 522 1085 2104 1157">
    <p class='ocr_par' dir='ltr' id='par_1_11' title="bbox 522 1085 2104 1157">
     <span class='ocr_line' id='line_1_11' title="bbox 522 1085 2104 1157; baseline -0.003 -13"><span class='ocrx_word' id='word_1_71' title='bbox 522 1104 713 1144; x_wconf 79' lang='lat' dir='ltr'><strong>eorum</strong></span> <span class='ocrx_word' id='word_1_72' title='bbox 744 1104 850 1145; x_wconf 92' lang='lat' dir='ltr'><strong>non</strong></span> <span class='ocrx_word' id='word_1_73' title='bbox 872 1088 1071 1153; x_wconf 89' lang='lat' dir='ltr'><strong>videat,</strong></span> <span class='ocrx_word' id='word_1_74' title='bbox 1094 1085 1211 1152; x_wconf 87' lang='lat' dir='ltr'><strong>sed,</strong></span> <span class='ocrx_word' id='word_1_75' title='bbox 1248 1095 1309 1141; x_wconf 92' lang='lat' dir='ltr'><strong>ut</strong></span> <span class='ocrx_word' id='word_1_76' title='bbox 1341 1087 1440 1157; x_wconf 88' lang='lat' dir='ltr'><strong>ipsi</strong></span> <span class='ocrx_word' id='word_1_77' title='bbox 1482 1086 1749 1156; x_wconf 87' lang='lat' dir='ltr'><strong>quondam</strong></span> <span class='ocrx_word' id='word_1_78' title='bbox 1780 1085 1947 1157; x_wconf 83' lang='lat' dir='ltr'><strong>Moysi</strong></span> <span class='ocrx_word' id='word_1_79' title='bbox 1966 1085 2104 1139; x_wconf 86' lang='lat' dir='ltr'><strong>fece-</strong></span> 
     </span>
    </p>
   </div>
   <div class='ocr_carea' id='block_1_12' title="bbox 527 1174 2102 1250">
    <p class='ocr_par' dir='ltr' id='par_1_12' title="bbox 527 1174 2102 1250">
     <span class='ocr_line' id='line_1_12' title="bbox 527 1174 2102 1250; baseline -0.002 -16"><span class='ocrx_word' id='word_1_80' title='bbox 527 1190 674 1244; x_wconf 83' lang='lat' dir='ltr'><strong>runt,</strong></span> <span class='ocrx_word' id='word_1_81' title='bbox 709 1195 741 1233; x_wconf 89' lang='lat' dir='ltr'><strong>a</strong></span> <span class='ocrx_word' id='word_1_82' title='bbox 768 1195 826 1235; x_wconf 93' lang='lat' dir='ltr'><strong>se</strong></span> <span class='ocrx_word' id='word_1_83' title='bbox 855 1179 1081 1250; x_wconf 77' lang='lat' dir='ltr'><strong>gratiam</strong></span> <span class='ocrx_word' id='word_1_84' title='bbox 1114 1177 1439 1249; x_wconf 78' lang='lat' dir='ltr'><strong>cognitionis</strong></span> <span class='ocrx_word' id='word_1_85' title='bbox 1461 1177 1578 1248; x_wconf 86' lang='lat' dir='ltr'><strong>ejus</strong></span> <span class='ocrx_word' id='word_1_86' title='bbox 1603 1176 1956 1232; x_wconf 84' lang='lat' dir='ltr'><strong>abscondant.</strong></span> <span class='ocrx_word' id='word_1_87' title='bbox 1988 1174 2102 1231; x_wconf 80' lang='lat' dir='ltr'><strong>Hoc</strong></span> 
     </span>
    </p>
   </div>
   <div class='ocr_carea' id='block_1_13' title="bbox 523 1268 2097 1339">
    <p class='ocr_par' dir='ltr' id='par_1_13' title="bbox 523 1268 2097 1339">
     <span class='ocr_line' id='line_1_13' title="bbox 523 1268 2097 1339; baseline -0.001 -16"><span class='ocrx_word' id='word_1_88' title='bbox 523 1270 887 1327; x_wconf 84' lang='lat' dir='ltr'><strong>velamentum</strong></span> <span class='ocrx_word' id='word_1_89' title='bbox 924 1283 1095 1339; x_wconf 88' lang='lat' dir='ltr'><strong>usque</strong></span> <span class='ocrx_word' id='word_1_90' title='bbox 1123 1268 1283 1324; x_wconf 86' lang='lat' dir='ltr'><strong>hodie</strong></span> <span class='ocrx_word' id='word_1_91' title='bbox 1314 1276 1499 1325; x_wconf 90' lang='lat' dir='ltr'><strong>manet</strong></span> <span class='ocrx_word' id='word_1_92' title='bbox 1542 1282 1706 1338; x_wconf 86' lang='lat' dir='ltr'><strong>super</strong></span> <span class='ocrx_word' id='word_1_93' title='bbox 1746 1283 1843 1323; x_wconf 89' lang='lat' dir='ltr'><strong>cor</strong></span> <span class='ocrx_word' id='word_1_94' title='bbox 1885 1281 2097 1332; x_wconf 90' lang='lat' dir='ltr'><strong>eorum,</strong></span> 
     </span>
    </p>
   </div>
   <div class='ocr_carea' id='block_1_14' title="bbox 520 1356 2100 1430">
    <p class='ocr_par' dir='ltr' id='par_1_14' title="bbox 520 1356 2100 1430">
     <span class='ocr_line' id='line_1_14' title="bbox 520 1356 2100 1430; baseline -0.002 -15"><span class='ocrx_word' id='word_1_95' title='bbox 520 1360 669 1430; x_wconf 87' lang='lat' dir='ltr'><strong>quod</strong></span> <span class='ocrx_word' id='word_1_96' title='bbox 698 1359 749 1413; x_wconf 92' lang='lat' dir='ltr'><strong>in</strong></span> <span class='ocrx_word' id='word_1_97' title='bbox 796 1358 1071 1415; x_wconf 86' lang='lat' dir='ltr'><strong>Christum</strong></span> <span class='ocrx_word' id='word_1_98' title='bbox 1095 1358 1437 1413; x_wconf 86' lang='lat' dir='ltr'><strong>credentibus</strong></span> <span class='ocrx_word' id='word_1_99' title='bbox 1461 1366 1549 1413; x_wconf 87' lang='lat' dir='ltr'><strong>est</strong></span> <span class='ocrx_word' id='word_1_100' title='bbox 1572 1357 1830 1412; x_wconf 84' lang='lat' dir='ltr'><strong>ablatum.</strong></span> <span class='ocrx_word' id='word_1_101' title='bbox 1858 1356 2010 1413; x_wconf 87' lang='lat' dir='ltr'><strong>Unde</strong></span> <span class='ocrx_word' id='word_1_102' title='bbox 2034 1372 2100 1412; x_wconf 77' lang='lat' dir='ltr'><strong>eo</strong></span> 
     </span>
    </p>
   </div>
   <div class='ocr_carea' id='block_1_15' title="bbox 526 1449 2099 1519">
    <p class='ocr_par' dir='ltr' id='par_1_15' title="bbox 526 1449 2099 1519">
     <span class='ocr_line' id='line_1_15' title="bbox 526 1449 2099 1519; baseline -0.003 -12"><span class='ocrx_word' id='word_1_103' title='bbox 526 1452 792 1507; x_wconf 87' lang='lat' dir='ltr'><strong>moriente</strong></span> <span class='ocrx_word' id='word_1_104' title='bbox 830 1449 976 1506; x_wconf 87' lang='lat' dir='ltr'><strong>velut</strong></span> <span class='ocrx_word' id='word_1_105' title='bbox 1006 1449 1263 1519; x_wconf 90' lang='lat' dir='ltr'><strong>templum</strong></span> <span class='ocrx_word' id='word_1_106' title='bbox 1299 1450 1528 1506; x_wconf 91' lang='lat' dir='ltr'><strong>scissum</strong></span> <span class='ocrx_word' id='word_1_107' title='bbox 1551 1457 1655 1516; x_wconf 92' lang='lat' dir='ltr'><strong>est,</strong></span> <span class='ocrx_word' id='word_1_108' title='bbox 1683 1458 1737 1505; x_wconf 91' lang='lat' dir='ltr'><strong>et</strong></span> <span class='ocrx_word' id='word_1_109' title='bbox 1759 1457 1945 1505; x_wconf 86' lang='lat' dir='ltr'><strong>sancta</strong></span> <span class='ocrx_word' id='word_1_110' title='bbox 1973 1463 2099 1505; x_wconf 85' lang='lat' dir='ltr'><strong>san-</strong></span> 
     </span>
    </p>
   </div>
   <div class='ocr_carea' id='block_1_16' title="bbox 523 1540 1285 1611">
    <p class='ocr_par' dir='ltr' id='par_1_16' title="bbox 523 1540 1285 1611">
     <span class='ocr_line' id='line_1_16' title="bbox 523 1540 1285 1611; baseline -0.008 -12"><span class='ocrx_word' id='word_1_111' title='bbox 523 1555 733 1599; x_wconf 88' lang='lat' dir='ltr'><strong>ctorum</strong></span> <span class='ocrx_word' id='word_1_112' title='bbox 765 1555 963 1597; x_wconf 88' lang='lat' dir='ltr'><strong>arcana</strong></span> <span class='ocrx_word' id='word_1_113' title='bbox 1001 1540 1285 1611; x_wconf 82' lang='lat' dir='ltr'><strong>patefacta.</strong></span> 
     </span>
    </p>
   </div>
   <div class='ocr_carea' id='block_1_17' title="bbox 593 1630 2097 1703">
    <p class='ocr_par' dir='ltr' id='par_1_17' title="bbox 593 1630 2097 1703">
     <span class='ocr_line' id='line_1_17' title="bbox 593 1630 2097 1703; baseline 0.001 -16"><span class='ocrx_word' id='word_1_114' title='bbox 593 1632 773 1703; x_wconf 81' lang='lat' dir='ltr'><strong>Alapis</strong></span> <span class='ocrx_word' id='word_1_115' title='bbox 812 1649 931 1687; x_wconf 85' lang='lat' dir='ltr'><strong>eum</strong></span> <span class='ocrx_word' id='word_1_116' title='bbox 970 1632 1252 1687; x_wconf 65' lang='lat' dir='ltr'><strong>caedebant.</strong></span> <span class='ocrx_word' id='word_1_117' title='bbox 1285 1630 1498 1703; x_wconf 45' lang='lat' dir='ltr'><strong>(Reum)</strong></span> <span class='ocrx_word' id='word_1_118' title='bbox 1531 1631 1633 1699; x_wconf 83' lang='lat' dir='ltr'><strong>Qui</strong></span> <span class='ocrx_word' id='word_1_119' title='bbox 1671 1641 1797 1688; x_wconf 85' lang='lat' dir='ltr'><strong>tunc</strong></span> <span class='ocrx_word' id='word_1_120' title='bbox 1818 1648 1989 1689; x_wconf 66' lang='lat' dir='ltr'><strong>cassus</strong></span> <span class='ocrx_word' id='word_1_121' title='bbox 2013 1641 2097 1688; x_wconf 89' lang='lat' dir='ltr'><strong>est</strong></span> 
     </span>
    </p>
   </div>
   <div class='ocr_carea' id='block_1_18' title="bbox 521 1723 2094 1796">
    <p class='ocr_par' dir='ltr' id='par_1_18' title="bbox 521 1723 2094 1796">
     <span class='ocr_line' id='line_1_18' title="bbox 521 1723 2094 1796; baseline 0 -18"><span class='ocrx_word' id='word_1_122' title='bbox 521 1723 713 1793; x_wconf 83' lang='lat' dir='ltr'><strong>alapis,</strong></span> <span class='ocrx_word' id='word_1_123' title='bbox 735 1730 791 1779; x_wconf 85' lang='lat' dir='ltr'><strong>et</strong></span> <span class='ocrx_word' id='word_1_124' title='bbox 815 1738 957 1778; x_wconf 86' lang='lat' dir='ltr'><strong>nunc</strong></span> <span class='ocrx_word' id='word_1_125' title='bbox 985 1723 1208 1778; x_wconf 77' lang='lat' dir='ltr'><strong>caeditur</strong></span> <span class='ocrx_word' id='word_1_126' title='bbox 1241 1723 1588 1793; x_wconf 88' lang='lat' dir='ltr'><strong>blasphemiis</strong></span> <span class='ocrx_word' id='word_1_127' title='bbox 1627 1723 1909 1796; x_wconf 73' lang='lat' dir='ltr'><strong>falsorumj</strong></span> <span class='ocrx_word' id='word_1_128' title='bbox 1932 1723 2094 1780; x_wconf 84' lang='lat' dir='ltr'><strong>Chri-</strong></span> 
     </span>
    </p>
   </div>
   <div class='ocr_carea' id='block_1_19' title="bbox 2209 534 3782 607">
    <p class='ocr_par' dir='ltr' id='par_1_19' title="bbox 2209 534 3782 607">
     <span class='ocr_line' id='line_1_19' title="bbox 2209 534 3782 607; baseline 0.001 -16"><span class='ocrx_word' id='word_1_129' title='bbox 2209 535 2409 591; x_wconf 68' lang='lat' dir='ltr'><strong>Judaais</strong></span> <span class='ocrx_word' id='word_1_130' title='bbox 2454 552 2626 607; x_wconf 89' lang='lat' dir='ltr'><strong>usque</strong></span> <span class='ocrx_word' id='word_1_131' title='bbox 2668 537 2828 592; x_wconf 90' lang='lat' dir='ltr'><strong>hodie</strong></span> <span class='ocrx_word' id='word_1_132' title='bbox 2871 536 3058 606; x_wconf 88' lang='lat' dir='ltr'><strong>petitio</strong></span> <span class='ocrx_word' id='word_1_133' title='bbox 3099 550 3216 600; x_wconf 89' lang='lat' dir='ltr'><strong>sua,</strong></span> <span class='ocrx_word' id='word_1_134' title='bbox 3245 550 3406 603; x_wconf 88' lang='lat' dir='ltr'><strong>quam</strong></span> <span class='ocrx_word' id='word_1_135' title='bbox 3454 543 3569 590; x_wconf 90' lang='lat' dir='ltr'><strong>toto</strong></span> <span class='ocrx_word' id='word_1_136' title='bbox 3604 534 3782 594; x_wconf 86' lang='lat' dir='ltr'><strong>labore</strong></span> 
     </span>
    </p>
   </div>
   <div class='ocr_carea' id='block_1_20' title="bbox 2212 625 3782 697">
    <p class='ocr_par' dir='ltr' id='par_1_20' title="bbox 2212 625 3782 697">
     <span class='ocr_line' id='line_1_20' title="bbox 2212 625 3782 697; baseline 0.004 -19"><span class='ocrx_word' id='word_1_137' title='bbox 2212 626 2659 694; x_wconf 88' lang='lat' dir='ltr'><strong>impetraverunt.</strong></span> <span class='ocrx_word' id='word_1_138' title='bbox 2716 627 2848 681; x_wconf 90' lang='lat' dir='ltr'><strong>Data</strong></span> <span class='ocrx_word' id='word_1_139' title='bbox 2893 626 3035 681; x_wconf 89' lang='lat' dir='ltr'><strong>enim</strong></span> <span class='ocrx_word' id='word_1_140' title='bbox 3079 625 3298 696; x_wconf 89' lang='lat' dir='ltr'><strong>optione</strong></span> <span class='ocrx_word' id='word_1_141' title='bbox 3346 625 3471 691; x_wconf 90' lang='lat' dir='ltr'><strong>sibi,</strong></span> <span class='ocrx_word' id='word_1_142' title='bbox 3516 642 3617 697; x_wconf 86' lang='lat' dir='ltr'><strong>pro</strong></span> <span class='ocrx_word' id='word_1_143' title='bbox 3657 627 3782 684; x_wconf 84' lang='lat' dir='ltr'><strong>Iesu</strong></span> 
     </span>
    </p>
   </div>
   <div class='ocr_carea' id='block_1_21' title="bbox 2208 715 3779 793">
    <p class='ocr_par' dir='ltr' id='par_1_21' title="bbox 2208 715 3779 793">
     <span class='ocr_line' id='line_1_21' title="bbox 2208 715 3779 793; baseline 0.005 -23"><span class='ocrx_word' id='word_1_144' title='bbox 2208 715 2499 783; x_wconf 83' lang='lat' dir='ltr'><strong>latronem,</strong></span> <span class='ocrx_word' id='word_1_145' title='bbox 2538 734 2637 788; x_wconf 90' lang='lat' dir='ltr'><strong>pro</strong></span> <span class='ocrx_word' id='word_1_146' title='bbox 2682 718 2961 775; x_wconf 84' lang='lat' dir='ltr'><strong>Salvatore</strong></span> <span class='ocrx_word' id='word_1_147' title='bbox 3016 718 3417 775; x_wconf 80' lang='lat' dir='ltr'><strong>interfectorem</strong></span> <span class='ocrx_word' id='word_1_148' title='bbox 3484 721 3779 793; x_wconf 84' lang='lat' dir='ltr'><strong>elegean</strong></span> 
     </span>
    </p>
   </div>
   <div class='ocr_carea' id='block_1_22' title="bbox 2207 796 3783 880">
    <p class='ocr_par' dir='ltr' id='par_1_22' title="bbox 2207 796 3783 880">
     <span class='ocr_line' id='line_1_22' title="bbox 2207 796 3783 880; baseline 0.004 -18"><span class='ocrx_word' id='word_1_149' title='bbox 2207 808 2401 864; x_wconf 78' lang='lat' dir='ltr'><strong>Merito</strong></span> <span class='ocrx_word' id='word_1_150' title='bbox 2440 824 2570 880; x_wconf 88' lang='lat' dir='ltr'><strong>ergo</strong></span> <span class='ocrx_word' id='word_1_151' title='bbox 2615 809 2842 865; x_wconf 83' lang='lat' dir='ltr'><strong>salutem</strong></span> <span class='ocrx_word' id='word_1_152' title='bbox 2880 819 2937 865; x_wconf 91' lang='lat' dir='ltr'><strong>et</strong></span> <span class='ocrx_word' id='word_1_153' title='bbox 2964 796 3129 865; x_wconf 74' lang='lat' dir='ltr'><strong>vitam</strong></span> <span class='ocrx_word' id='word_1_154' title='bbox 3155 810 3508 879; x_wconf 89' lang='lat' dir='ltr'><strong>perdiderunt</strong></span> <span class='ocrx_word' id='word_1_155' title='bbox 3534 821 3592 868; x_wconf 89' lang='lat' dir='ltr'><strong>et</strong></span> <span class='ocrx_word' id='word_1_156' title='bbox 3619 822 3783 869; x_wconf 86' lang='lat' dir='ltr'><strong>tatro-</strong></span> 
     </span>
    </p>
   </div>
   <div class='ocr_carea' id='block_1_23' title="bbox 2207 898 3787 969">
    <p class='ocr_par' dir='ltr' id='par_1_23' title="bbox 2207 898 3787 969">
     <span class='ocr_line' id='line_1_23' title="bbox 2207 898 3787 969; baseline 0.004 -16"><span class='ocrx_word' id='word_1_157' title='bbox 2207 898 2363 954; x_wconf 89' lang='lat' dir='ltr'><strong>ciniis</strong></span> <span class='ocrx_word' id='word_1_158' title='bbox 2390 914 2454 953; x_wconf 91' lang='lat' dir='ltr'><strong>ac</strong></span> <span class='ocrx_word' id='word_1_159' title='bbox 2487 899 2841 955; x_wconf 88' lang='lat' dir='ltr'><strong>seditionibus</strong></span> <span class='ocrx_word' id='word_1_160' title='bbox 2872 900 2924 954; x_wconf 91' lang='lat' dir='ltr'><strong>in</strong></span> <span class='ocrx_word' id='word_1_161' title='bbox 2963 907 3173 954; x_wconf 86' lang='lat' dir='ltr'><strong>tantum</strong></span> <span class='ocrx_word' id='word_1_162' title='bbox 3213 914 3274 955; x_wconf 89' lang='lat' dir='ltr'><strong>se</strong></span> <span class='ocrx_word' id='word_1_163' title='bbox 3312 900 3686 969; x_wconf 88' lang='lat' dir='ltr'><strong>subdiderunt,</strong></span> <span class='ocrx_word' id='word_1_164' title='bbox 3728 913 3787 960; x_wconf 88' lang='lat' dir='ltr'><strong>ut</strong></span> 
     </span>
    </p>
   </div>
   <div class='ocr_carea' id='block_1_24' title="bbox 2206 990 3786 1065">
    <p class='ocr_par' dir='ltr' id='par_1_24' title="bbox 2206 990 3786 1065">
     <span class='ocr_line' id='line_1_24' title="bbox 2206 990 3786 1065; baseline 0.004 -22"><span class='ocrx_word' id='word_1_165' title='bbox 2206 1002 2427 1060; x_wconf 78' lang='lat' dir='ltr'><strong>regnum</strong></span> <span class='ocrx_word' id='word_1_166' title='bbox 2452 999 2505 1044; x_wconf 91' lang='lat' dir='ltr'><strong>et</strong></span> <span class='ocrx_word' id='word_1_167' title='bbox 2523 991 2755 1060; x_wconf 86' lang='lat' dir='ltr'><strong>patriam</strong></span> <span class='ocrx_word' id='word_1_168' title='bbox 2782 990 3094 1061; x_wconf 87' lang='lat' dir='ltr'><strong>perderent,</strong></span> <span class='ocrx_word' id='word_1_169' title='bbox 3118 998 3175 1046; x_wconf 87' lang='lat' dir='ltr'><strong>et</strong></span> <span class='ocrx_word' id='word_1_170' title='bbox 3206 990 3509 1050; x_wconf 85' lang='lat' dir='ltr'><strong>libertatem</strong></span> <span class='ocrx_word' id='word_1_171' title='bbox 3542 995 3786 1065; x_wconf 87' lang='lat' dir='ltr'><strong>corporis</strong></span> 
     </span>
    </p>
   </div>
   <div class='ocr_carea' id='block_1_25' title="bbox 2204 1081 3512 1158">
    <p class='ocr_par' dir='ltr' id='par_1_25' title="bbox 2204 1081 3512 1158">
     <span class='ocr_line' id='line_1_25' title="bbox 2204 1081 3512 1158; baseline 0.003 -24"><span class='ocrx_word' id='word_1_172' title='bbox 2204 1090 2258 1135; x_wconf 92' lang='lat' dir='ltr'><strong>et</strong></span> <span class='ocrx_word' id='word_1_173' title='bbox 2285 1081 2479 1136; x_wconf 71' lang='lat' dir='ltr'><strong>anima:</strong></span> <span class='ocrx_word' id='word_1_174' title='bbox 2506 1098 2782 1152; x_wconf 86' lang='lat' dir='ltr'><strong>nunquam</strong></span> <span class='ocrx_word' id='word_1_175' title='bbox 2812 1083 3137 1152; x_wconf 82' lang='lat' dir='ltr'><strong>reciperent.</strong></span> <span class='ocrx_word' id='word_1_176' title='bbox 3495 1144 3512 1158; x_wconf 45' lang='grc' dir='ltr'><strong><em>ο</em></strong></span> 
     </span>
    </p>
   </div>
   <div class='ocr_carea' id='block_1_26' title="bbox 2274 1169 3786 1232">
    <p class='ocr_par' dir='ltr' id='par_1_26' title="bbox 2274 1169 3786 1232">
     <span class='ocr_line' id='line_1_26' title="bbox 2274 1169 3786 1232; baseline 0.003 -6"><span class='ocrx_word' id='word_1_177' title='bbox 2274 1170 2434 1226; x_wconf 73' lang='lat' dir='ltr'><strong>Vens.</strong></span> <span class='ocrx_word' id='word_1_178' title='bbox 2471 1171 2555 1225; x_wconf 75' lang='grc'><strong>14.</strong></span> <span class='ocrx_word' id='word_1_179' title='bbox 2578 1169 2879 1226; x_wconf 89' lang='lat' dir='ltr'><strong>—Pilatus</strong></span> <span class='ocrx_word' id='word_1_180' title='bbox 2922 1188 3062 1225; x_wconf 85' lang='lat' dir='ltr'><strong>vero.</strong></span> <span class='ocrx_word' id='word_1_181' title='bbox 3109 1171 3303 1228; x_wconf 81' lang='lat' dir='ltr'><strong>Multas</strong></span> <span class='ocrx_word' id='word_1_182' title='bbox 3340 1174 3659 1231; x_wconf 87' lang='lat' dir='ltr'><strong>occasiones</strong></span> <span class='ocrx_word' id='word_1_183' title='bbox 3692 1175 3786 1232; x_wconf 82' lang='lat' dir='ltr'><strong>de-</strong></span> 
     </span>
    </p>
   </div>
   <div class='ocr_carea' id='block_1_27' title="bbox 2201 1260 3787 1337">
    <p class='ocr_par' dir='ltr' id='par_1_27' title="bbox 2201 1260 3787 1337">
     <span class='ocr_line' id='line_1_27' title="bbox 2201 1260 3787 1337; baseline 0.003 -18"><span class='ocrx_word' id='word_1_184' title='bbox 2201 1260 2282 1319; x_wconf 89' lang='lat' dir='ltr'><strong>dit</strong></span> <span class='ocrx_word' id='word_1_185' title='bbox 2306 1261 2512 1318; x_wconf 84' lang='lat' dir='ltr'><strong>Pilatus</strong></span> <span class='ocrx_word' id='word_1_186' title='bbox 2550 1263 2810 1319; x_wconf 85' lang='lat' dir='ltr'><strong>liberandi</strong></span> <span class='ocrx_word' id='word_1_187' title='bbox 2847 1262 3203 1329; x_wconf 87' lang='lat' dir='ltr'><strong>Salvatorcm,</strong></span> <span class='ocrx_word' id='word_1_188' title='bbox 3230 1266 3406 1335; x_wconf 90' lang='lat' dir='ltr'><strong>primo</strong></span> <span class='ocrx_word' id='word_1_189' title='bbox 3427 1266 3576 1337; x_wconf 83' lang='lat' dir='ltr'><strong>justo</strong></span> <span class='ocrx_word' id='word_1_190' title='bbox 3602 1268 3787 1324; x_wconf 84' lang='lat' dir='ltr'><strong>confe-</strong></span> 
     </span>
    </p>
   </div>
   <div class='ocr_carea' id='block_1_28' title="bbox 2201 1352 3787 1429">
    <p class='ocr_par' dir='ltr' id='par_1_28' title="bbox 2201 1352 3787 1429">
     <span class='ocr_line' id='line_1_28' title="bbox 2201 1352 3787 1429; baseline 0.006 -23"><span class='ocrx_word' id='word_1_191' title='bbox 2201 1366 2328 1407; x_wconf 87' lang='lat' dir='ltr'><strong>rens</strong></span> <span class='ocrx_word' id='word_1_192' title='bbox 2372 1352 2657 1420; x_wconf 88' lang='lat' dir='ltr'><strong>latronem,</strong></span> <span class='ocrx_word' id='word_1_193' title='bbox 2709 1354 2903 1410; x_wconf 91' lang='lat' dir='ltr'><strong>deinde</strong></span> <span class='ocrx_word' id='word_1_194' title='bbox 2948 1354 3223 1410; x_wconf 82' lang='lat' dir='ltr'><strong>inferens:</strong></span> <span class='ocrx_word' id='word_1_195' title='bbox 3262 1354 3403 1421; x_wconf 82' lang='lat' dir='ltr'><strong>Quid</strong></span> <span class='ocrx_word' id='word_1_196' title='bbox 3455 1374 3579 1429; x_wconf 84' lang='lat' dir='ltr'><strong>ergo</strong></span> <span class='ocrx_word' id='word_1_197' title='bbox 3629 1358 3787 1415; x_wconf 77' lang='lat' dir='ltr'><strong>vultis</strong></span> 
     </span>
    </p>
   </div>
   <div class='ocr_carea' id='block_1_29' title="bbox 2199 1441 3790 1515">
    <p class='ocr_par' dir='ltr' id='par_1_29' title="bbox 2199 1441 3790 1515">
     <span class='ocr_line' id='line_1_29' title="bbox 2199 1441 3790 1515; baseline 0.006 -20"><span class='ocrx_word' id='word_1_198' title='bbox 2199 1441 2392 1511; x_wconf 77' lang='lat' dir='ltr'><strong>faciam</strong></span> <span class='ocrx_word' id='word_1_199' title='bbox 2415 1444 2520 1513; x_wconf 85' lang='lat' dir='ltr'><strong>regi</strong></span> <span class='ocrx_word' id='word_1_200' title='bbox 2533 1444 2842 1499; x_wconf 76' lang='lat' dir='ltr'><strong>Iudworum</strong></span> <span class='ocrx_word' id='word_1_201' title='bbox 2858 1445 2884 1498; x_wconf 84' lang='lat'><strong><em>?</em></strong></span> <span class='ocrx_word' id='word_1_202' title='bbox 2897 1443 3138 1514; x_wconf 89' lang='lat' dir='ltr'><strong>Cumque</strong></span> <span class='ocrx_word' id='word_1_203' title='bbox 3154 1445 3561 1515; x_wconf 88' lang='lat' dir='ltr'><strong>respondissent</strong></span> <span class='ocrx_word' id='word_1_204' title='bbox 3578 1465 3591 1501; x_wconf 93' lang='lat'><strong>:</strong></span> <span class='ocrx_word' id='word_1_205' title='bbox 3610 1445 3790 1504; x_wconf 69' lang='lat' dir='ltr'><strong>Cruci.</strong></span> 
     </span>
    </p>
   </div>
   <div class='ocr_carea' id='block_1_30' title="bbox 2197 1531 3791 1611">
    <p class='ocr_par' dir='ltr' id='par_1_30' title="bbox 2197 1531 3791 1611">
     <span class='ocr_line' id='line_1_30' title="bbox 2197 1531 3791 1611; baseline 0.008 -27"><span class='ocrx_word' id='word_1_206' title='bbox 2197 1531 2414 1602; x_wconf 82' lang='lat' dir='ltr'><strong>ﬁgatur,</strong></span> <span class='ocrx_word' id='word_1_207' title='bbox 2457 1549 2564 1589; x_wconf 93' lang='lat' dir='ltr'><strong>non</strong></span> <span class='ocrx_word' id='word_1_208' title='bbox 2592 1534 2775 1590; x_wconf 90' lang='lat' dir='ltr'><strong>statim</strong></span> <span class='ocrx_word' id='word_1_209' title='bbox 2811 1534 3104 1606; x_wconf 83' lang='lat' dir='ltr'><strong>acquievit,</strong></span> <span class='ocrx_word' id='word_1_210' title='bbox 3149 1535 3245 1591; x_wconf 86' lang='lat' dir='ltr'><strong>sed</strong></span> <span class='ocrx_word' id='word_1_211' title='bbox 3268 1536 3562 1593; x_wconf 88' lang='lat' dir='ltr'><strong>secundum</strong></span> <span class='ocrx_word' id='word_1_212' title='bbox 3596 1553 3791 1611; x_wconf 85' lang='lat' dir='ltr'><strong>sugge-</strong></span> 
     </span>
    </p>
   </div>
   <div class='ocr_carea' id='block_1_31' title="bbox 2196 1620 3787 1699">
    <p class='ocr_par' dir='ltr' id='par_1_31' title="bbox 2196 1620 3787 1699">
     <span class='ocr_line' id='line_1_31' title="bbox 2196 1620 3787 1699; baseline 0.006 -23"><span class='ocrx_word' id='word_1_213' title='bbox 2196 1620 2425 1678; x_wconf 90' lang='lat' dir='ltr'><strong>stionem</strong></span> <span class='ocrx_word' id='word_1_214' title='bbox 2453 1625 2636 1681; x_wconf 75' lang='lat' dir='ltr'><strong>usoris</strong></span> <span class='ocrx_word' id='word_1_215' title='bbox 2651 1641 2771 1695; x_wconf 84' lang='lat' dir='ltr'><strong>quae</strong></span> <span class='ocrx_word' id='word_1_216' title='bbox 2787 1626 3134 1681; x_wconf 74' lang='lat' dir='ltr'><strong>mandaverat</strong></span> <span class='ocrx_word' id='word_1_217' title='bbox 3153 1626 3202 1682; x_wconf 91' lang='lat' dir='ltr'><strong>ei</strong></span> <span class='ocrx_word' id='word_1_218' title='bbox 3220 1626 3598 1699; x_wconf 69' lang='lat' dir='ltr'><strong>(utblatthaeus</strong></span> <span class='ocrx_word' id='word_1_219' title='bbox 3610 1631 3787 1696; x_wconf 88' lang='lat' dir='ltr'><strong>dicit):</strong></span> 
     </span>
    </p>
   </div>
   <div class='ocr_carea' id='block_1_32' title="bbox 2198 1710 3787 1792">
    <p class='ocr_par' dir='ltr' id='par_1_32' title="bbox 2198 1710 3787 1792">
     <span class='ocr_line' id='line_1_32' title="bbox 2198 1710 3787 1792; baseline 0.009 -27"><span class='ocrx_word' id='word_1_220' title='bbox 2198 1710 2349 1767; x_wconf 84' lang='lat' dir='ltr'><strong>Nihil</strong></span> <span class='ocrx_word' id='word_1_221' title='bbox 2376 1715 2468 1769; x_wconf 91' lang='lat' dir='ltr'><strong>tibi</strong></span> <span class='ocrx_word' id='word_1_222' title='bbox 2497 1726 2543 1771; x_wconf 89' lang='lat' dir='ltr'><strong>et</strong></span> <span class='ocrx_word' id='word_1_223' title='bbox 2561 1717 2707 1786; x_wconf 87' lang='lat' dir='ltr'><strong>justo</strong></span> <span class='ocrx_word' id='word_1_224' title='bbox 2733 1718 2814 1772; x_wconf 88' lang='lat' dir='ltr'><strong>illi</strong></span> <span class='ocrx_word' id='word_1_225' title='bbox 2851 1717 3067 1787; x_wconf 76' lang='lat' dir='ltr'><strong>(Matth.</strong></span> <span class='ocrx_word' id='word_1_226' title='bbox 3099 1719 3292 1791; x_wconf 76' lang='lat' dir='ltr'><strong>xxvii),</strong></span> <span class='ocrx_word' id='word_1_227' title='bbox 3319 1722 3656 1792; x_wconf 86' lang='lat' dir='ltr'><strong>respondens</strong></span> <span class='ocrx_word' id='word_1_228' title='bbox 3678 1724 3787 1780; x_wconf 85' lang='lat' dir='ltr'><strong>ait:</strong></span> 
     </span>
    </p>
   </div>
   <div class='ocr_carea' id='block_1_33' title="bbox 520 1790 3785 1882">
    <p class='ocr_par' dir='ltr' id='par_1_33' title="bbox 520 1790 3785 1882">
     <span class='ocr_line' id='line_1_33' title="bbox 520 1790 3785 1882; baseline 0.004 -16"><span class='ocrx_word' id='word_1_229' title='bbox 520 1790 837 1867; x_wconf 79' lang='lat' dir='ltr'><strong>stianorum.</strong></span> <span class='ocrx_word' id='word_1_230' title='bbox 862 1812 963 1879; x_wconf 90' lang='lat' dir='ltr'><strong>Qui</strong></span> <span class='ocrx_word' id='word_1_231' title='bbox 994 1820 1343 1882; x_wconf 86' lang='lat' dir='ltr'><strong>consumptus</strong></span> <span class='ocrx_word' id='word_1_232' title='bbox 1358 1790 1557 1867; x_wconf 73' lang='lat' dir='ltr'><strong>salivis</strong></span> <span class='ocrx_word' id='word_1_233' title='bbox 1598 1790 1917 1880; x_wconf 43' lang='lat' dir='ltr'><strong>inﬁdelium;</strong></span> <span class='ocrx_word' id='word_1_234' title='bbox 1955 1830 2101 1870; x_wconf 91' lang='lat' dir='ltr'><strong>nunc</strong></span> <span class='ocrx_word' id='word_1_235' title='bbox 2128 1790 2173 1852; x_wconf 79' lang='grc' dir='ltr'><strong>Β</strong></span> <span class='ocrx_word' id='word_1_236' title='bbox 2204 1802 2345 1869; x_wconf 72' lang='lat' dir='ltr'><strong>Quid</strong></span> <span class='ocrx_word' id='word_1_237' title='bbox 2360 1808 2495 1862; x_wconf 70' lang='grc' dir='ltr'><em>εηῖιη</em></span> <span class='ocrx_word' id='word_1_238' title='bbox 2519 1809 2645 1864; x_wconf 67' lang='lat' dir='ltr'><strong>mali</strong></span> <span class='ocrx_word' id='word_1_239' title='bbox 2670 1810 2789 1880; x_wconf 74' lang='grc' dir='ltr'><strong>[εείι</strong></span> <span class='ocrx_word' id='word_1_240' title='bbox 2812 1811 2837 1865; x_wconf 75' lang='lat'><strong><em>7</em></strong></span> <span class='ocrx_word' id='word_1_241' title='bbox 2868 1810 3020 1878; x_wconf 74' lang='grc' dir='ltr'><strong>Ουοά</strong></span> <span class='ocrx_word' id='word_1_242' title='bbox 3045 1790 3290 1879; x_wconf 66' lang='grc' dir='ltr'><strong>(Περιιὼν</strong></span> <span class='ocrx_word' id='word_1_243' title='bbox 3323 1790 3509 1871; x_wconf 34' lang='lat' dir='ltr'><strong>les—um</strong></span> <span class='ocrx_word' id='word_1_244' title='bbox 3534 1816 3785 1873; x_wconf 57' lang='lat' dir='ltr'><strong>absolvu-</strong></span> 
     </span>
    </p>
   </div>
   <div class='ocr_carea' id='block_1_34' title="bbox 520 1901 1753 1973">
    <p class='ocr_par' dir='ltr' id='par_1_34' title="bbox 520 1901 1753 1973">
     <span class='ocr_line' id='line_1_34' title="bbox 520 1901 1753 1973; baseline 0.002 -17"><span class='ocrx_word' id='word_1_245' title='bbox 520 1904 736 1959; x_wconf 77' lang='lat' dir='ltr'><strong>resanis</strong></span> <span class='ocrx_word' id='word_1_246' title='bbox 763 1903 1001 1959; x_wconf 83' lang='lat' dir='ltr'><strong>fidelium</strong></span> <span class='ocrx_word' id='word_1_247' title='bbox 1029 1901 1337 1973; x_wconf 88' lang='lat' dir='ltr'><strong>opprobriis</strong></span> <span class='ocrx_word' id='word_1_248' title='bbox 1363 1902 1753 1958; x_wconf 78' lang='lat' dir='ltr'><strong>exhonoratur.</strong></span> 
     </span>
    </p>
   </div>
   <div class='ocr_carea' id='block_1_35' title="bbox 592 1992 2102 2064">
    <p class='ocr_par' dir='ltr' id='par_1_35' title="bbox 592 1992 2102 2064">
     <span class='ocr_line' id='line_1_35' title="bbox 592 1992 2102 2064; baseline 0.002 -17"><span class='ocrx_word' id='word_1_249' title='bbox 592 1992 752 2050; x_wconf 73' lang='lat' dir='ltr'><strong>Vsus.</strong></span> <span class='ocrx_word' id='word_1_250' title='bbox 777 1992 865 2049; x_wconf 82' lang='lat'><strong>68.</strong></span> <span class='ocrx_word' id='word_1_251' title='bbox 896 2024 967 2035; x_wconf 92' lang='lat'>—</span> <span class='ocrx_word' id='word_1_252' title='bbox 988 1992 1055 2047; x_wconf 85' lang='lat' dir='ltr'><strong>At</strong></span> <span class='ocrx_word' id='word_1_253' title='bbox 1108 1992 1213 2057; x_wconf 89' lang='lat' dir='ltr'><strong>ille,</strong></span> <span class='ocrx_word' id='word_1_254' title='bbox 1243 2002 1349 2048; x_wconf 89' lang='lat' dir='ltr'><strong>etc.</strong></span> <span class='ocrx_word' id='word_1_255' title='bbox 1379 1992 1539 2057; x_wconf 90' lang='lat' dir='ltr'><strong>Nota,</strong></span> <span class='ocrx_word' id='word_1_256' title='bbox 1565 1994 1706 2063; x_wconf 87' lang='lat' dir='ltr'><strong>quod</strong></span> <span class='ocrx_word' id='word_1_257' title='bbox 1750 2003 1910 2064; x_wconf 85' lang='lat' dir='ltr'><strong>negat</strong></span> <span class='ocrx_word' id='word_1_258' title='bbox 1947 1994 2102 2050; x_wconf 90' lang='lat' dir='ltr'><strong>Chri-</strong></span> 
     </span>
    </p>
   </div>
   <div class='ocr_carea' id='block_1_36' title="bbox 512 2083 2101 2159">
    <p class='ocr_par' dir='ltr' id='par_1_36' title="bbox 512 2083 2101 2159">
     <span class='ocr_line' id='line_1_36' title="bbox 512 2083 2101 2159; baseline -0.001 -14"><span class='ocrx_word' id='word_1_259' title='bbox 512 2101 665 2146; x_wconf 76' lang='lat' dir='ltr'><strong>stum</strong></span> <span class='ocrx_word' id='word_1_260' title='bbox 704 2088 799 2159; x_wconf 88' lang='lat' dir='ltr'><strong>qui</strong></span> <span class='ocrx_word' id='word_1_261' title='bbox 840 2101 900 2143; x_wconf 90' lang='lat' dir='ltr'><strong>se</strong></span> <span class='ocrx_word' id='word_1_262' title='bbox 935 2094 1100 2157; x_wconf 83' lang='lat' dir='ltr'><strong>negat</strong></span> <span class='ocrx_word' id='word_1_263' title='bbox 1146 2083 1262 2153; x_wconf 88' lang='lat' dir='ltr'><strong>ejus</strong></span> <span class='ocrx_word' id='word_1_264' title='bbox 1300 2100 1421 2141; x_wconf 88' lang='lat' dir='ltr'><strong>esse</strong></span> <span class='ocrx_word' id='word_1_265' title='bbox 1450 2085 1790 2155; x_wconf 89' lang='lat' dir='ltr'><strong>discipulum.</strong></span> <span class='ocrx_word' id='word_1_266' title='bbox 1841 2085 2101 2144; x_wconf 88' lang='lat' dir='ltr'><strong>Dominus</strong></span> 
     </span>
    </p>
   </div>
   <div class='ocr_carea' id='block_1_37' title="bbox 505 2176 2099 2248">
    <p class='ocr_par' dir='ltr' id='par_1_37' title="bbox 505 2176 2099 2248">
     <span class='ocr_line' id='line_1_37' title="bbox 505 2176 2099 2248; baseline -0.001 -11"><span class='ocrx_word' id='word_1_267' title='bbox 505 2182 665 2237; x_wconf 71' lang='lat' dir='ltr'><strong>enim</strong></span> <span class='ocrx_word' id='word_1_268' title='bbox 702 2196 808 2235; x_wconf 88' lang='lat' dir='ltr'><strong>non</strong></span> <span class='ocrx_word' id='word_1_269' title='bbox 842 2179 1014 2234; x_wconf 78' lang='lat' dir='ltr'><strong>dixit:</strong></span> <span class='ocrx_word' id='word_1_270' title='bbox 1042 2176 1275 2248; x_wconf 77' lang='lat' dir='ltr'><strong>Negabis</strong></span> <span class='ocrx_word' id='word_1_271' title='bbox 1305 2185 1358 2232; x_wconf 89' lang='lat' dir='ltr'><strong>te</strong></span> <span class='ocrx_word' id='word_1_272' title='bbox 1397 2177 1719 2247; x_wconf 87' lang='lat' dir='ltr'><strong>discipulum</strong></span> <span class='ocrx_word' id='word_1_273' title='bbox 1756 2193 1960 2245; x_wconf 89' lang='lat' dir='ltr'><strong>meum,</strong></span> <span class='ocrx_word' id='word_1_274' title='bbox 2004 2178 2099 2235; x_wconf 90' lang='lat' dir='ltr'><strong>sed</strong></span> 
     </span>
    </p>
   </div>
   <div class='ocr_carea' id='block_1_38' title="bbox 517 2268 2100 2342">
    <p class='ocr_par' dir='ltr' id='par_1_38' title="bbox 517 2268 2100 2342">
     <span class='ocr_line' id='line_1_38' title="bbox 517 2268 2100 2342; baseline 0.001 -17"><span class='ocrx_word' id='word_1_275' title='bbox 517 2289 599 2327; x_wconf 87' lang='lat' dir='ltr'><strong>me</strong></span> <span class='ocrx_word' id='word_1_276' title='bbox 626 2271 856 2342; x_wconf 76' lang='lat' dir='ltr'><strong>negabis.</strong></span> <span class='ocrx_word' id='word_1_277' title='bbox 887 2268 1116 2339; x_wconf 78' lang='lat' dir='ltr'><strong>Negavit</strong></span> <span class='ocrx_word' id='word_1_278' title='bbox 1151 2282 1281 2340; x_wconf 88' lang='lat' dir='ltr'><strong>ergo</strong></span> <span class='ocrx_word' id='word_1_279' title='bbox 1310 2282 1434 2331; x_wconf 86' lang='lat' dir='ltr'><strong>eum</strong></span> <span class='ocrx_word' id='word_1_280' title='bbox 1469 2283 1591 2324; x_wconf 91' lang='lat' dir='ltr'><strong>cum</strong></span> <span class='ocrx_word' id='word_1_281' title='bbox 1628 2284 1686 2324; x_wconf 87' lang='lat' dir='ltr'><strong>se</strong></span> <span class='ocrx_word' id='word_1_282' title='bbox 1727 2268 1939 2341; x_wconf 77' lang='lat' dir='ltr'><strong>negavit</strong></span> <span class='ocrx_word' id='word_1_283' title='bbox 1982 2268 2100 2338; x_wconf 83' lang='lat' dir='ltr'><strong>ejus</strong></span> 
     </span>
    </p>
   </div>
   <div class='ocr_carea' id='block_1_39' title="bbox 510 2361 998 2432">
    <p class='ocr_par' dir='ltr' id='par_1_39' title="bbox 510 2361 998 2432">
     <span class='ocr_line' id='line_1_39' title="bbox 510 2361 998 2432; baseline -0.006 -14"><span class='ocrx_word' id='word_1_284' title='bbox 510 2378 636 2418; x_wconf 82' lang='lat' dir='ltr'><strong>esse</strong></span> <span class='ocrx_word' id='word_1_285' title='bbox 656 2361 998 2432; x_wconf 89' lang='lat' dir='ltr'><strong>discipulum.</strong></span> 
     </span>
    </p>
   </div>
   <div class='ocr_carea' id='block_1_40' title="bbox 588 2446 2095 2521">
    <p class='ocr_par' dir='ltr' id='par_1_40' title="bbox 588 2446 2095 2521">
     <span class='ocr_line' id='line_1_40' title="bbox 588 2446 2095 2521; baseline -0.001 -16"><span class='ocrx_word' id='word_1_286' title='bbox 588 2450 659 2507; x_wconf 86' lang='lat' dir='ltr'><strong>Et</strong></span> <span class='ocrx_word' id='word_1_287' title='bbox 704 2452 831 2507; x_wconf 73' lang='lat' dir='ltr'><strong>exiit</strong></span> <span class='ocrx_word' id='word_1_288' title='bbox 879 2450 1058 2521; x_wconf 75' lang='lat' dir='ltr'><strong>foras,</strong></span> <span class='ocrx_word' id='word_1_289' title='bbox 1106 2457 1212 2506; x_wconf 83' lang='lat' dir='ltr'><strong>etc.</strong></span> <span class='ocrx_word' id='word_1_290' title='bbox 1253 2446 1459 2520; x_wconf 70' lang='grc' dir='ltr'><strong>(Ηιειι.)</strong></span> <span class='ocrx_word' id='word_1_291' title='bbox 1500 2446 1693 2503; x_wconf 85' lang='lat' dir='ltr'><strong>Petrus</strong></span> <span class='ocrx_word' id='word_1_292' title='bbox 1729 2448 1846 2504; x_wconf 89' lang='lat' dir='ltr'><strong>sine</strong></span> <span class='ocrx_word' id='word_1_293' title='bbox 1879 2447 2095 2519; x_wconf 89' lang='lat' dir='ltr'><strong>spiritu,</strong></span> 
     </span>
    </p>
   </div>
   <div class='ocr_carea' id='block_1_41' title="bbox 513 2536 2097 2611">
    <p class='ocr_par' dir='ltr' id='par_1_41' title="bbox 513 2536 2097 2611">
     <span class='ocr_line' id='line_1_41' title="bbox 513 2536 2097 2611; baseline -0.002 -12"><span class='ocrx_word' id='word_1_294' title='bbox 513 2543 631 2599; x_wconf 80' lang='lat' dir='ltr'><strong>voci</strong></span> <span class='ocrx_word' id='word_1_295' title='bbox 674 2540 884 2597; x_wconf 62' lang='lat' dir='ltr'><strong>ancilla:</strong></span> <span class='ocrx_word' id='word_1_296' title='bbox 914 2541 1098 2611; x_wconf 81' lang='lat' dir='ltr'><strong>cessit,</strong></span> <span class='ocrx_word' id='word_1_297' title='bbox 1128 2547 1262 2606; x_wconf 91' lang='lat' dir='ltr'><strong>etc.,</strong></span> <span class='ocrx_word' id='word_1_298' title='bbox 1312 2554 1475 2608; x_wconf 83' lang='lat' dir='ltr'><strong>usque</strong></span> <span class='ocrx_word' id='word_1_299' title='bbox 1521 2538 1590 2593; x_wconf 86' lang='lat' dir='ltr'><strong>ad</strong></span> <span class='ocrx_word' id='word_1_300' title='bbox 1628 2547 1684 2595; x_wconf 91' lang='lat' dir='ltr'><strong>et</strong></span> <span class='ocrx_word' id='word_1_301' title='bbox 1711 2536 1859 2595; x_wconf 87' lang='lat' dir='ltr'><strong>foras</strong></span> <span class='ocrx_word' id='word_1_302' title='bbox 1885 2540 2097 2596; x_wconf 77' lang='lat' dir='ltr'><strong>eximus</strong></span> 
     </span>
    </p>
   </div>
   <div class='ocr_carea' id='block_1_42' title="bbox 492 2620 1082 2702">
    <p class='ocr_par' dir='ltr' id='par_1_42' title="bbox 492 2620 1082 2702">
     <span class='ocr_line' id='line_1_42' title="bbox 492 2620 1082 2702; baseline -0.007 -14"><span class='ocrx_word' id='word_1_303' title='bbox 492 2620 665 2688; x_wconf 75' lang='lat' dir='ltr'><strong>extra</strong></span> <span class='ocrx_word' id='word_1_304' title='bbox 688 2631 831 2702; x_wconf 89' lang='lat' dir='ltr'><strong>quod</strong></span> <span class='ocrx_word' id='word_1_305' title='bbox 860 2630 1082 2686; x_wconf 89' lang='lat' dir='ltr'><strong>fuimus.</strong></span> 
     </span>
    </p>
   </div>
   <div class='ocr_carea' id='block_1_43' title="bbox 585 2718 2094 2796">
    <p class='ocr_par' dir='ltr' id='par_1_43' title="bbox 585 2718 2094 2796">
     <span class='ocr_line' id='line_1_43' title="bbox 585 2718 2094 2796; baseline 0 -16"><span class='ocrx_word' id='word_1_306' title='bbox 585 2726 748 2781; x_wconf 75' lang='lat' dir='ltr'><strong>Vens.</strong></span> <span class='ocrx_word' id='word_1_307' title='bbox 800 2722 1146 2782; x_wconf 86' lang='lat' dir='ltr'><strong>70.—Nam</strong></span> <span class='ocrx_word' id='word_1_308' title='bbox 1199 2732 1247 2778; x_wconf 88' lang='lat' dir='ltr'><strong>et</strong></span> <span class='ocrx_word' id='word_1_309' title='bbox 1290 2718 1561 2778; x_wconf 77' lang='lat' dir='ltr'><strong>Galilteus.</strong></span> <span class='ocrx_word' id='word_1_310' title='bbox 1610 2723 1847 2796; x_wconf 73' lang='lat' dir='ltr'><strong>(Bsm.)</strong></span> <span class='ocrx_word' id='word_1_311' title='bbox 1892 2723 2094 2780; x_wconf 86' lang='lat' dir='ltr'><strong>Eadem</strong></span> 
     </span>
    </p>
   </div>
   <div class='ocr_carea' id='block_1_44' title="bbox 508 2812 2094 2890">
    <p class='ocr_par' dir='ltr' id='par_1_44' title="bbox 508 2812 2094 2890">
     <span class='ocr_line' id='line_1_44' title="bbox 508 2812 2094 2890; baseline -0.002 -18"><span class='ocrx_word' id='word_1_312' title='bbox 508 2817 695 2890; x_wconf 77' lang='lat' dir='ltr'><strong>lingua</strong></span> <span class='ocrx_word' id='word_1_313' title='bbox 747 2814 981 2871; x_wconf 65' lang='lat' dir='ltr'><strong>Galilaeis</strong></span> <span class='ocrx_word' id='word_1_314' title='bbox 1029 2822 1085 2870; x_wconf 89' lang='lat' dir='ltr'><strong>et</strong></span> <span class='ocrx_word' id='word_1_315' title='bbox 1125 2812 1557 2884; x_wconf 84' lang='lat' dir='ltr'><strong>llicrosolymitis</strong></span> <span class='ocrx_word' id='word_1_316' title='bbox 1608 2821 1713 2879; x_wconf 90' lang='lat' dir='ltr'><strong>est,</strong></span> <span class='ocrx_word' id='word_1_317' title='bbox 1763 2813 1859 2869; x_wconf 87' lang='lat' dir='ltr'><strong>sed</strong></span> <span class='ocrx_word' id='word_1_318' title='bbox 1910 2821 2094 2869; x_wconf 86' lang='lat' dir='ltr'><strong>tamen</strong></span> 
     </span>
    </p>
   </div>
   <div class='ocr_carea' id='block_1_45' title="bbox 513 2903 2096 2979">
    <p class='ocr_par' dir='ltr' id='par_1_45' title="bbox 513 2903 2096 2979">
     <span class='ocr_line' id='line_1_45' title="bbox 513 2903 2096 2979; baseline -0.001 -16"><span class='ocrx_word' id='word_1_319' title='bbox 513 2922 850 2979; x_wconf 67' lang='lat' dir='ltr'><strong>quaecunque</strong></span> <span class='ocrx_word' id='word_1_320' title='bbox 896 2904 1176 2977; x_wconf 88' lang='lat' dir='ltr'><strong>provincia</strong></span> <span class='ocrx_word' id='word_1_321' title='bbox 1226 2913 1282 2960; x_wconf 91' lang='lat' dir='ltr'><strong>et</strong></span> <span class='ocrx_word' id='word_1_322' title='bbox 1314 2904 1463 2973; x_wconf 84' lang='lat' dir='ltr'><strong>regio</strong></span> <span class='ocrx_word' id='word_1_323' title='bbox 1497 2903 1661 2960; x_wconf 88' lang='lat' dir='ltr'><strong>habet</strong></span> <span class='ocrx_word' id='word_1_324' title='bbox 1697 2904 1975 2975; x_wconf 89' lang='lat' dir='ltr'><strong>proprium</strong></span> <span class='ocrx_word' id='word_1_325' title='bbox 2013 2904 2096 2961; x_wconf 91' lang='lat' dir='ltr'><strong>lo-</strong></span> 
     </span>
    </p>
   </div>
   <div class='ocr_carea' id='block_1_46' title="bbox 513 2994 2092 3068">
    <p class='ocr_par' dir='ltr' id='par_1_46' title="bbox 513 2994 2092 3068">
     <span class='ocr_line' id='line_1_46' title="bbox 513 2994 2092 3068; baseline -0.002 -15"><span class='ocrx_word' id='word_1_326' title='bbox 513 2998 716 3068; x_wconf 89' lang='lat' dir='ltr'><strong>quendi</strong></span> <span class='ocrx_word' id='word_1_327' title='bbox 771 3012 964 3054; x_wconf 84' lang='lat' dir='ltr'><strong>sonum</strong></span> <span class='ocrx_word' id='word_1_328' title='bbox 1017 3010 1178 3068; x_wconf 88' lang='lat' dir='ltr'><strong>quem</strong></span> <span class='ocrx_word' id='word_1_329' title='bbox 1228 3001 1459 3061; x_wconf 90' lang='lat' dir='ltr'><strong>mutare,</strong></span> <span class='ocrx_word' id='word_1_330' title='bbox 1488 3003 1623 3061; x_wconf 89' lang='lat' dir='ltr'><strong>etc.,</strong></span> <span class='ocrx_word' id='word_1_331' title='bbox 1668 3011 1828 3066; x_wconf 87' lang='lat' dir='ltr'><strong>usque</strong></span> <span class='ocrx_word' id='word_1_332' title='bbox 1862 2996 1931 3050; x_wconf 91' lang='lat' dir='ltr'><strong>ad</strong></span> <span class='ocrx_word' id='word_1_333' title='bbox 1967 2994 2092 3066; x_wconf 90' lang='lat' dir='ltr'><strong>quia</strong></span> 
     </span>
    </p>
   </div>
   <div class='ocr_carea' id='block_1_47' title="bbox 510 3083 2091 3156">
    <p class='ocr_par' dir='ltr' id='par_1_47' title="bbox 510 3083 2091 3156">
     <span class='ocr_line' id='line_1_47' title="bbox 510 3083 2091 3156; baseline -0.003 -11"><span class='ocrx_word' id='word_1_334' title='bbox 510 3105 709 3146; x_wconf 89' lang='lat' dir='ltr'><strong>nomen</strong></span> <span class='ocrx_word' id='word_1_335' title='bbox 772 3086 902 3144; x_wconf 84' lang='lat' dir='ltr'><strong>illud</strong></span> <span class='ocrx_word' id='word_1_336' title='bbox 952 3087 1114 3144; x_wconf 86' lang='lat' dir='ltr'><strong>aliter</strong></span> <span class='ocrx_word' id='word_1_337' title='bbox 1156 3084 1623 3156; x_wconf 70' lang='lat' dir='ltr'><strong>Hierosolymitaa,</strong></span> <span class='ocrx_word' id='word_1_338' title='bbox 1686 3085 1843 3141; x_wconf 86' lang='lat' dir='ltr'><strong>aliter</strong></span> <span class='ocrx_word' id='word_1_339' title='bbox 1889 3083 2091 3142; x_wconf 81' lang='lat' dir='ltr'><strong>Galil-.ei</strong></span> 
     </span>
    </p>
   </div>
   <div class='ocr_carea' id='block_1_48' title="bbox 511 3179 800 3236">
    <p class='ocr_par' dir='ltr' id='par_1_48' title="bbox 511 3179 800 3236">
     <span class='ocr_line' id='line_1_48' title="bbox 511 3179 800 3236; baseline -0.014 0"><span class='ocrx_word' id='word_1_340' title='bbox 511 3179 800 3236; x_wconf 87' lang='lat' dir='ltr'><strong>sonabant.</strong></span> 
     </span>
    </p>
   </div>
   <div class='ocr_carea' id='block_1_49' title="bbox 584 3263 2089 3336">
    <p class='ocr_par' dir='ltr' id='par_1_49' title="bbox 584 3263 2089 3336">
     <span class='ocr_line' id='line_1_49' title="bbox 584 3263 2089 3336; baseline -0.004 -10"><span class='ocrx_word' id='word_1_341' title='bbox 584 3270 749 3325; x_wconf 77' lang='lat' dir='ltr'><strong>Vens.</strong></span> <span class='ocrx_word' id='word_1_342' title='bbox 797 3267 886 3322; x_wconf 71' lang='lat'><strong>72.</strong></span> <span class='ocrx_word' id='word_1_343' title='bbox 907 3298 979 3309; x_wconf 94' lang='lat'><strong>—</strong></span> <span class='ocrx_word' id='word_1_344' title='bbox 1000 3266 1069 3321; x_wconf 85' lang='lat' dir='ltr'><strong>Et</strong></span> <span class='ocrx_word' id='word_1_345' title='bbox 1108 3265 1412 3321; x_wconf 78' lang='lat' dir='ltr'><strong>recordatus</strong></span> <span class='ocrx_word' id='word_1_346' title='bbox 1437 3274 1530 3321; x_wconf 87' lang='lat' dir='ltr'><strong>est.</strong></span> <span class='ocrx_word' id='word_1_347' title='bbox 1558 3264 1678 3336; x_wconf 84' lang='lat' dir='ltr'><strong>(ln.)</strong></span> <span class='ocrx_word' id='word_1_348' title='bbox 1709 3263 1901 3321; x_wconf 88' lang='lat' dir='ltr'><strong>Petrus</strong></span> <span class='ocrx_word' id='word_1_349' title='bbox 1931 3273 2089 3322; x_wconf 87' lang='lat' dir='ltr'><strong>nocte</strong></span> 
     </span>
    </p>
   </div>
   <div class='ocr_carea' id='block_1_50' title="bbox 507 3355 2089 3433">
    <p class='ocr_par' dir='ltr' id='par_1_50' title="bbox 507 3355 2089 3433">
     <span class='ocr_line' id='line_1_50' title="bbox 507 3355 2089 3433; baseline -0.004 -15"><span class='ocrx_word' id='word_1_350' title='bbox 507 3370 689 3433; x_wconf 87' lang='lat' dir='ltr'><strong>negat,</strong></span> <span class='ocrx_word' id='word_1_351' title='bbox 724 3358 790 3415; x_wconf 89' lang='lat' dir='ltr'><strong>ad</strong></span> <span class='ocrx_word' id='word_1_352' title='bbox 828 3358 951 3432; x_wconf 84' lang='lat' dir='ltr'><strong>galli</strong></span> <span class='ocrx_word' id='word_1_353' title='bbox 981 3365 1199 3414; x_wconf 88' lang='lat' dir='ltr'><strong>cantum</strong></span> <span class='ocrx_word' id='word_1_354' title='bbox 1237 3357 1485 3426; x_wconf 82' lang='lat' dir='ltr'><strong>poenitet.</strong></span> <span class='ocrx_word' id='word_1_355' title='bbox 1530 3355 1587 3410; x_wconf 89' lang='lat' dir='ltr'><strong>lu</strong></span> <span class='ocrx_word' id='word_1_356' title='bbox 1618 3355 1706 3411; x_wconf 88' lang='lat' dir='ltr'><strong>die</strong></span> <span class='ocrx_word' id='word_1_357' title='bbox 1737 3370 1897 3427; x_wconf 86' lang='lat' dir='ltr'><strong>quem</strong></span> <span class='ocrx_word' id='word_1_358' title='bbox 1930 3355 2089 3411; x_wconf 88' lang='lat' dir='ltr'><strong>tertio</strong></span> 
     </span>
    </p>
   </div>
   <div class='ocr_carea' id='block_1_51' title="bbox 508 3446 2090 3525">
    <p class='ocr_par' dir='ltr' id='par_1_51' title="bbox 508 3446 2090 3525">
     <span class='ocr_line' id='line_1_51' title="bbox 508 3446 2090 3525; baseline -0.005 -17"><span class='ocrx_word' id='word_1_359' title='bbox 508 3460 841 3525; x_wconf 85' lang='lat' dir='ltr'><strong>negaverat,</strong></span> <span class='ocrx_word' id='word_1_360' title='bbox 894 3466 955 3505; x_wconf 87' lang='lat' dir='ltr'><strong>se</strong></span> <span class='ocrx_word' id='word_1_361' title='bbox 1007 3451 1172 3506; x_wconf 89' lang='lat' dir='ltr'><strong>tertio</strong></span> <span class='ocrx_word' id='word_1_362' title='bbox 1218 3464 1403 3505; x_wconf 89' lang='lat' dir='ltr'><strong>amare</strong></span> <span class='ocrx_word' id='word_1_363' title='bbox 1448 3446 1722 3518; x_wconf 89' lang='lat' dir='ltr'><strong>professus</strong></span> <span class='ocrx_word' id='word_1_364' title='bbox 1773 3454 1874 3501; x_wconf 92' lang='lat' dir='ltr'><strong>est.</strong></span> <span class='ocrx_word' id='word_1_365' title='bbox 1937 3446 2090 3513; x_wconf 86' lang='lat' dir='ltr'><strong>Quod</strong></span> 
     </span>
    </p>
   </div>
   <div class='ocr_carea' id='block_1_52' title="bbox 506 3535 2090 3613">
    <p class='ocr_par' dir='ltr' id='par_1_52' title="bbox 506 3535 2090 3613">
     <span class='ocr_line' id='line_1_52' title="bbox 506 3535 2090 3613; baseline -0.004 -16"><span class='ocrx_word' id='word_1_366' title='bbox 506 3545 674 3610; x_wconf 85' lang='lat' dir='ltr'><strong>enim,</strong></span> <span class='ocrx_word' id='word_1_367' title='bbox 704 3548 838 3607; x_wconf 89' lang='lat' dir='ltr'><strong>etc.,</strong></span> <span class='ocrx_word' id='word_1_368' title='bbox 868 3557 1029 3612; x_wconf 78' lang='lat' dir='ltr'><strong>usque</strong></span> <span class='ocrx_word' id='word_1_369' title='bbox 1060 3541 1129 3595; x_wconf 91' lang='lat' dir='ltr'><strong>ad</strong></span> <span class='ocrx_word' id='word_1_370' title='bbox 1157 3540 1433 3613; x_wconf 87' lang='lat' dir='ltr'><strong>egreditur</strong></span> <span class='ocrx_word' id='word_1_371' title='bbox 1480 3537 1628 3592; x_wconf 87' lang='lat' dir='ltr'><strong>foras</strong></span> <span class='ocrx_word' id='word_1_372' title='bbox 1669 3535 1751 3608; x_wconf 85' lang='lat' dir='ltr'><strong>(ut</strong></span> <span class='ocrx_word' id='word_1_373' title='bbox 1793 3537 1885 3591; x_wconf 86' lang='lat' dir='ltr'><strong>alii</strong></span> <span class='ocrx_word' id='word_1_374' title='bbox 1912 3538 2090 3591; x_wconf 86' lang='lat' dir='ltr'><strong>Evan-</strong></span> 
     </span>
    </p>
   </div>
   <div class='ocr_carea' id='block_1_53' title="bbox 506 3632 2089 3707">
    <p class='ocr_par' dir='ltr' id='par_1_53' title="bbox 506 3632 2089 3707">
     <span class='ocr_line' id='line_1_53' title="bbox 506 3632 2089 3707; baseline -0.003 -15"><span class='ocrx_word' id='word_1_375' title='bbox 506 3637 710 3707; x_wconf 68' lang='lat' dir='ltr'><strong>gelista:</strong></span> <span class='ocrx_word' id='word_1_376' title='bbox 751 3634 1021 3706; x_wconf 89' lang='lat' dir='ltr'><strong>narrant),</strong></span> <span class='ocrx_word' id='word_1_377' title='bbox 1057 3644 1119 3689; x_wconf 94' lang='lat' dir='ltr'><strong>ut</strong></span> <span class='ocrx_word' id='word_1_378' title='bbox 1152 3636 1220 3690; x_wconf 86' lang='lat' dir='ltr'><strong>ab</strong></span> <span class='ocrx_word' id='word_1_379' title='bbox 1257 3633 1440 3704; x_wconf 88' lang='lat' dir='ltr'><strong>impiis</strong></span> <span class='ocrx_word' id='word_1_380' title='bbox 1482 3639 1745 3697; x_wconf 89' lang='lat' dir='ltr'><strong>secretus,</strong></span> <span class='ocrx_word' id='word_1_381' title='bbox 1785 3632 2089 3703; x_wconf 88' lang='lat' dir='ltr'><strong>negationis</strong></span> 
     </span>
    </p>
   </div>
   <div class='ocr_carea' id='block_1_54' title="bbox 506 3724 1510 3807">
    <p class='ocr_par' dir='ltr' id='par_1_54' title="bbox 506 3724 1510 3807">
     <span class='ocr_line' id='line_1_54' title="bbox 506 3724 1510 3807; baseline -0.003 -26"><span class='ocrx_word' id='word_1_382' title='bbox 506 3728 721 3797; x_wconf 89' lang='lat' dir='ltr'><strong>culpam</strong></span> <span class='ocrx_word' id='word_1_383' title='bbox 747 3725 973 3783; x_wconf 89' lang='lat' dir='ltr'><strong>liberius</strong></span> <span class='ocrx_word' id='word_1_384' title='bbox 998 3725 1184 3781; x_wconf 91' lang='lat' dir='ltr'><strong>abluat</strong></span> <span class='ocrx_word' id='word_1_385' title='bbox 1212 3724 1446 3780; x_wconf 81' lang='lat' dir='ltr'><strong>fletibus.</strong></span> <span class='ocrx_word' id='word_1_386' title='bbox 1497 3795 1510 3807; x_wconf 38' lang='grc' dir='ltr'><strong><em>ο</em></strong></span> 
     </span>
    </p>
   </div>
   <div class='ocr_carea' id='block_1_55' title="bbox 1105 3813 1495 3872">
    <p class='ocr_par' dir='ltr' id='par_1_55' title="bbox 1105 3813 1495 3872">
     <span class='ocr_line' id='line_1_55' title="bbox 1105 3813 1495 3872; baseline -0.005 -1"><span class='ocrx_word' id='word_1_387' title='bbox 1105 3814 1332 3872; x_wconf 81' lang='lat' dir='ltr'><strong>CAPUT</strong></span> <span class='ocrx_word' id='word_1_388' title='bbox 1382 3813 1495 3870; x_wconf 80' lang='lat' dir='ltr'><strong>XV.</strong></span> 
     </span>
    </p>
   </div>
   <div class='ocr_carea' id='block_1_56' title="bbox 574 3904 2089 3977">
    <p class='ocr_par' dir='ltr' id='par_1_56' title="bbox 574 3904 2089 3977">
     <span class='ocr_line' id='line_1_56' title="bbox 574 3904 2089 3977; baseline -0.003 -13"><span class='ocrx_word' id='word_1_389' title='bbox 574 3908 741 3964; x_wconf 71' lang='lat' dir='ltr'><strong>Vens.</strong></span> <span class='ocrx_word' id='word_1_390' title='bbox 778 3909 824 3962; x_wconf 87' lang='lat' dir='ltr'><strong>l.</strong></span> <span class='ocrx_word' id='word_1_391' title='bbox 854 3937 923 3948; x_wconf 89' lang='lat'><strong>—</strong></span> <span class='ocrx_word' id='word_1_392' title='bbox 945 3907 1012 3962; x_wconf 83' lang='lat' dir='ltr'><strong>Et</strong></span> <span class='ocrx_word' id='word_1_393' title='bbox 1037 3907 1326 3977; x_wconf 79' lang='lat' dir='ltr'><strong>confestim,</strong></span> <span class='ocrx_word' id='word_1_394' title='bbox 1352 3914 1459 3961; x_wconf 88' lang='lat' dir='ltr'><strong>etc.</strong></span> <span class='ocrx_word' id='word_1_395' title='bbox 1491 3904 1750 3976; x_wconf 81' lang='lat' dir='ltr'><strong>Sequitur</strong></span> <span class='ocrx_word' id='word_1_396' title='bbox 1784 3922 1798 3959; x_wconf 87' lang='lat'><strong>:</strong></span> <span class='ocrx_word' id='word_1_397' title='bbox 1851 3904 2089 3961; x_wconf 72' lang='lat' dir='ltr'><strong>Vincim-</strong></span> 
     </span>
    </p>
   </div>
   <div class='ocr_carea' id='block_1_57' title="bbox 508 3995 2086 4069">
    <p class='ocr_par' dir='ltr' id='par_1_57' title="bbox 508 3995 2086 4069">
     <span class='ocr_line' id='line_1_57' title="bbox 508 3995 2086 4069; baseline -0.001 -15"><span class='ocrx_word' id='word_1_398' title='bbox 508 4010 584 4057; x_wconf 89' lang='lat' dir='ltr'><strong>tes</strong></span> <span class='ocrx_word' id='word_1_399' title='bbox 611 3999 813 4055; x_wconf 83' lang='lat' dir='ltr'><strong>Iesum.</strong></span> <span class='ocrx_word' id='word_1_400' title='bbox 863 3997 974 4053; x_wconf 80' lang='lat' dir='ltr'><strong>Mos</strong></span> <span class='ocrx_word' id='word_1_401' title='bbox 998 4005 1116 4051; x_wconf 88' lang='lat' dir='ltr'><strong>erat</strong></span> <span class='ocrx_word' id='word_1_402' title='bbox 1136 3995 1355 4063; x_wconf 68' lang='lat' dir='ltr'><strong>Judteis,</strong></span> <span class='ocrx_word' id='word_1_403' title='bbox 1392 4008 1453 4052; x_wconf 92' lang='lat' dir='ltr'><strong>ut</strong></span> <span class='ocrx_word' id='word_1_404' title='bbox 1481 4013 1641 4069; x_wconf 90' lang='lat' dir='ltr'><strong>quem</strong></span> <span class='ocrx_word' id='word_1_405' title='bbox 1670 4007 1845 4053; x_wconf 87' lang='lat' dir='ltr'><strong>morte</strong></span> <span class='ocrx_word' id='word_1_406' title='bbox 1875 3997 2086 4069; x_wconf 83' lang='lat' dir='ltr'><strong>adjudi-</strong></span> 
     </span>
    </p>
   </div>
   <div class='ocr_carea' id='block_1_58' title="bbox 505 4088 2085 4160">
    <p class='ocr_par' dir='ltr' id='par_1_58' title="bbox 505 4088 2085 4160">
     <span class='ocr_line' id='line_1_58' title="bbox 505 4088 2085 4160; baseline -0.002 -13"><span class='ocrx_word' id='word_1_407' title='bbox 505 4099 753 4156; x_wconf 88' lang='lat' dir='ltr'><strong>cassent,</strong></span> <span class='ocrx_word' id='word_1_408' title='bbox 802 4090 1041 4145; x_wconf 77' lang='lat' dir='ltr'><strong>vinctum</strong></span> <span class='ocrx_word' id='word_1_409' title='bbox 1087 4088 1255 4160; x_wconf 89' lang='lat' dir='ltr'><strong>judici</strong></span> <span class='ocrx_word' id='word_1_410' title='bbox 1302 4089 1599 4145; x_wconf 87' lang='lat' dir='ltr'><strong>traderent.</strong></span> <span class='ocrx_word' id='word_1_411' title='bbox 1642 4089 1709 4145; x_wconf 88' lang='lat' dir='ltr'><strong>Et</strong></span> <span class='ocrx_word' id='word_1_412' title='bbox 1768 4090 2085 4157; x_wconf 84' lang='lat' dir='ltr'><strong>notandum,</strong></span> 
     </span>
    </p>
   </div>
   <div class='ocr_carea' id='block_1_59' title="bbox 507 4180 2089 4253">
    <p class='ocr_par' dir='ltr' id='par_1_59' title="bbox 507 4180 2089 4253">
     <span class='ocr_line' id='line_1_59' title="bbox 507 4180 2089 4253; baseline -0.003 -15"><span class='ocrx_word' id='word_1_413' title='bbox 507 4182 651 4253; x_wconf 89' lang='lat' dir='ltr'><strong>quod</strong></span> <span class='ocrx_word' id='word_1_414' title='bbox 690 4195 797 4236; x_wconf 91' lang='lat' dir='ltr'><strong>non</strong></span> <span class='ocrx_word' id='word_1_415' title='bbox 839 4188 967 4236; x_wconf 90' lang='lat' dir='ltr'><strong>tunc</strong></span> <span class='ocrx_word' id='word_1_416' title='bbox 1007 4182 1240 4252; x_wconf 89' lang='lat' dir='ltr'><strong>primum</strong></span> <span class='ocrx_word' id='word_1_417' title='bbox 1282 4180 1606 4253; x_wconf 85' lang='lat' dir='ltr'><strong>ligaverant,</strong></span> <span class='ocrx_word' id='word_1_418' title='bbox 1647 4180 1742 4237; x_wconf 89' lang='lat' dir='ltr'><strong>sed</strong></span> <span class='ocrx_word' id='word_1_419' title='bbox 1780 4196 1905 4236; x_wconf 80' lang='lat' dir='ltr'><strong>mox</strong></span> <span class='ocrx_word' id='word_1_420' title='bbox 1940 4195 2089 4236; x_wconf 90' lang='lat' dir='ltr'><strong>com-</strong></span> 
     </span>
    </p>
   </div>
   <div class='ocr_carea' id='block_1_60' title="bbox 504 4271 2087 4345">
    <p class='ocr_par' dir='ltr' id='par_1_60' title="bbox 504 4271 2087 4345">
     <span class='ocr_line' id='line_1_60' title="bbox 504 4271 2087 4345; baseline -0.001 -16"><span class='ocrx_word' id='word_1_421' title='bbox 504 4274 828 4345; x_wconf 86' lang='lat' dir='ltr'><strong>prehensum</strong></span> <span class='ocrx_word' id='word_1_422' title='bbox 860 4280 1018 4327; x_wconf 89' lang='lat' dir='ltr'><strong>nocte</strong></span> <span class='ocrx_word' id='word_1_423' title='bbox 1046 4272 1099 4325; x_wconf 91' lang='lat' dir='ltr'><strong>in</strong></span> <span class='ocrx_word' id='word_1_424' title='bbox 1129 4272 1308 4337; x_wconf 90' lang='lat' dir='ltr'><strong>horto,</strong></span> <span class='ocrx_word' id='word_1_425' title='bbox 1347 4284 1405 4327; x_wconf 88' lang='lat' dir='ltr'><strong>ut</strong></span> <span class='ocrx_word' id='word_1_426' title='bbox 1440 4271 1679 4328; x_wconf 80' lang='lat' dir='ltr'><strong>Joannes</strong></span> <span class='ocrx_word' id='word_1_427' title='bbox 1717 4272 1883 4327; x_wconf 88' lang='lat' dir='ltr'><strong>dicit:</strong></span> <span class='ocrx_word' id='word_1_428' title='bbox 1914 4271 1981 4327; x_wconf 86' lang='lat' dir='ltr'><strong>Et</strong></span> <span class='ocrx_word' id='word_1_429' title='bbox 2008 4271 2087 4327; x_wconf 90' lang='lat' dir='ltr'><strong>sic</strong></span> 
     </span>
    </p>
   </div>
   <div class='ocr_carea' id='block_1_61' title="bbox 503 4363 1997 4437">
    <p class='ocr_par' dir='ltr' id='par_1_61' title="bbox 503 4363 1997 4437">
     <span class='ocr_line' id='line_1_61' title="bbox 503 4363 1997 4437; baseline 0 -18"><span class='ocrx_word' id='word_1_430' title='bbox 503 4366 841 4419; x_wconf 71' lang='lat' dir='ltr'><strong>adduxerunt</strong></span> <span class='ocrx_word' id='word_1_431' title='bbox 883 4380 1001 4417; x_wconf 86' lang='lat' dir='ltr'><strong>eum</strong></span> <span class='ocrx_word' id='word_1_432' title='bbox 1026 4364 1092 4417; x_wconf 91' lang='lat' dir='ltr'><strong>ad</strong></span> <span class='ocrx_word' id='word_1_433' title='bbox 1116 4363 1322 4418; x_wconf 79' lang='lat' dir='ltr'><strong>Annam</strong></span> <span class='ocrx_word' id='word_1_434' title='bbox 1344 4366 1571 4435; x_wconf 77' lang='lat' dir='ltr'><strong>primum</strong></span> <span class='ocrx_word' id='word_1_435' title='bbox 1599 4364 1781 4435; x_wconf 89' lang='lat' dir='ltr'><strong>(Ioan.</strong></span> <span class='ocrx_word' id='word_1_436' title='bbox 1820 4365 1997 4437; x_wconf 80' lang='lat' dir='ltr'><strong>xvttt).</strong></span> 
     </span>
    </p>
   </div>
   <div class='ocr_carea' id='block_1_62' title="bbox 578 4452 2085 4526">
    <p class='ocr_par' dir='ltr' id='par_1_62' title="bbox 578 4452 2085 4526">
     <span class='ocr_line' id='line_1_62' title="bbox 578 4452 2085 4526; baseline 0.001 -17"><span class='ocrx_word' id='word_1_437' title='bbox 578 4454 785 4526; x_wconf 68' lang='grc' dir='ltr'><strong>(Ηιειι.)</strong></span> <span class='ocrx_word' id='word_1_438' title='bbox 818 4452 982 4510; x_wconf 82' lang='lat' dir='ltr'><strong>Adest</strong></span> <span class='ocrx_word' id='word_1_439' title='bbox 1011 4453 1239 4508; x_wconf 90' lang='lat' dir='ltr'><strong>Samson</strong></span> <span class='ocrx_word' id='word_1_440' title='bbox 1277 4453 1493 4509; x_wconf 89' lang='lat' dir='ltr'><strong>vinctus</strong></span> <span class='ocrx_word' id='word_1_441' title='bbox 1540 4469 1569 4508; x_wconf 92' lang='lat' dir='ltr'><strong>a</strong></span> <span class='ocrx_word' id='word_1_442' title='bbox 1608 4454 1799 4510; x_wconf 88' lang='lat' dir='ltr'><strong>Dalila.</strong></span> <span class='ocrx_word' id='word_1_443' title='bbox 1857 4454 2085 4511; x_wconf 89' lang='lat' dir='ltr'><strong>Samson</strong></span> 
     </span>
    </p>
   </div>
   <div class='ocr_carea' id='block_1_63' title="bbox 506 4543 2087 4617">
    <p class='ocr_par' dir='ltr' id='par_1_63' title="bbox 506 4543 2087 4617">
     <span class='ocr_line' id='line_1_63' title="bbox 506 4543 2087 4617; baseline 0.001 -16"><span class='ocrx_word' id='word_1_444' title='bbox 506 4548 927 4617; x_wconf 88' lang='lat' dir='ltr'><strong>interpretatur,</strong></span> <span class='ocrx_word' id='word_1_445' title='bbox 973 4553 1104 4610; x_wconf 90' lang='lat' dir='ltr'><strong>etc.,</strong></span> <span class='ocrx_word' id='word_1_446' title='bbox 1156 4560 1318 4615; x_wconf 86' lang='lat' dir='ltr'><strong>usque</strong></span> <span class='ocrx_word' id='word_1_447' title='bbox 1362 4544 1431 4597; x_wconf 91' lang='lat' dir='ltr'><strong>ad</strong></span> <span class='ocrx_word' id='word_1_448' title='bbox 1478 4552 1534 4599; x_wconf 87' lang='lat' dir='ltr'><strong>et</strong></span> <span class='ocrx_word' id='word_1_449' title='bbox 1584 4543 1787 4600; x_wconf 81' lang='lat' dir='ltr'><strong>fontem</strong></span> <span class='ocrx_word' id='word_1_450' title='bbox 1832 4547 2087 4616; x_wconf 88' lang='lat' dir='ltr'><strong>perennis</strong></span> 
     </span>
    </p>
   </div>
   <div class='ocr_carea' id='block_1_64' title="bbox 503 4634 1976 4707">
    <p class='ocr_par' dir='ltr' id='par_1_64' title="bbox 503 4634 1976 4707">
     <span class='ocr_line' id='line_1_64' title="bbox 503 4634 1976 4707; baseline -0.004 -12"><span class='ocrx_word' id='word_1_451' title='bbox 503 4642 629 4696; x_wconf 66' lang='lat' dir='ltr'><strong>sitae</strong></span> <span class='ocrx_word' id='word_1_452' title='bbox 653 4638 963 4695; x_wconf 80' lang='lat' dir='ltr'><strong>sitientibus</strong></span> <span class='ocrx_word' id='word_1_453' title='bbox 982 4634 1158 4701; x_wconf 86' lang='lat' dir='ltr'><strong>nobis,</strong></span> <span class='ocrx_word' id='word_1_454' title='bbox 1185 4634 1238 4691; x_wconf 88' lang='lat' dir='ltr'><strong>id</strong></span> <span class='ocrx_word' id='word_1_455' title='bbox 1267 4643 1353 4692; x_wconf 86' lang='lat' dir='ltr'><strong>est</strong></span> <span class='ocrx_word' id='word_1_456' title='bbox 1376 4635 1621 4704; x_wconf 87' lang='lat' dir='ltr'><strong>corporis</strong></span> <span class='ocrx_word' id='word_1_457' title='bbox 1648 4636 1753 4701; x_wconf 85' lang='lat' dir='ltr'><strong>sui,</strong></span> <span class='ocrx_word' id='word_1_458' title='bbox 1785 4636 1976 4707; x_wconf 87' lang='lat' dir='ltr'><strong>aperit.</strong></span> 
     </span>
    </p>
   </div>
   <div class='ocr_carea' id='block_1_65' title="bbox 580 4726 2086 4786">
    <p class='ocr_par' dir='ltr' id='par_1_65' title="bbox 580 4726 2086 4786">
     <span class='ocr_line' id='line_1_65' title="bbox 580 4726 2086 4786; baseline 0 0"><span class='ocrx_word' id='word_1_459' title='bbox 580 4731 743 4786; x_wconf 77' lang='lat' dir='ltr'><strong>Vens.</strong></span> <span class='ocrx_word' id='word_1_460' title='bbox 777 4730 831 4783; x_wconf 77' lang='lat'><strong>‘2.</strong></span> <span class='ocrx_word' id='word_1_461' title='bbox 857 4759 927 4769; x_wconf 95' lang='lat'><strong>—</strong></span> <span class='ocrx_word' id='word_1_462' title='bbox 972 4726 1051 4783; x_wconf 87' lang='lat' dir='ltr'><strong>Tu</strong></span> <span class='ocrx_word' id='word_1_463' title='bbox 1092 4744 1146 4783; x_wconf 84' lang='lat' dir='ltr'><strong>es</strong></span> <span class='ocrx_word' id='word_1_464' title='bbox 1194 4744 1285 4783; x_wconf 71' lang='lat' dir='ltr'><strong>rex</strong></span> <span class='ocrx_word' id='word_1_465' title='bbox 1302 4726 1661 4782; x_wconf 76' lang='lat' dir='ltr'><strong>Iudteorum?</strong></span> <span class='ocrx_word' id='word_1_466' title='bbox 1708 4728 1842 4784; x_wconf 92' lang='lat' dir='ltr'><strong>Cum</strong></span> <span class='ocrx_word' id='word_1_467' title='bbox 1883 4729 2086 4786; x_wconf 86' lang='lat' dir='ltr'><strong>Pilatus</strong></span> 
     </span>
    </p>
   </div>
   <div class='ocr_carea' id='block_1_66' title="bbox 488 4819 2082 4892">
    <p class='ocr_par' dir='ltr' id='par_1_66' title="bbox 488 4819 2082 4892">
     <span class='ocr_line' id='line_1_66' title="bbox 488 4819 2082 4892; baseline -0.003 -11"><span class='ocrx_word' id='word_1_468' title='bbox 488 4820 640 4881; x_wconf 61' lang='lat' dir='ltr'><strong>niihil</strong></span> <span class='ocrx_word' id='word_1_469' title='bbox 676 4820 922 4878; x_wconf 86' lang='lat' dir='ltr'><strong>criminis</strong></span> <span class='ocrx_word' id='word_1_470' title='bbox 957 4820 1259 4892; x_wconf 89' lang='lat' dir='ltr'><strong>interrogat</strong></span> <span class='ocrx_word' id='word_1_471' title='bbox 1290 4819 1396 4875; x_wconf 89' lang='lat' dir='ltr'><strong>nisi</strong></span> <span class='ocrx_word' id='word_1_472' title='bbox 1433 4835 1502 4874; x_wconf 91' lang='lat' dir='ltr'><strong>an</strong></span> <span class='ocrx_word' id='word_1_473' title='bbox 1530 4820 1603 4876; x_wconf 87' lang='lat' dir='ltr'><strong>sit</strong></span> <span class='ocrx_word' id='word_1_474' title='bbox 1633 4835 1726 4877; x_wconf 80' lang='lat' dir='ltr'><strong>rex</strong></span> <span class='ocrx_word' id='word_1_475' title='bbox 1751 4819 2082 4889; x_wconf 73' lang='lat' dir='ltr'><strong>Judzcorum,</strong></span> 
     </span>
    </p>
   </div>
   <div class='ocr_carea' id='block_1_67' title="bbox 486 4911 2083 4987">
    <p class='ocr_par' dir='ltr' id='par_1_67' title="bbox 486 4911 2083 4987">
     <span class='ocr_line' id='line_1_67' title="bbox 486 4911 2083 4987; baseline 0.002 -19"><span class='ocrx_word' id='word_1_476' title='bbox 486 4914 761 4987; x_wconf 82' lang='lat' dir='ltr'><strong>.srguitur&#39;</strong></span> <span class='ocrx_word' id='word_1_477' title='bbox 791 4914 1039 4983; x_wconf 88' lang='lat' dir='ltr'><strong>impietas</strong></span> <span class='ocrx_word' id='word_1_478' title='bbox 1064 4927 1251 4968; x_wconf 89' lang='lat' dir='ltr'><strong>eorum</strong></span> <span class='ocrx_word' id='word_1_479' title='bbox 1282 4913 1372 4983; x_wconf 86' lang='lat' dir='ltr'><strong>qui</strong></span> <span class='ocrx_word' id='word_1_480' title='bbox 1403 4928 1503 4968; x_wconf 91' lang='lat' dir='ltr'><strong>nec</strong></span> <span class='ocrx_word' id='word_1_481' title='bbox 1531 4911 1667 4969; x_wconf 92' lang='lat' dir='ltr'><strong>falso</strong></span> <span class='ocrx_word' id='word_1_482' title='bbox 1696 4913 1911 4984; x_wconf 88' lang='lat' dir='ltr'><strong>quidem</strong></span> <span class='ocrx_word' id='word_1_483' title='bbox 1941 4914 2083 4985; x_wconf 89' lang='lat' dir='ltr'><strong>quod</strong></span> 
     </span>
    </p>
   </div>
   <div class='ocr_carea' id='block_1_68' title="bbox 488 5003 2076 5078">
    <p class='ocr_par' dir='ltr' id='par_1_68' title="bbox 488 5003 2076 5078">
     <span class='ocr_line' id='line_1_68' title="bbox 488 5003 2076 5078; baseline 0 -16"><span class='ocrx_word' id='word_1_484' title='bbox 488 5006 764 5077; x_wconf 84' lang='lat' dir='ltr'><strong>.ohjiciant</strong></span> <span class='ocrx_word' id='word_1_485' title='bbox 792 5006 1128 5062; x_wconf 88' lang='lat' dir='ltr'><strong>invenerunt.</strong></span> <span class='ocrx_word' id='word_1_486' title='bbox 1156 5003 1233 5059; x_wconf 86' lang='lat' dir='ltr'><strong>Tu</strong></span> <span class='ocrx_word' id='word_1_487' title='bbox 1253 5004 1406 5061; x_wconf 89' lang='lat' dir='ltr'><strong>dicis.</strong></span> <span class='ocrx_word' id='word_1_488' title='bbox 1439 5005 1530 5062; x_wconf 90' lang='lat' dir='ltr'><strong>Sic</strong></span> <span class='ocrx_word' id='word_1_489' title='bbox 1560 5014 1823 5077; x_wconf 90' lang='lat' dir='ltr'><strong>temperat</strong></span> <span class='ocrx_word' id='word_1_490' title='bbox 1852 5021 2076 5078; x_wconf 89' lang='lat' dir='ltr'><strong>respon-</strong></span> 
     </span>
    </p>
   </div>
   <div class='ocr_carea' id='block_1_69' title="bbox 486 5093 2078 5167">
    <p class='ocr_par' dir='ltr' id='par_1_69' title="bbox 486 5093 2078 5167">
     <span class='ocr_line' id='line_1_69' title="bbox 486 5093 2078 5167; baseline -0.001 -13"><span class='ocrx_word' id='word_1_491' title='bbox 486 5111 651 5163; x_wconf 67' lang='lat' dir='ltr'><strong>sum,</strong></span> <span class='ocrx_word' id='word_1_492' title='bbox 680 5104 741 5151; x_wconf 88' lang='lat' dir='ltr'><strong>ut</strong></span> <span class='ocrx_word' id='word_1_493' title='bbox 765 5110 951 5152; x_wconf 90' lang='lat' dir='ltr'><strong>verum</strong></span> <span class='ocrx_word' id='word_1_494' title='bbox 993 5093 1156 5162; x_wconf 89' lang='lat' dir='ltr'><strong>dicat,</strong></span> <span class='ocrx_word' id='word_1_495' title='bbox 1197 5109 1295 5151; x_wconf 91' lang='lat' dir='ltr'><strong>nec</strong></span> <span class='ocrx_word' id='word_1_496' title='bbox 1341 5106 1519 5151; x_wconf 88' lang='lat' dir='ltr'><strong>tamen</strong></span> <span class='ocrx_word' id='word_1_497' title='bbox 1560 5096 1843 5152; x_wconf 81' lang='lat' dir='ltr'><strong>calumniae</strong></span> <span class='ocrx_word' id='word_1_498' title='bbox 1870 5107 2078 5167; x_wconf 88' lang='lat' dir='ltr'><strong>pareat.</strong></span> 
     </span>
    </p>
   </div>
   <div class='ocr_carea' id='block_1_70' title="bbox 505 5184 2078 5257">
    <p class='ocr_par' dir='ltr' id='par_1_70' title="bbox 505 5184 2078 5257">
     <span class='ocr_line' id='line_1_70' title="bbox 505 5184 2078 5257; baseline 0.001 -14"><span class='ocrx_word' id='word_1_499' title='bbox 505 5189 574 5243; x_wconf 84' lang='lat' dir='ltr'><strong>Et</strong></span> <span class='ocrx_word' id='word_1_500' title='bbox 611 5195 760 5252; x_wconf 88' lang='lat' dir='ltr'><strong>nota,</strong></span> <span class='ocrx_word' id='word_1_501' title='bbox 806 5186 948 5257; x_wconf 91' lang='lat' dir='ltr'><strong>quod</strong></span> <span class='ocrx_word' id='word_1_502' title='bbox 978 5184 1149 5241; x_wconf 89' lang='lat' dir='ltr'><strong>Pilato</strong></span> <span class='ocrx_word' id='word_1_503' title='bbox 1192 5187 1283 5257; x_wconf 84' lang='lat' dir='ltr'><strong>qui</strong></span> <span class='ocrx_word' id='word_1_504' title='bbox 1329 5186 1531 5243; x_wconf 87' lang='lat' dir='ltr'><strong>invitus</strong></span> <span class='ocrx_word' id='word_1_505' title='bbox 1581 5184 1689 5242; x_wconf 87' lang='lat' dir='ltr'><strong>fert</strong></span> <span class='ocrx_word' id='word_1_506' title='bbox 1732 5188 2078 5254; x_wconf 89' lang='lat' dir='ltr'><strong>sententiam,</strong></span> 
     </span>
    </p>
   </div>
   <div class='ocr_carea' id='block_1_71' title="bbox 506 5275 2077 5346">
    <p class='ocr_par' dir='ltr' id='par_1_71' title="bbox 506 5275 2077 5346">
     <span class='ocr_line' id='line_1_71' title="bbox 506 5275 2077 5346; baseline 0.004 -17"><span class='ocrx_word' id='word_1_507' title='bbox 506 5275 685 5345; x_wconf 79' lang='lat' dir='ltr'><strong>aliqua</strong></span> <span class='ocrx_word' id='word_1_508' title='bbox 722 5275 776 5330; x_wconf 90' lang='lat' dir='ltr'><strong>in</strong></span> <span class='ocrx_word' id='word_1_509' title='bbox 801 5283 955 5346; x_wconf 86' lang='lat' dir='ltr'><strong>parte</strong></span> <span class='ocrx_word' id='word_1_510' title='bbox 983 5275 1324 5346; x_wconf 86' lang='lat' dir='ltr'><strong>responderit</strong></span> <span class='ocrx_word' id='word_1_511' title='bbox 1355 5294 1371 5334; x_wconf 93' lang='lat'><strong>:</strong></span> <span class='ocrx_word' id='word_1_512' title='bbox 1408 5277 1782 5336; x_wconf 85' lang='lat' dir='ltr'><strong>sacerdotibus</strong></span> <span class='ocrx_word' id='word_1_513' title='bbox 1814 5288 1994 5334; x_wconf 90' lang='lat' dir='ltr'><strong>autem</strong></span> <span class='ocrx_word' id='word_1_514' title='bbox 2025 5287 2077 5335; x_wconf 91' lang='lat' dir='ltr'><strong>et</strong></span> 
     </span>
    </p>
   </div>
   <div class='ocr_carea' id='block_1_72' title="bbox 501 5366 2076 5442">
    <p class='ocr_par' dir='ltr' id='par_1_72' title="bbox 501 5366 2076 5442">
     <span class='ocr_line' id='line_1_72' title="bbox 501 5366 2076 5442; baseline 0.004 -21"><span class='ocrx_word' id='word_1_515' title='bbox 501 5366 839 5437; x_wconf 86' lang='lat' dir='ltr'><strong>principibus</strong></span> <span class='ocrx_word' id='word_1_516' title='bbox 879 5366 1208 5438; x_wconf 89' lang='lat' dir='ltr'><strong>respondere</strong></span> <span class='ocrx_word' id='word_1_517' title='bbox 1256 5367 1519 5433; x_wconf 87' lang='lat' dir='ltr'><strong>noluerit.</strong></span> <span class='ocrx_word' id='word_1_518' title='bbox 1560 5369 1915 5442; x_wconf 89' lang='lat' dir='ltr'><strong>indignosque</strong></span> <span class='ocrx_word' id='word_1_519' title='bbox 1966 5385 2076 5428; x_wconf 86' lang='lat' dir='ltr'><strong>ser-</strong></span> 
     </span>
    </p>
   </div>
   <div class='ocr_carea' id='block_1_73' title="bbox 505 5455 1155 5526">
    <p class='ocr_par' dir='ltr' id='par_1_73' title="bbox 505 5455 1155 5526">
     <span class='ocr_line' id='line_1_73' title="bbox 505 5455 1155 5526; baseline 0.002 -14"><span class='ocrx_word' id='word_1_520' title='bbox 505 5470 666 5513; x_wconf 87' lang='lat' dir='ltr'><strong>mone</strong></span> <span class='ocrx_word' id='word_1_521' title='bbox 690 5471 790 5513; x_wconf 85' lang='lat' dir='ltr'><strong>suo</strong></span> <span class='ocrx_word' id='word_1_522' title='bbox 811 5455 1155 5526; x_wconf 76' lang='lat' dir='ltr'><strong>iudicaverit.</strong></span> 
     </span>
    </p>
   </div>
   <div class='ocr_carea' id='block_1_74' title="bbox 577 5545 2075 5617">
    <p class='ocr_par' dir='ltr' id='par_1_74' title="bbox 577 5545 2075 5617">
     <span class='ocr_line' id='line_1_74' title="bbox 577 5545 2075 5617; baseline 0.003 -14"><span class='ocrx_word' id='word_1_523' title='bbox 577 5547 742 5603; x_wconf 76' lang='lat' dir='ltr'><strong>Vens.</strong></span> <span class='ocrx_word' id='word_1_524' title='bbox 772 5545 1060 5615; x_wconf 64' lang='lat' dir='ltr'><strong>L—Vide,</strong></span> <span class='ocrx_word' id='word_1_525' title='bbox 1092 5556 1196 5605; x_wconf 92' lang='lat' dir='ltr'><strong>etc.</strong></span> <span class='ocrx_word' id='word_1_526' title='bbox 1226 5549 1491 5612; x_wconf 82' lang='lat' dir='ltr'><strong>Ethnicus</strong></span> <span class='ocrx_word' id='word_1_527' title='bbox 1519 5550 1843 5608; x_wconf 86' lang='lat' dir='ltr'><strong>condemnat</strong></span> <span class='ocrx_word' id='word_1_528' title='bbox 1868 5549 2075 5617; x_wconf 87' lang='lat' dir='ltr'><strong>Iesum,</strong></span> 
     </span>
    </p>
   </div>
   <div class='ocr_carea' id='block_1_75' title="bbox 504 5636 2080 5712">
    <p class='ocr_par' dir='ltr' id='par_1_75' title="bbox 504 5636 2080 5712">
     <span class='ocr_line' id='line_1_75' title="bbox 504 5636 2080 5712; baseline 0.003 -19"><span class='ocrx_word' id='word_1_529' title='bbox 504 5636 600 5693; x_wconf 85' lang='lat' dir='ltr'><strong>sed</strong></span> <span class='ocrx_word' id='word_1_530' title='bbox 628 5651 848 5694; x_wconf 85' lang='lat' dir='ltr'><strong>causam</strong></span> <span class='ocrx_word' id='word_1_531' title='bbox 890 5637 1057 5695; x_wconf 87' lang='lat' dir='ltr'><strong>refert</strong></span> <span class='ocrx_word' id='word_1_532' title='bbox 1095 5639 1148 5697; x_wconf 92' lang='lat' dir='ltr'><strong>in</strong></span> <span class='ocrx_word' id='word_1_533' title='bbox 1187 5640 1439 5712; x_wconf 90' lang='lat' dir='ltr'><strong>populum</strong></span> <span class='ocrx_word' id='word_1_534' title='bbox 1476 5638 1803 5699; x_wconf 68' lang='lat' dir='ltr'><strong>Iudaeorum.</strong></span> <span class='ocrx_word' id='word_1_535' title='bbox 1870 5640 1997 5698; x_wconf 75' lang='lat' dir='ltr'><strong>Vide</strong></span> <span class='ocrx_word' id='word_1_536' title='bbox 2027 5644 2080 5697; x_wconf 84' lang='lat' dir='ltr'><strong>in</strong></span> 
     </span>
    </p>
   </div>
   <div class='ocr_carea' id='block_1_76' title="bbox 495 5730 878 5798">
    <p class='ocr_par' dir='ltr' id='par_1_76' title="bbox 495 5730 878 5798">
     <span class='ocr_line' id='line_1_76' title="bbox 495 5730 878 5798; baseline 0.005 -15"><span class='ocrx_word' id='word_1_537' title='bbox 495 5730 729 5798; x_wconf 69' lang='lat' dir='ltr'><strong>quantis,</strong></span> <span class='ocrx_word' id='word_1_538' title='bbox 770 5737 878 5785; x_wconf 92' lang='lat' dir='ltr'><strong>etc.</strong></span> 
     </span>
    </p>
   </div>
   <div class='ocr_carea' id='block_1_77' title="bbox 2200 1898 3785 1971">
    <p class='ocr_par' dir='ltr' id='par_1_77' title="bbox 2200 1898 3785 1971">
     <span class='ocr_line' id='line_1_77' title="bbox 2200 1898 3785 1971; baseline 0.009 -20"><span class='ocrx_word' id='word_1_539' title='bbox 2200 1899 2267 1952; x_wconf 82' lang='lat' dir='ltr'><strong>At</strong></span> <span class='ocrx_word' id='word_1_540' title='bbox 2301 1898 2381 1952; x_wconf 84' lang='lat' dir='ltr'><strong>illi</strong></span> <span class='ocrx_word' id='word_1_541' title='bbox 2416 1901 2602 1971; x_wconf 84' lang='lat' dir='ltr'><strong>magis,</strong></span> <span class='ocrx_word' id='word_1_542' title='bbox 2640 1911 2748 1958; x_wconf 89' lang='lat' dir='ltr'><strong>etc.</strong></span> <span class='ocrx_word' id='word_1_543' title='bbox 2782 1902 2989 1958; x_wconf 88' lang='lat' dir='ltr'><strong>David:</strong></span> <span class='ocrx_word' id='word_1_544' title='bbox 3018 1902 3482 1963; x_wconf 80' lang='lat' dir='ltr'><strong>Circumdederunt</strong></span> <span class='ocrx_word' id='word_1_545' title='bbox 3521 1925 3603 1962; x_wconf 87' lang='lat' dir='ltr'><strong>me</strong></span> <span class='ocrx_word' id='word_1_546' title='bbox 3628 1925 3785 1965; x_wconf 77' lang='lat' dir='ltr'><strong>canes</strong></span> 
     </span>
    </p>
   </div>
   <div class='ocr_carea' id='block_1_78' title="bbox 2201 1988 3786 2068">
    <p class='ocr_par' dir='ltr' id='par_1_78' title="bbox 2201 1988 3786 2068">
     <span class='ocr_line' id='line_1_78' title="bbox 2201 1988 3786 2068; baseline 0.008 -25"><span class='ocrx_word' id='word_1_547' title='bbox 2201 1989 2355 2044; x_wconf 86' lang='lat' dir='ltr'><strong>multi</strong></span> <span class='ocrx_word' id='word_1_548' title='bbox 2388 1988 2560 2063; x_wconf 86' lang='lat' dir='ltr'><strong>(Psal.</strong></span> <span class='ocrx_word' id='word_1_549' title='bbox 2589 1992 2725 2063; x_wconf 66' lang='grc' dir='ltr'><strong>ιιι),</strong></span> <span class='ocrx_word' id='word_1_550' title='bbox 2753 2001 2861 2049; x_wconf 90' lang='lat' dir='ltr'><strong>etc.</strong></span> <span class='ocrx_word' id='word_1_551' title='bbox 2908 1993 3448 2065; x_wconf 68' lang='lat' dir='ltr'><strong>IsaiaszEupectavi</strong></span> <span class='ocrx_word' id='word_1_552' title='bbox 3493 2007 3548 2053; x_wconf 82' lang='lat' dir='ltr'><strong>ut</strong></span> <span class='ocrx_word' id='word_1_553' title='bbox 3588 2000 3786 2068; x_wconf 78' lang='lat' dir='ltr'><strong>faceret</strong></span> 
     </span>
    </p>
   </div>
   <div class='ocr_carea' id='block_1_79' title="bbox 2193 2082 3786 2156">
    <p class='ocr_par' dir='ltr' id='par_1_79' title="bbox 2193 2082 3786 2156">
     <span class='ocr_line' id='line_1_79' title="bbox 2193 2082 3786 2156; baseline 0.008 -22"><span class='ocrx_word' id='word_1_554' title='bbox 2193 2082 2486 2151; x_wconf 87' lang='lat' dir='ltr'><strong>judicium,</strong></span> <span class='ocrx_word' id='word_1_555' title='bbox 2519 2092 2567 2136; x_wconf 86' lang='lat' dir='ltr'><strong>et</strong></span> <span class='ocrx_word' id='word_1_556' title='bbox 2603 2100 2719 2138; x_wconf 81' lang='lat' dir='ltr'><strong>ecce</strong></span> <span class='ocrx_word' id='word_1_557' title='bbox 2757 2084 3005 2155; x_wconf 81' lang='lat' dir='ltr'><strong>iniquitas</strong></span> <span class='ocrx_word' id='word_1_558' title='bbox 3027 2102 3045 2140; x_wconf 89' lang='lat'><strong><em>:</em></strong></span> <span class='ocrx_word' id='word_1_559' title='bbox 3067 2095 3115 2139; x_wconf 85' lang='lat' dir='ltr'><strong>et</strong></span> <span class='ocrx_word' id='word_1_560' title='bbox 3137 2086 3428 2156; x_wconf 78' lang='lat' dir='ltr'><strong>justitiam,</strong></span> <span class='ocrx_word' id='word_1_561' title='bbox 3455 2096 3503 2142; x_wconf 83' lang='lat' dir='ltr'><strong>et</strong></span> <span class='ocrx_word' id='word_1_562' title='bbox 3532 2105 3649 2146; x_wconf 84' lang='lat' dir='ltr'><strong>ecce</strong></span> <span class='ocrx_word' id='word_1_563' title='bbox 3674 2090 3786 2146; x_wconf 86' lang='lat' dir='ltr'><strong>cla-</strong></span> 
     </span>
    </p>
   </div>
   <div class='ocr_carea' id='block_1_80' title="bbox 2201 2172 3785 2245">
    <p class='ocr_par' dir='ltr' id='par_1_80' title="bbox 2201 2172 3785 2245">
     <span class='ocr_line' id='line_1_80' title="bbox 2201 2172 3785 2245; baseline 0.009 -20"><span class='ocrx_word' id='word_1_564' title='bbox 2201 2189 2317 2226; x_wconf 90' lang='lat' dir='ltr'><strong>mor</strong></span> <span class='ocrx_word' id='word_1_565' title='bbox 2344 2172 2481 2245; x_wconf 88' lang='lat' dir='ltr'><strong>(Isa.</strong></span> <span class='ocrx_word' id='word_1_566' title='bbox 2510 2174 2586 2244; x_wconf 89' lang='lat' dir='ltr'><strong>v).</strong></span> <span class='ocrx_word' id='word_1_567' title='bbox 2636 2174 2901 2232; x_wconf 82' lang='lat' dir='ltr'><strong>Ieremias</strong></span> <span class='ocrx_word' id='word_1_568' title='bbox 2946 2195 2960 2232; x_wconf 90' lang='lat'><strong>:</strong></span> <span class='ocrx_word' id='word_1_569' title='bbox 3008 2175 3176 2232; x_wconf 87' lang='lat' dir='ltr'><strong>Facta</strong></span> <span class='ocrx_word' id='word_1_570' title='bbox 3221 2188 3298 2233; x_wconf 82' lang='lat' dir='ltr'><strong>est</strong></span> <span class='ocrx_word' id='word_1_571' title='bbox 3346 2179 3627 2235; x_wconf 70' lang='lat' dir='ltr'><strong>Itwreditas</strong></span> <span class='ocrx_word' id='word_1_572' title='bbox 3669 2199 3785 2239; x_wconf 79' lang='lat' dir='ltr'><strong>mea</strong></span> 
     </span>
    </p>
   </div>
   <div class='ocr_carea' id='block_1_81' title="bbox 2198 2264 3782 2341">
    <p class='ocr_par' dir='ltr' id='par_1_81' title="bbox 2198 2264 3782 2341">
     <span class='ocr_line' id='line_1_81' title="bbox 2198 2264 3782 2341; baseline 0.005 -21"><span class='ocrx_word' id='word_1_573' title='bbox 2198 2265 2329 2320; x_wconf 79' lang='lat' dir='ltr'><strong>mihi</strong></span> <span class='ocrx_word' id='word_1_574' title='bbox 2359 2265 2492 2320; x_wconf 80' lang='lat' dir='ltr'><strong>sicut</strong></span> <span class='ocrx_word' id='word_1_575' title='bbox 2526 2264 2606 2321; x_wconf 88' lang='lat' dir='ltr'><strong>leo</strong></span> <span class='ocrx_word' id='word_1_576' title='bbox 2643 2267 2699 2321; x_wconf 85' lang='lat' dir='ltr'><strong>in</strong></span> <span class='ocrx_word' id='word_1_577' title='bbox 2726 2266 2897 2325; x_wconf 85' lang='lat' dir='ltr'><strong>silva:</strong></span> <span class='ocrx_word' id='word_1_578' title='bbox 2927 2268 3071 2323; x_wconf 82' lang='lat' dir='ltr'><strong>dedit</strong></span> <span class='ocrx_word' id='word_1_579' title='bbox 3107 2279 3292 2324; x_wconf 85' lang='lat' dir='ltr'><strong>contra</strong></span> <span class='ocrx_word' id='word_1_580' title='bbox 3323 2286 3404 2325; x_wconf 84' lang='lat' dir='ltr'><strong>me</strong></span> <span class='ocrx_word' id='word_1_581' title='bbox 3439 2287 3616 2327; x_wconf 81' lang='lat' dir='ltr'><strong>vocem</strong></span> <span class='ocrx_word' id='word_1_582' title='bbox 3647 2271 3782 2341; x_wconf 80' lang='lat' dir='ltr'><strong>(Isr.</strong></span> 
     </span>
    </p>
   </div>
   <div class='ocr_carea' id='block_1_82' title="bbox 2200 2355 2320 2428">
    <p class='ocr_par' dir='ltr' id='par_1_82' title="bbox 2200 2355 2320 2428">
     <span class='ocr_line' id='line_1_82' title="bbox 2200 2355 2320 2428; baseline -0.008 -18"><span class='ocrx_word' id='word_1_583' title='bbox 2200 2355 2320 2428; x_wconf 81' lang='lat' dir='ltr'><strong>xu).</strong></span> 
     </span>
    </p>
   </div>
   <div class='ocr_carea' id='block_1_83' title="bbox 2270 2447 3782 2529">
    <p class='ocr_par' dir='ltr' id='par_1_83' title="bbox 2270 2447 3782 2529">
     <span class='ocr_line' id='line_1_83' title="bbox 2270 2447 3782 2529; baseline 0.004 -25"><span class='ocrx_word' id='word_1_584' title='bbox 2270 2447 2431 2505; x_wconf 75' lang='lat' dir='ltr'><strong>Vens.</strong></span> <span class='ocrx_word' id='word_1_585' title='bbox 2481 2450 2567 2506; x_wconf 80' lang='grc'><strong>15.</strong></span> <span class='ocrx_word' id='word_1_586' title='bbox 2605 2480 2678 2490; x_wconf 92' lang='grc'><strong>-</strong></span> <span class='ocrx_word' id='word_1_587' title='bbox 2715 2448 3033 2517; x_wconf 83' lang='lat' dir='ltr'><strong>Barabbam,</strong></span> <span class='ocrx_word' id='word_1_588' title='bbox 3075 2459 3125 2505; x_wconf 89' lang='lat' dir='ltr'><strong>et</strong></span> <span class='ocrx_word' id='word_1_589' title='bbox 3152 2451 3392 2518; x_wconf 73' lang='lat' dir='ltr'><strong>tradidit,</strong></span> <span class='ocrx_word' id='word_1_590' title='bbox 3422 2460 3528 2508; x_wconf 89' lang='lat' dir='ltr'><strong>etc.</strong></span> <span class='ocrx_word' id='word_1_591' title='bbox 3571 2452 3782 2529; x_wconf 74' lang='grc' dir='ltr'><strong>(Ηιει.)</strong></span> 
     </span>
    </p>
   </div>
   <div class='ocr_carea' id='block_1_84' title="bbox 2197 2536 3785 2612">
    <p class='ocr_par' dir='ltr' id='par_1_84' title="bbox 2197 2536 3785 2612">
     <span class='ocr_line' id='line_1_84' title="bbox 2197 2536 3785 2612; baseline 0.006 -18"><span class='ocrx_word' id='word_1_592' title='bbox 2197 2536 2263 2594; x_wconf 73' lang='grc' dir='ltr'><strong>ΗΞ</strong></span> <span class='ocrx_word' id='word_1_593' title='bbox 2290 2548 2419 2594; x_wconf 88' lang='lat' dir='ltr'><strong>sunt</strong></span> <span class='ocrx_word' id='word_1_594' title='bbox 2444 2540 2550 2595; x_wconf 90' lang='lat' dir='ltr'><strong>duo</strong></span> <span class='ocrx_word' id='word_1_595' title='bbox 2583 2540 2744 2606; x_wconf 88' lang='lat' dir='ltr'><strong>hirci,</strong></span> <span class='ocrx_word' id='word_1_596' title='bbox 2773 2556 2914 2597; x_wconf 88' lang='lat' dir='ltr'><strong>unus</strong></span> <span class='ocrx_word' id='word_1_597' title='bbox 2950 2542 3282 2612; x_wconf 84' lang='lat' dir='ltr'><strong>apompeius,</strong></span> <span class='ocrx_word' id='word_1_598' title='bbox 3324 2541 3379 2598; x_wconf 90' lang='lat' dir='ltr'><strong>id</strong></span> <span class='ocrx_word' id='word_1_599' title='bbox 3411 2550 3497 2603; x_wconf 79' lang='lat' dir='ltr'><strong>est</strong></span> <span class='ocrx_word' id='word_1_600' title='bbox 3552 2546 3785 2603; x_wconf 86' lang='lat' dir='ltr'><strong>emissa-</strong></span> 
     </span>
    </p>
   </div>
   <div class='ocr_carea' id='block_1_85' title="bbox 2196 2632 3785 2703">
    <p class='ocr_par' dir='ltr' id='par_1_85' title="bbox 2196 2632 3785 2703">
     <span class='ocr_line' id='line_1_85' title="bbox 2196 2632 3785 2703; baseline 0.006 -16"><span class='ocrx_word' id='word_1_601' title='bbox 2196 2632 2333 2698; x_wconf 91' lang='lat' dir='ltr'><strong>rius,</strong></span> <span class='ocrx_word' id='word_1_602' title='bbox 2374 2646 2497 2687; x_wconf 89' lang='lat' dir='ltr'><strong>cum</strong></span> <span class='ocrx_word' id='word_1_603' title='bbox 2535 2642 2758 2703; x_wconf 89' lang='lat' dir='ltr'><strong>peccato</strong></span> <span class='ocrx_word' id='word_1_604' title='bbox 2790 2633 2969 2703; x_wconf 90' lang='lat' dir='ltr'><strong>populi</strong></span> <span class='ocrx_word' id='word_1_605' title='bbox 3012 2634 3065 2688; x_wconf 90' lang='lat' dir='ltr'><strong>in</strong></span> <span class='ocrx_word' id='word_1_606' title='bbox 3093 2634 3365 2690; x_wconf 86' lang='lat' dir='ltr'><strong>desertum</strong></span> <span class='ocrx_word' id='word_1_607' title='bbox 3395 2633 3598 2692; x_wconf 82' lang='lat' dir='ltr'><strong>inferni</strong></span> <span class='ocrx_word' id='word_1_608' title='bbox 3624 2639 3785 2696; x_wconf 87' lang='lat' dir='ltr'><strong>abso-</strong></span> 
     </span>
    </p>
   </div>
   <div class='ocr_carea' id='block_1_86' title="bbox 2195 2722 3780 2798">
    <p class='ocr_par' dir='ltr' id='par_1_86' title="bbox 2195 2722 3780 2798">
     <span class='ocr_line' id='line_1_86' title="bbox 2195 2722 3780 2798; baseline 0.007 -21"><span class='ocrx_word' id='word_1_609' title='bbox 2195 2722 2342 2779; x_wconf 89' lang='lat' dir='ltr'><strong>lutus</strong></span> <span class='ocrx_word' id='word_1_610' title='bbox 2384 2723 2693 2779; x_wconf 89' lang='lat' dir='ltr'><strong>dimittitur.</strong></span> <span class='ocrx_word' id='word_1_611' title='bbox 2743 2724 2898 2779; x_wconf 86' lang='lat' dir='ltr'><strong>Alter</strong></span> <span class='ocrx_word' id='word_1_612' title='bbox 2938 2739 3039 2794; x_wconf 90' lang='lat' dir='ltr'><strong>pro</strong></span> <span class='ocrx_word' id='word_1_613' title='bbox 3086 2728 3327 2796; x_wconf 79' lang='lat' dir='ltr'><strong>peccatis</strong></span> <span class='ocrx_word' id='word_1_614' title='bbox 3378 2728 3780 2798; x_wconf 86' lang='lat' dir='ltr'><strong>absolutorum,</strong></span> 
     </span>
    </p>
   </div>
   <div class='ocr_carea' id='block_1_87' title="bbox 2195 2814 3779 2891">
    <p class='ocr_par' dir='ltr' id='par_1_87' title="bbox 2195 2814 3779 2891">
     <span class='ocr_line' id='line_1_87' title="bbox 2195 2814 3779 2891; baseline 0.005 -22"><span class='ocrx_word' id='word_1_615' title='bbox 2195 2822 2256 2869; x_wconf 91' lang='lat' dir='ltr'><strong>ut</strong></span> <span class='ocrx_word' id='word_1_616' title='bbox 2294 2830 2465 2886; x_wconf 88' lang='lat' dir='ltr'><strong>agnus</strong></span> <span class='ocrx_word' id='word_1_617' title='bbox 2490 2815 2773 2871; x_wconf 86' lang='lat' dir='ltr'><strong>occiditur.</strong></span> <span class='ocrx_word' id='word_1_618' title='bbox 2824 2814 2960 2872; x_wconf 87' lang='lat' dir='ltr'><strong>Pars</strong></span> <span class='ocrx_word' id='word_1_619' title='bbox 2983 2816 3196 2872; x_wconf 89' lang='lat' dir='ltr'><strong>Domini</strong></span> <span class='ocrx_word' id='word_1_620' title='bbox 3233 2833 3447 2891; x_wconf 88' lang='lat' dir='ltr'><strong>semper</strong></span> <span class='ocrx_word' id='word_1_621' title='bbox 3477 2828 3779 2888; x_wconf 83' lang='lat' dir='ltr'><strong>mactatur,</strong></span> 
     </span>
    </p>
   </div>
   <div class='ocr_carea' id='block_1_88' title="bbox 2195 2903 3782 2977">
    <p class='ocr_par' dir='ltr' id='par_1_88' title="bbox 2195 2903 3782 2977">
     <span class='ocr_line' id='line_1_88' title="bbox 2195 2903 3782 2977; baseline 0.007 -19"><span class='ocrx_word' id='word_1_622' title='bbox 2195 2919 2322 2975; x_wconf 90' lang='lat' dir='ltr'><strong>pars</strong></span> <span class='ocrx_word' id='word_1_623' title='bbox 2358 2903 2577 2972; x_wconf 87' lang='lat' dir='ltr'><strong>diaboli,</strong></span> <span class='ocrx_word' id='word_1_624' title='bbox 2608 2904 2700 2975; x_wconf 90' lang='lat' dir='ltr'><strong>qui</strong></span> <span class='ocrx_word' id='word_1_625' title='bbox 2738 2913 2824 2961; x_wconf 91' lang='lat' dir='ltr'><strong>est</strong></span> <span class='ocrx_word' id='word_1_626' title='bbox 2867 2906 3125 2977; x_wconf 90' lang='lat' dir='ltr'><strong>magister</strong></span> <span class='ocrx_word' id='word_1_627' title='bbox 3169 2922 3381 2975; x_wconf 85' lang='lat' dir='ltr'><strong>eorum,</strong></span> <span class='ocrx_word' id='word_1_628' title='bbox 3408 2908 3676 2968; x_wconf 82' lang='lat' dir='ltr'><strong>ell‘renata</strong></span> <span class='ocrx_word' id='word_1_629' title='bbox 3726 2913 3782 2969; x_wconf 89' lang='lat' dir='ltr'><strong>in</strong></span> 
     </span>
    </p>
   </div>
   <div class='ocr_carea' id='block_1_89' title="bbox 2197 2995 2819 3066">
    <p class='ocr_par' dir='ltr' id='par_1_89' title="bbox 2197 2995 2819 3066">
     <span class='ocr_line' id='line_1_89' title="bbox 2197 2995 2819 3066; baseline 0.002 -18"><span class='ocrx_word' id='word_1_630' title='bbox 2197 3002 2404 3049; x_wconf 88' lang='lat' dir='ltr'><strong>tartara</strong></span> <span class='ocrx_word' id='word_1_631' title='bbox 2429 2995 2819 3066; x_wconf 58' lang='lat' dir='ltr'><strong>praecipitatur.</strong></span> 
     </span>
    </p>
   </div>
   <div class='ocr_carea' id='block_1_90' title="bbox 2266 3084 3779 3159">
    <p class='ocr_par' dir='ltr' id='par_1_90' title="bbox 2266 3084 3779 3159">
     <span class='ocr_line' id='line_1_90' title="bbox 2266 3084 3779 3159; baseline 0.006 -19"><span class='ocrx_word' id='word_1_632' title='bbox 2266 3084 2449 3141; x_wconf 87' lang='lat' dir='ltr'><strong>Iesum</strong></span> <span class='ocrx_word' id='word_1_633' title='bbox 2487 3085 2732 3158; x_wconf 84' lang='lat' dir='ltr'><strong>ﬂagellis.</strong></span> <span class='ocrx_word' id='word_1_634' title='bbox 2772 3086 2841 3144; x_wconf 88' lang='lat' dir='ltr'><strong>Ut</strong></span> <span class='ocrx_word' id='word_1_635' title='bbox 2875 3102 2975 3142; x_wconf 91' lang='lat' dir='ltr'><strong>nos</strong></span> <span class='ocrx_word' id='word_1_636' title='bbox 3000 3085 3225 3159; x_wconf 78' lang='lat' dir='ltr'><strong>flagellis</strong></span> <span class='ocrx_word' id='word_1_637' title='bbox 3268 3088 3553 3159; x_wconf 87' lang='lat' dir='ltr'><strong>liberaret;</strong></span> <span class='ocrx_word' id='word_1_638' title='bbox 3604 3091 3779 3149; x_wconf 89' lang='lat' dir='ltr'><strong>unde:</strong></span> 
     </span>
    </p>
   </div>
   <div class='ocr_carea' id='block_1_91' title="bbox 2119 3145 3781 3253">
    <p class='ocr_par' dir='ltr' id='par_1_91' title="bbox 2119 3145 3781 3253">
     <span class='ocr_line' id='line_1_91' title="bbox 2119 3145 3781 3253; baseline 0.004 -23"><span class='ocrx_word' id='word_1_639' title='bbox 2119 3145 2164 3211; x_wconf 80' lang='lat' dir='ltr'>C</span> <span class='ocrx_word' id='word_1_640' title='bbox 2197 3145 2501 3249; x_wconf 71' lang='lat' dir='ltr'><strong>Flagellum</strong></span> <span class='ocrx_word' id='word_1_641' title='bbox 2526 3145 2630 3232; x_wconf 67' lang='lat' dir='ltr'><strong>non</strong></span> <span class='ocrx_word' id='word_1_642' title='bbox 2655 3145 3455 3250; x_wconf 51' lang='lat' dir='ltr'><strong>appropinquabiltabernaculo</strong></span> 
     </span>
    </p>
   </div>
   <div class='ocr_carea' id='block_1_92' title="bbox 2191 3269 3781 3344">
    <p class='ocr_par' dir='ltr' id='par_1_92' title="bbox 2191 3269 3781 3344">
     <span class='ocr_line' id='line_1_92' title="bbox 2191 3269 3781 3344; baseline 0.003 -19"><span class='ocrx_word' id='word_1_643' title='bbox 2191 3270 2281 3342; x_wconf 78' lang='lat' dir='ltr'><strong>xc)</strong></span> <span class='ocrx_word' id='word_1_644' title='bbox 2305 3288 2320 3326; x_wconf 88' lang='lat'><strong>:</strong></span> <span class='ocrx_word' id='word_1_645' title='bbox 2345 3285 2469 3326; x_wconf 91' lang='lat' dir='ltr'><strong>cum</strong></span> <span class='ocrx_word' id='word_1_646' title='bbox 2502 3270 2655 3340; x_wconf 90' lang='lat' dir='ltr'><strong>prius</strong></span> <span class='ocrx_word' id='word_1_647' title='bbox 2684 3270 2959 3326; x_wconf 90' lang='lat' dir='ltr'><strong>diceretur</strong></span> <span class='ocrx_word' id='word_1_648' title='bbox 2988 3288 3001 3324; x_wconf 88' lang='lat'><strong>:</strong></span> <span class='ocrx_word' id='word_1_649' title='bbox 3039 3269 3211 3325; x_wconf 73' lang='lat' dir='ltr'><strong>Multa</strong></span> <span class='ocrx_word' id='word_1_650' title='bbox 3237 3271 3449 3341; x_wconf 78' lang='lat' dir='ltr'><strong>ﬂagella</strong></span> <span class='ocrx_word' id='word_1_651' title='bbox 3486 3276 3781 3344; x_wconf 79' lang='lat' dir='ltr'><strong>peccatoris</strong></span> 
     </span>
    </p>
   </div>
   <div class='ocr_carea' id='block_1_93' title="bbox 2191 3358 2567 3434">
    <p class='ocr_par' dir='ltr' id='par_1_93' title="bbox 2191 3358 2567 3434">
     <span class='ocr_line' id='line_1_93' title="bbox 2191 3358 2567 3434; baseline 0 -19"><span class='ocrx_word' id='word_1_652' title='bbox 2191 3358 2365 3433; x_wconf 86' lang='lat' dir='ltr'><strong>(Psal.</strong></span> <span class='ocrx_word' id='word_1_653' title='bbox 2391 3361 2567 3434; x_wconf 63' lang='grc' dir='ltr'><strong>ιλιι).</strong></span> 
     </span>
    </p>
   </div>
   <div class='ocr_carea' id='block_1_94' title="bbox 2263 3473 3780 3551">
    <p class='ocr_par' dir='ltr' id='par_1_94' title="bbox 2263 3473 3780 3551">
     <span class='ocr_line' id='line_1_94' title="bbox 2263 3473 3780 3551; baseline 0.005 -23"><span class='ocrx_word' id='word_1_654' title='bbox 2263 3473 2480 3547; x_wconf 76' lang='grc' dir='ltr'><strong>(ΒΕυΑ.)</strong></span> <span class='ocrx_word' id='word_1_655' title='bbox 2507 3475 2693 3533; x_wconf 82' lang='lat' dir='ltr'><strong>Iesum</strong></span> <span class='ocrx_word' id='word_1_656' title='bbox 2716 3477 2942 3549; x_wconf 82' lang='lat' dir='ltr'><strong>ﬂagellis</strong></span> <span class='ocrx_word' id='word_1_657' title='bbox 2968 3494 3182 3533; x_wconf 60' lang='lat' dir='ltr'><strong>cursum.</strong></span> <span class='ocrx_word' id='word_1_658' title='bbox 3231 3476 3415 3534; x_wconf 70' lang='lat' dir='ltr'><strong>Caesus</strong></span> <span class='ocrx_word' id='word_1_659' title='bbox 3439 3486 3523 3534; x_wconf 83' lang='lat' dir='ltr'><strong>est</strong></span> <span class='ocrx_word' id='word_1_660' title='bbox 3555 3479 3626 3535; x_wconf 88' lang='lat' dir='ltr'><strong>ab</strong></span> <span class='ocrx_word' id='word_1_661' title='bbox 3656 3480 3780 3551; x_wconf 81' lang='lat' dir='ltr'><strong>ipso</strong></span> 
     </span>
    </p>
   </div>
   <div class='ocr_carea' id='block_1_95' title="bbox 2190 3565 3783 3641">
    <p class='ocr_par' dir='ltr' id='par_1_95' title="bbox 2190 3565 3783 3641">
     <span class='ocr_line' id='line_1_95' title="bbox 2190 3565 3783 3641; baseline 0.004 -19"><span class='ocrx_word' id='word_1_662' title='bbox 2190 3565 2387 3634; x_wconf 88' lang='lat' dir='ltr'><strong>Pilato,</strong></span> <span class='ocrx_word' id='word_1_663' title='bbox 2437 3568 2580 3631; x_wconf 83' lang='lat' dir='ltr'><strong>unde</strong></span> <span class='ocrx_word' id='word_1_664' title='bbox 2602 3568 2837 3626; x_wconf 84' lang='lat' dir='ltr'><strong>Joannes</strong></span> <span class='ocrx_word' id='word_1_665' title='bbox 2861 3585 2874 3624; x_wconf 91' lang='lat'><strong>:</strong></span> <span class='ocrx_word' id='word_1_666' title='bbox 2902 3569 3256 3641; x_wconf 81' lang='lat' dir='ltr'><strong>Apprehendit</strong></span> <span class='ocrx_word' id='word_1_667' title='bbox 3286 3567 3494 3627; x_wconf 83' lang='lat' dir='ltr'><strong>Pilatus</strong></span> <span class='ocrx_word' id='word_1_668' title='bbox 3519 3569 3709 3626; x_wconf 69' lang='lat' dir='ltr'><strong>Iesum</strong></span> <span class='ocrx_word' id='word_1_669' title='bbox 3730 3582 3783 3628; x_wconf 82' lang='lat' dir='ltr'><strong>et</strong></span> 
     </span>
    </p>
   </div>
   <div class='ocr_carea' id='block_1_96' title="bbox 2191 3658 3782 3734">
    <p class='ocr_par' dir='ltr' id='par_1_96' title="bbox 2191 3658 3782 3734">
     <span class='ocr_line' id='line_1_96' title="bbox 2191 3658 3782 3734; baseline 0.004 -21"><span class='ocrx_word' id='word_1_670' title='bbox 2191 3658 2474 3730; x_wconf 77' lang='lat' dir='ltr'><strong>ﬂagellauit</strong></span> <span class='ocrx_word' id='word_1_671' title='bbox 2504 3670 2606 3719; x_wconf 82' lang='lat' dir='ltr'><strong>:et</strong></span> <span class='ocrx_word' id='word_1_672' title='bbox 2645 3671 2768 3733; x_wconf 83' lang='lat' dir='ltr'><strong>post</strong></span> <span class='ocrx_word' id='word_1_673' title='bbox 2801 3660 3080 3732; x_wconf 82' lang='lat' dir='ltr'><strong>subjunxit</strong></span> <span class='ocrx_word' id='word_1_674' title='bbox 3108 3676 3123 3715; x_wconf 90' lang='lat'><strong>:</strong></span> <span class='ocrx_word' id='word_1_675' title='bbox 3158 3659 3227 3715; x_wconf 85' lang='lat' dir='ltr'><strong>Et</strong></span> <span class='ocrx_word' id='word_1_676' title='bbox 3270 3661 3462 3716; x_wconf 83' lang='lat' dir='ltr'><strong>milites</strong></span> <span class='ocrx_word' id='word_1_677' title='bbox 3497 3661 3782 3734; x_wconf 77' lang='lat' dir='ltr'><strong>plectentss</strong></span> 
     </span>
    </p>
   </div>
   <div class='ocr_carea' id='block_1_97' title="bbox 2190 3750 3781 3824">
    <p class='ocr_par' dir='ltr' id='par_1_97' title="bbox 2190 3750 3781 3824">
     <span class='ocr_line' id='line_1_97' title="bbox 2190 3750 3781 3824; baseline 0.004 -21"><span class='ocrx_word' id='word_1_678' title='bbox 2190 3765 2439 3805; x_wconf 83' lang='lat' dir='ltr'><strong>coronam</strong></span> <span class='ocrx_word' id='word_1_679' title='bbox 2461 3750 2524 3805; x_wconf 86' lang='lat' dir='ltr'><strong>de</strong></span> <span class='ocrx_word' id='word_1_680' title='bbox 2543 3752 2706 3822; x_wconf 85' lang='lat' dir='ltr'><strong>spinis</strong></span> <span class='ocrx_word' id='word_1_681' title='bbox 2738 3752 2921 3823; x_wconf 85' lang='lat' dir='ltr'><strong>(Ioan.</strong></span> <span class='ocrx_word' id='word_1_682' title='bbox 2948 3752 3086 3824; x_wconf 73' lang='lat' dir='ltr'><strong>xm),</strong></span> <span class='ocrx_word' id='word_1_683' title='bbox 3118 3760 3223 3808; x_wconf 83' lang='lat' dir='ltr'><strong>etc.</strong></span> <span class='ocrx_word' id='word_1_684' title='bbox 3265 3751 3332 3807; x_wconf 85' lang='lat' dir='ltr'><strong>Et</strong></span> <span class='ocrx_word' id='word_1_685' title='bbox 3366 3751 3627 3809; x_wconf 88' lang='lat' dir='ltr'><strong>militibus</strong></span> <span class='ocrx_word' id='word_1_686' title='bbox 3655 3754 3781 3809; x_wconf 87' lang='lat' dir='ltr'><strong>illu-</strong></span> 
     </span>
    </p>
   </div>
   <div class='ocr_carea' id='block_1_98' title="bbox 2192 3838 3783 3914">
    <p class='ocr_par' dir='ltr' id='par_1_98' title="bbox 2192 3838 3783 3914">
     <span class='ocr_line' id='line_1_98' title="bbox 2192 3838 3783 3914; baseline 0.004 -19"><span class='ocrx_word' id='word_1_687' title='bbox 2192 3838 2428 3895; x_wconf 89' lang='lat' dir='ltr'><strong>dendum</strong></span> <span class='ocrx_word' id='word_1_688' title='bbox 2476 3842 2728 3911; x_wconf 66' lang='lat' dir='ltr'><strong>prazbuit.</strong></span> <span class='ocrx_word' id='word_1_689' title='bbox 2776 3840 2930 3909; x_wconf 90' lang='lat' dir='ltr'><strong>Quod</strong></span> <span class='ocrx_word' id='word_1_690' title='bbox 2980 3842 3102 3897; x_wconf 88' lang='lat' dir='ltr'><strong>ideo</strong></span> <span class='ocrx_word' id='word_1_691' title='bbox 3146 3840 3293 3910; x_wconf 89' lang='lat' dir='ltr'><strong>fecit,</strong></span> <span class='ocrx_word' id='word_1_692' title='bbox 3338 3850 3400 3897; x_wconf 91' lang='lat' dir='ltr'><strong>ut</strong></span> <span class='ocrx_word' id='word_1_693' title='bbox 3443 3842 3563 3914; x_wconf 88' lang='lat' dir='ltr'><strong>ejus</strong></span> <span class='ocrx_word' id='word_1_694' title='bbox 3601 3846 3783 3913; x_wconf 60' lang='lat' dir='ltr'><strong>poenis</strong></span> 
     </span>
    </p>
   </div>
   <div class='ocr_carea' id='block_1_99' title="bbox 2190 3931 3778 4011">
    <p class='ocr_par' dir='ltr' id='par_1_99' title="bbox 2190 3931 3778 4011">
     <span class='ocr_line' id='line_1_99' title="bbox 2190 3931 3778 4011; baseline 0.005 -26"><span class='ocrx_word' id='word_1_695' title='bbox 2190 3938 2246 3985; x_wconf 89' lang='lat' dir='ltr'><strong>et</strong></span> <span class='ocrx_word' id='word_1_696' title='bbox 2275 3931 2584 4002; x_wconf 87' lang='lat' dir='ltr'><strong>opprobriis</strong></span> <span class='ocrx_word' id='word_1_697' title='bbox 2630 3935 2860 3990; x_wconf 89' lang='lat' dir='ltr'><strong>saturati</strong></span> <span class='ocrx_word' id='word_1_698' title='bbox 2912 3933 3052 3989; x_wconf 91' lang='lat' dir='ltr'><strong>ultra</strong></span> <span class='ocrx_word' id='word_1_699' title='bbox 3104 3942 3334 4011; x_wconf 77' lang='lat' dir='ltr'><strong>mortem</strong></span> <span class='ocrx_word' id='word_1_700' title='bbox 3384 3949 3492 3991; x_wconf 93' lang='lat' dir='ltr'><strong>non</strong></span> <span class='ocrx_word' id='word_1_701' title='bbox 3536 3935 3778 3993; x_wconf 87' lang='lat' dir='ltr'><strong>sitirent.</strong></span> 
     </span>
    </p>
   </div>
   <div class='ocr_carea' id='block_1_100' title="bbox 2263 4044 3777 4117">
    <p class='ocr_par' dir='ltr' id='par_1_100' title="bbox 2263 4044 3777 4117">
     <span class='ocr_line' id='line_1_100' title="bbox 2263 4044 3777 4117; baseline 0.003 -18"><span class='ocrx_word' id='word_1_702' title='bbox 2263 4045 2425 4100; x_wconf 77' lang='lat' dir='ltr'><strong>Vens.</strong></span> <span class='ocrx_word' id='word_1_703' title='bbox 2467 4045 2553 4101; x_wconf 85' lang='lat' dir='ltr'><strong>l7.</strong></span> <span class='ocrx_word' id='word_1_704' title='bbox 2580 4077 2651 4086; x_wconf 92' lang='lat'><strong><em>—</em></strong></span> <span class='ocrx_word' id='word_1_705' title='bbox 2681 4045 2749 4100; x_wconf 84' lang='lat' dir='ltr'><strong>Et</strong></span> <span class='ocrx_word' id='word_1_706' title='bbox 2792 4046 3035 4101; x_wconf 84' lang='lat' dir='ltr'><strong>induunt.</strong></span> <span class='ocrx_word' id='word_1_707' title='bbox 3097 4045 3308 4117; x_wconf 64' lang='grc' dir='ltr'><strong>(Βευλ.)</strong></span> <span class='ocrx_word' id='word_1_708' title='bbox 3348 4044 3636 4102; x_wconf 69' lang='lat' dir='ltr'><strong>Matthaaus</strong></span> <span class='ocrx_word' id='word_1_709' title='bbox 3666 4049 3777 4105; x_wconf 89' lang='lat' dir='ltr'><strong>ita:</strong></span> 
     </span>
    </p>
   </div>
   <div class='ocr_carea' id='block_1_101' title="bbox 2189 4132 3782 4207">
    <p class='ocr_par' dir='ltr' id='par_1_101' title="bbox 2189 4132 3782 4207">
     <span class='ocr_line' id='line_1_101' title="bbox 2189 4132 3782 4207; baseline 0.003 -20"><span class='ocrx_word' id='word_1_710' title='bbox 2189 4132 2261 4187; x_wconf 90' lang='lat' dir='ltr'><strong>Et</strong></span> <span class='ocrx_word' id='word_1_711' title='bbox 2290 4146 2535 4190; x_wconf 61' lang='lat' dir='ltr'><strong>eruentes</strong></span> <span class='ocrx_word' id='word_1_712' title='bbox 2557 4154 2696 4202; x_wconf 85' lang='lat' dir='ltr'><strong>eum,</strong></span> <span class='ocrx_word' id='word_1_713' title='bbox 2725 4135 3048 4207; x_wconf 82' lang='lat' dir='ltr'><strong>chlamydem</strong></span> <span class='ocrx_word' id='word_1_714' title='bbox 3076 4136 3372 4190; x_wconf 84' lang='lat' dir='ltr'><strong>coccineam</strong></span> <span class='ocrx_word' id='word_1_715' title='bbox 3413 4136 3782 4192; x_wconf 79' lang='lat' dir='ltr'><strong>circumdede-</strong></span> 
     </span>
    </p>
   </div>
   <div class='ocr_carea' id='block_1_102' title="bbox 2189 4225 3778 4297">
    <p class='ocr_par' dir='ltr' id='par_1_102' title="bbox 2189 4225 3778 4297">
     <span class='ocr_line' id='line_1_102' title="bbox 2189 4225 3778 4297; baseline 0.003 -20"><span class='ocrx_word' id='word_1_716' title='bbox 2189 4233 2313 4279; x_wconf 85' lang='lat' dir='ltr'><strong>runt</strong></span> <span class='ocrx_word' id='word_1_717' title='bbox 2361 4226 2409 4279; x_wconf 85' lang='lat' dir='ltr'><strong>ei</strong></span> <span class='ocrx_word' id='word_1_718' title='bbox 2452 4225 2647 4297; x_wconf 74' lang='lat' dir='ltr'><strong>(Marc.</strong></span> <span class='ocrx_word' id='word_1_719' title='bbox 2680 4228 2870 4292; x_wconf 75' lang='lat' dir='ltr'><strong>xxv&quot;).</strong></span> <span class='ocrx_word' id='word_1_720' title='bbox 2920 4226 3074 4294; x_wconf 84' lang='lat' dir='ltr'><strong>Quod</strong></span> <span class='ocrx_word' id='word_1_721' title='bbox 3124 4226 3267 4280; x_wconf 87' lang='lat' dir='ltr'><strong>idem</strong></span> <span class='ocrx_word' id='word_1_722' title='bbox 3318 4233 3421 4280; x_wconf 88' lang='lat' dir='ltr'><strong>est.</strong></span> <span class='ocrx_word' id='word_1_723' title='bbox 3474 4226 3581 4282; x_wconf 88' lang='lat' dir='ltr'><strong>Pro</strong></span> <span class='ocrx_word' id='word_1_724' title='bbox 3628 4230 3778 4297; x_wconf 71' lang='lat' dir='ltr'><strong>regis</strong></span> 
     </span>
    </p>
   </div>
   <div class='ocr_carea' id='block_1_103' title="bbox 2191 4316 3781 4387">
    <p class='ocr_par' dir='ltr' id='par_1_103' title="bbox 2191 4316 3781 4387">
     <span class='ocr_line' id='line_1_103' title="bbox 2191 4316 3781 4387; baseline 0.002 -16"><span class='ocrx_word' id='word_1_725' title='bbox 2191 4316 2335 4371; x_wconf 89' lang='lat' dir='ltr'><strong>enim</strong></span> <span class='ocrx_word' id='word_1_726' title='bbox 2374 4330 2614 4386; x_wconf 90' lang='lat' dir='ltr'><strong>purpura</strong></span> <span class='ocrx_word' id='word_1_727' title='bbox 2657 4319 2779 4372; x_wconf 89' lang='lat' dir='ltr'><strong>data</strong></span> <span class='ocrx_word' id='word_1_728' title='bbox 2826 4327 2931 4383; x_wconf 90' lang='lat' dir='ltr'><strong>est,</strong></span> <span class='ocrx_word' id='word_1_729' title='bbox 2966 4326 3099 4383; x_wconf 89' lang='lat' dir='ltr'><strong>etc.,</strong></span> <span class='ocrx_word' id='word_1_730' title='bbox 3138 4332 3301 4387; x_wconf 84' lang='lat' dir='ltr'><strong>usque</strong></span> <span class='ocrx_word' id='word_1_731' title='bbox 3333 4317 3402 4370; x_wconf 91' lang='lat' dir='ltr'><strong>ad</strong></span> <span class='ocrx_word' id='word_1_732' title='bbox 3425 4332 3664 4387; x_wconf 87' lang='lat' dir='ltr'><strong>purpura</strong></span> <span class='ocrx_word' id='word_1_733' title='bbox 3692 4319 3781 4374; x_wconf 90' lang='lat' dir='ltr'><strong>vel</strong></span> 
     </span>
    </p>
   </div>
   <div class='ocr_carea' id='block_1_104' title="bbox 2189 4407 3780 4482">
    <p class='ocr_par' dir='ltr' id='par_1_104' title="bbox 2189 4407 3780 4482">
     <span class='ocr_line' id='line_1_104' title="bbox 2189 4407 3780 4482; baseline 0.003 -21"><span class='ocrx_word' id='word_1_734' title='bbox 2189 4420 2353 4462; x_wconf 91' lang='lat' dir='ltr'><strong>cocco</strong></span> <span class='ocrx_word' id='word_1_735' title='bbox 2392 4407 2640 4472; x_wconf 90' lang='lat' dir='ltr'><strong>vestitur,</strong></span> <span class='ocrx_word' id='word_1_736' title='bbox 2672 4423 2794 4463; x_wconf 92' lang='lat' dir='ltr'><strong>cum</strong></span> <span class='ocrx_word' id='word_1_737' title='bbox 2841 4409 3112 4479; x_wconf 89' lang='lat' dir='ltr'><strong>triumpho</strong></span> <span class='ocrx_word' id='word_1_738' title='bbox 3160 4408 3519 4477; x_wconf 82' lang='lat' dir='ltr'><strong>gloriosorum</strong></span> <span class='ocrx_word' id='word_1_739' title='bbox 3569 4419 3780 4482; x_wconf 57' lang='lat' dir='ltr'><strong>martyo</strong></span> 
     </span>
    </p>
   </div>
   <div class='ocr_carea' id='block_1_105' title="bbox 2114 4494 2622 4568">
    <p class='ocr_par' dir='ltr' id='par_1_105' title="bbox 2114 4494 2622 4568">
     <span class='ocr_line' id='line_1_105' title="bbox 2114 4494 2622 4568; baseline -0.006 -13"><span class='ocrx_word' id='word_1_740' title='bbox 2114 4494 2166 4555; x_wconf 89' lang='lat' dir='ltr'><strong>D</strong></span> <span class='ocrx_word' id='word_1_741' title='bbox 2193 4512 2312 4551; x_wconf 90' lang='lat' dir='ltr'><strong>rum</strong></span> <span class='ocrx_word' id='word_1_742' title='bbox 2341 4497 2622 4568; x_wconf 89' lang='lat' dir='ltr'><strong>gloriatur.</strong></span> 
     </span>
    </p>
   </div>
   <div class='ocr_carea' id='block_1_106' title="bbox 2261 4611 3774 4688">
    <p class='ocr_par' dir='ltr' id='par_1_106' title="bbox 2261 4611 3774 4688">
     <span class='ocr_line' id='line_1_106' title="bbox 2261 4611 3774 4688; baseline 0.003 -22"><span class='ocrx_word' id='word_1_743' title='bbox 2261 4611 2426 4667; x_wconf 78' lang='lat' dir='ltr'><strong>Vens.</strong></span> <span class='ocrx_word' id='word_1_744' title='bbox 2476 4612 2562 4668; x_wconf 84' lang='lat' dir='ltr'><strong>l9.</strong></span> <span class='ocrx_word' id='word_1_745' title='bbox 2589 4641 2661 4653; x_wconf 92' lang='lat'><strong>-—</strong></span> <span class='ocrx_word' id='word_1_746' title='bbox 2687 4612 2753 4667; x_wconf 86' lang='lat' dir='ltr'><strong>Et</strong></span> <span class='ocrx_word' id='word_1_747' title='bbox 2783 4614 3158 4684; x_wconf 81' lang='lat' dir='ltr'><strong>percutiebant,</strong></span> <span class='ocrx_word' id='word_1_748' title='bbox 3197 4624 3302 4671; x_wconf 92' lang='lat' dir='ltr'><strong>etc.</strong></span> <span class='ocrx_word' id='word_1_749' title='bbox 3351 4615 3526 4688; x_wconf 88' lang='lat' dir='ltr'><strong>Caput</strong></span> <span class='ocrx_word' id='word_1_750' title='bbox 3567 4614 3774 4671; x_wconf 89' lang='lat' dir='ltr'><strong>Christi</strong></span> 
     </span>
    </p>
   </div>
   <div class='ocr_carea' id='block_1_107' title="bbox 2188 4706 3773 4784">
    <p class='ocr_par' dir='ltr' id='par_1_107' title="bbox 2188 4706 3773 4784">
     <span class='ocr_line' id='line_1_107' title="bbox 2188 4706 3773 4784; baseline 0.003 -22"><span class='ocrx_word' id='word_1_751' title='bbox 2188 4706 2331 4763; x_wconf 89' lang='lat' dir='ltr'><strong>Deus</strong></span> <span class='ocrx_word' id='word_1_752' title='bbox 2357 4716 2460 4764; x_wconf 88' lang='lat' dir='ltr'><strong>est.</strong></span> <span class='ocrx_word' id='word_1_753' title='bbox 2503 4707 2677 4780; x_wconf 85' lang='lat' dir='ltr'><strong>Caput</strong></span> <span class='ocrx_word' id='word_1_754' title='bbox 2724 4725 2855 4781; x_wconf 87' lang='lat' dir='ltr'><strong>ergo</strong></span> <span class='ocrx_word' id='word_1_755' title='bbox 2898 4709 3097 4766; x_wconf 89' lang='lat' dir='ltr'><strong>Christi</strong></span> <span class='ocrx_word' id='word_1_756' title='bbox 3149 4710 3456 4781; x_wconf 86' lang='lat' dir='ltr'><strong>percutiunt</strong></span> <span class='ocrx_word' id='word_1_757' title='bbox 3504 4713 3597 4784; x_wconf 89' lang='lat' dir='ltr'><strong>qui</strong></span> <span class='ocrx_word' id='word_1_758' title='bbox 3647 4728 3773 4768; x_wconf 90' lang='lat' dir='ltr'><strong>eum</strong></span> 
     </span>
    </p>
   </div>
   <div class='ocr_carea' id='block_1_108' title="bbox 2187 4799 3776 4873">
    <p class='ocr_par' dir='ltr' id='par_1_108' title="bbox 2187 4799 3776 4873">
     <span class='ocr_line' id='line_1_108' title="bbox 2187 4799 3776 4873; baseline 0.003 -18"><span class='ocrx_word' id='word_1_759' title='bbox 2187 4799 2459 4871; x_wconf 87' lang='lat' dir='ltr'><strong>denegant</strong></span> <span class='ocrx_word' id='word_1_760' title='bbox 2486 4815 2606 4856; x_wconf 89' lang='lat' dir='ltr'><strong>esse</strong></span> <span class='ocrx_word' id='word_1_761' title='bbox 2633 4801 2821 4857; x_wconf 91' lang='lat' dir='ltr'><strong>Deum.</strong></span> <span class='ocrx_word' id='word_1_762' title='bbox 2874 4802 2939 4857; x_wconf 90' lang='lat' dir='ltr'><strong>Et</strong></span> <span class='ocrx_word' id='word_1_763' title='bbox 2986 4802 3078 4873; x_wconf 90' lang='lat' dir='ltr'><strong>qui</strong></span> <span class='ocrx_word' id='word_1_764' title='bbox 3106 4803 3401 4872; x_wconf 65' lang='lat' dir='ltr'><strong>Scriptura:</strong></span> <span class='ocrx_word' id='word_1_765' title='bbox 3446 4805 3776 4860; x_wconf 87' lang='lat' dir='ltr'><strong>auctoritate</strong></span> 
     </span>
    </p>
   </div>
   <div class='ocr_carea' id='block_1_109' title="bbox 2186 4891 3774 4965">
    <p class='ocr_par' dir='ltr' id='par_1_109' title="bbox 2186 4891 3774 4965">
     <span class='ocr_line' id='line_1_109' title="bbox 2186 4891 3774 4965; baseline 0.003 -20"><span class='ocrx_word' id='word_1_766' title='bbox 2186 4906 2427 4946; x_wconf 90' lang='lat' dir='ltr'><strong>errorem</strong></span> <span class='ocrx_word' id='word_1_767' title='bbox 2472 4906 2627 4947; x_wconf 88' lang='lat' dir='ltr'><strong>suum</strong></span> <span class='ocrx_word' id='word_1_768' title='bbox 2664 4891 2958 4949; x_wconf 88' lang='lat' dir='ltr'><strong>defendunt</strong></span> <span class='ocrx_word' id='word_1_769' title='bbox 3003 4892 3150 4965; x_wconf 88' lang='lat' dir='ltr'><strong>(quia</strong></span> <span class='ocrx_word' id='word_1_770' title='bbox 3197 4895 3462 4964; x_wconf 89' lang='lat' dir='ltr'><strong>scriptura</strong></span> <span class='ocrx_word' id='word_1_771' title='bbox 3505 4891 3774 4950; x_wconf 81' lang='lat' dir='ltr'><strong>aritndine</strong></span> 
     </span>
    </p>
   </div>
   <div class='ocr_carea' id='block_1_110' title="bbox 2187 4981 3773 5055">
    <p class='ocr_par' dir='ltr' id='par_1_110' title="bbox 2187 4981 3773 5055">
     <span class='ocr_line' id='line_1_110' title="bbox 2187 4981 3773 5055; baseline 0.001 -18"><span class='ocrx_word' id='word_1_772' title='bbox 2187 4982 2325 5037; x_wconf 90' lang='lat' dir='ltr'><strong>solet</strong></span> <span class='ocrx_word' id='word_1_773' title='bbox 2349 4981 2517 5055; x_wconf 77' lang='lat' dir='ltr'><strong>fieri),</strong></span> <span class='ocrx_word' id='word_1_774' title='bbox 2546 4984 2701 5055; x_wconf 90' lang='lat' dir='ltr'><strong>quasi</strong></span> <span class='ocrx_word' id='word_1_775' title='bbox 2727 4984 2992 5040; x_wconf 90' lang='lat' dir='ltr'><strong>arundine</strong></span> <span class='ocrx_word' id='word_1_776' title='bbox 3017 4995 3181 5055; x_wconf 89' lang='lat' dir='ltr'><strong>caput</strong></span> <span class='ocrx_word' id='word_1_777' title='bbox 3209 4984 3326 5054; x_wconf 90' lang='lat' dir='ltr'><strong>ejus</strong></span> <span class='ocrx_word' id='word_1_778' title='bbox 3355 4983 3576 5041; x_wconf 87' lang='lat' dir='ltr'><strong>feriunt.</strong></span> <span class='ocrx_word' id='word_1_779' title='bbox 3601 4986 3659 5040; x_wconf 89' lang='lat' dir='ltr'><strong>In</strong></span> <span class='ocrx_word' id='word_1_780' title='bbox 3690 4985 3773 5040; x_wconf 80' lang='lat' dir='ltr'><strong>fa-</strong></span> 
     </span>
    </p>
   </div>
   <div class='ocr_carea' id='block_1_111' title="bbox 2185 5074 3772 5148">
    <p class='ocr_par' dir='ltr' id='par_1_111' title="bbox 2185 5074 3772 5148">
     <span class='ocr_line' id='line_1_111' title="bbox 2185 5074 3772 5148; baseline 0.001 -19"><span class='ocrx_word' id='word_1_781' title='bbox 2185 5074 2322 5129; x_wconf 90' lang='lat' dir='ltr'><strong>ciem</strong></span> <span class='ocrx_word' id='word_1_782' title='bbox 2374 5074 2492 5146; x_wconf 90' lang='lat' dir='ltr'><strong>ejus</strong></span> <span class='ocrx_word' id='word_1_783' title='bbox 2527 5085 2731 5147; x_wconf 86' lang='lat' dir='ltr'><strong>spuunt</strong></span> <span class='ocrx_word' id='word_1_784' title='bbox 2763 5076 2855 5147; x_wconf 92' lang='lat' dir='ltr'><strong>qui</strong></span> <span class='ocrx_word' id='word_1_785' title='bbox 2894 5078 3235 5148; x_wconf 67' lang='lat' dir='ltr'><strong>prmscntiam</strong></span> <span class='ocrx_word' id='word_1_786' title='bbox 3274 5076 3461 5147; x_wconf 82' lang='lat' dir='ltr'><strong>gratiae</strong></span> <span class='ocrx_word' id='word_1_787' title='bbox 3509 5076 3628 5145; x_wconf 92' lang='lat' dir='ltr'><strong>ejus</strong></span> <span class='ocrx_word' id='word_1_788' title='bbox 3675 5092 3772 5131; x_wconf 75' lang='lat' dir='ltr'><strong>ex-</strong></span> 
     </span>
    </p>
   </div>
   <div class='ocr_carea' id='block_1_112' title="bbox 2189 5165 3768 5222">
    <p class='ocr_par' dir='ltr' id='par_1_112' title="bbox 2189 5165 3768 5222">
     <span class='ocr_line' id='line_1_112' title="bbox 2189 5165 3768 5222; baseline 0.001 -4"><span class='ocrx_word' id='word_1_789' title='bbox 2189 5165 2471 5221; x_wconf 86' lang='lat' dir='ltr'><strong>secrandis</strong></span> <span class='ocrx_word' id='word_1_790' title='bbox 2506 5166 2686 5222; x_wconf 89' lang='lat' dir='ltr'><strong>verbis</strong></span> <span class='ocrx_word' id='word_1_791' title='bbox 2733 5182 2796 5221; x_wconf 82' lang='lat' dir='ltr'><strong>ex</strong></span> <span class='ocrx_word' id='word_1_792' title='bbox 2829 5167 3041 5221; x_wconf 88' lang='lat' dir='ltr'><strong>interna</strong></span> <span class='ocrx_word' id='word_1_793' title='bbox 3091 5181 3251 5221; x_wconf 65' lang='grc' dir='ltr'><strong>εποδε</strong></span> <span class='ocrx_word' id='word_1_794' title='bbox 3303 5166 3502 5219; x_wconf 87' lang='lat' dir='ltr'><strong>mentis</strong></span> <span class='ocrx_word' id='word_1_795' title='bbox 3552 5165 3768 5221; x_wconf 88' lang='lat' dir='ltr'><strong>insania</strong></span> 
     </span>
    </p>
   </div>
   <div class='ocr_carea' id='block_1_113' title="bbox 2180 5256 3765 5328">
    <p class='ocr_par' dir='ltr' id='par_1_113' title="bbox 2180 5256 3765 5328">
     <span class='ocr_line' id='line_1_113' title="bbox 2180 5256 3765 5328; baseline 0.001 -17"><span class='ocrx_word' id='word_1_796' title='bbox 2180 5257 2459 5328; x_wconf 83' lang='lat' dir='ltr'><strong>conceptis</strong></span> <span class='ocrx_word' id='word_1_797' title='bbox 2504 5265 2781 5328; x_wconf 88' lang='lat' dir='ltr'><strong>respuunt,</strong></span> <span class='ocrx_word' id='word_1_798' title='bbox 2834 5266 2891 5314; x_wconf 91' lang='lat' dir='ltr'><strong>et</strong></span> <span class='ocrx_word' id='word_1_799' title='bbox 2943 5272 3065 5314; x_wconf 90' lang='lat' dir='ltr'><strong>eum</strong></span> <span class='ocrx_word' id='word_1_800' title='bbox 3120 5257 3175 5312; x_wconf 91' lang='lat' dir='ltr'><strong>in</strong></span> <span class='ocrx_word' id='word_1_801' title='bbox 3222 5270 3386 5313; x_wconf 82' lang='lat' dir='ltr'><strong>carne</strong></span> <span class='ocrx_word' id='word_1_802' title='bbox 3422 5256 3643 5312; x_wconf 88' lang='lat' dir='ltr'><strong>venisse</strong></span> <span class='ocrx_word' id='word_1_803' title='bbox 3668 5271 3765 5312; x_wconf 85' lang='lat' dir='ltr'><strong>ne-</strong></span> 
     </span>
    </p>
   </div>
   <div class='ocr_carea' id='block_1_114' title="bbox 2184 5355 2335 5419">
    <p class='ocr_par' dir='ltr' id='par_1_114' title="bbox 2184 5355 2335 5419">
     <span class='ocr_line' id='line_1_114' title="bbox 2184 5355 2335 5419; baseline 0.007 -18"><span class='ocrx_word' id='word_1_804' title='bbox 2184 5355 2335 5419; x_wconf 81' lang='lat' dir='ltr'><strong>gant.</strong></span> 
     </span>
    </p>
   </div>
   <div class='ocr_carea' id='block_1_115' title="bbox 2251 5454 3762 5526">
    <p class='ocr_par' dir='ltr' id='par_1_115' title="bbox 2251 5454 3762 5526">
     <span class='ocr_line' id='line_1_115' title="bbox 2251 5454 3762 5526; baseline 0.001 -18"><span class='ocrx_word' id='word_1_805' title='bbox 2251 5455 2555 5511; x_wconf 79' lang='lat' dir='ltr'><strong>Adorabant</strong></span> <span class='ocrx_word' id='word_1_806' title='bbox 2605 5475 2742 5512; x_wconf 88' lang='lat' dir='ltr'><strong>eum.</strong></span> <span class='ocrx_word' id='word_1_807' title='bbox 2785 5457 2951 5526; x_wconf 86' lang='lat' dir='ltr'><strong>Quasi</strong></span> <span class='ocrx_word' id='word_1_808' title='bbox 3006 5456 3140 5512; x_wconf 86' lang='lat' dir='ltr'><strong>falso</strong></span> <span class='ocrx_word' id='word_1_809' title='bbox 3201 5472 3259 5512; x_wconf 90' lang='lat' dir='ltr'><strong>se</strong></span> <span class='ocrx_word' id='word_1_810' title='bbox 3295 5454 3523 5512; x_wconf 75' lang='lat' dir='ltr'><strong>dixisset</strong></span> <span class='ocrx_word' id='word_1_811' title='bbox 3569 5455 3762 5511; x_wconf 75' lang='lat' dir='ltr'><strong>Deum.</strong></span> 
     </span>
    </p>
   </div>
   <div class='ocr_carea' id='block_1_116' title="bbox 2184 5544 3763 5620">
    <p class='ocr_par' dir='ltr' id='par_1_116' title="bbox 2184 5544 3763 5620">
     <span class='ocr_line' id='line_1_116' title="bbox 2184 5544 3763 5620; baseline -0.001 -18"><span class='ocrx_word' id='word_1_812' title='bbox 2184 5545 2289 5602; x_wconf 88' lang='lat' dir='ltr'><strong>Sed</strong></span> <span class='ocrx_word' id='word_1_813' title='bbox 2332 5547 2494 5603; x_wconf 91' lang='lat' dir='ltr'><strong>hodie</strong></span> <span class='ocrx_word' id='word_1_814' title='bbox 2542 5549 2726 5619; x_wconf 87' lang='lat' dir='ltr'><strong>(quod</strong></span> <span class='ocrx_word' id='word_1_815' title='bbox 2780 5558 2862 5604; x_wconf 91' lang='lat' dir='ltr'><strong>est</strong></span> <span class='ocrx_word' id='word_1_816' title='bbox 2910 5548 3175 5620; x_wconf 88' lang='lat' dir='ltr'><strong>gravioris</strong></span> <span class='ocrx_word' id='word_1_817' title='bbox 3231 5544 3494 5618; x_wconf 68' lang='lat' dir='ltr'><strong>insaniae)</strong></span> <span class='ocrx_word' id='word_1_818' title='bbox 3542 5546 3763 5615; x_wconf 88' lang='lat' dir='ltr'><strong>quidam</strong></span> 
     </span>
    </p>
   </div>
   <div class='ocr_carea' id='block_1_117' title="bbox 2183 5637 3762 5708">
    <p class='ocr_par' dir='ltr' id='par_1_117' title="bbox 2183 5637 3762 5708">
     <span class='ocr_line' id='line_1_117' title="bbox 2183 5637 3762 5708; baseline -0.004 -13"><span class='ocrx_word' id='word_1_819' title='bbox 2183 5656 2306 5695; x_wconf 88' lang='lat' dir='ltr'><strong>eum</strong></span> <span class='ocrx_word' id='word_1_820' title='bbox 2347 5650 2497 5696; x_wconf 90' lang='lat' dir='ltr'><strong>certa</strong></span> <span class='ocrx_word' id='word_1_821' title='bbox 2545 5640 2650 5697; x_wconf 81' lang='lat' dir='ltr'><strong>ﬁde</strong></span> <span class='ocrx_word' id='word_1_822' title='bbox 2699 5650 2757 5697; x_wconf 92' lang='lat' dir='ltr'><strong>ut</strong></span> <span class='ocrx_word' id='word_1_823' title='bbox 2783 5641 2949 5698; x_wconf 90' lang='lat' dir='ltr'><strong>Deum</strong></span> <span class='ocrx_word' id='word_1_824' title='bbox 2999 5656 3186 5697; x_wconf 88' lang='lat' dir='ltr'><strong>verum</strong></span> <span class='ocrx_word' id='word_1_825' title='bbox 3216 5638 3462 5703; x_wconf 87' lang='lat' dir='ltr'><strong>adorant,</strong></span> <span class='ocrx_word' id='word_1_826' title='bbox 3491 5637 3590 5692; x_wconf 83' lang='lat' dir='ltr'><strong>sed</strong></span> <span class='ocrx_word' id='word_1_827' title='bbox 3635 5652 3762 5708; x_wconf 85' lang='lat' dir='ltr'><strong>per-</strong></span> 
     </span>
    </p>
   </div>
   <div class='ocr_carea' id='block_1_118' title="bbox 2184 5727 3765 5804">
    <p class='ocr_par' dir='ltr' id='par_1_118' title="bbox 2184 5727 3765 5804">
     <span class='ocr_line' id='line_1_118' title="bbox 2184 5727 3765 5804; baseline -0.005 -14"><span class='ocrx_word' id='word_1_828' title='bbox 2184 5733 2356 5790; x_wconf 87' lang='lat' dir='ltr'><strong>versis</strong></span> <span class='ocrx_word' id='word_1_829' title='bbox 2391 5733 2598 5788; x_wconf 86' lang='lat' dir='ltr'><strong>actibus</strong></span> <span class='ocrx_word' id='word_1_830' title='bbox 2627 5748 2749 5789; x_wconf 83' lang='lat' dir='ltr'><strong>mox</strong></span> <span class='ocrx_word' id='word_1_831' title='bbox 2778 5735 2939 5791; x_wconf 87' lang='lat' dir='ltr'><strong>verba</strong></span> <span class='ocrx_word' id='word_1_832' title='bbox 2978 5731 3094 5804; x_wconf 92' lang='lat' dir='ltr'><strong>ejus</strong></span> <span class='ocrx_word' id='word_1_833' title='bbox 3118 5732 3272 5803; x_wconf 89' lang='lat' dir='ltr'><strong>quasi</strong></span> <span class='ocrx_word' id='word_1_834' title='bbox 3302 5728 3545 5787; x_wconf 88' lang='lat' dir='ltr'><strong>fabulosa</strong></span> <span class='ocrx_word' id='word_1_835' title='bbox 3585 5727 3765 5801; x_wconf 76' lang='lat' dir='ltr'><strong>despi-</strong></span> 
     </span>
    </p>
   </div>
  </div>
