3960 6336
213 360 316 414 237

1197 348 1458 411 GLOSSA
1499 344 1893 406 ORDINARIA.
1933 376 2002 385 —-
2042 343 2294 401 EVA‘NG.
2335 343 2562 400 MARCI.

3365 338 3472 393 258

213 474 384 534 ciunt,
414 484 478 524 ac
501 467 766 540 promissa
815 465 964 538 regni
1016 464 1156 522 illius
1193 463 1574 537 temporalibus
1617 462 1794 517 illece-
1822 465 1868 521 Α
1898 459 2081 528 ﬁgitur
2122 460 2268 515 salus
2317 460 2371 514 in
2422 459 2582 530 ligno.
2651 455 2835 512 Primo
2881 457 3046 511 inﬁxa
3091 463 3176 512 est
3217 469 3366 511 mors
3420 455 3476 509 in

219 565 336 619 bris
363 567 710 632 postponunt.

287 653 357 706 Et
396 653 624 707 educunt
662 650 832 704 illum.
881 649 1088 720 (Hii-zu.)
1139 648 1242 703 llic
1274 648 1522 703 educitur
1565 644 1698 700 Abel
1740 645 1795 699 in

214 759 406 816 agrum
439 759 468 796 a
497 741 665 796 fratre
692 751 753 795 ut
789 741 1105 810 perimatur.
1145 740 1245 794 Hie
1286 741 1438 793 adest
1469 737 1637 801 Isaac,
1665 745 1794 798 etc.,

215 850 381 904 usque
409 833 476 886 ad
505 832 594 886 hic
631 830 784 885 adest
815 830 980 885 Jonas
1020 829 1087 884 de
1122 830 1268 901 ligno
1303 829 1460 884 navis
1491 826 1627 884 foris
1660 835 1716 883 et
1745 829 1800 881 in

216 927 370 978 mare
397 930 749 991 ventremque
777 922 882 975 ceti
912 920 1090 975 triduo
1118 921 1335 975 missus.

291 1015 457 1069 Vens.
490 1013 580 1066 20.
605 1043 675 1052 —
699 1009 765 1065 Ut
791 1011 1172 1081 cruciﬁgerent.
1209 1009 1416 1081 (Ηιειι.)
1457 1008 1579 1079 Ipsa
1621 1006 1800 1063 crucis

217 1106 429 1178 species
449 1103 577 1174 quid
603 1112 688 1158 est
722 1104 826 1158 nisi
862 1103 1036 1158 forma
1063 1102 1313 1170 quadrati
1353 1099 1572 1156 mundi?
1611 1097 1804 1154 Oriens

218 1201 290 1255 de
317 1199 519 1252 virtute
553 1195 742 1268 fulget,
780 1204 970 1250 arcton
1009 1195 1234 1249 dextera
1264 1201 1428 1256 tenet,
1455 1200 1640 1247 auster
1669 1190 1803 1245 laeva

220 1288 494 1351 consistit,
522 1287 775 1342 occidens
816 1286 915 1341 sub
945 1284 1145 1354 plantis
1181 1284 1448 1338 ﬁrmatur.
1481 1281 1634 1337 Unde
1662 1281 1804 1350 Apo-

221 1384 394 1439 stolus
419 1396 432 1434 :
457 1379 524 1434 Ut
546 1381 772 1434 sciamus
797 1395 914 1450 qua:
945 1380 1011 1432 sit
1042 1377 1284 1439 latitudo,
1307 1376 1600 1446 longitudo,
1637 1373 1804 1428 subli-

220 1477 382 1528 mitas
417 1483 464 1527 et
494 1471 813 1542 profundum
841 1469 1058 1540 (Ephes.
1087 1469 1191 1541 ιιι).
1222 1468 1364 1523 Aves
1398 1468 1451 1521 in
1481 1465 1652 1521 forma
1681 1480 1806 1519 cru-

221 1565 303 1619 cis
352 1562 419 1616 ad
466 1563 666 1615 aethera
715 1560 921 1624 volant,
973 1560 1135 1613 homo
1177 1557 1387 1620 adorat,
1445 1564 1496 1609 et
1550 1561 1702 1610 natat
1747 1553 1803 1607 in

222 1657 402 1710 forma
431 1653 632 1716 crucis,
667 1652 820 1706 navis
855 1665 956 1721 per
993 1649 1165 1703 maria
1201 1655 1432 1702 antenna
1472 1645 1624 1700 cruci
1664 1643 1804 1700 assi-

223 1746 412 1802 milata
438 1743 698 1800 suﬁlatur.
733 1742 847 1797 Tau
873 1741 1053 1797 littera
1085 1740 1298 1811 signum
1324 1737 1514 1794 salutis
1544 1745 1598 1792 et
1628 1737 1807 1792 crucis

222 1839 586 1894 demonstrat.

299 1929 462 1983 Vens.
496 1929 586 1982 2i.
615 1959 687 1968 -—
718 1927 789 1980 Et
819 1927 1247 1997 angariaverunt.
1294 1923 1507 1996 (ΒευΑ.)
1550 1924 1669 1994 Ipse
1703 1923 1809 1979 Do-

225 2023 410 2076 minus
451 2019 627 2090 primo
670 2031 888 2073 crucem
936 2014 1088 2070 suam
1117 2015 1372 2084 portavit,
1405 2014 1546 2069 sicut
1572 2011 1810 2069 Joannes

223 2111 360 2167 dicit
385 2124 401 2163 :
425 2109 555 2163 Post
590 2109 694 2164 iste
723 2106 933 2171 Simon,
963 2107 1028 2161 de
1057 2121 1164 2176 quo
1191 2113 1246 2160 et
1281 2105 1370 2159 alii
1393 2105 1598 2169 dicunt,
1628 2113 1685 2159 et
1710 2105 1813 2158 hoc

226 2203 366 2258 satis
407 2215 650 2270 congruo
676 2200 864 2254 ordine
896 2198 1162 2269 mysterii.
1190 2196 1429 2252 Christus
1469 2199 1606 2251 enim
1628 2213 1812 2266 passus

225 2311 326 2365 pro
356 2293 526 2357 nobis,
549 2291 689 2347 vobis
715 2290 1009 2360 relinquens
1032 2288 1322 2359 exemplum
1341 2297 1398 2342 ut
1414 2287 1703 2359 sequamini
1733 2302 1816 2341 ve-

227 2385 387 2455 stigia
417 2383 529 2453 ejus
559 2381 742 2451 (Joan.
767 2395 889 2445 xtx;
924 2380 952 2433 1
979 2378 1124 2433 Petr.
1159 2378 1241 2451 ιι).

305 2474 510 2546 (ηιειι.)
559 2474 746 2528 Simon
807 2474 900 2542 qui
943 2480 1123 2542 portat
1187 2485 1407 2526 crucem
1467 2469 1525 2524 in
1569 2470 1812 2540 angaria,

229 2567 328 2622 hic
356 2575 440 2622 est
471 2567 562 2636 qui
599 2565 808 2620 lahorat
836 2581 935 2636 pro
967 2565 1125 2619 laude
1150 2564 1406 2618 humana.
1453 2561 1666 2634 Cogunt
1692 2576 1816 2616 eum

233 2660 487 2715 homines
513 2657 638 2713 huic
673 2657 843 2713 labori
883 2671 1045 2727 quem
1085 2671 1193 2710 non
1221 2655 1365 2724 cogit
1390 2655 1553 2709 timor
1577 2653 1660 2708 vel
1689 2652 1820 2708 dile-

230 2752 348 2807 ctio
371 2750 486 2804 Dei.

310 2838 527 2893 Patrem
560 2839 869 2894 Alexandri.
923 2838 1129 2910 Magnae
1172 2837 1442 2908 opinionis
1489 2835 1676 2891 Simon
1718 2835 1819 2889 iste

225 2931 454 2986 videtur
492 2946 632 2997 esse,
664 2946 786 2986 cum
818 2940 873 2985 et
917 2930 1013 2983 ﬁlii
1045 2929 1160 2997 ejus
1205 2938 1463 2999 tanquam
1501 2927 1609 2982 noti
1641 2928 1816 2982 omni-

229 3026 342 3080 bus
379 3039 442 3078 ex
475 3024 688 3078 nomine
709 3023 1079 3093 designantur.

311 3118 522 3187 (Ηιειι.)
550 3117 654 3170 Alii
698 3131 797 3185 per
844 3116 1036 3170 merita
1082 3123 1294 3184 patrum
1341 3127 1559 3168 suorum
1589 3124 1822 3166 comme-

1897 551 2064 623 ligno.
2096 551 2323 622 Lignum
2355 551 2620 620 primum,
2657 548 2898 604 scientia:
2925 548 3052 602 boni
3091 556 3146 603 et
3182 546 3340 613 mali;
3383 562 3472 614 se-

1898 644 2132 699 cundum
2193 643 2321 698 boni
2385 651 2591 697 tantum
2638 649 2694 697 et
2733 642 2855 696 vitae
2907 641 3064 695 nobis
3112 641 3314 711 lignum
3369 649 3474 694 est.

1899 737 2158 792 Extensio
2204 736 2394 807 prima:
2437 750 2630 789 manus
2674 735 2740 787 ad
2779 734 2984 804 lignum
3024 741 3253 788 mortem
3286 747 3479 802 appre-
3555 801 3558 804 ῃ

1901 829 2125 896 hendit;
2165 829 2412 884 extensio
2449 827 2697 882 secundae
2723 826 2889 888 vitam
2919 841 3038 895 quae
3067 826 3301 896 perierat
3330 827 3477 880 inve-

1901 922 2001 975 nit.
2041 921 2211 991 Ligno
2237 921 2339 975 hoc
2363 920 2609 974 vehimur
2646 934 2743 988 per
2772 932 2925 971 mare
2955 917 3221 973 undosum
3265 916 3333 971 ad
3364 925 3476 972 ter-

1900 1027 2019 1066 ram
2042 1012 2357 1066 viventium.

1979 1101 2301 1176 Vestimenta
2319 1119 2436 1157 sua.
2467 1099 2679 1174 (ΒΕῡΑ.)
2707 1098 3109 1168 Quadripartita
3139 1096 3306 1152 vestis
3327 1097 3482 1152 Chri-

1903 1197 1975 1252 sti
2010 1195 2305 1251 secundum
2347 1208 2634 1248 numerum
2672 1191 2934 1253 militum,
2988 1189 3259 1260 signiﬁcat
3299 1188 3486 1243 Eccle-

1905 1288 2042 1342 siam
2073 1295 2307 1356 quatuor
2349 1285 2597 1356 partibus
2628 1284 2776 1339 orbis
2798 1281 3099 1352 aequaliter,
3129 1269 3184 1336 id
3233 1289 3318 1336 est
3355 1297 3485 1336 con-

1906 1379 2142 1434 corditer
2175 1377 2542 1432 distributam.

1979 1467 2185 1540 (Ηιειι.)
2222 1467 2556 1522 Vestimenta
2613 1465 2826 1521 Domini
2885 1465 3138 1522 mandata
3183 1472 3308 1519 sunt
3367 1465 3487 1534 qui-

1907 1559 2010 1613 bus
2049 1558 2248 1628 tegitur
2293 1571 2492 1627 corpus
2545 1557 2683 1627 ejus,
2731 1557 2876 1626 quod
2924 1565 3006 1612 est
3049 1557 3313 1621 Ecclesia,
3357 1556 3486 1626 quia

1908 1647 2221 1702 dividuntur
2270 1648 2412 1704 inter
2456 1648 2655 1703 milites
2708 1648 2946 1720 gentium
2990 1658 3050 1704 ut
3102 1650 3210 1704 sint
3257 1658 3490 1719 quatuor

1909 1739 2130 1794 ordines
2155 1755 2278 1794 cum
2307 1739 2378 1794 sit
2428 1755 2535 1794 una
2561 1739 2716 1804 ﬁdes,
2744 1741 2797 1795 id
2823 1751 2907 1796 est
2935 1740 3228 1813 conjugati,
3261 1742 3488 1806 viduati,

1835 1825 1884 1886 B
1911 1831 2208 1902 praepositi,
2249 1832 2506 1902 separati.
2547 1831 2734 1887 Sortiti
2775 1843 2902 1889 sunt
2937 1834 3171 1889 tunicam
3202 1835 3491 1890 indivisam

1909 1937 2030 1991 qua:
2086 1930 2169 1975 est
2214 1936 2320 1990 pax
2384 1930 2440 1976 et
2495 1923 2698 1978 veritas
2769 1924 2822 1978 in
2891 1924 3102 1980 cunctis
3149 1925 3203 1980 in
3269 1927 3492 1980 modum

1914 2012 2109 2082 regalis
2149 2013 2383 2067 amictus
2430 2013 2515 2069 vel
2561 2014 2766 2070 annuli.
2807 2014 3070 2070 Mittentes
3115 2026 3327 2071 sortem.
3364 2017 3490 2089 (In.)

1915 2103 2091 2175 Super
2121 2105 2383 2170 tunicam,
2423 2106 2630 2162 scilicet
2671 2121 2794 2176 qua:
2822 2115 2941 2162 erat
2985 2108 3342 2164 inconsutilis.
3394 2109 3496 2164 Hie

1915 2197 2126 2261 sortita,
2150 2207 2279 2262 etc.,
2305 2213 2466 2268 usque
2488 2198 2556 2251 ad
2580 2206 2636 2252 et
2663 2214 2781 2253 sors
2807 2198 2974 2255 solius
2999 2201 3093 2256 Dei
3114 2200 3319 2268 judicio
3347 2201 3499 2256 venit

1915 2287 2000 2343 vel
2025 2287 2194 2343 cedit.

1989 2377 2152 2434 Vsus.
2204 2379 2296 2433 25.
2323 2411 2393 2419 --
2421 2380 2554 2434 Erat
2601 2391 2775 2435 autem
2827 2383 2956 2437 hora
3007 2392 3102 2438 ter.
3135 2384 3340 2456 (Ηιειι.)
3383 2385 3498 2442 Hoc

1919 2469 2134 2538 proprie
2163 2468 2396 2535 Marcus,
2449 2487 2573 2525 nam
2613 2481 2764 2526 sexta
2810 2474 2945 2528 liora
2988 2475 3224 2530 tenebrae
3259 2475 3496 2533 suffude-

1923 2570 2050 2635 runt
2099 2570 2319 2627 terram,
2379 2572 2441 2616 ut
2489 2579 2596 2618 non
2639 2564 2760 2632 quis
2808 2578 2991 2634 posset
3045 2581 3260 2622 movere
3315 2579 3498 2638 caput.

1922 2655 1967 2706 A
2003 2654 2274 2710 tricesimo
2306 2672 2560 2727 namque,
2597 2670 2729 2724 etc.,
2766 2677 2928 2731 usque
2968 2662 3036 2714 ad
3075 2663 3166 2731 qui
3205 2665 3376 2734 magis
3416 2665 3502 2720 di-

1922 2744 2077 2798 cendi
2121 2754 2250 2800 sunt
2289 2762 2412 2802 eum
2458 2749 2795 2804 cruciﬁxisse
2833 2753 3080 2819 quamvis
3119 2754 3364 2808 nitantur
3398 2756 3501 2810 hoc

1923 2838 2283 2904 dissimulare,
2330 2856 2492 2910 quam
2541 2842 2738 2899 milites
2783 2845 2873 2914 qui
2922 2846 3216 2902 secundum
3266 2848 3501 2905 ofﬁcium

1923 2945 2079 2984 suum
2109 2932 2230 2986 duci
2261 2948 2360 2988 suo
2388 2949 2638 3003 paruere.

1996 3024 2160 3081 Vsus.
2212 3027 2304 3081 26.
2358 3060 2428 3068 —
2480 3029 2550 3082 Et
2603 3039 2714 3084 erat
2763 3031 2967 3086 titulus.
3025 3033 3246 3106 (BEDA.)
3296 3036 3508 3093 Titulus

1926 3117 2163 3170 ostendit
2185 3119 2329 3186 quod
2359 3133 2458 3173 nec
2482 3119 2778 3174 occidendo
2803 3129 3097 3191 potuerunt
3122 3123 3335 3180 efﬁcere
3363 3129 3509 3196 quod

230 3215 550 3271 morantur,
582 3206 670 3259 alii
720 3221 816 3275 per
851 3205 1044 3258 merita
1087 3204 1339 3258 ﬁliorum.
1389 3202 1486 3256 Hic
1527 3209 1707 3254 autem
1739 3198 1818 3253 Si-

1932 3221 2037 3261 non
2066 3215 2211 3262 esset
2234 3207 2314 3262 eis
2337 3224 2464 3274 rex;
2506 3210 2648 3264 unde
2673 3225 2687 3262 :
2714 3208 2827 3280 Ego
2854 3226 3026 3266 autem
3053 3216 3364 3269 constitutus
3379 3175 3506 3271 lsum

231 3316 398 3359 mon.
424 3306 553 3362 etc.,
569 3315 741 3373 usque
765 3297 834 3350 ad
859 3297 1037 3351 unde:
1062 3311 1160 3364 per
1184 3293 1472 3349 Jeremiam
1495 3293 1562 3346 ad
1584 3292 1826 3347 Judaaam

234 3395 449 3450 dicitur
473 3409 486 3444 :
514 3390 719 3445 Olivam
745 3391 975 3454 uberem,
997 3388 1291 3458 pulchram,
1317 3385 1671 3456 fructiferam,
1708 3399 1826 3453 spe-

235 3488 443 3542 ciosam
479 3485 674 3537 vocavit
694 3481 949 3535 Dominus
987 3497 1175 3534 nomen
1200 3489 1368 3532 tuum.

317 3578 484 3632 Vsus.
527 3575 618 3629 22.
669 3604 742 3614 —
793 3571 1054 3627 Calvarite
1109 3571 1272 3626 locus.
1329 3568 1539 3641 ("ll-3ft.)
1583 3567 1830 3622 Tradunt

234 3669 416 3726 Iudaei
441 3667 583 3739 quod
603 3668 658 3721 in
679 3668 783 3721 hoc
810 3664 928 3720 loco
953 3665 1149 3719 montis
1178 3663 1485 3717 immolatus
1501 3659 1666 3716 fuerit
1685 3660 1828 3714 aries

236 3777 348 3834 pro
397 3760 548 3815 Isaac
605 3757 758 3829 (Gen.
790 3761 949 3826 xxu),
1001 3765 1063 3809 ut
1099 3756 1170 3809 ibi
1221 3739 1531 3807 decalvetur
1557 3750 1825 3814 Christus,

238 3853 304 3910 id
328 3861 413 3907 est
438 3865 600 3906 carne
629 3865 748 3913 sua,
780 3848 986 3904 scilicet
1016 3847 1198 3902 Iudaea
1234 3844 1460 3908 carnali,
1494 3850 1795 3912 separetur.

320 3945 534 4017 (Βευιι.)
559 3944 722 3998 Extra
744 3951 956 4012 portam
985 3938 1379 3993 truncabantur
1404 3934 1580 4004 capita
1605 3933 1828 3987 damna-

239 4049 463 4102 torum,
521 4047 577 4090 et
623 4035 873 4090 calvaria:
935 4032 1315 4088 decollatorum
1380 4030 1498 4084 loca
1556 4029 1824 4084 dicuntur.

239 4128 376 4183 Ideo
421 4125 493 4180 ibi
538 4124 828 4180 cruciﬁxus
857 4123 1116 4178 Dominus
1165 4130 1223 4174 ut
1251 4120 1341 4174 ubi
1374 4127 1494 4173 erat
1521 4133 1642 4172 area
1677 4118 1828 4171 dam-

240 4227 528 4282 natorum,
561 4215 632 4271 ibi
684 4216 960 4286 erigantur
986 4211 1182 4267 vexilla
1222 4219 1540 4280 martyrum.
1606 4209 1673 4262 Et
1697 4223 1831 4277 quo-

245 4311 404 4367 niam
449 4325 546 4380 pro
587 4308 743 4364 nobis
791 4307 993 4361 factum
1039 4313 1122 4359 est
1168 4303 1508 4357 maledictum
1558 4300 1736 4355 crucis
1776 4306 1831 4352 et

243 4404 556 4476 ﬂagellatus
609 4410 665 4458 et
693 4401 984 4457 cruciﬁxus
1039 4413 1138 4468 pro
1187 4396 1359 4451 salute
1385 4394 1645 4458 omnium,
1677 4391 1830 4462 quasi

244 4495 450 4550 noxius
483 4495 622 4549 inter
654 4493 844 4549 noxios
873 4490 1040 4544 voluit
1064 4487 1327 4557 cruciligi.

325 4587 492 4640 Vens.
536 4585 626 4638 25.
653 4582 812 4636 —Et
841 4582 1057 4634 dabant.
1102 4578 1314 4648 (Βευλ.)
1364 4575 1662 4638 Μθῑῑιιαιιιε,
1712 4589 1830 4626 cum

248 4677 376 4749 felle
398 4677 608 4730 mistum
638 4673 850 4744 (Matth.
875 4672 1066 4740 xxvii),
1100 4669 1243 4740 quod
1271 4667 1411 4722 idem
1437 4675 1541 4721 est.
1570 4665 1663 4720 Fel
1686 4665 1830 4720 enim

247 4785 352 4841 pro
407 4767 771 4822 amaritudine
821 4765 1022 4836 posuit.
1077 4761 1410 4832 Myrrhatum
1458 4758 1603 4813 enim
1646 4757 1829 4810 vinum

250 4867 340 4914 est
367 4857 803 4919 amarissimum;
849 4869 1157 4925 quanquam
1196 4850 1311 4905 ﬁeri
1348 4848 1519 4920 possit
1552 4855 1614 4901 ut
1635 4855 1689 4903 et
1710 4845 1834 4900 felle

251 4959 310 5006 et
341 4949 563 5020 myrrha
595 4947 993 5002 amarissimum
1030 4945 1313 5000 redderent
1344 4943 1548 4996 vinum.

327 5042 536 5114 (Ηιειι.)
579 5041 645 5095 Et
667 5042 886 5110 dabant,
915 5048 1018 5095 etc.
1061 5038 1174 5095 Hoc
1221 5047 1374 5093 aceto
1424 5052 1614 5092 succus
1664 5035 1834 5091 letha-

249 5137 324 5191 Iis
349 5133 497 5206 pomi
527 5133 873 5204 abstergitur.
908 5131 975 5184 Et
1001 5149 1103 5185 non
1126 5129 1342 5200 accepit.
1388 5127 1444 5181 Id
1474 5142 1572 5197 pro
1603 5142 1709 5196 quo
1734 5141 1834 5196 pa-

257 5230 410 5283 titur.
454 5225 607 5282 Unde
647 5226 714 5281 de
753 5239 817 5280 eo
843 5242 857 5280 :
886 5222 1017 5290 Quw
1045 5240 1149 5277 non
1180 5221 1332 5291 rapui
1367 5231 1490 5274 tunc
1511 5218 1835 5274 exsolvebam

256 5316 436 5390 (Psal.
459 5316 670 5386 vam).

331 5411 404 5465 Et
452 5427 554 5464 non
601 5409 815 5478 accepit.
861 5406 1142 5461 Matthaeus
1190 5424 1203 5459 :

263 5503 430 5558 noluit
482 5503 669 5557 bibere.
730 5501 936 5557 lndicat
990 5500 1270 5555 Mattheus
1319 5499 1463 5568 quod
1520 5512 1619 5568 pro
1683 5496 1836 5551 nobis

263 5593 680 5649 amaritudinem
724 5591 915 5648 mortis
959 5591 1276 5662 gustaverit,
1314 5590 1408 5644 sed
1437 5589 1523 5644 die
1563 5587 1722 5642 tertia
1752 5600 1836 5639 rc-

265 5685 524 5741 surrexit.

347 5777 505 5831 Vens.
543 5775 634 5830 24.
681 5806 752 5817 —
791 5773 860 5830 Et
894 5775 1246 5847 cruciﬁgentes
1297 5791 1431 5830 eum.
1474 5771 1680 5844 (Ηιειι.)
1739 5769 1837 5826 llic

1853 4519 1910 4580 D

1254 5405 1322 5458 Et
1375 5420 1492 5457 cum
1543 5412 1830 5472 gustasset,
1879 5423 1888 5432 ι

1931 3312 2023 3350 rex
2046 3297 2111 3349 ab
2135 3313 2218 3362 eo,
2248 3307 2353 3352 etc.
2391 3299 2533 3353 Bene
2560 3299 2704 3353 enim
2735 3300 2894 3354 simul
2921 3311 3006 3356 est
3034 3318 3129 3357 rex
3159 3313 3211 3358 et
3239 3306 3501 3375 pontifex,

1929 3401 2052 3440 cum
2083 3388 2336 3442 eximiam
2362 3387 2508 3443 Patri
2551 3405 2663 3444 sua:
2704 3392 2885 3446 carnis
2924 3392 3156 3449 hostiam
3194 3395 3414 3452 oﬂ‘erret
3450 3398 3506 3452 in

1929 3477 2089 3532 altari
2131 3481 2334 3545 crucis,
2375 3488 2431 3536 et
2471 3482 2614 3551 regis
2653 3482 2970 3554 dignitatem
3017 3486 3171 3542 titulo
3209 3491 3510 3559 przetende-

1928 3576 2032 3633 ret,
2070 3576 2129 3623 ut
2171 3570 2383 3625 cunctis
2432 3572 2731 3651 insinuaret
2777 3574 2918 3643 quod
2956 3592 3053 3646 per
3082 3581 3260 3634 crucis
3287 3581 3504 3650 patibu-

1929 3660 2040 3714 lum
2072 3675 2176 3715 non
2203 3661 2520 3730 perdiderit,
2553 3664 2646 3718 sed
2676 3664 3082 3722 conﬁrmaverit
3128 3671 3432 3740 imperium.

2001 3749 2166 3806 Vens.
2201 3753 2290 3806 27.
2321 3785 2389 3792 —
2417 3752 2486 3807 Et
2513 3771 2630 3808 cum
2656 3773 2715 3809 eo
2745 3757 3076 3828 cruci/igunt.
3117 3761 3330 3836 (ΒΕῡΑ.)
3357 3765 3512 3822 Sicut

1929 3843 2061 3897 dicit
2102 3841 2426 3911 Apostolus:
2463 3841 2618 3898 Vetus
2648 3846 2800 3899 homo
2841 3859 3016 3902 noster
3054 3851 3212 3904 simul
3253 3869 3369 3906 cum
3415 3856 3508 3908 illo

1929 3933 2212 4001 cruciﬁxus
2255 3943 2329 3987 est
2371 3944 2425 3988 ut
2462 3935 2764 3990 destruatur
2804 3955 2989 4008 corpus
3025 3946 3241 4011 peccati,
3271 3955 3325 3999 ut
3365 3947 3508 4001 ultra

1931 4043 2034 4082 non
2075 4027 2373 4080 dominetur
2410 4044 2566 4093 super
2606 4046 2698 4082 nos
2740 4042 3028 4100 peccatum.
3084 4034 3330 4100 Quamliu
3380 4057 3510 4110 ergo

1931 4127 2096 4187 agunt
2149 4131 2311 4186 opera
2369 4125 2552 4171 nostra
2595 4127 2656 4172 ut
2697 4131 2988 4176 evacuetur
3037 4141 3234 4196 corpus
3279 4135 3507 4199 peccati,

1931 4208 2188 4277 quandiu,
2215 4216 2345 4274 etc.,
2375 4225 2536 4278 usque
2561 4210 2629 4263 ad
2655 4212 2794 4266 unde
2819 4212 3108 4281 Apostolus
3139 4236 3150 4269 :
3185 4216 3252 4271 Ut
3291 4220 3345 4274 in
3383 4222 3509 4276 cha-

1932 4302 2086 4355 ritate
2121 4301 2345 4354 radicati
2373 4310 2420 4355 et
2451 4300 2662 4369 fundati
2691 4304 2898 4370 possitis
2931 4309 3360 4376 comprehendere
3390 4329 3507 4366 cum

1933 4392 2170 4445 omnibus
2213 4395 2408 4446 sanctis
2451 4409 2568 4463 quw
2611 4394 2676 4449 sit
2723 4394 2966 4463 latitudo,
3007 4397 3296 4470 longitudo,
3349 4406 3513 4459 subli-

1934 4482 2087 4536 mitas
2133 4493 2182 4538 et
2223 4483 2541 4552 profundum
2585 4483 2825 4555 (Epltes.
2875 4503 2933 4540 ιιι
2963 4489 3002 4558 ).
3064 4490 3210 4546 Duos
3258 4493 3507 4550 latrones.

1935 4572 2059 4645 (11).)
2084 4573 2347 4630 Latrones
2370 4576 2460 4645 qui
2489 4592 2609 4630 cum
2633 4575 2859 4632 Domino
2883 4581 3127 4634 cruciﬁxi
3149 4593 3273 4636 sunt
3298 4586 3514 4655 signant

1935 4678 2030 4719 eos
2073 4663 2162 4734 qui
2203 4665 2306 4718 ﬁde
2336 4675 2390 4719 et
2433 4665 2772 4722 confessione
2817 4666 3038 4735 Christi,
3080 4671 3164 4725 vel
3206 4688 3376 4743 agone
3426 4677 3512 4731 sui

1935 4755 2202 4826 martyrii,
2247 4755 2330 4810 vel
2373 4757 2670 4825 quamlibet
2709 4766 2912 4812 arctam
2955 4762 3341 4821 continentiam
3379 4771 3509 4824 sub-

1937 4855 2083 4902 eunt.
2124 4847 2190 4902 Et
2231 4848 2322 4918 qui
2364 4848 2464 4903 hoc
2505 4864 2604 4918 pro
2633 4858 2835 4904 mterna
2883 4850 3051 4920 gloria
3087 4867 3300 4922 gerunt,
3331 4859 3509 4915 dextri

1935 4937 2160 4994 latronis
2205 4939 2399 4995 merito
2438 4947 2493 4994 et
2528 4939 2631 4994 ﬁde
2678 4941 2977 5010 signantur.
3028 4943 3128 5010 Qui
3181 4956 3358 5003 autem
3411 4965 3511 5020 pro

1936 5032 2169 5086 humana
2228 5032 2396 5104 gloria
2453 5032 2535 5086 vel
2587 5032 2825 5101 qualibet
2879 5034 3056 5089 minus
3117 5037 3273 5107 digna
3337 5041 3514 5097 inten-

1938 5123 2124 5188 tione,
2167 5123 2371 5177 sinistri
2418 5123 2641 5177 latronis
2689 5132 2923 5178 mentem
2967 5125 3208 5182 imitatur
3234 5139 3290 5184 et
3334 5142 3510 5188 actus.

2008 5212 2240 5286 (Ηιειι.)
2308 5213 2444 5270 Cum
2511 5215 2710 5284 iniquis
2770 5218 2969 5274 veritas
3027 5221 3276 5291 deputata
3343 5243 3510 5282 unum

1940 5305 2195 5374 relinquit
2247 5305 2543 5370 sinistrum,
2587 5306 2817 5361 alterum
2851 5311 3076 5365 assumit
3113 5314 3394 5381 dextrum;
3435 5318 3514 5372 sic

1939 5395 2100 5450 faciet
2149 5396 2202 5451 in
2246 5396 2334 5450 die
2375 5396 2594 5465 judicii,
2639 5413 2705 5452 ex
2754 5399 2913 5456 simili
2959 5403 3185 5458 crimine
3226 5406 3513 5462 dissimiles

1941 5487 2239 5542 sortiuntur
2282 5487 2416 5541 vias.
2484 5488 2635 5543 Alter
2689 5490 2946 5560 praecedit
2986 5492 3202 5548 Petrum
3248 5495 3300 5548 in
3356 5512 3514 5566 para-

1943 5581 2148 5645 disum,
2194 5580 2331 5635 alter
2357 5579 2549 5636 Judam
2601 5581 2663 5635 in
2727 5583 3012 5638 infernum.
3065 5584 3347 5640 Confessio
3384 5588 3514 5641 bre-

1945 5673 2026 5728 vis
2073 5672 2241 5726 vitam
2297 5671 2528 5740 acquirit
2586 5671 2836 5742 longam,
2891 5683 2947 5728 et
2995 5673 3322 5742 blasphemia
3364 5675 3513 5731 ﬁnita

1945 5781 2104 5837 pmna
2130 5764 2386 5836 plectitur
2414 5771 2636 5819 teter-na.
2684 5763 2782 5819 ilic
2806 5765 2981 5835 pullus
3021 5763 3171 5819 Judae
3213 5765 3410 5836 ligatur
3448 5770 3513 5824 ad
