3960 6336
538 397 645 452 ⁸259

1036 389 1427 446 WALAFRIDI
1468 389 1712 445 STRABI
1752 390 1951 445 FULD.
1997 386 2112 440 Mt):

2229 387 2568 454 ll’PJ’ARS
2609 387 2646 442 Ι.
2688 419 2752 427 -
2793 386 3246 444 THEOLOGICA.

3679 386 3776 458 240

537 510 698 563 vitem
725 507 1039 569 ἀναϐὀλαισν,
1064 503 1116 558 id
1145 513 1247 569 est,
1273 503 1489 574 pallium
1521 503 1742 574 tingitur
1770 504 1821 558 in
1853 503 2111 573 sanguine
2141 505 2185 562 Α
2219 501 2355 557 Deus
2406 503 2565 576 (Ibid.
2600 503 2730 575 ινι),
2776 514 2824 557 et
2868 505 2921 558 in
2959 506 3119 568 omni,
3156 511 3262 557 etc.
3287 516 3304 568 ς
3329 511 3382 556 et
3420 502 3472 556 in
3502 502 3779 574 Evangelia

534 619 671 665 mm,
707 602 795 656 hic
825 601 1061 654 lacerant
1092 597 1228 652 hmdi
1261 597 1494 651 vincam.

612 695 775 747 Vens.
806 692 894 746 29.
923 719 994 729 —
1038 687 1299 742 Moventes
1347 689 1537 756 capita.
1592 687 1796 758 ("ll-SB.)
1842 686 2116 741 Emittitur

529 797 689 836 mors
721 780 1023 848 iniquorum
1069 776 1286 845 quando
1329 775 1636 829 excitantur
1678 775 1887 830 vincula
1920 773 2113 828 inferni

535 886 705 941 usque
753 871 818 923 ad
863 868 1169 932 cervicem,
1223 880 1342 936 qute
1394 874 1476 921 est
1530 867 1712 920 cervix
1757 864 1974 920 humani
2024 879 2115 934 ge-

531 963 703 1016 neris.
1705 970 1715 979 ’

609 1051 766 1104 Vens.
795 1050 884 1104 51.
911 1079 980 1088 -—-
1021 1047 1162 1101 Alios
1190 1046 1378 1101 salvos.
1413 1045 1618 1118 (Πιειι.)
1650 1046 1824 1100 Etiam
1873 1043 2115 1098 nolentes

523 1141 860 1197 conﬁtentur
907 1138 1051 1208 quod
1093 1137 1226 1192 alios
1273 1135 1404 1192 fecit
1454 1136 1651 1201 salvos,
1700 1144 1754 1190 et
1807 1151 1865 1190 se
1895 1134 2110 1204 propria

537 1236 798 1290 damnant
841 1230 1145 1295 sententia,
1189 1229 1316 1300 quia
1358 1228 1492 1284 alios
1533 1227 1708 1284 salvos
1739 1226 1862 1282 fecit
1895 1234 1948 1281 et
1978 1240 2037 1281 se
2065 1226 2112 1281 si

534 1323 694 1378 vellet
726 1321 934 1376 salvare
959 1326 1190 1389 poterat.

609 1414 772 1468 Vens.
801 1407 1281 1465 52.—Descendat
1312 1423 1467 1460 nunc.
1509 1405 1635 1461 Plus
1661 1413 1745 1461 est
1773 1405 1838 1460 de
1866 1402 2110 1475 sepulcro

536 1518 781 1574 surgere,
811 1509 865 1557 et
890 1509 1071 1555 tamen
1105 1513 1209 1553 non
1238 1497 1605 1553 crediderunt.
1637 1495 1711 1549 Hi
1740 1512 1914 1549 omnes
1953 1493 2111 1548 decli-

520 1605 806 1660 naverunt,
840 1593 995 1649 simul
1029 1591 1238 1647 inutiles
1269 1591 1398 1660 facti
1431 1601 1552 1645 sunt
1579 1588 1753 1660 (Psal.
1793 1589 1932 1661 xm).

605 1690 671 1744 Et
712 1691 800 1761 qui
841 1705 957 1743 cum
1003 1703 1083 1742 eo.
1115 1686 1326 1758 (Βεωι.)
1371 1686 1678 1741 Secundum
1705 1685 1907 1741 Lucam
1954 1684 2107 1755 (Luc.

531 1780 690 1851 xxtn)
740 1795 880 1835 unus
927 1779 1066 1833 latro
1119 1777 1529 1846 blasphemabat
1575 1777 1809 1832 dicens:
1871 1777 1929 1832 Si
1969 1787 2025 1831 tu
2057 1794 2110 1832 es

2188 595 2402 662 prius:
2439 595 2505 648 In
2546 596 2680 650 viam
2719 596 2947 666 gentium
2987 611 3049 647 ne
3085 593 3314 646 abieritis
3337 591 3552 663 (Matth.
3587 592 3658 663 x).
3685 611 3699 658 ;
3731 603 3780 648 et

2216 694 2337 754 post
2379 687 2683 755 passionem
2715 703 2728 738 :
2760 685 2863 751 Ite,
2904 695 2953 739 et
2999 685 3178 738 docete
3204 700 3381 737 omnes
3423 693 3597 753 gentes
3622 683 3778 753 (Ibid.

2217 775 2434 845 xxvm).

2287 866 2451 924 Vens.
2489 867 2574 922 59.
2598 898 2667 908 ——
2703 867 2894 922 Videas
2919 877 3114 933 autem,
3144 875 3249 921 etc.
3279 863 3592 920 Ostenditur
3619 881 3781 936 quare

2218 961 2464 1014 centurio
2495 960 2740 1024 miratur,
2772 960 2895 1029 quia
2933 958 3067 1012 vidit
3095 973 3217 1012 eum
3251 958 3329 1012 sic
3358 958 3686 1027 exspirasse,
3734 957 3782 1011 id

2215 1060 2298 1106 est
2351 1051 2598 1121 spiritum
2637 1051 2899 1106 emisisse.
2940 1049 3128 1104 Nullus
3164 1051 3306 1103 enim
3359 1050 3520 1103 habet
3552 1056 3780 1121 potesta-

2215 1150 2324 1198 tem
2355 1142 2633 1197 emittendi
2667 1142 2939 1212 spiritum,
2971 1140 3074 1195 nisi
3115 1141 3362 1195 conditor
3389 1139 3717 1194 animarum.

2296 1233 2449 1299 Vere,
2494 1241 2600 1288 etc.
2637 1233 2844 1303 (H1en.)
2892 1232 3026 1286 Nota
3059 1232 3201 1301 quod
3234 1231 3477 1285 centurio
3506 1241 3631 1284 ante
3659 1246 3783 1284 cru-

2214 1339 2330 1380 cem
2385 1324 2438 1378 in
2489 1323 2605 1392 ipso
2649 1323 2904 1378 seandalo
2953 1321 3219 1391 passionis
3277 1335 3400 1376 vere
3447 1319 3640 1374 Filium
3692 1318 3782 1374 Dei

2215 1413 2504 1469 conﬁtetur
2529 1432 2542 1466 :
2567 1421 2622 1468 et
2642 1412 2822 1478 Arius,
2851 1420 2984 1476 etc.,
3032 1427 3194 1482 usque
3235 1411 3304 1464 ad
3345 1419 3399 1465 et
3421 1424 3550 1466 vere
3592 1409 3783 1464 Filium

2213 1506 2309 1563 Dei
2341 1506 2620 1577 Synagoga
2654 1513 2867 1558 tacente
2892 1501 3196 1557 conﬁrmat.

2284 1600 2448 1654 Vens.
2477 1597 2566 1651 40.
2588 1627 2660 1638 -
2685 1596 2852 1649 Erant
2889 1603 3080 1648 autem.
3139 1591 3260 1663 (ln.)
3287 1591 3440 1646 Sicut
3467 1606 3573 1646 non
3601 1588 3784 1644 exclu-

2214 1689 2359 1745 ditur
2400 1686 2679 1742 muliebris
2726 1699 2891 1740 sexus
2937 1699 2965 1737 a
3008 1682 3179 1738 salute
3226 1697 3324 1752 per
3364 1681 3584 1736 Mariam
3625 1680 3762 1750 virgi

2215 1798 2378 1837 nem:
2417 1781 2489 1835 ita
2518 1795 2626 1834 non
2666 1777 2944 1847 repellitur
2990 1791 3020 1829 a
3048 1774 3306 1845 mysterio
3342 1773 3518 1828 crucis
3548 1772 3787 1828 scientia

463 1885 470 1890 '
527 1847 791 1938 Christus,
820 1871 1020 1926 salvum
1055 1870 1140 1940 [ac
1171 1879 1220 1924 te
1253 1878 1301 1923 et
1343 1886 1456 1923 nos.
1490 1868 1661 1934 Alter,
1695 1878 1828 1936 etc.,
1852 1888 2013 1941 usque
2039 1871 2110 1924 ad
2138 1847 2184 1907 Β
2212 1882 2266 1927 et
2315 1869 2726 1926 resurrectionis
2765 1882 2862 1938 per
2908 1865 3125 1920 viduam
3164 1863 3390 1920 Mariam
3420 1861 3786 1950 Magdalenam

530 1966 622 2035 qui
657 1963 899 2020 cmiestia
933 1969 1144 2032 petunt,
1192 1961 1261 2016 ad
1298 1975 1363 2016 ea
1404 1961 1523 2016 sine
1553 1960 1717 2016 dubio
1741 1961 1960 2018 Christo
1999 1977 2111 2018 me-

528 2057 712 2112 diante
746 2063 800 2111 et
827 2054 1122 2108 miserante
1149 2051 1489 2122 perveniunt.

605 2147 770 2201 Vens.
799 2144 889 2198 55.
914 2175 983 2183 -
1006 2142 1076 2196 Et
1117 2142 1258 2212 facta
1293 2143 1424 2196 liora
1460 2152 1626 2199 sexta.
1663 2143 1876 2215 (Βερλ.)
1909 2143 2111 2199 Notan-

532 2239 662 2294 dum
693 2237 838 2306 quod
866 2237 999 2291 hora
1028 2245 1199 2300 sexta,
1232 2234 1282 2290 id
1306 2242 1389 2290 est
1414 2236 1526 2291 sole
1558 2212 1842 2292 recessuro
1870 2252 1900 2291 a
1926 2247 2112 2293 centro

529 2326 740 2394 mundi,
777 2325 1068 2382 cruciﬁxus
1103 2325 1195 2390 sit,
1231 2332 1286 2379 et
1313 2325 1577 2392 diluculo,
1622 2327 1831 2383 oriente
1877 2327 1990 2384 sole
2024 2345 2112 2384 re-

532 2417 788 2482 surrexit,
819 2423 948 2479 ctc.,
982 2430 1144 2485 usque
1180 2414 1250 2468 ad
1291 2422 1346 2470 et
1385 2431 1489 2486 qua
1533 2418 1663 2472 hora
1701 2418 1908 2487 primus
1939 2417 2110 2474 Adam

529 2507 806 2578 peccando
858 2506 1059 2560 mundo
1093 2513 1325 2561 mortem
1372 2505 1572 2572 intulit,
1619 2507 1809 2563 eadem
1840 2509 1974 2564 hora
2022 2522 2111 2563 se-

532 2599 740 2655 cundus
763 2597 935 2652 Adam
965 2605 1194 2652 mortem
1223 2595 1501 2653 moriendo
1533 2597 1860 2654 destrueret.

607 2686 870 2742 Tenebrae.
921 2683 1128 2757 (litem)
1187 2685 1286 2742 llic
1330 2687 1487 2743 adest
1531 2686 1645 2762 Noe
1691 2688 1986 2744 inebriatus
2046 2701 2110 2742 ac

535 2779 768 2832 nudatus
807 2774 948 2830 cmlo
991 2790 1056 2830 ac
1096 2782 1243 2830 terra
1287 2775 1503 2832 ebrioso
1539 2776 1699 2848 pallio
1729 2785 1920 2844 tectus,
1953 2785 2007 2833 et
2044 2777 2111 2834 ab

530 2867 750 2922 homine
777 2865 967 2920 irrisus
995 2864 1084 2920 hic
1113 2863 1333 2919 stillavit
1357 2865 1424 2920 de
1449 2864 1595 2935 ligno
1623 2867 1863 2936 sanguis.

603 2956 765 3011 Vens.
797 2955 887 3010 55.
915 2983 986 2996 -
1011 2953 1082 3008 Ει
1117 2954 1354 3024 quidam,
1387 2962 1495 3010 etc.
1545 2954 1659 3010 Non
1691 2971 1896 3012 omnes.
1930 2954 2112 3012 Forsi-

532 3057 626 3102 tan
660 3046 857 3101 milites
888 3044 1120 3100 Romani
1165 3058 1274 3099 non
1326 3043 1684 3116 intelligentes
1723 3045 2111 3116 proprietatem

511 3139 745 3196 ~llebrazi
791 3137 1077 3202 sermonis,
1104 3151 1171 3191 cx
1201 3151 1266 3192 eo
1301 3137 1444 3207 quod
1490 3138 1686 3194 dicitur
1713 3139 1849 3204 Eloi,
1883 3149 2107 3208 putave-

535 3239 660 3285 runt
690 3230 862 3285 Eliam
891 3230 959 3284 ab
989 3243 1053 3284 eo
1085 3227 1292 3282 vocari.
1335 3225 1429 3282 Vel
1463 3225 1630 3283 Judaei
1669 3228 1826 3285 solito
1851 3229 1952 3283 sibi
1992 3242 2109 3283 ser-

532 3335 695 3376 mone
721 3320 885 3375 verba
909 3317 1129 3373 Domini
1163 3317 1538 3388 depravantes,
1571 3319 1953 3375 imbecillitatis
1981 3317 2116 3374 infa-

520 3409 760 3465 mabant
789 3424 911 3464 eum
939 3408 1080 3478 quod
1107 3407 1236 3464 Elia:
1261 3419 1480 3464 voearet
1509 3409 1790 3464 auxilium.

608 3500 773 3555 Vens.
805 3498 894 3554 56.
920 3529 986 3538 -
1009 3497 1238 3552 Currens
1266 3509 1462 3563 autem,
1502 3501 1622 3554 etc.’
1641 3500 1854 3571 (Βεωι.)
1882 3500 2116 3557 Joannes

542 3593 754 3665 plenius
795 3591 924 3646 dicit
956 3589 1194 3643 :Postea
1229 3589 1394 3643 sciens
1425 3589 1600 3652 Jesus,
1631 3600 1734 3645 etc.
1765 3591 1927 3657 Quasi
1960 3610 1972 3646 :
2002 3592 2116 3648 Hoc

543 3686 722 3739 minus
769 3682 990 3746 fecistis,
1035 3682 1157 3735 date
1205 3681 1349 3750 quod
1395 3681 1546 3736 estis.
1595 3682 1762 3737 Erant
1787 3685 1950 3749 enim,
1985 3689 2152 3750 ete.,'

516 3791 705 3846 .iusque
742 3772 810 3827 ad
841 3771 905 3827 de
939 3785 1046 3841 quo
1076 3787 1088 3821 :
1117 3769 1372 3824 Dominus
1394 3771 1642 3841 plantavit
1667 3773 1866 3828 tineam
1891 3773 2115 3831 Soreth:

541 3877 588 3921 et
655 3861 911 3934 quomodo
974 3877 1220 3914 conversa
1287 3877 1340 3914 es
1414 3861 1468 3915 in
1522 3863 1924 3919 amaritudinem
1999 3867 2115 3921 vitis

541 3955 770 4011 cliente:
810 3963 857 4007 et
886 3950 1175 4023 exspectari
1209 3959 1263 4004 ut
1305 3950 1500 4022 faceres
1542 3970 1687 4018 uvas,
1731 3964 1778 4007 et
1801 3954 1970 4024 fecisti
2010 3957 2117 4026 spi-

520 4063 638 4101 nas
665 4045 798 4116 (Isa.
824 4043 900 4112 v).

593 4135 777 4190 'Vens.
814 4136 900 4190 57.
927 4166 995 4176 ——
1015 4136 1169 4191 Jesus
1195 4145 1388 4201 autem,
1418 4144 1520 4192 etc.
1554 4136 1766 4208 (ΒεοΑ.)
1800 4139 1942 4207 Quid
1968 4142 2114 4198 dixe-

517 4228 614 4282 ‘rit
637 4227 812 4294 Lucas
860 4225 1071 4297 aperit:
1117 4225 1299 4288 Pater,
1332 4227 1386 4280 in
1423 4243 1608 4282 manus
1653 4237 1769 4282 tuas
1815 4233 2114 4286 commendo

545 4321 785 4390 spiritum
814 4336 981 4373 nteant
1004 4335 1024 4384 ;
1057 4328 1106 4372 et
1135 4318 1230 4371 hoc
1253 4316 1427 4372 dicens
1456 4321 1734 4390 exspiravit
1758 4321 1907 4390 (Luc.
1933 4323 2110 4393 xxttt).

545 4409 696 4476 Quod
726 4418 904 4463 autem
934 4409 1063 4464 dicit
1097 4408 1334 4464 Joannes
1367 4400 1381 4462 ἑ
1407 4409 1536 4464 Cum
1583 4413 1857 4483 accepisset
1890 4429 2114 4482 acetum,

543 4502 676 4556 dixit
703 4499 1166 4556 :Consummatum
1195 4510 1271 4555 est
1303 4515 1321 4554 :
1345 4510 1391 4554 et
1426 4501 1673 4555 inclinato
1701 4505 1866 4574 capite
1896 4506 2112 4560 tradidit

535 4592 774 4661 spiritum
817 4588 997 4661 (Joan.
1028 4589 1162 4661 xix).
1209 4589 1354 4645 Inter
1393 4591 1495 4645 hoc
1529 4592 1671 4661 quod
1703 4594 1778 4648 ait
1811 4612 1824 4648 :
1854 4594 2113 4649 Consum-

544 4693 742 4734 matum
771 4688 865 4745 est,
893 4687 946 4735 et
979 4678 1108 4734 illud
1133 4697 1146 4732 :
1178 4679 1425 4734 inclinato
1454 4681 1619 4750 capite
1648 4683 1814 4736 emisit
1847 4685 2110 4754 spiritum,

519 4772 736 4826 :emissa
785 4779 868 4825 est
917 4785 1019 4824 vox
1066 4768 1154 4824 illa
1201 4784 1412 4842 magna,
1465 4786 1626 4841 quam
1663 4771 1897 4829 Joannes
1946 4784 2106 4842 tacet,

515 4861 720 4917 aemteri
750 4868 1176 4916 commemorant
1201 4884 1212 4913 ;
1240 4859 1307 4914 In
1330 4878 1514 4917 manus
1547 4872 1687 4927 tuas,
1715 4872 1820 4918 etc.

611 4950 815 5024 (litem)
847 4950 1121 5005 Infirmata
1152 4951 1348 5006 etenim
1379 4967 1540 5007 carne
1569 4968 1691 5007 mox
1721 4953 1894 5008 virtus
1925 4953 2105 5008 divina

519 5040 765 5094 ‘iuvaluit
815 5053 933 5108 qua:
983 5039 1114 5094 dicit
1159 5053 1175 5093 :
1222 5041 1428 5109 Aperite
1479 5042 1606 5094 mihi
1660 5053 1834 5112 portas
1883 5041 2110 5111 ju'stitia:

540 5131 711 5201 (Psal.
741 5130 930 5203 cxvn),
961 5142 1067 5187 etc.
1116 5131 1222 5188 Nos
1265 5142 1442 5188 autem
1493 5149 1616 5189 cum
1662 5133 1827 5200 nulla,
1879 5133 1962 5188 vel
2004 5149 2108 5189 una

538 5239 670 5279 voce
712 5223 973 5279 morimur
1013 5224 1101 5294 qui
1148 5225 1213 5278 de
1245 5233 1385 5279 terra
1417 5240 1633 5290 sumus;
1688 5225 1773 5278 ille
1810 5226 1952 5279 enim
1987 5242 2108 5280 eum

540 5316 772 5370 exaltata
803 5329 934 5370 voce
963 5314 1262 5384 exspiravit
1290 5314 1380 5384 qui
1409 5313 1473 5368 de
1499 5313 1635 5369 coelo
1667 5314 1962 5370 descendit.

613 5406 774 5461 Vens.
821 5405 1002 5462 58.-
1039 5405 1102 5459 Et
1152 5405 1316 5461 velum
1367 5405 1558 5474 templi.
1605 5405 1673 5461 Ut
1721 5420 1901 5460 arcam
1945 5413 2107 5460 testa-

538 5500 725 5564 menti,
769 5508 824 5554 et
851 5500 1029 5555 omnia
1072 5499 1204 5569 legis
1241 5506 1577 5554 sacramenta
1626 5514 1745 5568 qua:
1790 5499 2108 5568 tegebantur

536 5601 855 5662 appareant,
885 5601 940 5646 et
967 5591 1035 5646 ad
1067 5599 1259 5662 gentes
1301 5599 1593 5646 transeant.
1633 5591 1772 5645 Ante
1802 5591 2108 5645 dicebatur:

542 5679 713 5736 Notus
759 5681 813 5735 in
857 5679 1048 5734 .Iuda'a
1086 5679 1228 5732 Deus
1256 5679 1376 5764 ,εἰη
1419 5677 1584 5733 Israel
1638 5696 1884 5750 magnum
1928 5695 2111 5732 nomen

537 5770 654 5842 ejus
678 5769 846 5843 (Psal.
879 5768 1069 5839 Lxxv);
1101 5784 1240 5825 nunc
1269 5777 1446 5825 autem
1475 5787 1486 5823 :
1518 5769 1766 5824 Exaltare
1785 5787 1940 5840 super
1965 5769 2114 5824 caelos

2137 3190 2185 3254 C

2209 1974 2264 2019 et
2287 1971 2509 2019 οιιειειτιε
2547 1970 2771 2017 matres.

2279 2051 2467 2107 Jacobi
2509 2051 2726 2105 minoris
2767 2049 3050 2119 etJoseplt.
3085 2047 3300 2119 (Βιιω.)
3329 2046 3589 2102 Minorem
3635 2044 3781 2100 Jaco-

2210 2142 2338 2198 bum
2383 2141 2514 2196 dicit
2559 2139 2820 2196 Jacobum
2850 2139 3062 2210 Alphei,
3112 2137 3204 2208 qui
3257 2145 3311 2192 et
3356 2136 3524 2192 frater
3551 2136 3787 2200 Domini,

2211 2248 2276 2289 eo
2303 2234 2447 2304 quod
2475 2242 2621 2288 esset
2663 2231 2808 2286 ﬁlius
2853 2229 3035 2284 Mariae
3080 2236 3384 2283 matertera;
3429 2225 3662 2282 Domini.
3712 2227 3786 2280 De

2210 2340 2317 2395 qua
2341 2323 2612 2380 Joannes:
2644 2321 2864 2378 Stabant
2898 2331 3071 2375 autem
3093 2321 3256 2391 juxta
3288 2335 3492 2373 erucem
3513 2317 3642 2372 Iesu
3681 2333 3791 2371 ma-

2213 2425 2292 2468 ter
2327 2413 2440 2482 ejus
2467 2411 2645 2484 (Joan.
2673 2410 2815 2479 xtx),
2869 2417 2976 2464 etc.
3023 2407 3274 2480 Cleophat
3314 2405 3528 2462 videtur
3557 2419 3681 2460 cam
3715 2405 3788 2460 dio

2211 2519 2334 2561 cere
2361 2519 2392 2558 a
2421 2514 2577 2574 patre
2605 2501 2690 2558 vel
2723 2517 2753 2556 a
2780 2499 3120 2572 cognatione.

2287 2595 2447 2650 Vens.
2494 2594 2583 2649 i2.
2629 2623 2698 2634 -—-
2746 2592 2963 2648 Etcum
2997 2591 3114 2661 jam
3163 2605 3278 2645 sero
3314 2596 3468 2651 esset,
3497 2595 3607 2644 etc.
3661 2586 3789 2659 (ln.)

2211 2691 2510 2764 Παρασκευή
2544 2683 2748 2749 Graece,
2799 2681 3125 2754 prmparatio
3151 2679 3361 2736 Latine.
3408 2678 3524 2735 Hoc
3571 2679 3790 2735 nomine

2211 2774 2378 2831 Judaei
2423 2776 2564 2829 inter
2606 2773 2825 2830 Graecos
2859 2779 3130 2828 morantes
3179 2779 3387 2826 sextam
3435 2769 3647 2826 sabbati
3693 2784 3785 2840 ap-

2211 2865 2504 2937 pellabant,
2530 2864 2656 2934 quia
2700 2864 2755 2918 in
2784 2879 2849 2919 eo
2877 2878 2996 2934 qum
3025 2862 3251 2918 sabbato
3293 2869 3450 2917 erant
3480 2861 3787 2918 necessaria

2211 2957 2587 3028 praeparabant
2633 2956 2926 3011 secundum
2966 2955 3129 3024 quod,
3159 2963 3289 3019 etc.,
3318 2971 3480 3026 usque
3516 2955 3587 3008 ad
3617 2955 3788 3011 donec

2212 3057 2403 3105 octava
2432 3047 2681 3103 veniente
2711 3054 2866 3102 aetate
2894 3055 2951 3102 et
2978 3047 3092 3118 ipsa
3119 3061 3354 3116 corpora
3390 3047 3788 3102 resurrectione

2213 3139 2512 3213 gloriﬁcata
2574 3154 2695 3194 eum
2748 3139 3031 3194 animabus
3091 3137 3250 3194 simul
3324 3137 3787 3210 incorruptionem

2215 3238 2432 3286 aeterna:
2467 3228 2798 3285 bzereditatis
2825 3228 3110 3298 accipiant.

2289 3321 2451 3377 Vens.
2484 3322 2573 3376 45.
2596 3352 2666 3362 -
2693 3321 2841 3376 Venit
2861 3320 3075 3392 Joseplt.
3128 3320 3352 3392 (llten.)
3397 3318 3597 3392 Josepb
3645 3322 3788 3378 venit

2216 3429 2337 3469 sero
2384 3427 2679 3483 parasceve
2727 3412 2796 3467 ab
2843 3411 3144 3466 Arimathia
3172 3450 3188 3475 ,
3235 3427 3354 3482 qua:
3400 3410 3788 3482 interpretatur

2216 3507 2494 3576 deponens,
2543 3506 2610 3559 ad
2646 3503 3018 3572 deponendum
3063 3517 3260 3572 corpus
3290 3501 3513 3568 Christi,
3541 3510 3674 3566 etc.,
3706 3519 3768 3557 us

2215 3614 2312 3669 que
2339 3596 2408 3650 ad
2445 3594 2828 3666 aspicientibus
2872 3609 2901 3647 a
2931 3593 3086 3665 longe
3111 3592 3298 3648 electis
3323 3591 3415 3662 qui
3458 3598 3584 3646 sunt
3621 3593 3790 3648 stella

2218 3687 2403 3751 maris,
2421 3685 2653 3755 quando,
2673 3685 2717 3739 si
2742 3683 2854 3738 ﬁeri
2872 3691 3068 3753 potest,
3084 3677 3592 3738 seandalizabuntur
3619 3681 3788 3738 etiam

2215 3778 2390 3833 electi.

2284 3866 2446 3922 Vens.
2498 3866 2585 3920 46.
2610 3897 2681 3907 -
2702 3865 2892 3934 Joseph
2928 3875 3123 3930 autem,
3152 3871 3254 3920 etc.
3305 3862 3519 3937 (Βευλ.)
3554 3861 3631 3918 Ex
3663 3863 3772 3918 sim

2215 3958 2338 4028 pliei
2386 3956 2661 4028 sepultura
2695 3955 2927 4021 Domini,
2957 3956 3181 4011 ambitio
3210 3956 3436 4011 divitum
3464 3957 3778 4012 condemns

2218 4058 2325 4113 tur,
2353 4049 2444 4119 qui
2476 4063 2574 4104 nec
2600 4049 2653 4102 in
2687 4047 2924 4111 tumulis,
2955 4057 3083 4112 etc.,
3116 4064 3275 4118 usque
3298 4048 3366 4102 ad
3400 4048 3546 4103 lineo
3575 4057 3808 4102 terreno

2216 4137 2471 4202 celebrat,
2523 4138 2662 4192 sicut
2714 4151 2909 4206 corpus
2953 4136 3161 4191 Domini
3214 4137 3267 4190 in
3303 4137 3545 4208 syndone
3591 4136 3790 4192 munda

2219 4231 2483 4299 sepultum
2516 4238 2599 4283 est
2627 4247 2639 4281 :
2669 4229 2747 4282 sic
2775 4243 2804 4282 a
2829 4242 2966 4298 papa
2993 4226 3268 4298 Sylvestro
3310 4235 3567 4282 statutum
3612 4236 3720 4282 est.

2288 4319 2440 4385 Quod
2462 4319 2837 4373 eratexcisum.
2858 4317 3068 4388 (Βεωι.)
3085 4318 3291 4372 Dicitur
3309 4318 3451 4388 quod
3475 4333 3783 4373 monumen-

2219 4420 2328 4466 tum
2366 4411 2576 4466 Domini
2617 4412 2806 4465 domus
2858 4409 3084 4464 rotunda
3107 4409 3208 4464 fuit
3233 4411 3299 4466 de
3324 4410 3638 4479 subjacente
3658 4427 3790 4481 rupe

2141 4538 2191 4596 υ
2216 4503 2394 4557 excisa
2431 4510 2592 4557 tanta?
2643 4501 2940 4556 altitudinis
2977 4509 3034 4555 ut
3069 4502 3230 4556 homo
3282 4509 3460 4556 rectus
3485 4503 3792 4556 consistens

2217 4593 2303 4647 vix
2335 4601 2552 4648 extenta
2589 4607 2750 4646 manu
2777 4590 2986 4645 culmen
3027 4591 3198 4660 possit
3225 4590 3509 4660 attingere.
3538 4589 3605 4643 Et
3628 4591 3793 4645 habet

2216 4682 2516 4746 introitum,
2546 4691 2680 4746 etc.,
2705 4696 2865 4750 usque
2907 4679 2973 4732 ad
2994 4679 3150 4734 color
3169 4688 3349 4732 autem
3373 4679 3711 4750 monumenti
3740 4688 3791 4733 et

2215 4771 2374 4828 loculi
2401 4771 2523 4827 albo
2545 4781 2598 4827 et
2642 4772 2808 4826 rubeo
2857 4770 3053 4825 dicitur
3096 4784 3216 4824 esse
3260 4768 3570 4838 permistus.

2282 4864 2444 4917 Vens.
2478 4862 2568 4917 47.
2598 4892 2663 4901 -—
2689 4860 2866 4914 Maria
2900 4871 3096 4924 autem,
3128 4868 3233 4914 etc.
3265 4857 3387 4930 (ιο.)
3419 4857 3594 4913 Lucas
3619 4858 3788 4914 dicit:

2211 4953 2348 5020 Quia
2369 4953 2606 5007 astabant
2629 4969 2803 5006 omnes
2832 4952 2940 5005 noti
2960 4953 3073 5021 ejus
3097 4970 3126 5004 a
3154 4950 3322 5020 longe,
3343 4958 3387 5002 et
3411 4949 3654 5003 mulieres
3674 4966 3792 5020 qua

2211 5054 2401 5099 secuta:
2435 5043 2644 5112 fuerant
2686 5059 2804 5097 eum
2842 5040 2993 5112 (Luc.
3037 5040 3220 5110 xxnl).
3255 5039 3359 5094 Sed
3387 5038 3508 5093 aliis
3545 5040 3790 5111 deposito

2213 5150 2436 5205 corpore
2456 5135 2572 5204 ejus
2585 5135 2650 5189 ad
2673 5115 2766 5188 sda
2792 5133 3180 5196 remeantibus,
3206 5131 3330 5186 solae
3359 5133 3637 5196 mulieres,
3659 5142 3787 5194 etc.,

2213 5244 2374 5298 usque
2400 5226 2468 5280 ad
2493 5235 2547 5280 et
2576 5226 2617 5280 si
2655 5224 2793 5278 forte
2823 5223 3036 5277 valeant
3071 5223 3270 5277 imitari
3303 5223 3390 5292 pia
3429 5223 3747 5278 curiositate
3771 5263 3786 5284 .

2210 5334 2316 5387 quo
2339 5317 2523 5372 ordine
2557 5317 2628 5371 sit
2651 5315 2764 5384 ejus
2792 5315 2969 5384 passio
2995 5315 3392 5384 amplectenda,
3419 5315 3783 5386 perpendunt.

2793 5445 3019 5502 CAPUT
3059 5443 3193 5498 XVI.

2287 5584 2450 5636 Vens.
2488 5582 2535 5635 Ι.
2570 5613 2635 5621 —
2672 5579 2870 5635 Etcum
2896 5580 3186 5634 transisset.
3219 5577 3431 5649 (BEDA.)
3454 5575 3633 5632 Lucas
3660 5577 3788 5631 ὀίιοίι

2217 5677 2341 5746 quia
2368 5685 2697 5730 revertentes
2733 5691 2762 5728 a
2797 5682 3144 5728 monumento
3179 5677 3509 5742 paraverunt
3545 5680 3784 5722 aromata

2217 5778 2271 5822 et
2311 5769 2600 5838 unguenta,
2632 5775 2685 5822 ct
2719 5765 2937 5821 sabbato
2977 5763 3258 5827 siluerunt,
3304 5760 3427 5830 quia
3474 5759 3787 5814 mandatum
