3960 6336
243 330 345 386 2H

1160 332 1426 393 GLossa
1464 334 1858 391 oanxmau.
1898 366 1967 376 -
2003 336 2252 393 EVANG.
2291 326 2522 393 MABCL

3336 370 3345 378 ο
3392 335 3507 391 ’1η

239 451 366 498 erat
410 447 468 496 ut
498 440 708 496 sabbati
739 440 1042 510 silentium,
1067 453 1198 510 etc.,
1222 464 1383 517 usque
1413 448 1480 501 ad
1517 447 1811 502 illuminata
1842 451 1889 509 Α
1918 455 1976 502 ιιι
2001 449 2359 521 intelligamus
2387 450 2515 520 quid
2554 463 2722 505 sanus
2769 455 2821 502 et
2871 446 3153 513 fuerimus,
3181 453 3236 501 et
3261 445 3494 509 sciamus

242 531 386 588 facie
434 532 676 587 decussis
722 531 975 588 vitiorum
1020 536 1256 591 tenebris
1307 538 1527 594 odorem
1568 539 1827 594 bonorum

242 636 470 691 operum
502 622 726 676 Domino
754 630 809 676 et
834 624 1138 679 orationum
1166 626 1481 681 suavitatem
1505 624 1717 681 offerre.

322 713 532 785 (Ηιειι.)
574 712 727 769 Nunc
773 730 895 768 cum
932 715 1262 771 aromatibus
1307 716 1669 772 redolentibus
1707 731 1832 772 cum

245 818 448 873 sponsa
469 811 522 858 et
543 802 958 859 adolescentulis
991 813 1243 871 currunt,
1270 812 1395 875 post
1428 820 1551 860 eam
1577 819 1831 873 consper-

244 894 427 963 gimus
454 894 677 959 librum,
701 894 755 948 id
786 904 871 949 est
898 894 1096 961 cubile,
1118 903 1245 960 etc.,
1274 912 1437 966 usque
1456 895 1523 949 ad
1539 903 1591 949 et
1607 894 1834 950 Domino

256 986 313 1039 in
343 999 410 1040 eo
438 999 562 1039 cum
588 983 859 1053 triumpho
886 993 1197 1055 resurgente
1218 992 1273 1039 et
1301 984 1513 1039 dicente
1544 1002 1558 1037 :
1593 981 1725 1038 Ha'c
1757 985 1831 1037 est

241 1074 360 1127 dies
391 1088 549 1143 quam
575 1071 695 1140 fecit
720 1069 997 1138 Dominus,
1023 1081 1130 1127 etc.
1150 1072 1329 1144 (PSAL.
1353 1071 1541 1142 cxvii).

322 1164 489 1219 Vsus.
519 1162 573 1217 2.
603 1192 673 1205 —
696 1162 761 1216 Et
785 1162 935 1217 ualde
963 1180 1135 1217 mane.
1167 1163 1370 1236 (Ηιειι.)
1398 1163 1549 1231 Quod
1574 1162 1712 1218 alius
1748 1164 1833 1219 di-

255 1256 338 1312 cit
375 1252 631 1309 diluculo.
673 1244 975 1308 Diluculum
1014 1262 1100 1309 est
1129 1254 1270 1310 inter
1296 1254 1544 1310 tenebras
1577 1255 1751 1310 noctis
1780 1264 1836 1310 et

255 1344 367 1401 diei
393 1343 696 1399 claritatem
726 1342 779 1397 in
817 1357 921 1414 qua
962 1342 1107 1398 salus
1133 1344 1281 1399 venit
1305 1345 1358 1398 in
1388 1344 1629 1399 Ecclesia
1654 1342 1833 1398 decla-

250 1437 420 1493 randa
446 1451 597 1493 more
627 1435 779 1501 solis,
820 1434 910 1505 qui
948 1450 1279 1508 consurgens
1307 1451 1517 1491 roseam
1552 1436 1835 1506 praemittit

250 1540 535 1592 auroram,
562 1534 621 1580 ut
654 1532 836 1580 tantus
857 1523 1111 1594 splendor
1127 1525 1444 1594 praeparatis
1465 1524 1636 1578 oculis
1665 1524 1837 1594 possit

249 1616 453 1682 videri,
481 1631 603 1671 cum
634 1625 847 1685 tempus
883 1613 1177 1669 Dominicre
1200 1614 1613 1669 resurrectionis
1637 1613 1834 1681 illuxit,

249 1715 314 1760 ut
341 1714 470 1760 tunc
507 1704 693 1759 laudes
724 1704 922 1759 Christi
957 1711 1066 1759 tota
1096 1711 1340 1759 cantaret
1368 1704 1594 1758 ecclesia
1627 1713 1832 1758 sancta-

1930 537 2056 605 quid
2078 538 2299 593 erimus.

2000 627 2158 683 Vens.
2185 629 2310 683 7.—
2334 627 2399 682 Et
2427 626 2603 681 Petro.
2630 626 2838 697 (Bsnx.)
2861 627 3051 681 Petrus
3068 633 3291 681 vocatur
3317 640 3383 680 ex
3406 641 3500 680 no~

1929 718 2093 782 mine,
2120 733 2187 773 ne
2210 719 2459 788 deSperet
2491 732 2559 771 ex
2586 717 2891 786 negatione.
2920 715 3034 770 Nisi
3056 715 3217 778 enim,
3248 724 3375 779 etc.,
3412 733 3502 769 us-

1927 826 2025 880 que
2037 809 2105 863 ad
2126 816 2182 863 ut
2196 809 2286 879 qui
2312 808 2523 863 futurus
2543 815 2660 861 erat
2682 815 2862 875 pastor
2880 805 3132 861 Ecclesia:
3154 806 3205 858 in
3223 820 3327 861 sua
3346 805 3504 874 culpa

1930 900 2163 956 disceret
2183 899 2450 968 quomodo
2483 898 2605 952 aliis
2639 898 2879 952 misereri
2910 897 3147 951 deberet.

2001 987 2068 1044 Et
2105 989 2278 1044 Petro.
2311 988 2517 1059 (litt-2n.)
2545 988 2645 1055 Qui
2670 1004 2727 1043 se
2762 987 3038 1057 indignum
3066 986 3501 1057 discipulatuiu-

1931 1083 2096 1147 dicat,
2128 1097 2251 1136 cum
2283 1089 2364 1134 ter
2387 1080 2698 1150 magistrum
2730 1085 2910 1149 negat.
2950 1077 3057 1134 Sed
3109 1086 3327 1147 peccata
3367 1092 3505 1146 pra:-

1934 1173 2091 1226 terita
2123 1186 2227 1225 non
2252 1178 2466 1235 nocent,
2496 1170 2708 1239 quando
2735 1184 2842 1223 non
2869 1167 3101 1238 placent.

2006 1259 2263 1314 Prwcedit
2309 1276 2415 1314 vos.
2463 1259 2607 1313 Bene
2633 1259 2701 1313 de
2728 1258 3087 1328 Bcdemptore
3135 1266 3320 1312 nostro
3366 1256 3504 1311 dici-

1934 1349 2065 1406 tur:
2100 1352 2166 1406 de
2209 1350 2427 1406 Galilaea
2476 1366 2707 1420 namque
2766 1348 3168 1419 transmigratio
3230 1348 3374 1404 facta
3432 1348 3508 1401 in-

1938 1447 2283 1510 terpretatur.
2317 1437 2437 1494 Jam
2475 1439 2620 1494 enim
2664 1454 2693 1492 a
2746 1438 2999 1513 passione
3042 1436 3112 1492 ad
3160 1437 3509 1492 resurrectio.-

1936 1544 2079 1594 nem,
2104 1545 2134 1585 a
2155 1538 2329 1585 morte
2348 1530 2415 1585 ad
2437 1530 2622 1595 vitam,
2662 1544 2690 1585 a
2714 1544 2871 1600 pmna
2892 1528 2960 1583 ad
2996 1527 3218 1599 gloriam
3260 1526 3510 1581 transmi-

1937 1630 2203 1693 graverat.
2232 1621 2297 1674 Et
2324 1621 2461 1675 bene
2491 1629 2612 1692 post
2638 1620 3090 1675 resurrectionem
3127 1617 3181 1673 in
3215 1616 3434 1673 Galilaea
3473 1631 3505 1669 a

1939 1712 2217 1783 discipulis
2264 1712 2499 1777 videtur,
2538 1711 2664 1781 quia
2710 1708 3122 1765 resurrectionis
3144 1708 3259 1776 eius
3280 1708 3506 1780 gloriam

248 1812 374 1851 Tum
421 1795 763 1861 ΐοωίηίιῐυηι,
815 1795 1030 1866 quando
1067 1796 1233 1849 "nam
1269 1795 1519 1865 Ρηεεῑῖιίῑ
1559 1804 1615 1850 ει
1639 1793 1819 1850 lumen
1849 1797 1895 1857 Β
1923 1814 2042 1874 post
2056 1804 2160 1859 laeti
2184 1804 2501 1865 videbimus,
2521 1804 2564 1859 si
2584 1802 2740 1857 modo
2762 1817 2790 1856 a
2812 1801 2959 1856 vitiis
2981 1800 3047 1855 ad
3074 1784 3331 1854 virtutum
3351 1798 3510 1874 celsi-

254 1885 598 1941 crcdulitatis
628 1883 880 1940 infundit.

326 1997 492 2053 Vsus.
514 1995 567 2051 5.
590 2026 658 2036 --
683 1992 751 2049 Et
771 1995 1008 2050 dicebant
1030 1995 1101 2050 ad
1123 1995 1364 2051 invicem.
1396 1993 1603 2067 (Ha-3n.)
1627 1995 1834 2065 Aquilae

252 2099 659 2162 congregantur
680 2089 747 2143 ad
774 2104 990 2158 corpus,
1024 2098 1288 2161 martyres
1312 2098 1368 2143 et
1401 2089 1625 2161 apostoli
1653 2089 1837 2146 vident

250 2182 490 2252 lapidem
520 2180 844 2247 revolutum,
875 2180 966 2251 qui
995 2188 1077 2235 est
1098 2180 1182 2235 lex
1221 2180 1435 2246 mortis,
1464 2179 1619 2250 quasi
1643 2178 1788 2235 dicat
1818 2198 1831 2235 :

253 2273 358 2331 Ubi
379 2284 475 2343 est,
500 2290 659 2340 mors,
682 2272 892 2327 aculeus
915 2282 1035 2326 tuus
1055 2270 1109 2345 (I
1138 2271 1259 2327 Cor.
1291 2272 1420 2343 xv)?

330 2383 494 2440 Vens.
521 2385 579 2439 4.
604 2414 677 2426 --
702 2382 1017 2438 Revolntum
1039 2382 1290 2455 lapidem.
1322 2382 1535 2455 (Bt-ma.)
1559 2381 1838 2450 Quomodo

251 2475 394 2546 lapis
412 2491 508 2547 per
532 2474 780 2547 angelum
802 2474 873 2529 sit
899 2473 1197 2539 revolutus,
1214 2473 1496 2529 Mattbams
1518 2473 1681 2529 dicit?
1698 2472 1841 2529 Alle—

256 2569 446 2639 gorice
463 2576 666 2633 autem,
689 2566 881 2638 lapidis
903 2566 1161 2622 revolutio
1179 2565 1629 2621 resurrectionem
1652 2581 1839 2622 sacra-

253 2668 569 2716 mentorum
606 2658 809 2715 Christi
843 2673 963 2727 quae
985 2656 1253 2712 velamine
1294 2655 1489 2711 littera:
1527 2654 1662 2727 legis
1695 2664 1840 2712 tecta

253 2757 437 2816 erant,
483 2750 740 2806 insinuat.
783 2748 893 2803 Lex
916 2748 1119 2804 etenim
1162 2747 1214 2802 in
1253 2746 1433 2817 lapide
1500 2747 1702 2817 scripta
1756 2753 1841 2803 est

244 2840 415 2910 cuius
456 2841 636 2897 ablato
680 2841 932 2913 tegmine,
971 2839 1141 2911 gloria
1181 2838 1597 2895 resurrectionis
1623 2849 1840 2895 ostensa

252 2941 367 2997 est,
415 2942 471 2988 et
499 2933 721 2989 abolitio
759 2932 949 2988 mortis
976 2931 1235 3000 antiquaa,
1264 2938 1319 2984 et
1363 2930 1473 2984 vita
1508 2928 1666 2986 nobis
1714 2945 1840 3003 spe-

249 3023 428 3079 randa
456 3032 712 3095 perpetua
738 3031 852 3077 toto
879 3022 1011 3077 orbe
1042 3020 1206 3091 carpit
1228 3020 1532 3091 praedicari.

336 3132 496 3188 Vsus.
523 3131 577 3187 5.
608 3160 679 3171 —
705 3130 975 3185 Juvenem.
1015 3127 1220 3201 (Ηιεκ.)
1258 3127 1374 3183 Non
1404 3144 1611 3194 senem,
1634 3144 1741 3184 non
1764 3129 1843 3184 in-
1869 3143 1915 3205 ρ

250 3226 490 3288 fantem,
520 3222 613 3278 sed
634 3219 930 3290 iucundum
957 3228 1139 3286 (etate,
1165 3228 1225 3274 ut
1245 3219 1440 3274 dicitur
1464 3217 1717 3285 :Lwtare,
1753 3219 1847 3290 ju-

251 3316 423 3380 venis,
445 3314 501 3367 in
526 3312 873 3367 adolescentia
900 3320 990 3366 tua
1021 3308 1217 3383 (Eccle.
1243 3309 1345 3380 ιι),
1376 3324 1496 3381 qua
1516 3323 1622 3365 non
1647 3318 1732 3364 est
1757 3308 1848 3365 hic

253 3420 390 3461 vera
419 3404 543 3459 dum
564 3403 716 3459 senio
742 3403 924 3458 mista.

338 3521 561 3595 (BBDA.)
594 3520 848 3577 Mulieres
878 3520 1100 3592 angelos
1122 3520 1311 3577 vident
1339 3534 1459 3590 quae
1484 3534 1607 3576 cum
1630 3533 1846 3574 aroma-

261 3614 413 3670 tibus
439 3624 722 3678 venerunt,
745 3614 873 3685 quia
904 3613 1009 3668 illae
1038 3622 1248 3668 mentes
1269 3625 1535 3683 supernos
1573 3610 1722 3667 cives
1750 3625 1844 3665 as-

260 3706 495 3779 piciunt,
526 3721 647 3776 qua:
668 3720 790 3760 cum
819 3705 1109 3760 virtutibus
1130 3703 1197 3758 ad
1226 3703 1395 3759 Deum
1422 3717 1521 3774 per
1541 3708 1726 3758 sancta
1750 3699 1846 3757 de-

258 3800 467 3860 sideria
487 3799 731 3855 veniunt.

341 3894 618 3951 Sedentem
691 3894 749 3948 in
789 3893 1035 3948 dexteris.
1070 3890 1305 3963 (Βευι.)
1369 3890 1451 3946 Ad
1491 3890 1849 3946 meridianam

263 3993 475 4057 partem
512 3984 613 4040 loci
640 3984 807 4050 illius,
836 3983 926 4038 ubi
952 3984 1184 4053 positum
1215 3981 1412 4049 fuerat,
1436 3989 1570 4048 etc.,
1605 3982 1851 4053 usquead

262 4078 535 4132 intrantes
572 4074 625 4130 in
660 4083 1069 4130 monumentum
1107 4074 1241 4130 duos
1271 4074 1491 4145 angelos
1521 4074 1594 4131 ibi
1646 4081 1852 4130 stantes

262 4169 611 4224 invenerunt.

343 4257 562 4331 (Οιιεο.)
583 4257 686 4314 Per
707 4256 987 4313 sinistram
1014 4256 1123 4312 vita
1156 4270 1414 4327 prmsens,
1445 4270 1544 4325 per
1575 4256 1854 4312 dexteram

265 4352 386 4407 vita
414 4361 638 4415 aeterna,
680 4358 814 4415 etc.,
846 4366 1008 4421 usque
1041 4349 1112 4404 ad
1148 4357 1207 4409 et
1235 4349 1303 4405 ad
1332 4348 1644 4419 angelorum
1670 4365 1857 4406 nume-

264 4458 395 4500 rum
422 4442 717 4499 restituens
745 4440 981 4496 caelestis
1004 4440 1199 4510 patrize
1220 4440 1418 4496 damna
1448 4440 1739 4509 reparavit.

343 4533 574 4589 Vens.6.
600 4534 853 4589 —Nolite
879 4551 1231 4605 expauescere.
1267 4535 1483 4604 (Ger-:6.)
1514 4533 1677 4601 Quasi
1702 4552 1716 4587 :
1744 4533 1847 4588 Pa-

266 4635 436 4682 veant
458 4626 533 4682 illi
550 4626 641 4697 qui
666 4640 772 4681 non
796 4634 984 4689 amant
1001 4627 1289 4683 adventum
1321 4625 1530 4680 Domini
1561 4624 1643 4678 vel
1662 4638 1849 4694 super-

271 4734 470 4773 norum
503 4717 700 4773 civium
720 4759 733 4784 ,
762 4719 853 4788 qui
891 4718 1037 4774 vitiis
1061 4718 1235 4788 pressi
1275 4718 1342 4772 de
1369 4731 1556 4771 eorum
1588 4716 1848 4771 societate

264 4814 580 4882 chperant.
607 4811 714 4867 Vos
738 4819 940 4875 autem,
965 4810 1095 4880 quid
1128 4808 1326 4864 timetis
1349 4822 1468 4878 quae
1492 4813 1702 4862 vestros
1722 4820 1850 4861 con-

265 4907 420 4961 cives
460 4903 687 4959 videtis?
725 4901 879 4959 Unde
921 4902 1203 4958 Mattbzeus
1252 4898 1498 4971 angelum
1532 4895 1849 4967 apparuisse

267 4998 586 5055 describens
613 4997 721 5055 ait;
745 4994 875 5050 Erat
899 5004 1132 5065 aspectus
1152 4993 1265 5065 ejus
1292 4992 1425 5047 sicut
1445 4990 1645 5065 fulgur,
1670 4998 1718 5046 et
1745 5005 1851 5044 ves-

267 5096 489 5149 timenta
513 5092 627 5162 ejus
656 5091 789 5145 sicut
815 5090 905 5145 nia:
932 5088 1111 5161 (Matt.
1149 5086 1362 5162 xxviii).

343 5160 549 5237 Iesum.
585 5181 854 5236 Salutare.
886 5160 992 5235 sed
1022 5178 1146 5249 quia
1175 5160 1325 5233 multi
1347 5191 1452 5231 non
1481 5172 1849 5229 substantiali-

270 5282 359 5328 ter
386 5274 484 5329 sed
513 5273 872 5345 nuncupative
911 5272 1014 5326 hoc
1050 5269 1269 5324 nomine
1301 5267 1637 5331 dicebantur,
1673 5266 1850 5320 deter-

270 5364 448 5419 minat
501 5380 597 5433 per
646 5364 824 5420 locum
873 5360 1226 5423 Nazarenum,
1273 5367 1327 5414 et
1372 5371 1588 5412 causam
1630 5356 1846 5411 subdit:

270 5452 624 5523 Cruci/Erum.
658 5453 833 5524 Atque
869 5452 1017 5507 addit
1047 5469 1062 5506 :
1091 5448 1354 5509 Surrexit,
1388 5463 1489 5501 non
1519 5455 1593 5498 est
1618 5445 1720 5497 hic.
1748 5444 1852 5499 Per

272 5547 620 5617 prmsentiam
650 5546 849 5610 carnis,
894 5544 987 5615 qui
1030 5553 1205 5598 tamen
1251 5553 1513 5608 nusquam
1568 5537 1716 5593 deest
1756 5551 1853 5607 per

272 5638 622 5713 praesentiam
652 5635 967 5706 maiestatis.
1004 5633 1136 5689 Ecce
1161 5633 1326 5689 locus.
1355 5626 1664 5686 Ostenditur
1704 5643 1849 5683 mor-

278 5725 464 5783 talitas
496 5727 809 5787 mortalibus
853 5725 919 5783 ad
951 5725 1214 5782 actionem
1248 5721 1541 5793 gratiarum
1592 5719 1851 5786 debitam,

1937 1893 2176 1949 tudinem
2209 1894 2670 1964 transmigremus.
2695 1890 2796 1959 Qui
2836 1905 2965 1960 ergo
3004 1890 3058 1945 in
3099 1889 3347 1960 sepulcro
3377 1870 3512 1942 nuit-

1934 1983 2118 2048 tiatur,
2147 1984 2202 2038 in
2229 1981 2698 2054 transmigratione
2721 1979 3060 2044 ostenditur;
3097 1988 3152 2033 et
3172 1979 3261 2049 qui
3293 1979 3345 2032 in
3370 1993 3512 2032 mor-

1937 2073 2231 2129 tiﬁcatione
2275 2072 2456 2129 carnis
2508 2071 2844 2143 agnoscitur,
2912 2070 2964 2124 in
3035 2067 3509 2137 transmigratione

1937 2166 2137 2222 mentis
2157 2166 2388 2221 videtur.

2008 2257 2221 2330 (Βεωι.)
2260 2256 2396 2313 Nota
2435 2258 2578 2327 quod
2599 2257 2811 2313 Marcus
2842 2255 2973 2311 dicit
3011 2273 3026 2309 :
3058 2252 3318 2308 Praecedit
3348 2267 3435 2305 vos
3461 2251 3516 2306 in

1939 2346 2236 2414 Galilceam,
2263 2356 2371 2404 etc.
2410 2347 2519 2402 Nec
2556 2355 2738 2402 tamen
2787 2345 2861 2401 ibi
2905 2345 3077 2400 visum
3127 2340 3331 2397 retulit.
3383 2338 3517 2393 Mat-

1939 2444 2113 2500 tbmus
2128 2450 2329 2507 autem,
2346 2449 2475 2507 etc.,
2490 2455 2649 2511 usque
2677 2439 2747 2492 ad
2765 2438 2903 2494 sicut
2918 2437 2971 2491 in
2994 2436 3082 2491 illa
3096 2432 3401 2490 :eternitate
3421 2445 3516 2486 co-

1942 2540 2254 2607 gnoscetur,
2273 2547 2379 2602 quo
2399 2540 2453 2586 et
2481 2545 2579 2585 nos
2591 2529 2842 2600 perducet
2859 2536 3082 2597 propter
3101 2525 3328 2580 formam
3348 2521 3516 2587 servi,

1940 2635 2003 2681 ut
2023 2624 2179 2680 liberi
2202 2622 2630 2693 contemplemur
2657 2619 2887 2676 formam
2911 2617 3147 2673 Domini.

2014 2736 2179 2792 Vens.
2210 2736 2264 2792 8.
2293 2763 2364 2776 --
2384 2732 2674 2804 Fugerunt.
2699 2729 2905 2802 (Ηιειι.)
2934 2728 3013 2785 De
3036 2727 3214 2783 futura
3243 2726 3353 2780 vita
3385 2724 3520 2780 dici-
3570 2782 3597 2807 .

1943 2836 2049 2885 tur‘
2083 2842 2098 2883 :
2142 2824 2333 2898 Fugiet
2372 2824 2524 2880 dolor
2560 2834 2609 2879 et
2642 2823 2883 2899 gemitus.
2930 2820 3214 2875 imitantur
3267 2817 3520 2873 mulieres

1945 2928 2071 2975 ante
2109 2916 2562 2975 resurrectionem
2592 2914 2831 2970 omnium
2870 2912 3014 2982 quod
3044 2910 3251 2966 faciunt
3290 2917 3433 2978 post,
3467 2906 3523 2963 id

1943 3018 2054 3071 est,
2074 3008 2217 3078 quod
2238 3007 2461 3063 factum
2474 3013 2607 3061 sunt
2634 3004 2843 3076 fugiunt
2864 3010 3091 3057 mortem
3114 3008 3170 3055 et
3198 3013 3469 3070 pavorem.

2016 3100 2085 3156 Et
2112 3099 2326 3156 nemini.
2364 3096 2570 3171 (litt-zu.)
2602 3095 2739 3164 Quia
2767 3094 2843 3151 illi
2866 3093 2965 3151 soli
2995 3091 3309 3164 mysterium
3338 3104 3521 3145 resuta.-

1946 3189 2206 3247 rectionis
2218 3189 2400 3244 vident
2412 3188 2503 3258 qui
2518 3195 2850 3251 meruerunt,
2864 3185 3025 3250 unde,
3044 3182 3336 3239 secundum
3362 3179 3522 3235 Joan-

1945 3298 2102 3340 nem:
2122 3279 2309 3337 Petrus
2335 3289 2507 3335 autem
2531 3294 2746 3350 surgens
2767 3276 2997 3332 cucurrit
3022 3274 3091 3329 ad
3113 3282 3519 3336 monumentum,

1946 3387 2007 3434 ut
2028 3377 2235 3433 videret
2260 3390 2381 3446 qua:
2402 3372 2624 3430 audivit.

2019 3488 2256 3547 Vens.9.
2285 3518 2356 3530 —
2384 3485 2614 3557 Surgam
2655 3494 2849 3540 autem.
2897 3480 3051 3536 Mane
3089 3476 3359 3540 surrexit,
3398 3491 3522 3530 seru

1947 3582 2189 3654 sepultus
2223 3589 2326 3646 est,
2349 3588 2410 3635 ut
2440 3579 2544 3635 boc
2567 3576 2886 3647 adimpleret
2907 3592 2922 3628 :
2945 3572 3028 3627 Ad
3054 3585 3317 3640 vesperum
3345 3568 3522 3622 deina-

1947 3674 2152 3730 rabitur
2175 3675 2329 3744 ]letus
2359 3681 2408 3728 et
2452 3670 2523 3725 ad
2565 3670 2879 3723 matutinum
2912 3663 3098 3719 lwtitia
3128 3658 3302 3732 (Psal.
3351 3660 3523 3729 xxix).

1949 3763 2202 3835 Sepultus
2237 3777 2367 3835 ergo
2394 3768 2549 3817 sexta
2583 3758 2793 3815 sabbati
2823 3771 2945 3826 quae
2971 3762 3197 3809 vocatur
3235 3764 3529 3821 parasreve

1949 3854 2096 3911 circa
2120 3869 2188 3910 ve
2218 3868 2406 3924 peram
2452 3850 2698 3923 sequenti
2726 3858 2885 3904 nocte
2928 3857 2984 3902 et
3027 3845 3113 3901 die
3138 3842 3366 3906 sabbati,
3403 3856 3527 3897 cum

1949 3943 2197 4014 sequenti
2220 3950 2377 4001 nocte
2422 3942 2476 3999 in
2513 3946 2863 3997 monumento
2888 3936 3114 4007 positus,
3139 3933 3228 3988 die
3259 3931 3437 3991 tertia,
3471 3928 3528 3984 id

1950 4043 2035 4094 est
2057 4048 2232 4106 primo
2260 4046 2416 4091 mane
2436 4031 2610 4099 prima
2632 4026 2864 4091 sabbati,
2892 4023 3146 4079 surrexit.
3172 4022 3239 4075 Et
3264 4021 3400 4075 bene
3422 4035 3528 4077 una

1951 4127 2041 4185 die
2060 4134 2114 4182 et
2139 4124 2344 4185 duabus
2369 4121 2618 4176 noctibus
2645 4119 2701 4173 in
2732 4116 2977 4186 sepulcro
2992 4112 3185 4184 iacuit,
3209 4108 3333 4179 quia
3354 4108 3528 4162 lucem

1952 4235 2063 4279 sua:
2102 4216 2308 4288 simpla;
2356 4213 2546 4270 mortis
2596 4219 2798 4266 nostra:
2846 4206 3021 4278 dupla:
3058 4203 3249 4258 mortis
3293 4198 3529 4255 tenebris

1954 4312 2216 4383 adiunxit.
2253 4310 2311 4365 ln
2356 4315 2534 4363 morte
2564 4304 2706 4360 enim
2746 4302 2940 4357 anima:
2968 4308 3023 4354 et
3062 4292 3288 4368 spiritus
3312 4293 3531 4355 teneba-

1954 4420 2097 4469 mur,
2114 4400 2255 4457 unde
2295 4399 2363 4455 ad
2386 4412 2485 4453 nos
2503 4410 2679 4459 suam,
2703 4394 2756 4449 id
2774 4389 3055 4447 estcarnis
3076 4397 3304 4443 mortem
3330 4384 3526 4449 attulit,
3606 4408 3611 4423 ι

1876 4491 1926 4550 D
1951 4503 2007 4551 et
2034 4493 2168 4548 duas
2189 4498 2403 4546 nostras
2432 4486 2593 4543 solvit
2617 4503 2631 4539 :
2656 4483 2904 4554 simplam
2934 4494 3085 4536 suam
3112 4476 3287 4548 dupla!
3328 4484 3537 4563 nostrce

1950 4580 2197 4645 contulit,
2228 4587 2283 4633 et
2310 4575 2527 4647 duplam
2556 4582 2796 4629 nostram
2817 4571 3053 4625 moriens
3082 4564 3324 4621 abstulit.
3355 4566 3530 4644 Appa-

1952 4672 2058 4725 ruit
2112 4670 2280 4740 primo
2331 4665 2519 4722 Marite
2574 4658 2923 4734 Magdaleme.
2979 4655 3159 4709 Maria:
3202 4650 3529 4723 Magdalena:

1950 4762 2126 4834 primo
2144 4756 2469 4822 ostenditur,
2500 4755 2566 4810 de
2594 4768 2699 4823 qua
2728 4751 2963 4821 eiecerat
2988 4754 3192 4816 septem
3221 4740 3481 4798 dazmonia
3511 4757 3525 4793 :

1953 4831 2079 4923 quia
2108 4847 2443 4908 meretrices.
2468 4853 2523 4901 et
2549 4840 2819 4913 publicani
2848 4835 3157 4908 praecedunt
3185 4831 3524 4905 Synagugam

1959 4921 2014 4999 in
2039 4957 2262 5015 regnum
2284 4939 2400 5005 Dei,
2416 4945 2475 4992 ut
2496 4936 2636 4989 latro
2659 4931 2935 5003 praecessit
2966 4925 3256 5000 apostolos.
3285 4921 3528 4993 Apostoli

1958 5033 2088 5089 ﬂent
2110 5013 2177 5087 vet
2203 5031 2405 5101 lugent,
2432 5025 2558 5096 quia
2591 5020 2815 5078 necdum
2845 5017 3110 5082 viderunt,
3140 5014 3232 5070 sed
3259 5013 3368 5070 cito
3401 5027 3529 5067 cono

1954 5125 2288 5182 solabuntur.

2029 5231 2242 5307 (Bsns.)
2272 5231 2328 5286 In
2358 5226 2623 5300 principio
2651 5222 2844 5279 mulier
2864 5231 3053 5276 auctor
3073 5217 3243 5307 culpae
3265 5214 3383 5269 viro
3406 5211 3527 5276 fuit,

1958 5306 2244 5383 exsecutor
2271 5321 2354 5374 vir
2382 5317 2603 5381 erroris,
2633 5323 2763 5379 etc.,
2787 5329 2948 5384 usque
2971 5311 3041 5365 ad
3069 5318 3128 5364 ut
3150 5306 3282 5377 ipsis
3300 5317 3531 5373 evange-

1955 5418 2095 5474 listis
2114 5423 2167 5471 et
2197 5410 2452 5483 apostolis
2483 5406 2934 5477 resurrectionem
2961 5399 3375 5470 evangelizaret.

2026 5534 2187 5590 Vens.
2221 5525 2447 5584 ll.——Et
2469 5522 2546 5578 illi
2563 5522 2849 5577 audientes.
2870 5513 3080 5590 (Βεοιι.)
3098 5511 3251 5581 Quod
3278 5504 3528 5575 discipuli

1957 5620 2406 5682 resurrectionem
2452 5613 2603 5673 tarde
2629 5613 2885 5674 credunt,
2919 5623 3023 5663 non
3056 5614 3164 5660 tam
3198 5612 3282 5657 cst
3310 5597 3521 5653 illorum

1960 5714 2264 5778 inﬁrmitas,
2296 5724 2456 5781 quam
2485 5714 2670 5762 nostra
2699 5703 2959 5768 ﬁrmitas;
2992 5690 3356 5755 dubitantibus
3381 5684 3535 5745 enim
