3960 6336
507 373 612 428 245

1005 372 1393 429 WALAFRIDI
1431 373 1677 430 STRABI
1716 372 1920 429 FULD.
1961 371 2125 428 MON.
2167 371 2319 427 OPP.
2356 371 2536 427 PARS
2574 371 2616 426 l.
2655 399 2725 410 —
2763 367 3218 426 THEOLOGICA.

3653 370 3755 425 ΞΗ

512 486 837 541 resurrectio
859 501 957 556 per
969 485 1140 539 multa
1169 496 1484 555 argumenta
1513 495 1812 541 monstrata
1832 496 1935 552 est,
1965 485 2086 556 qui-
2110 488 2162 547 Α
2187 499 2295 538 non
2324 483 2622 549 faciamus,
2652 499 2761 538 non
2795 481 3106 538 credimus?
3144 481 3250 536 Sed
3294 482 3411 537 haec
3439 481 3493 537 in
3536 483 3759 539 exordto

509 582 608 631 bus
628 585 682 630 ct
703 591 801 630 uos
835 574 1042 629 ﬁrmius
1070 575 1377 629 solidamur.

581 665 740 721 Vens.
778 666 862 719 12.
913 695 981 706 -
1008 665 1224 718 Duobus
1276 682 1341 720 ea:
1380 667 1481 719 his.
1507 665 1719 737 (Bt-20A.)
1753 664 1866 720 lloc
1912 665 2087 720 Lucas

508 764 747 832 apertius
777 760 926 832 (Luc.
964 760 1113 832 xxrv)
1140 778 1153 814 :
1180 760 1337 815 Oculi
1370 778 1572 823 eorum,
1600 769 1706 815 etc.
1732 760 1861 816 Post
1886 777 2087 831 cogno-

510 864 703 909 verunt
728 869 851 909 eum
881 854 944 908 in-
961 853 1228 909 fractione
1270 854 1446 923 panis.
1477 854 1543 907 Et
1583 854 1723 908 sicut
1764 854 1937 908 Lucas
1963 853 2081 909 ait:

508 945 790 1016 Surgenles
812 946 992 1000 cadent
1022 947 1153 999 hora
1178 946 1369 999 reversi
1388 954 1509 998 sunt
1532 946 1585 998 in
1604 944 1956 1009 Hierusalem,
1974 954 2081 1000 etc.

576 1035 997 1089 Ambulantibus.
1038 1035 1243 1106 (litem)
1269 1035 1427 1089 Fides
1453 1034 1541 1089 hic
1563 1034 1773 1089 laborat
1798 1050 1962 1106 agens
1989 1050 2082 1090 ac-

509 1130 669 1183 tivam
699 1130 883 1191 vitam,
909 1129 1017 1184 illic
1044 1127 1479 1196 contemplativa,
1521 1135 1654 1191 etc.,
1675 1144 1837 1197 usque
1857 1128 1927 1180 ad
1949 1128 2085 1182 obli-

505 1231 595 1275 tus
617 1221 797 1275 carnis
829 1236 939 1274 suae
966 1219 1205 1291 postulat
1236 1221 1288 1273 in
1333 1219 1435 1275 ista
1466 1218 1576 1272 vita
1610 1219 1753 1289 quod
1782 1226 1906 1289 post
1933 1218 2080 1273 illam

505 1325 787 1380 speramus
812 1310 865 1364 in
892 1309 1092 1364 futura.

577 1399 740 1455 Vens.
771 1399 858 1454 14.
897 1430 969 1440 —
1007 1399 1318 1465 Novissime,
1359 1409 1465 1455 etc.
1513 1400 1726 1472 (BEDA.)
1771 1400 2082 1471 Quadrage—

507 1492 647 1546 simo
673 1491 782 1557 die,
815 1492 1031 1561 quando
1059 1500 1178 1546 erat
1198 1492 1311 1562 jam
1346 1493 1414 1547 ab
1435 1492 1514 1546 eis
1544 1507 1860 1548 recessurus
1891 1494 1943 1546 in
1971 1505 2083 1546 εω-

505 1584 637 1650 lum,
670 1587 773 1641 hoc
788 1587 867 1640 eis
893 1587 1296 1651 maxime,etc.,
1314 1603 1477 1656 usque
1492 1587 1561 1641 ad
1584 1601 1602 1638 :
1638 1586 1835 1642 Euntes
1850 1588 1905 1641 in
1928 1603 2081 1640 mun-

505 1675 632 1729 dum
670 1679 988 1742 universum,
1022 1678 1304 1748 prwdicate
1334 1677 1689 1747 Evangelium.

576 1766 839 1821 Duritiam
861 1769 1053 1833 cordis,
1092 1777 1197 1824 etc.
1232 1768 1436 1840 (lin-3n.)
1464 1769 1534 1824 Ut
1555 1767 1925 1823 succedatcor
1957 1784 2081 1824 car-

2189 576 2497 631 necessaria
2540 576 2793 640 fuerunt,
2843 583 2902 629 ut
2946 574 3079 628 ﬁdes
3120 572 3397 628 miraculis
3438 574 3755 640 nutriretur,
3816 592 3829 602 ·

2187 666 2293 720 ﬁde
2324 676 2504 720 autem
2533 666 2787 721 Ecclesiae
2807 666 2921 736 jam
2948 663 3267 719 conﬁrmata
3296 679 3403 717 non
3433 672 3560 718 sunt
3581 679 3760 719 neces-

2186 756 2347 811 saria.
2377 755 2649 810 Dwmonia
2675 757 2903 825 ejicient,
2932 763 3037 811 etc.
3071 756 3182 810 lloc
3218 754 3378 810 hodie
3408 755 3761 824 spiritualiter

2186 845 2316 900 facit
2348 845 2591 900 Ecclesia
2612 885 2626 910 ,
2664 860 2785 899 cum
2826 859 2921 914 per
2957 844 3246 899 exorcismi
3275 845 3508 915 gratiam
3540 860 3759 900 manum

2185 935 2528 990 credentibus
2568 935 2826 1005 imponit,
2870 942 2925 988 et
2950 934 3215 1004 malignos
3253 934 3475 1003 spiritus
3514 934 3757 1003 expellit.

2185 1029 2401 1098 Linguis
2436 1028 2713 1099 loquentur
2746 1028 2910 1082 novis.
2955 1025 3067 1081 Hoc
3091 1025 3151 1080 ﬁt
3171 1026 3298 1080 dum
3341 1024 3526 1079 ﬁdeles
3558 1024 3759 1080 veteris

2183 1121 2305 1175 vitae
2334 1121 2608 1175 saecularia
2636 1122 2798 1175 verba
2832 1120 3173 1189 relinquunt,
3208 1125 3263 1173 et
3289 1126 3478 1173 sancta
3503 1118 3763 1188 mysteria

2183 1211 2459 1276 insonant,
2482 1221 2538 1265 et
2563 1209 2658 1265 Dei
2690 1209 2875 1265 laudes
2897 1216 2955 1265 et
2967 1209 3262 1278 potentiam
3291 1217 3552 1278 quantum
3583 1206 3765 1262 valent

2181 1301 2470 1356 extollunt.

2255 1413 2415 1469 Vens.
2443 1413 2526 1469 18.
2555 1445 2622 1493 τ-
2652 1413 2713 1469 Si
2751 1411 3112 1481 mortiferum,
3142 1419 3248 1466 etc.
3292 1411 3431 1466 Dum
3474 1408 3765 1481 pestiferas

2181 1509 2565 1578 persuasiones
2595 1507 2839 1571 audiunt,
2866 1521 2965 1560 nec
2991 1505 3057 1559 ad
3080 1503 3423 1574 operationes
3446 1517 3619 1573 usque
3639 1518 3767 1573 per-

2182 1602 2413 1662 ducunt,
2451 1598 2594 1667 quod
2639 1597 2765 1652 inde
2793 1597 2873 1651 eis
2898 1610 3004 1651 non
3038 1604 3203 1673 nocet
3232 1596 3277 1649 si
3307 1594 3648 1650 mortiferum
3669 1594 3767 1652 bi-

2180 1689 2333 1743 bunt.
2378 1687 2546 1757 Super
2579 1704 2747 1757 (egros
2779 1703 2987 1749 manus,
3039 1695 3144 1740 etc.
3196 1684 3332 1739 Dum
3384 1684 3665 1755 proximos
3710 1685 3765 1738 in

2181 1780 2323 1834 bono
2346 1794 2509 1848 opere
2535 1777 2886 1833 conﬁrmatos
2908 1776 3166 1831 roborant
3182 1775 3431 1844 exemplo
3452 1775 3608 1830 honre
3628 1789 3764 1845 ope-

502 1873 668 1917 neum
697 1860 961 1914 charitate
987 1860 1202 1930 plenum
1276 1860 1402 1915 hinc
1420 1838 1570 1930 quod
1608 1869 1837 1915 catervae
1875 1869 2077 1931 marty-
2107 1838 2152 1898 Β
2183 1838 2425 1933 rationis,
2454 1883 2615 1938 super
2643 1882 2815 1937 {egros
2840 1882 3033 1920 manus
3061 1838 3376 1935 imponunt;
3408 1872 3465 1919 ει
3488 1865 3627 1921 bene
3657 1838 3759 1919 ἠδ-

504 1964 622 2002 rum
653 1956 884 2005 mortem
926 1951 1087 2021 hujus
1127 1950 1307 2005 saeculi
1352 1951 1585 2006 libenter
1628 1949 1913 2015 affectant,
1950 1952 2077 2020 quia

503 2047 703 2094 norunt
730 2056 827 2110 pro
856 2041 1139 2112 temporali
1173 2041 1394 2096 interitu
1420 2051 1679 2111 perpetuo
1717 2055 1776 2096 se
1803 2040 2077 2095 essevic-

504 2140 673 2186 turos.

572 2221 736 2290 Vens.
768 2221 855 2275 15.
879 2253 949 2261 -
976 2221 1133 2295 Omni
1171 2231 1449 2277 creatum.
1495 2222 1655 2279 Omni
1691 2222 1897 2277 nationi
1946 2237 2081 2292 gen-

502 2311 657 2366 tium.
698 2311 837 2367 Ante
863 2312 1006 2367 enim
1033 2312 1236 2367 dictum
1268 2321 1388 2368 erat
1417 2332 1430 2366 :
1463 2312 1530 2367 In
1565 2313 1700 2367 viam
1735 2313 1966 2384 gentium
2016 2330 2079 2367 ne

503 2402 736 2457 abieritis
760 2401 975 2474 (Matth.
1009 2404 1063 2475 χ)
1101 2423 1113 2458 :
1146 2414 1205 2459 ut
1229 2405 1436 2460 scilicet
1470 2404 1838 2476 apostolorum
1863 2406 2018 2474 prius
2047 2421 2078 2460 a

502 2491 685 2546 Judaza
713 2492 928 2563 repulsa
965 2494 1311 2564 praedicatio,
1345 2503 1471 2550 tunc
1502 2493 1751 2566 gentibus
1786 2494 1838 2548 in
1866 2493 2078 2566 adjuto-

500 2581 641 2635 rium
667 2580 837 2637 ﬁeret.

572 2671 777 2746 (lin-3n.)
810 2673 967 2731 Omni
997 2677 1180 2747 generi
1204 2677 1467 2742 humano,
1505 2677 1648 2747 quod
1678 2677 1841 2732 habet
1876 2675 2078 2747 aliquid

501 2778 786 2820 commune
809 2766 958 2821 omni
988 2776 1273 2833 creaturas,
1301 2768 1529 2839 angelis,
1549 2767 1859 2837 pecoribus,
1895 2765 2075 2836 lignis,

501 2852 796 2923 lapidibus,
823 2854 934 2925 igni
958 2863 1013 2911 et
1036 2872 1223 2927 aquai,
1251 2856 1426 2911 calido
1451 2866 1506 2912 et
1527 2857 1752 2925 frigido,
1780 2856 2005 2911 humido
2024 2863 2082 2911 et

501 2943 678 3009 arido,
700 2944 826 3012 quia
850 2944 1029 2999 minor
1052 2947 1286 3001 mundus
1314 2948 1476 3001 homo
1496 2946 1714 3001 dicitur.

574 3035 735 3090 Vens.
763 3035 852 3091 16.
873 3067 945 3079 -—-
966 3038 1069 3104 Qui
1098 3039 1396 3105 crediderit,
1435 3049 1539 3096 etc.
1565 3040 1669 3094 Per
1700 3038 1837 3095 alios
1863 3040 2076 3109 parvuli

499 3125 745 3193 credunt,
770 3126 908 3183 sicut
931 3142 998 3184 ex
1030 3129 1151 3185 aliis
1180 3146 1244 3185 ea
1273 3147 1393 3202 quae
1415 3133 1468 3187 in
1495 3132 1763 3203 baptismo
1783 3133 1864 3189 eis
1890 3133 2075 3189 remit-

500 3224 717 3283 ωηιιιν,
746 3228 972 3289 peccata
996 3231 1349 3278 extraxerunt

570 3306 732 3364 Vens.
765 3309 854 3365 17.
878 3341 945 3352 -
976 3311 1143 3383 Signa
1175 3324 1371 3385 autem,
1405 3323 1509 3371 etc.
1548 3314 1801 3387 Nunquid
1842 3317 1889 3372 si
1925 3317 2078 3389 signa

2179 1961 2401 2016 bebunt.
2433 1958 2558 2013 llaec
2589 1957 2849 2013 miracula
2889 1966 3040 2012 tanto
3074 1955 3278 2025 majora
3303 1996 3318 2022 ,
3361 1965 3567 2027 quanto
3598 1957 3763 2027 spiri-

2180 2051 2383 2116 tualia;
2448 2066 2547 2120 per
2605 2049 2709 2105 hoc
2773 2046 2920 2104 enim
2980 2048 3174 2104 animm
3247 2048 3601 2113 suscitantur,
3650 2064 3763 2104 non

2180 2158 2430 2213 corpora.

2253 2252 2414 2307 Vens.
2462 2251 2546 2306 l9.
2578 2282 2651 2292 —
2697 2251 2765 2306 In
2814 2251 3017 2306 cwlum.
3065 2250 3246 2321 (Ᾱυε.)
3286 2249 3422 2306 Nota
3473 2236 3617 2322 quod
3668 2252 3769 2307 ali-

2181 2344 2397 2414 quando
2421 2342 2587 2397 ctelos
2616 2341 2895 2412 pluraliter
2914 2350 2969 2397 et
2997 2341 3286 2411 aliquando
3305 2341 3500 2397 caalum
3523 2343 3767 2414 singula-

2180 2435 2348 2501 riter,
2381 2441 2509 2500 etc.,
2550 2450 2712 2505 usque
2742 2433 2812 2487 ad
2868 2433 2960 2488 ubi
3015 2432 3255 2488 ﬁdelium
3310 2433 3603 2489 credulitas
3642 2434 3767 2505 plus

2180 2529 2391 2584 actibus
2414 2542 2577 2597 quam
2611 2525 2978 2581 locutionihus
3006 2525 3274 2580 eruditur.

2250 2639 2320 2695 Et
2349 2638 2491 2703 sedet
2530 2655 2564 2692 a
2604 2638 2823 2692 dextris.
2867 2635 3078 2708 (Bene)
3117 2636 3184 2690 Et
3225 2650 3369 2692 nunc
3410 2636 3590 2692 omnia
3620 2635 3768 2706 judi-

2179 2744 2329 2793 cans,
2355 2728 2411 2782 in
2441 2727 2547 2782 ﬁne
2573 2725 2812 2782 omnium
2843 2725 3017 2781 Judex
3039 2734 3300 2780 venturus
3324 2735 3425 2780 est.
3450 2724 3765 2795 Stephanus

2179 2828 2360 2875 autem
2394 2816 2530 2873 vidit
2558 2833 2683 2873 eum
2715 2824 2982 2884 stantem,
3008 2816 3135 2888 quia
3170 2818 3224 2871 in
3256 2817 3549 2872 certamine
3575 2818 3770 2873 habuit

2179 2926 2303 2967 eum
2329 2909 2654 2982 adjutorem.
3756 2912 3769 2921 '

2248 3019 2411 3075 Vens.
2444 3020 2533 3075 20.
2587 3020 3003 3087 ——Illiautem,
3034 3030 3141 3076 etc.
3187 3020 3399 3092 (Βευλ.)
3439 3020 3574 3076 Nota
3618 3023 3767 3091 quod

2180 3111 2392 3167 Marcus
2413 3110 2759 3181 Evangelium
2784 3128 2940 3167 suum
2969 3123 3173 3183 quanto
3220 3113 3493 3170 inchoavit
3531 3115 3765 3181 tardius,

2098 3220 2143 3283 ρ
2176 3210 2364 3262 tanto.
2392 3210 2521 3268 etc.,
2560 3219 2722 3274 usque
2754 3202 2823 3258 ad
2861 3218 2968 3276 quo
3016 3205 3242 3275 apostoli
3292 3205 3434 3261 idem
3482 3206 3767 3279 Evangelii

2186 3295 2410 3351 verbum
2437 3310 2536 3368 per
2558 3303 2727 3350 totum
2749 3295 3391 3352 orbem—seminaverunt.

512 3455 3760 3485 Mm

1273 3563 1940 3645 EVANGELIUM
2000 3565 2556 3645 SECUNDUM
2619 3565 2992 3644 LUCAM.

818 3786 1183 3846 PROLOGUS
1236 3790 1297 3846 B.
1355 3790 1758 3847 HIERONYMI.

933 3879 1095 3954 (Vide
1128 3883 1263 3937 inter
1293 3883 1408 3953 ejus
1439 3884 1642 3954 opera.)

498 3995 504 4001 ’
548 3972 943 4031 ΡΒοαςΜιωι
980 3974 1187 4030 LUCAS
1224 3975 1290 4031 IN
1325 3975 1773 4033 EVANGELIUM
1813 3975 2024 4034 SUUM.

566 4088 729 4145 Vens.
762 4090 813 4144 1.
828 4119 901 4129 -
922 4086 1184 4155 Quoniam
1206 4090 1435 4161 quidem,
1458 4098 1562 4146 etc.
1584 4090 1793 4164 (Bene)
1810 4092 1986 4159 Lucas
2010 4095 2077 4149 de

497 4183 748 4240 omnibus
791 4188 911 4254 quae
948 4182 1077 4240 fecit
1105 4182 1262 4239 Jesus
1293 4194 1349 4241 et
1388 4184 1601 4252 docuit,
1640 4195 1770 4252 etc.,
1819 4201 1981 4257 usque
2006 4185 2077 4240 ad

496 4275 670 4346 magis
697 4275 1011 4331 ordinarent
1045 4276 1412 4331 narrationem
1449 4292 1614 4347 quam
1648 4278 1889 4334 historia:
1929 4288 2077 4333 texe-

498 4376 622 4423 rent
649 4366 950 4421 veritatem.

2248 3839 2506 3895 Sacerdos
2533 3837 2769 3910 quidam.
2806 3836 3047 3908 Implevit
3066 3836 3341 3901 ordinem,
3383 3835 3521 3893 dixit
3549 3850 3766 3908 regem,

2176 3939 2233 3987 et
2262 3930 2536 4003 regionem
2562 3929 2747 4000 inqua
2782 3928 2915 3994 fuit,
2950 3930 3285 3984 sacerdotem
3312 3938 3367 3985 et
3393 3938 3608 4001 gentem
3645 3930 3769 4000 ejus

2177 4031 2233 4077 et
2257 4037 2481 4077 uxorem
2513 4020 2658 4076 illius
2696 4020 2917 4075 indicat.
2947 4018 3254 4074 Zacharias.
3293 4020 3583 4077 Zacharias
3606 4064 3621 4088 ,
3650 4038 3770 4079 meo

2168 4131 2300 4172 -mor
2321 4115 2533 4171 Domini
2567 4134 2580 4169 :
2617 4115 2705 4171 cui
2732 4123 2958 4185 apparet
2980 4115 3221 4186 Angelus
3250 4130 3282 4169 a
3310 4115 3521 4173 dextris
3549 4117 3767 4184 altaris,

2178 4209 2305 4280 quia
2344 4209 2396 4263 ei
2432 4208 2525 4278 qui
2560 4222 2769 4263 memor
2806 4207 3019 4263 Domini
3057 4216 3141 4263 est
3180 4207 3585 4264 demonstratur
3646 4225 3770 4281 my-

2293 4308 2303 4311 '
2329 4315 2343 4351 ι
2408 4336 2422 4352 .

2176 4308 2330 4443 3mg;
2348 4313 2476 4443 ndice
2513 4387 2668 4442 Abia.
2700 4387 2916 4459 (Br-1m.)
2951 4387 3109 4455 Abia,
3137 4387 3297 4443 Pater
3323 4389 3604 4458 Dominus,
3630 4400 3768 4461 etc.,

569 4454 736 4511 Vens.
784 4457 839 4512 3.
870 4488 941 4496 —
968 4454 1178 4511 Omnia.
1209 4447 1477 4531 (ln.)“Non
1503 4459 1684 4514 omnia
1712 4475 1832 4531 quae
1858 4475 2076 4517 assecu-

2192 4497 2341 4551 itsque
2372 4482 2441 4535 ait
2481 4479 2625 4536 sicut
2648 4447 2747 4550 per
2773 4447 2982 4550 septem
3020 4479 3422 4536 Testamentum
3454 4447 3771 4539 declaratur

498 4559 609 4615 tus,
638 4550 732 4604 sed
761 4549 828 4605 de
856 4550 1107 4606 omnibus
1136 4566 1255 4620 quae
1276 4551 1343 4606 ad
1369 4550 1529 4607 ﬁdem
1564 4551 1854 4623 legentium
1885 4556 2079 4612 conﬁr-

497 4638 749 4696 mandam
777 4639 949 4695 credit
976 4640 1186 4696 idonea.
1210 4640 1291 4696 Ex
1316 4642 1558 4698 consulto
1586 4643 1729 4699 enim
1751 4645 1918 4701 multa
1946 4664 2077 4719 prm-

499 4728 647 4795 terit,
678 4746 797 4802 quae
821 4731 911 4787 alii
938 4732 1143 4799 dicunt,
1172 4741 1231 4788 ut
1263 4734 1476 4791 diversa
1504 4736 1557 4791 in
1580 4736 1873 4810 Evangelio
1901 4741 2077 4812 gratia

497 4822 810 4894 refulgeret,
834 4832 887 4880 ct
916 4826 1146 4898 propriis
1170 4827 1489 4898 quibusdam
1514 4829 1635 4885 libri
1663 4832 1856 4904 singuli
1878 4842 2079 4905 myste-

499 4912 706 4968 riorum
735 4923 1122 4987 gestorumque
1146 4919 1408 4975 miracula
1428 4921 1749 4979 eminerent.
1776 4923 2074 4995 Theophila.

501 5003 849 5075 Theophilus,
879 5023 1065 5065 amans
1092 5009 1283 5078 Deum,
1313 5021 1443 5078 etc.,
1471 5028 1634 5085 usque
1676 5014 1747 5069 ad
1773 5015 1931 5071 ﬁdem
1957 5032 2080 5086 per-

498 5102 675 5165 petua:
703 5097 999 5154 divinitatis
1017 5108 1074 5154 et
1101 5110 1463 5172 temporaneas
1486 5104 1906 5176 diSpcnsationis
1936 5106 2079 5164 illius

501 5187 662 5245 debet
686 5191 933 5247 ordinem
958 5208 1139 5249 nosse.

1015 5282 1240 5342 CAPUT
1277 5262 1565 5345 ennium.

572 5391 735 5449 Vens.
768 5394 822 5448 5.
849 5426 921 5436 -—
941 5394 1071 5452 Fuit
1106 5399 1162 5452 in
1197 5399 1377 5456 diebus
1418 5399 1646 5458 Herodis
1686 5405 1819 5476 regis
1849 5405 2074 5463 Judww.

501 5479 721 5556 (Anan)
746 5484 957 5544 Vitulus
978 5490 1329 5547 sacerdotalis
1354 5492 1552 5549 hostia.
1576 5493 1683 5550 Per
1700 5495 1925 5551 vitulum
1949 5512 2079 5569 ergo

500 5574 607 5629 hoc
640 5573 990 5647 Evangelium
1021 5581 1300 5651 ﬁguratur,
1332 5583 1384 5637 in
1409 5599 1516 5654 quo
1548 5601 1578 5640 a
1604 5587 1976 5645 sacerdotibus
1997 5590 2078 5646 in-

503 5668 745 5734 choatur,
772 5679 827 5724 et
857 5671 910 5726 in
937 5672 1106 5728 vitulo
1158 5686 1597 5744 consummatur,
1620 5678 1675 5735 id
1704 5687 1786 5737 est
1838 5681 1892 5735 in
1921 5680 2079 5738 Chri-

503 5769 607 5827 sto,
640 5762 729 5833 qui
757 5779 857 5835 pro
883 5765 1064 5821 mundi
1093 5765 1199 5820 vita
1228 5764 1560 5822 immolatur.

2182 4570 2371 4627 Vetus.

2251 4663 2546 4718 Elizabetlt.
2598 4664 2901 4729 Elizabeth,
2954 4664 3050 4721 Dei
3096 4668 3201 4723 mei
3250 4668 3532 4737 saturitas,
3588 4670 3770 4741 signat

2179 4753 2403 4810 Mariam
2426 4770 2546 4825 qua:
2573 4754 2731 4825 plena
2760 4754 2872 4811 Deo
2892 4755 3014 4810 fuit.

2257 4866 2418 4925 Vens.
2470 4867 2523 4924 6.
2577 4900 2645 4910 —
2690 4868 2862 4924 Erant
2901 4881 3073 4926 autem
3109 4873 3281 4926 ambo.
3337 4873 3526 4945 (Βεω,
3563 4875 3767 4948 Anan.)

2182 4961 2344 5018 Plena
2371 4961 2610 5017 laudatio
2654 4977 2774 5033 qua:
2813 4977 2982 5034 genus
3026 4963 3078 5017 in
3122 4963 3453 5034 majoribus,
3492 4982 3677 5024 mores
3709 4968 3766 5023 in

2178 5051 2454 5121 aequitate,
2477 5049 2712 5107 oﬁicium
2749 5051 2802 5106 in
2840 5052 3179 5119 sacerdotio,
3211 5055 3414 5110 factum
3443 5056 3497 5112 in
3535 5059 3766 5114 manda-

2180 5142 2272 5207 tis,
2291 5140 2555 5211 jndicium
2585 5143 2638 5197 in
2662 5141 3140 5213 justiﬁcationibus
3166 5148 3597 5217 comprehendit.
3623 5150 3770 5204 Iusti

2178 5244 2299 5289 ante
2321 5234 2510 5289 Deum.
2541 5234 2762 5308 (Anam)
2801 5236 2918 5291 Non
2946 5237 3091 5293 enim
3122 5240 3300 5294 omnis
3336 5241 3426 5310 qui
3462 5241 3646 5310 justus
3685 5251 3768 5297 est

2177 5336 2304 5381 ante
2349 5327 2599 5383 homines
2638 5327 2818 5397 justus
2851 5335 2935 5382 cst
2989 5338 3115 5383 ante
3163 5329 3369 5396 Deum;
3416 5332 3577 5386 aliter
3619 5333 3766 5388 enim

2175 5415 2363 5470 vident
2386 5415 2654 5482 homines,
2683 5417 2842 5472 aliter
2859 5416 3004 5472 Deus
3039 5436 3051 5472 :
3082 5420 3331 5475 homines
3353 5420 3406 5474 in
3429 5419 3591 5488 facie,
3622 5422 3765 5478 Deus

2179 5502 2234 5560 in
2264 5504 2448 5561 corde.
2472 5506 2703 5577 Ideoque
2726 5505 2841 5562 ﬁeri
2872 5515 3072 5576 potest,
3097 5517 3157 5562 ut
3177 5508 3373 5580 aliquis
3396 5508 3646 5566 aﬂ‘ectata
3673 5512 3768 5568 bo-
3854 5556 3855 5563 η

2164 5590 2347 5652 nitate
2390 5596 2635 5668 pepulari
2672 5597 2852 5668 justus
2897 5599 3145 5653 videatur
3175 5600 3331 5666 mihi,
3365 5598 3544 5670 justus
3586 5610 3762 5657 tamen

2178 5703 2285 5743 non
2316 5689 2387 5741 sit
2414 5695 2538 5742 ante
2560 5687 2753 5754 Deum,
2793 5689 2838 5744 si
2866 5687 3079 5758 justitia
3107 5705 3216 5745 non
3243 5706 3308 5746 ex
3335 5692 3536 5748 mentis
3555 5693 3766 5765 simpli-

2181 5779 2343 5834 citate
2367 5776 2649 5847 formetur,
2679 5781 2773 5838 sed
2796 5780 3108 5840 adulatione
3137 5784 3442 5840 simuletur.
