3960 6336
222 425 333 483 2ιῦ

1210 416 1475 481 GLOSSA
1508 414 1904 476 ORDINARIA.
1944 444 2011 453 -η
2050 411 2299 469 EVANG.
2340 410 2496 469 LUC.

3360 404 3467 459 216

297 539 465 595 Vens.
492 538 545 592 Ἰ,
562 566 633 576 -ο
655 534 721 590 Et
744 553 845 592 non
865 546 975 591 erat
998 537 1121 591 illis.
1150 534 1362 606 (Bem.)
1387 535 1652 590 Divinitus
1672 548 1798 603 pro-

1942 545 2081 610 ertit,
2104 552 2232 607 etc.,
2262 560 2424 615 usque
2444 543 2512 597 ad
2544 539 2655 595 fere
2677 541 2864 594 eadem
2893 535 3056 589 verba
3085 532 3204 602 qua:
3245 535 3466 602 angelus

226 638 479 686 curatum
503 626 631 693 fuit,
660 634 721 682 ut
747 627 812 683 de
832 628 1100 700 provectis
1126 627 1324 697 diuque
1362 627 1534 682 fructu
1568 624 1800 697 coniugii

222 723 456 796 privatis
481 721 716 778 Joannes
743 731 1076 788 nasceretur,
1101 729 1159 777 ut
1188 721 1459 794 inopinato
1487 728 1607 774 ortu
1635 717 1802 788 prolis

225 824 284 872 et
314 817 458 887 ipsos
480 815 676 870 donum
699 813 795 869 Dei
820 815 1027 884 gratius
1055 813 1288 869 alliceret
1310 855 1324 878 ,
1362 821 1415 869 et
1442 822 1665 869 caeteros
1688 819 1802 867 stu—

224 921 332 977 por
357 904 601 961 miraculi
631 914 848 975 pararet
876 905 1079 963 auditui
1110 903 1272 960 futuri
1298 905 1609 976 prophetiae.
1648 903 1803 960 Unde

227 1006 421 1069 postea
459 996 705 1053 subditur
737 1016 749 1052 :
792 995 1087 1053 Posuerunt
1117 1014 1291 1052 omnes
1330 998 1420 1069 qui
1448 998 1721 1052 audierant
1749 997 1803 1051 in

229 1089 389 1143 corde
407 1105 503 1142 suo
530 1087 757 1141 dicentes
785 1105 798 1141 :
827 1088 955 1154 Quis
976 1097 1128 1158 putas
1150 1104 1279 1158 puer
1296 1088 1391 1142 iste
1418 1089 1555 1142 erit?

303 1176 469 1234 Vens.
496 1179 550 1235 8.
573 1210 641 1218 -—
667 1177 889 1233 Factum
929 1189 1002 1233 est
1039 1189 1230 1233 autem.
1271 1178 1402 1235 Cum
1432 1195 1499 1235 ex
1535 1188 1805 1250 praecepto

230 1268 403 1341 Moysi
442 1284 549 1324 uno
569 1269 847 1325 sacerdote
874 1270 1164 1326 decedente
1189 1312 1203 1335 ,
1239 1287 1378 1326 unus
1408 1273 1697 1327 succedere
1712 1271 1804 1343 ju-

231 1362 461 1427 beatur,
492 1371 733 1432 tempore
759 1363 925 1419 David
950 1372 1209 1420 statutum
1241 1373 1323 1420 est
1354 1373 1413 1420 ut
1433 1365 1669 1420 vicissim
1702 1364 1803 1418 mi-

232 1455 532 1510 nistrantes
560 1470 657 1525 per
683 1465 909 1512 octonos
946 1457 1060 1512 dies
1098 1471 1128 1511 a
1150 1457 1374 1512 sabbato
1405 1473 1573 1527 usque
1596 1458 1662 1511 ad
1686 1458 1807 1512 sab-

230 1542 422 1597 batum
495 1551 736 1613 tempore
807 1545 943 1601 vicis
1006 1562 1152 1611 suae,
1214 1548 1408 1618 singuli
1476 1549 1808 1603 castimonia:

232 1627 516 1688 st'derent
533 1675 547 1699 ,
579 1649 680 1690 nec
700 1635 920 1690 ‘interea
950 1637 1165 1692 domum
1192 1646 1489 1708 tangerent.

227 1714 234 1723 ’
305 1720 470 1778 Vens.
499 1723 553 1779 9.
586 1755 659 1764 —
697 1724 867 1780 Sorte.
918 1725 1129 1800 (θεολ.)
1162 1728 1273 1783 Non
1327 1745 1460 1784 nova
1492 1739 1615 1785 tunc
1664 1738 1808 1787 sorte

232 1810 462 1877 electus,
489 1814 701 1883 quando
728 1815 1006 1870 incensum
1027 1826 1145 1872 erat
1174 1818 1516 1885 adolendum,
1547 1826 1678 1885 etc.,
1711 1836 1802 1873 us-

231 1918 335 1971 que
373 1902 443 1956 ad
468 1903 779 1973 praedicitur
801 1905 925 1959 dum
955 1906 1042 1961 ille
1060 1908 1393 1979 promittitur
1411 1923 1799 1978 praecursurus.

314 1990 473 2048 Vens.
503 1994 587 2048 l2.
611 2024 679 2034 --
707 1995 777 2048 Et
814 1994 1103 2051 Zacharias
1143 1998 1379 2055 turbatus
1410 2008 1485 2052 est
1520 1998 1729 2064 videns,
1759 2007 1807 2053 et

236 2085 398 2137 timor
429 2084 585 2138 irruit
611 2103 769 2156 super
788 2103 925 2152 eum,
956 2095 1062 2142 etc.
1089 2087 1308 2160 (Anam)
1334 2087 1582 2144 Solemus
1605 2088 1807 2145 turbari

235 2181 297 2228 et
334 2189 363 2228 a
403 2184 589 2230 nostro
628 2175 822 2232 allecto
865 2177 1091 2233 alienari
1136 2181 1350 2248 quando
1399 2181 1811 2253 perstringimur

234 2264 538 2334 superioris
573 2266 858 2336 potestatis
893 2282 1146 2323 occursu.
1176 2268 1284 2324 Sed
1311 2271 1451 2326 sicut
1473 2271 1692 2326 humani
1720 2271 1810 2327 de-

228 2356 418 2412 fectus
436 2366 521 2412 est
540 2358 750 2425 terreri,
776 2358 849 2413 ita
870 2361 1123 2430 angelica:
1145 2361 1495 2433 benignitatis
1515 2368 1597 2417 est
1616 2377 1812 2431 paven-

234 2455 351 2501 tem
388 2464 485 2503 suo
526 2457 744 2520 aspectu
792 2449 1115 2519 blandiendo
1149 2452 1340 2519 solari;
1376 2462 1583 2517 contra,
1611 2454 1811 2509 daemo-

237 2553 375 2605 nes,
440 2540 486 2595 si
549 2554 687 2611 quos
745 2556 841 2596 sua
899 2546 1186 2614 praesentia
1244 2545 1467 2600 territos
1521 2545 1809 2610 senserint,

238 2630 507 2700 ampliore
532 2634 760 2689 horrore
787 2636 1123 2691 concutiunt.

316 2722 473 2780 Vens.
506 2727 590 2782 15.
613 2729 963 2794 -——Quoniam
987 2730 1234 2784 exaudita
1264 2739 1339 2784 est
1374 2730 1665 2801 deprecatio
1689 2739 1813 2784 tua:

238 2825 292 2870 et
331 2831 465 2869 uxor
483 2825 574 2870 tua
599 2816 872 2874 Elizabeth
894 2821 1059 2889 pariet
1080 2821 1172 2874 tibi
1190 2819 1361 2889 ﬁlium
1378 2860 1393 2885 ,
1424 2830 1473 2875 et
1493 2819 1698 2874 v'ocabis
1724 2836 1817 2874 no-

240 2925 364 2962 men
392 2909 527 2978 ejus.
558 2910 822 2968 Exaudita
852 2921 937 2969 est
964 2913 1135 2984 magis
1162 2929 1323 2983 quam
1351 2912 1552 2983 petisti.
1592 2912 1815 2984 Rogasti

235 3014 345 3069 pro
371 2999 690 3058 liberatione
714 3003 909 3073 plebis,
934 3012 987 3058 et
1011 3005 1239 3060 donatus
1259 3013 1345 3060 est
1366 3004 1460 3059 tibi
1492 3018 1813 3074 praecursor.

316 3092 541 3165 (Anam)
572 3094 732 3150 Multa
772 3096 951 3151 divina
980 3096 1239 3151 beneﬁcia
1270 3096 1358 3151 hic
1387 3102 1509 3150 sunt
1540 3100 1815 3164 congesta.

238 3184 490 3281 Primum
510 3225 524 3251 ,
555 3186 949 3281 deprecationis
978 3186 1182 3241 fructus
1200 3228 1214 3250 ,
1246 3186 1438 3241 deinde
1467 3184 1669 3241 sterilis
1689 3200 1817 3255 par-
1849 3218 1894 3281 Ο

239 3282 356 3329 tus.
391 3273 526 3327 Tum
567 3273 751 3329 Iustitia
787 3274 1140 3344 plurimorum
1161 3316 1175 3338 ,
1218 3282 1274 3329 et
1309 3274 1620 3344 magnitudo
1648 3274 1819 3327 virtu-

241 3366 342 3428 tis,
364 3362 625 3419 Altlssimi
656 3364 818 3419 etiam
842 3365 1123 3435 prophetia
1149 3365 1499 3436 promittitur.
1518 3363 1824 3432 Quinetiam

244 3470 319 3510 ne
363 3469 471 3525 qua
514 3463 659 3509 esset
706 3455 993 3521 dubitatio,
1040 3454 1202 3510 futuri
1253 3470 1449 3511 nomen
1489 3455 1823 3524 designatur.

246 3545 440 3599 Tantis
477 3545 641 3615 igitur
664 3561 823 3615 supra
849 3555 1030 3600 votum
1052 3545 1344 3608 liuentibus
1364 3586 1377 3611 ,
1411 3561 1515 3600 non
1556 3545 1827 3600 immerito

248 3633 546 3691 difﬁdentia
568 3650 732 3705 poena
767 3635 1020 3707 plectitur
1039 3635 1258 3691 silentii.

322 3728 488 3782 Vens.
522 3726 605 3781 l4.
634 3758 705 3768 —
729 3727 792 3781 Et
821 3728 918 3782 erit
944 3727 1338 3798 gaudium,etc.
1370 3724 1582 3798 (Βευλ.)
1626 3726 1827 3796 Singu-

247 3820 387 3876 laris
441 3820 619 3876 meriti
664 3828 748 3876 est
783 3820 1038 3874 indicium
1087 3818 1300 3889 quoties
1323 3818 1631 3873 hominibus
1660 3832 1690 3871 a
1719 3817 1827 3871 Deo

250 3910 339 3967 vel
366 3912 660 3982 imponitur
682 3926 900 3977 nomen,
925 3910 1011 3965 vel
1061 3918 1319 3971 mutatur,
1370 3917 1503 3970 etc.,
1546 3923 1707 3978 usque
1759 3906 1828 3959 ad

252 4000 385 4070 quia
424 4000 513 4056 hic
538 4001 767 4056 salutem
794 4001 977 4057 multis
1006 4000 1289 4070 praedicat,
1312 3999 1401 4056 ille
1421 4014 1553 4054 vero
1579 3997 1829 4053 omnibus

253 4094 369 4148 dat.
403 4091 622 4163 (Anam)
654 4090 917 4146 Gaudium
938 4100 984 4146 et
1005 4090 1303 4145 exsultatio.
1336 4089 1617 4146 Monentur
1637 4103 1831 4158 paren-

255 4192 343 4239 tes
370 4198 475 4238 non
507 4184 684 4239 minus
708 4183 912 4255 gratias
952 4198 1130 4255 agere,
1157 4191 1285 4246 etc.,
1330 4197 1492 4253 usque
1521 4180 1590 4233 ad
1628 4186 1831 4233 matres

254 4274 387 4345 quia
417 4274 759 4330 honorantur
785 4274 1023 4344 praemiis
1050 4272 1305 4344 coniugii.

335 4364 495 4420 Vens.
531 4366 693 4420 15.--
720 4365 910 4420 Vinum
940 4375 987 4420 et
1009 4365 1368 4431 siceram,etc.
1388 4362 1601 4435 (Bt-mn.)
1628 4361 1831 4433 Magna:

255 4474 449 4515 coram
492 4457 601 4513 Deo
628 4457 842 4513 virtutis
885 4466 969 4513 est
1015 4458 1309 4529 praedicare
1357 4455 1410 4510 in
1454 4454 1669 4510 deserto
1696 4468 1830 4525 gau—

1906 633 1971 689 de
1991 632 2213 695 Joanne,
2242 633 2468 697 Malach,
2500 631 2748 702 praedixit
2777 631 2843 687 de
2868 630 3003 685 Elia.

1978 722 2144 803 Vens.
2170 720 2499 787 18.—Unde,
2525 731 2628 776 ctc.
2656 720 2777 793 (1ο.)
2803 720 2860 775 Si
2884 720 3043 775 homo
3067 728 3209 776 esset
3236 718 3326 789 qui
3350 731 3470 787 pro-
3546 704 3549 705 ν

1903 812 2171 878 mittebat,
2194 813 2412 882 impune
2437 810 2625 866 liceret
2645 824 2887 880 quaerere
2909 811 3140 878 signum,
3165 818 3295 873 etc.,
3310 820 3470 876 usque

1903 901 1972 955 ad
1997 909 2052 958 et
2079 900 2408 956 inﬁdelitatis
2432 907 2573 955 esset
2602 912 2759 969 ptena
2786 913 2945 968 quam
2973 897 3188 952 meruit.
3536 884 3543 891 ’

1974 992 2136 1047 Vens.
2172 991 2258 1045 i9.
2289 1020 2359 1030 —
2385 990 2515 1044 Ante
2538 988 2725 1042 Deum.
2773 984 2896 1059 (Ιυ.)
2928 985 3060 1041 Cum
3110 985 3177 1040 ad
3234 998 3333 1038 nos
3377 996 3472 1035 ve-

1905 1083 2060 1137 niunt
2089 1081 2284 1152 angeli,
2328 1081 2407 1135 sic
2443 1078 2680 1134 exterius
2722 1077 2946 1146 implent
3002 1073 3384 1138 ministerium,
3412 1078 3475 1125 ut

1906 1182 2085 1228 tamen
2110 1179 2236 1226 ante
2268 1172 2433 1225 Deum
2460 1170 2687 1224 interius
2730 1181 2826 1237 per
2856 1164 3360 1236 contemplationem
3390 1176 3475 1215 as-

1906 1265 2118 1321 sistant.
2159 1262 2294 1330 Quia
2324 1263 2423 1318 etsi
2474 1261 2695 1333 angelus
2740 1267 2833 1316 'est
2885 1259 3107 1329 spiritus
3160 1253 3475 1312 circonscri-

1907 1366 2052 1427 ptus,
2081 1369 2320 1411 summus
2371 1350 2592 1422 spiritus
2634 1349 2726 1421 qui
2760 1351 2899 1405 Deus
2950 1355 3057 1409 est,
3100 1340 3480 1400 incirconscria

1907 1455 2032 1518 plus
2059 1454 2166 1510 est,
2205 1445 2347 1498 intra
2377 1457 2537 1513 quem
2571 1441 2744 1496 currit
2780 1438 3001 1511 angelus
3024 1449 3344 1507 quocunque
3362 1446 3478 1487 meo

1907 1545 2101 1594 veatur
2122 1537 2203 1590 vel
2228 1536 2489 1590 mittatur.
3004 1550 3007 1551 '

1977 1626 2137 1681 Vens.
2165 1622 2347 1681 21—-
2369 1622 2436 1677 Et
2459 1625 2566 1693 ipse
2586 1633 2696 1677 erat
2729 1622 2949 1676 innitens
2975 1619 3099 1683 illis,
3122 1626 3169 1672 et
3192 1613 3477 1686 permansit

1907 1717 2343 1781 mutus,etc.Sine
2354 1729 2484 1770 voce
2497 1714 2803 1784 corporales
2817 1719 2966 1766 actus
2982 1709 3218 1764 indicare
3232 1704 3477 1764 moliens;

1910 1822 2008 1863 nec
2043 1808 2351 1877 exprimens
2392 1804 2740 1859 voluntatem.
2771 1801 2870 1856 Cui
2902 1799 3092 1855 similis
3127 1787 3353 1868 populus
3385 1792 3481 1848 Ju—

1835 1877 1882 1937 n
1910 1901 2167 1965 dteoruin,
2192 1905 2407 1953 actuum
2438 1911 2655 1952 suorum
2676 1895 2942 1962 impotens
2961 1889 3184 1945 reddere
3196 1886 3480 1943 rationem.

1976 1990 2138 2046 Vens.
2165 1988 2253 2043 25.
2290 2017 2354 2028 -—
2382 1985 2448 2040 Ut
2479 1984 2675 2055 impleti
2708 1992 2849 2046 sunt,
2874 1989 2978 2037 etc.
3010 1979 3145 2047 Quia
3194 1975 3329 2032 vicis
3373 1985 3491 2027 sua:

1908 2091 2165 2151 tempore,
2194 2078 2474 2151 pontiﬁces
2498 2075 2680 2145 templi
2709 2082 2918 2129 tantum
2951 2068 3139 2126 oﬂieiis
3168 2062 3491 2133 mancipati,

1910 2187 2014 2227 non
2057 2172 2230 2227 solum
2253 2184 2281 2223 a
2303 2167 2581 2239 complexu
2607 2179 2859 2229 uxorum,
2897 2162 2991 2218 sed
3033 2160 3197 2215 etiam
3234 2174 3264 2213 a
3301 2157 3484 2211 domor

1909 2280 2027 2320 rum
2055 2265 2296 2335 ingressu
2330 2259 2689 2317 abstinebant.
2720 2254 2931 2311 Nostris
2963 2260 3142 2306 autem
3192 2245 3489 2304 sacerdoti-

1910 2359 2011 2413 bus
2034 2358 2228 2426 quibus
2258 2369 2367 2410 non
2416 2351 2647 2408 carnalis
2700 2345 2991 2408 successio,
3046 2341 3141 2398 sed
3191 2335 3489 2409 spiritualis

1910 2447 2174 2519 perfectio
2195 2445 2474 2517 quaeritur,
2502 2442 2591 2512 qui
2630 2438 2868 2510 quotidie
2902 2441 3098 2507 praesto
3129 2430 3325 2487 debent
3367 2440 3487 2482 esse

1912 2539 2089 2604 altari,
2124 2545 2379 2608 perpetua
2409 2535 2632 2591 castitas
2661 2530 2935 2587 indicitur.

1964 2628 2221 2683 Vsusﬂd.
2236 2657 2306 2668 ——
2320 2624 2647 2681 Occultabat.
2665 2620 2883 2694 (Auum)
2897 2616 3143 2674 Occultat
3163 2613 3287 2683 quia
3301 2610 3487 2681 partit!
3576 2671 3581 2675 _

1914 2721 1996 2777 sui
2013 2712 2283 2775 erubescit
2295 2725 2530 2782 aetatem,
2544 2722 2647 2770 etc.
2659 2754 2675 2779 ,
2689 2727 2850 2783 usque
2860 2709 2928 2762 ad
2944 2720 3118 2776 neque
3133 2704 3277 2759 enim
3292 2717 3355 2758 ea
3372 2714 3490 2770 quat

1917 2810 2137 2866 senilem
2154 2823 2259 2862 non
2275 2808 2618 2863 erubesceret
2641 2803 2865 2865 coitum,
2891 2797 3235 2853 erubesceret
3250 2801 3486 2862 partum.
3560 2828 3579 2847 .

1985 2901 2148 2956 Vens.
2176 2899 2343 2953 25.——
2356 2896 2494 2963 Quia
2517 2897 2591 2949 sic
2614 2894 2752 2964 fecit.
2775 2888 2989 2961 (Βευλ.)
3006 2887 3169 2943 Grata
3195 2881 3482 2943 sunthaec,

1918 2991 2092 3060 inquit
2140 2989 2376 3044 Joannes
2419 2985 2857 3055 Chrysostbmus,
2888 2987 3023 3042 etc.,
3053 2990 3214 3045 usque
3242 2971 3311 3027 ad
3364 2968 3493 3041 quia

1918 3096 2018 3153 per
2045 3082 2219 3152 ipsum
2264 3077 2479 3133 alllictio
2505 3073 2837 3146 paenitentia:
2858 3077 2976 3125 erat
3000 3064 3358 3139 praedicanda.

1994 3171 2157 3226 Vens.
2170 3168 2363 3223 26.—I
2371 3185 2404 3221 η
2416 3180 2589 3221 mense
2603 3174 2775 3218 autem
2789 3155 3161 3230 sexto.(l-ltsn.)
3176 3154 3329 3211 Sicut
3343 3160 3495 3211 sexto

1926 3276 2110 3317 mense
2138 3261 2336 3317 missus
2361 3265 2445 3313 est
2472 3256 2687 3312 Gabriel
2713 3253 2933 3324 angelus
2955 3267 2984 3304 a
3004 3250 3114 3305 Deo
3135 3248 3201 3303 in'
3223 3246 3495 3301 civitatem

1923 3353 2175 3418 Galilaete,
2214 3351 2290 3405 ita
2336 3357 2490 3405 sexto
2544 3344 2842 3402 millenario
2891 3340 3088 3395 missus
3116 3344 3199 3392 est
3227 3335 3494 3395 Christus.

1998 3441 2228 3499 Gabriel.
2255 3437 2470 3512 (Βευλ.)
2505 3438 2629 3493 Ideo
2658 3433 2841 3506 angeli
2863 3447 2931 3488 ex
2969 3429 3188 3485 nomine
3207 3421 3499 3494 aliquando

1926 3537 2231 3605 signantur,
2275 3539 2335 3586 ut
2369 3545 2437 3585 ex
2473 3530 2590 3601 ipso
2618 3527 2836 3582 nomine
2864 3522 2995 3593 quid
3023 3516 3380 3575 ministraturi
3404 3528 3492 3605 ve,-

1925 3603 2096 3689 niant,
2134 3624 2550 3678 demonstretur.
2578 3616 2794 3675 Gabriel
2831 3611 3089 3669 fortitudo
3108 3609 3223 3674 Dei,
3272 3605 3401 3677 quia
3429 3603 3494 3659 il-

1928 3716 2036 3770 lum
2058 3713 2270 3769 nuntiat
2306 3712 2398 3783 qui
2421 3712 2490 3766 ad
2512 3707 2888 3766 debellandum
2920 3701 3191 3759 diabolum
3219 3697 3491 3754 veniebat.

1998 3804 2163 3860 Vens.
2186 3802 2275 3856 27.
2311 3833 2381 3842 —
2410 3799 2491 3853 Ad
2519 3797 2786 3868 virginem.
2821 3793 3011 3849 Mulier
3042 3806 3072 3845 a
3107 3786 3317 3845 diabolo
3347 3783 3501 3845 sedu-

1927 3903 2014 3949 cta
2039 3896 2269 3948 mortem
2302 3889 2478 3945 intulit
2504 3906 2518 3942 :
2558 3895 2751 3943 contra
2782 3882 2974 3939 mulier
3002 3880 3071 3935 ab
3090 3875 3283 3948 angelo
3307 3874 3501 3931 educta

1931 3985 2159 4043 salutem
2185 3982 2374 4037 edidit.

2002 4078 2166 4133 Vens.
2196 4074 2284 4129 28.
2318 4102 2387 4113 ——
2416 4069 2669 4125 Dominus
2696 4077 2883 4121 tecum.
2915 4061 3087 4129 Quam
3115 4070 3252 4113 novo
3274 4053 3501 4110 castita-

1931 4170 2001 4225 tis
2028 4180 2212 4222 amore
2235 4164 2303 4219 ad
2325 4162 2566 4219 caelestia
2597 4157 2831 4221 sustulit,
2873 4162 2927 4209 et
2954 4159 3076 4222 post
3104 4149 3375 4205 mediante
3402 4145 3502 4199 hu-

1932 4273 2091 4314 mana
2108 4263 2323 4319 natura,
2337 4253 2481 4309 omni
2497 4248 2827 4323 plenitudine
2842 4242 3138 4302 divinitatis
3148 4235 3503 4295 consecravit.

1933 4347 2213 4403 Benedicta
2229 4353 2284 4398 tu
2318 4344 2373 4397 in
2394 4340 2717 4397 mulieribus.
2744 4336 2896 4405 Quae,
2910 4335 3029 4390 sine
3048 4327 3291 4399 exemplo
3312 4324 3505 4381 mulie-

1933 4440 2047 4496 bris
2068 4435 2410 4500 eonditionis,
2427 4443 2481 4489 et
2500 4432 2654 4503 virgo
2668 4438 2724 4487 et
2740 4438 2915 4483 mater
2926 4432 3029 4487 est,
3045 4430 3099 4477 et
3112 4421 3281 4476 Deum
3300 4413 3505 4486 genuit.

258 4504 449 4515 ..ν-...η
493 4504 598 4513 --ν
888 4504 969 4513 ---
1015 4504 1307 4529 ,......-_--
1458 4504 1663 4510 ---πη
1697 4504 1799 4525 9----

258 4550 350 4606 dia
380 4548 645 4615 cmlcstia,
672 4557 800 4616 etc.,
819 4565 976 4620 usque
988 4549 1057 4601 ad
1071 4547 1244 4615 etiam
1260 4543 1820 4616 eratSpiritusgratize.

2006 4532 2167 4598 Vsus.
2189 4528 2278 4584 29.
2306 4557 2374 4568 -
2404 4524 2636 4580 Turbata
2680 4530 2777 4586 est,
2819 4526 2923 4575 etc.
2975 4515 3110 4583 Quia
3154 4509 3430 4568 nesciebat
3456 4504 3504 4563 si

334 4639 502 4696 Vens.
556 4640 641 4695 16.
697 4671 766 4680 -—
830 4639 895 4695 Et
935 4637 1380 4707 multos-ﬁliorum
1406 4636 1575 4691 Israel
1616 4651 1831 4690 conver-

259 4745 355 4791 tet.
374 4733 498 4805 (ln.)
513 4732 645 4787 Cum
656 4732 894 4787 Joannes
917 4729 1133 4786 Christo
1149 4727 1511 4784 testimonium
1526 4726 1847 4797 perhibcns,

259 4828 317 4882 in
348 4824 455 4880 ﬁde
477 4824 675 4880 Christi
708 4824 1007 4892 baptizans,
1028 4821 1238 4875 dicatur
1256 4819 1391 4874 ﬁlios
1406 4818 1569 4873 Israel
1583 4818 1648 4872 ad
1668 4818 1836 4872 Deum

257 4918 620 4984 convertisse,
666 4923 811 4988 patet
860 4915 1131 4971 Christum
1170 4926 1289 4967 esse
1336 4909 1621 4965 Dominum
1669 4908 1836 4963 Deum

258 5011 452 5070 Israel.
662 5084 667 5087 1

338 5103 505 5159 Vens.
570 5103 653 5157 17.
710 5132 778 5141 -
827 5098 1091 5154 Pra'cedet
1114 5106 1252 5151 ante.
1319 5093 1442 5168 (1ο.)
1507 5091 1658 5149 Sicut
1695 5089 1839 5144 Elias

260 5209 447 5267 prmco
466 5193 685 5263 judicis,
715 5200 844 5254 etc.,
873 5206 1033 5260 usque
1059 5188 1126 5243 ad
1148 5187 1234 5242 ille
1255 5202 1377 5241 cum
1419 5200 1483 5241 eo
1521 5180 1839 5237 manifesta-

265 5296 357 5343 tur
383 5287 437 5341 in
464 5284 652 5355 gloria.
696 5281 763 5336 In
790 5281 978 5353 spiritu
999 5287 1045 5333 et
1071 5279 1273 5333 virtute.
1304 5272 1524 5345 (Auum)
1552 5272 1695 5325 Bene
1715 5268 1839 5339 jun-

264 5385 469 5450 guntur
488 5375 681 5446 spiritu
703 5382 759 5429 et
780 5372 1002 5426 virtute.
1028 5368 1143 5424 Non
1178 5367 1320 5422 enim
1362 5364 1478 5419 sine
1508 5363 1703 5416 virtute
1733 5360 1841 5430 spi-

266 5469 430 5533 ritus,
458 5482 557 5521 nec
587 5464 704 5520 sine
738 5461 932 5534 spiritu
960 5460 1132 5514 virtus
1156 5466 1257 5513 est.
1289 5455 1434 5510 Elias
1456 5454 1709 5508 virtutem
1745 5450 1839 5505 ha-

263 5558 389 5616 buit
412 5555 775 5619 abstinentiae,
832 5561 889 5608 et
937 5549 1224 5621 patientiae,
1274 5554 1328 5601 et
1357 5541 1700 5601 convertendi
1727 5538 1841 5596 ani-

268 5666 392 5707 mos
418 5647 735 5720 populorum
765 5661 795 5699 a
817 5642 1040 5714 perﬁdia
1066 5640 1135 5697 ad
1169 5639 1353 5704 ﬁdem,
1380 5632 1632 5708 spiritum
1659 5640 1841 5688 autem

268 5738 626 5814 prephetandi
656 5734 862 5793 habuit.

348 5829 789 5896 Convertat,etc.,
808 5820 1205 5897 (Ben.t.)Corda
1232 5828 1443 5892 patrum
1471 5819 1524 5875 iu
1554 5816 1690 5879 ﬁlios
1716 5830 1842 5872 con-

1938 4623 2274 4698 praeteritum
2308 4635 2377 4675 an
2409 4618 2650 4673 futurum
2673 4621 2836 4678 esset,
2868 4610 3009 4681 quod
3036 4606 3260 4677 angelus
3279 4601 3432 4659 dixit.

2010 4718 2173 4773 Vsus.
2200 4714 2289 4769 30.
2307 4744 2378 4754 —
2409 4711 2475 4766 Et
2501 4711 2578 4764 ait
2607 4706 2821 4779 angelus
2856 4705 2903 4758 ei
2929 4717 2947 4755 :
2977 4702 3058 4756 Ne
3083 4701 3286 4762 timeas,
3312 4694 3507 4749 Maria.

1940 4810 2234 4867 Turbatam
2250 4805 2465 4861 insolita
2479 4801 2802 4858 salutatione
2819 4796 2975 4867 quasi
2994 4791 3313 4853 familiarius
3326 4795 3511 4865 notam

1939 4908 2101 4957 vocat
2134 4912 2201 4954 ex
2241 4896 2481 4953 nomine.
2526 4892 2604 4947 Ne
2649 4892 2836 4945 timeat
2868 4885 3043 4955 jubet,
3068 4890 3125 4938 et
3149 4892 3319 4951 quare
3339 4875 3513 4947 gratia

1940 4993 2156 5064 plenam
2181 4986 2479 5051 vocaverit,
2510 4981 2724 5054 plenius
2746 4977 2997 5049 explicat.

2014 5084 2175 5139 Vsus.
2199 5080 2288 5134 51.
2315 5108 2385 5119 -—
2412 5053 2613 5131 Iesum.
2635 5071 2793 5127 Jesus
2820 5065 3068 5128 salvator,
3100 5061 3214 5116 sive
3260 5053 3520 5113 salutaris

1938 5172 2156 5229 dicitur.
2187 5169 2306 5241 Ipse
2334 5165 2476 5221 enim
2501 5161 2706 5220 salvum
2720 5157 2899 5220 faciet,
2917 5169 3022 5209 non
3052 5148 3304 5223 populum
3324 5142 3513 5241 lsrael,

1940 5265 2034 5321 sed
2046 5276 2199 5319 suum
2210 5233 2465 5330 populum
2476 5295 2491 5319 ,
2505 5254 2616 5309 sive
2631 5266 2697 5307 ex
2714 5246 2994 5321 praeputio,
3012 5244 3127 5300 sive
3138 5256 3205 5297 ex
3231 5233 3516 5295 circumci—

1940 5356 2114 5417 sione,
2143 5352 2197 5406 in
2232 5362 2398 5404 unum
2420 5345 2560 5401 ovile
2589 5343 2689 5399 sub
2722 5355 2830 5395 uno
2857 5347 3073 5409 pastore
3107 5335 3512 5417 congregatum.

2017 5416 2180 5499 Vens.
2211 5440 2299 5495 52.
2328 5469 2401 5481 --
2432 5437 2622 5494 Sedem
2651 5433 2819 5488 Dauid
2849 5430 3015 5502 patris
3048 5427 3185 5498 ejus.
3215 5418 3429 5495 (Βεω.)
3458 5416 3517 5471 Id

1945 5544 2030 5594 est
2070 5532 2419 5591 lsracliticam
2450 5529 2683 5601 plebem,
2711 5533 2843 5590 etc.,
2871 5537 3032 5594 usque
3053 5518 3120 5573 ad
3142 5518 3199 5572 in
3224 5515 3312 5571 his
3339 5510 3429 5581 qui
3448 5507 3517 5563 de

1945 5628 2179 5685 oleastro
2207 5623 2363 5679 incisi
2390 5622 2443 5677 in
2466 5621 2666 5676 olivam
2697 5620 2891 5673 bonam
2917 5619 3045 5668 sunt
3067 5607 3278 5665 inserti.

2019 5722 2183 5777 Vens.
2213 5717 2302 5772 35.
2328 5714 2659 5771 --Sanctum
2704 5708 2972 5766 vocabitur
3006 5702 3180 5757 Filius
3210 5696 3326 5752 Dei.
3357 5691 3518 5748 .lesus

1952 5810 2191 5868 nascitur
2226 5814 2461 5869 sanctus,
2491 5802 2581 5877 qui
2605 5799 2967 5858 conditionem
3004 5800 3210 5848 natura:
3246 5778 3523 5852 corrupti.
