3960 6336
503 391 609 447 247

1002 391 1397 449 WALAFRIDI
1437 390 1687 448 STRABI
1724 391 1928 449 FULD.
1971 387 2134 444 MON.
2173 388 2325 446 OPP.
2366 389 2546 445 PARS
2585 390 2624 444 l.
2661 419 2731 430 -——
2770 373 3226 443 THEOLOCICA.

3641 382 3745 440 248

503 509 627 564 bilis
664 476 922 572 vinceret,
965 514 1021 563 et
1066 507 1442 562 commistione
1467 506 1670 576 copulae
1692 504 1927 561 carnalis
1951 518 2076 558 con-
2105 501 2155 560 Α
2252 499 2319 553 Et
2352 499 2734 554 misericordia.
2783 497 2997 570 (Bens.)
3026 497 3070 551 Α
3121 494 3446 567 specialibus
3493 494 3645 550 donis
3678 498 3744 551 ad

505 607 696 668 ceptus
716 613 823 653 non
852 605 956 653 est.
987 595 1097 651 Nos
1125 596 1431 652 conditione
1456 596 1826 667 corruptibilis
1871 602 2079 648 naturae

507 690 811 752 constricti,
853 703 952 760 per
980 690 1224 763 gratiam
1270 702 1555 757 possumus
1615 686 1963 741 sanctificari.
2011 684 2079 737 Et

507 780 776 851 congruit,
801 788 862 833 ut
889 793 1009 848 qum
1037 788 1224 832 contra
1251 792 1456 831 morem
1488 776 1639 845 virgo
1682 775 1945 844 concepit,
1982 788 2076 827 ειιη

506 887 603 942 pra
619 885 825 926 morem
838 870 1088 925 humanm
1100 867 1504 924 consuetudinis
1519 866 1612 921 Dei
1630 865 1821 920 Filium
1837 871 2075 933 generet.

579 964 742 1018 Vens.
768 960 856 1018 36.
896 990 970 1001 —-
990 960 1060 1014 Et
1081 976 1217 1024 ecce,
1242 968 1347 1014 etc.
1376 958 1587 1029 (BBDA.)
1614 956 1690 1011 Ne
1716 957 1867 1025 virgo
1891 956 2081 1024 despe-

505 1062 591 1109 ret
613 1053 678 1109 de
701 1061 880 1124 partu,
906 1060 1037 1117 etc.,
1060 1067 1223 1121 usque
1249 1050 1317 1104 ad
1344 1063 1734 1120 praecursorem
1771 1060 1984 1116 quoque
2012 1045 2079 1099 de

506 1157 613 1198 anu
646 1142 815 1201 sterili
846 1143 1180 1198 nasciturum
1209 1149 1579 1211 cognosceret.

578 1232 815 1305 Cognata
834 1243 944 1287 tua.
971 1232 1106 1299 Quia
1129 1233 1194 1286 de
1213 1232 1353 1286 tribu
1370 1230 1515 1293 Levi,
1537 1231 1588 1284 id
1604 1238 1685 1285 est
1706 1228 1773 1284 de
1801 1229 1943 1283 tribu
1961 1228 2073 1283 Dei.

576 1324 790 1398 (ΒευΑ.)
819 1324 1095 1394 Legimus,
1133 1323 1277 1393 quod
1327 1323 1507 1378 Aaron
1548 1323 1638 1389 qui
1683 1322 1749 1376 de
1779 1320 1918 1376 tribu
1951 1319 2078 1375 Levi

507 1428 646 1485 erat,
675 1427 808 1484 etc.,
845 1434 1009 1489 usque
1054 1416 1124 1472 ad
1154 1431 1275 1487 quae
1303 1415 1596 1471 secundum
1624 1414 1793 1469 Deum
1828 1413 2079 1484 spiritua-

510 1514 581 1570 lis
611 1512 946 1585 cognationis
972 1511 1246 1567 consortio
1270 1526 1375 1565 non
1403 1511 1679 1565 carebant.

582 1607 747 1661 Vens.
773 1605 861 1661 58.
892 1634 965 1644 ——
988 1603 1132 1658 'Eeee
1151 1601 1346 1656 ancilla
1380 1600 1610 1655 Domini.
1644 1598 1760 1654 Non
1787 1599 1853 1654 de
1898 1599 2082 1667 singu-

507 1697 727 1752 laritate
764 1694 942 1750 meriti
971 1709 1030 1749 se
1050 1693 1278 1759 extollit,
1314 1692 1410 1747 sed
1431 1706 1543 1747 suae
1562 1689 1884 1746 conditionis
1914 1697 1969 1743 et
2001 1687 2081 1743 di-

505 1790 649 1843 vinae
673 1786 1009 1859 cognationis
1036 1801 1134 1855 per
1152 1785 1334 1840 omnia
1360 1797 1588 1848 memor,
1628 1797 1688 1837 se
1730 1780 1979 1835 ancillam
2017 1779 2080 1833 il-

508 1881 612 1937 llus
636 1895 755 1936 esse
781 1879 1001 1945 fatetur,
1043 1877 1198 1946 cujus
1247 1884 1424 1932 mater
1464 1874 1700 1946 eligitur,
1731 1882 1788 1930 et
1818 1888 1942 1929 cum
1968 1887 2079 1927 ma-

510 1990 614 2055 gna
637 1974 923 2031 devotione
949 1971 1363 2044 promissionem
1395 1969 1569 2040 angeli
1596 1976 1747 2037 optat
1775 1966 2005 2035 impleri.

538 2115 545 2121 .
579 2064 742 2121 Vens.
766 2063 856 2119 39.
877 2093 949 2105 —-
973 2062 1276 2133 Exsurgens
1298 2070 1473 2115 autem
1513 2059 1690 2114 Maria
1716 2059 1772 2113 in
1810 2057 1990 2112 diebus
2015 2055 2082 2110 ει.

507 2156 595 2222 lis,
620 2155 750 2210 abiit
795 2156 853 2209 in
887 2164 1137 2208 montana
1183 2168 1300 2206 cum
1341 2152 1675 2221 festinatione
1718 2150 1774 2205 in
1822 2149 2082 2203 civitatem

508 2246 675 2302 Iuda.
706 2243 929 2317 (Altam)
955 2243 1071 2299 Non
1093 2242 1372 2298 incredula
1399 2242 1467 2298 de
1487 2241 1725 2306 oraculo,
1761 2250 1891 2306 etc.,
1923 2254 2084 2310 usque

509 2339 581 2394 ad
606 2339 733 2393 dum
755 2335 1002 2394 subditur
1042 2351 1056 2388 :
1090 2334 1158 2388 Et
1184 2334 1381 2404 factum
1403 2342 1477 2386 est
1506 2341 1564 2387 ut
1586 2332 1802 2386 audivit.

574 2428 748 2503 Vens.
771 2426 863 2481 40.
886 2456 958 2468 —
984 2425 1056 2480 Et
1080 2424 1293 2479 intravit
1317 2424 1373 2477 in
1398 2423 1611 2477 domum
1632 2419 1925 2475 Zachariw.
1946 2419 2085 2474 Hinc

510 2519 720 2577 discant
743 2524 945 2573 sanctte
965 2514 1238 2580 mulieres,
1264 2527 1427 2584 quam
1454 2511 1793 2568 sedulitatem
1808 2525 2087 2582 przegnan-

507 2611 655 2666 “tibus
678 2608 910 2665 debeant
937 2605 1194 2663 exhibere
1222 2605 1485 2677 cognatis.

580 2699 652 2755 Et
677 2698 922 2753 salutavit
962 2696 1253 2751 Elizabeth.
1281 2694 1494 2767 (Benn)
1521 2693 1680 2749 Prior
1707 2693 1925 2758 salutat,
1955 2692 2082 2762 quia

508 2790 668 2846 decet
692 2796 753 2842 ut
786 2794 989 2857 quanto
1009 2786 1226 2849 castior,
1253 2792 1406 2842 tanto
1429 2784 1687 2840 humilior
1711 2784 1800 2840 sit.

582 2878 748 2934 Vens.
769 2878 859 2932 41.
884 2906 957 2919 --
981 2875 1303 2955 Easultavit,
1334 2884 1441 2932 etc.
1467 2875 1606 2943 Quia
1632 2875 1817 2943 lingua
1842 2888 1951 2928 non
1987 2887 2087 2941 po-

510 2979 676 3035 terat,
700 2970 881 3026 animo
908 2968 1214 3024 exsultante
1238 2967 1455 3032 salutat,
1481 2975 1535 3022 et
1557 2982 1669 3023 suae
1702 2966 2086 3038 praecursionis

509 3059 747 3117 cilicium
775 3057 1013 3113 inchoat.
1057 3056 1197 3111 Ecce
1235 3064 1461 3125 apparet
1484 3055 1630 3126 (μιδά
1676 3054 1898 3126 angelus
1937 3054 2088 3109 dixe-

2106 1844 2153 1903 B

2176 588 2448 666 generalia
2497 587 2594 643 Dei
2638 587 2839 655 judicia
2891 602 2949 642 se
3001 587 3291 651 convertit,
3336 594 3469 651 etc.,
3496 584 3747 655 usquead

2179 679 2358 733 subdit
2378 679 2507 748 quid
2534 685 2933 746 contemptores
2968 684 3301 733 mereantur.

2247 766 2412 822 Vens.
2454 766 2961 822 55.—Esurientes
2999 765 3224 836 implevit
3269 766 3437 819 bonis.
3497 763 3618 837 (ln.)
3648 762 3745 830 Qui

2176 869 2378 915 aeterna
2422 868 2536 915 toto
2579 859 2758 912 studio
2799 856 3132 920 desiderant,
3172 856 3580 918 saturabuntur,
3627 870 3750 909 cum

2177 949 2424 1005 Christus
2456 949 2765 1019 apparuerit
2791 948 2843 1001 in
2871 935 3064 1016 gloria.
3109 945 3215 1000 Sed
3244 945 3335 1014 qui
3368 944 3598 999 terrenis
3618 959 3749 1015 gau-

2177 1044 2325 1107 dent,
2348 1042 2399 1095 in
2424 1041 2610 1094 ultimo
2630 1038 2817 1093 inanes
2838 1039 3000 1092 totius
3026 1036 3371 1091 beatitudinis
3391 1036 3748 1093 dimittuntur.

2176 1134 2233 1188 In
2262 1131 2512 1202 praesenti
2540 1131 2701 1183 etiam
2732 1129 2975 1183 videmus
3002 1127 3232 1182 humiles
3254 1128 3430 1182 divina
3452 1128 3628 1198 gratia
3656 1126 3754 1181 inv-

2178 1222 2332 1294 pleri,
2368 1222 2629 1291 superbos
2653 1219 2852 1275 lumine
2881 1218 3127 1273 veritatis
3157 1218 3383 1288 privari.

2246 1322 2413 1378 Vens.
2452 1320 2798 1377 55.-—Sicut
2834 1318 3040 1373 locutus
3084 1328 3160 1372 est
3200 1319 3270 1372 ad
3309 1326 3483 1387 patres
3531 1330 3753 1371 nostros.

2179 1413 2492 1468 Memoriam
2535 1420 2749 1480 patrum
2795 1409 2992 1479 quibus
3033 1408 3148 1463 haec
3197 1408 3345 1464 salus
3401 1407 3640 1462 revelata
3677 1417 3758 1462 est

2178 1500 2401 1564 faciens,
2447 1499 2720 1554 Abraham
2768 1498 3084 1552 nominatim
3131 1497 3403 1567 exprimit,
3452 1496 3536 1551 cui
3582 1497 3757 1566 primo

2178 1590 2293 1661 ipsa
2349 1588 2663 1644 incarnatio’
2698 1585 3041 1644 manifestata
3104 1595 3206 1641 est.
3268 1585 3339 1641 Et
3392 1585 3581 1640 semini
3645 1585 3756 1654 ejus

2177 1682 2231 1736 in
2276 1680 2490 1736 smcula.
2542 1679 2656 1734 Non
2699 1687 2807 1734 tam
2844 1693 3007 1736 carne
3032 1677 3261 1748 genitis,
3303 1692 3465 1746 quam
3506 1675 3630 1730 fidei
3674 1691 3760 1729 ve-

2178 1773 2337 1844 stigia
2392 1772 2614 1836 secutis,
2660 1771 2857 1841 quibus
2907 1769 3169 1825 adventus
3221 1768 3518 1823 Salvatoris
3566 1768 3621 1821 in
3670 1782 3762 1822 sai—

2179 1864 2297 1918 cula
2343 1871 2428 1917 est
2463 1862 2804 1930 promissus,
2859 1860 2986 1929 quia
3034 1859 3148 1929 ipsa
3195 1859 3483 1929 promissio
3534 1859 3762 1913 haeredi-

2179 1955 2305 2010 tatis
2364 1952 2509 2008 nullo
2565 1951 2670 2006 fine
2719 1950 3017 2005 clandetur.
3082 1949 3216 2004 Nam
3274 1958 3331 2005 et
3383 1964 3557 2019 usque
3602 1950 3663 2005 in
3707 1948 3763 2003 ﬁ-

2180 2060 2303 2101 nem
2353 2044 2533 2101 sae'culi
2576 2043 2858 2099 credentes
2912 2057 3019 2097 non
3061 2043 3327 2109 deerunt,
3374 2051 3430 2098 et
3467 2042 3762 2099 beatitudi-

2180 2140 2266 2196 nis
2312 2140 2418 2201 erit
2469 2138 2640 2210 gloria
2693 2136 2965 2207 perennis.

2250 2238 2416 2294 Vens.
2464 2237 2554 2292 56.
2579 2266 2639 2277 —
2670 2235 2869 2290 Mansit
2909 2245 3082 2290 autem
3126 2233 3322 2290 Maria.
3361 2233 3576 2307 (Βεω.)
3623 2233 3766 2290 Tan-

2181 2330 2272 2385 din
2326 2329 2560 2394 mansit,
2612 2327 2785 2384 donec
2837 2327 3047 2382 videret
3100 2328 3454 2396 prmumoris
3506 2327 3766 2383 nativita-

2182 2433 2291 2479 tem
2318 2464 2333 2489 ,
2379 2432 2600 2492 propter
2653 2435 2814 2489 quam
2861 2420 3095 2474 maxime
3144 2427 3386 2489 venerat.
3443 2417 3555 2473 Nec
3600 2433 3765 2473 causa

2182 2515 2296 2571 sola
2349 2512 2732 2569 familiaritatis
2784 2509 2973 2565 tandiu
3033 2511 3280 2575 mansit,
3333 2509 3428 2565 sed
3489 2517 3550 2563 ut
3617 2517 3767 2564 tanto

2183 2614 2425 2675 tempore
2466 2612 2521 2658 et
2563 2602 2838 2657 Elizaheth
2893 2610 2951 2656 et
3007 2601 3230 2658 Joannis
3276 2610 3543 2657 cresceret
3589 2601 3769 2670 profe-

2183 2706 2323 2752 ctus.
2379 2694 2513 2750 Nam
2571 2693 2616 2749 si
2668 2693 2724 2747 in
2771 2693 2946 2763 primo
2993 2693 3228 2749 adventu
3279 2692 3458 2748 Mariae
3484 2732 3501 2758 ,
3561 2691 3766 2762 Spiritu

2183 2794 2372 2841 Sancto
2424 2790 2550 2838 sunt
2608 2782 2845 2852 repleti,
2894 2782 3124 2837 multum
3169 2792 3255 2838 est
3296 2782 3401 2837 illis
3443 2783 3764 2853 superaddi-

2188 2885 2301 2930 tum
2357 2882 2505 2928 tanta
2552 2888 2705 2928 mora
2753 2874 3066 2929 mansionis.

2262 2973 2423 3030 Vens.
2467 2973 2629 3029 59.-—-
2649 2973 2748 3028 Die
2786 2984 2985 3029 octavo.
3032 2974 3139 3031 Per
3181 2974 3658 3032 circumcisionem
3695 2992 3769 3032 re-

2187 3065 2450 3120 surrectio
2501 3063 2713 3119 Domini
2763 3065 3067 3133 figuratur,
3118 3065 3243 3134 quia
3283 3073 3338 3120 et
3390 3077 3585 3120 octava
3646 3066 3766 3130 die,

511 3144 1497 3254 rat:Spiritusanct'oreplebituradltue
1518 3145 2084 3254 emuferomatrissuw.
2113 3192 2159 3254 Ο
2189 3154 2243 3209 id
2291 3164 2374 3209 est
2420 3162 2539 3225 post,
2587 3154 2871 3210 sabbatum
2897 3195 2913 3220 ,
2967 3154 3110 3209 [πω
3164 3162 3267 3210 εει,
3299 3155 3366 3209 El
3412 3156 3552 3210 sicut
3597 3155 3688 3209 ina
3739 3171 3769 3209 ι

583 3242 747 3297 Vens.
773 3241 862 3296 42.
890 3271 962 3283 --
980 3239 1261 3295 Benedicta
1285 3248 1362 3293 tu.
1393 3239 1584 3308 (Beat,
1629 3236 1830 3308 Anan.)
1880 3238 2087 3295 Conve-

510 3333 671 3388 niunt
690 3332 854 3387 verba
881 3328 1155 3399 Evangelii
1175 3343 1299 3383 cum
1318 3328 1501 3383 verbis
1528 3327 1724 3397 psalmi
1747 3328 1799 3382 in
1831 3342 1939 3396 quo
1961 3341 2089 3396 pro-

512 3424 752 3479 mittitur
768 3422 939 3476 David
964 3438 979 3475 :
1008 3420 1082 3475 De
1106 3420 1283 3489 fructu
1304 3419 1496 3474 ventris
1521 3419 1599 3472 tui
1616 3433 1807 3488 ponam
1831 3432 1987 3487 super
2008 3434 2091 3471 se-

513 3516 634 3569 dem
654 3524 800 3567 tuam
830 3509 1002 3582 (Psal.
1030 3510 1242 3578 cum).
1267 3509 1335 3564 Et
1356 3510 1545 3565 eadem
1565 3523 1700 3564 voce
1725 3508 1891 3563 Maria
1926 3509 2090 3564 bene-

512 3602 713 3658 dicitur
750 3602 818 3657 ab
858 3599 1137 3655 Elizabetb
1186 3613 1289 3668 qua
1320 3613 1353 3652 a
1393 3597 1662 3661 Gabriele,
1698 3606 1757 3652 ut
1786 3607 1842 3653 et
1882 3599 2087 3669 angelis

512 3703 571 3749 et
612 3692 919 3748 hominibus
954 3690 1281 3756 veneranda,
1322 3698 1377 3745 et
1415 3690 1615 3747 nostris
1650 3689 1866 3747 feminis
1891 3691 2085 3763 praefe-

513 3781 684 3836 renda
713 3788 1061 3835 monstretur.

584 3872 747 3929 Vens.
776 3872 864 3935 45.
880 3872 1016 3927 -Μ
1023 3883 1135 3927 ater
1151 3873 1384 3928 Domini.
1409 3874 1593 3930 Sentio
1613 3874 1952 3939 miraculum,
1974 3891 2089 3948 my-

514 3968 739 4024 sterium
752 3980 1036 4036 cognosco,
1056 3973 1230 4020 mater
1242 3965 1451 4020 Domini
1467 3964 1630 4021 verbo
1644 3967 1749 4022 feta
1760 4009 1773 4032 ,
1788 3966 1899 4022 Deo
1908 3968 2081 4038 plena.

586 4055 752 4111 Vens.
786 4055 877 4108 44.
904 4084 976 4095 -—
1008 4053 1078 4108 Ut
1105 4055 1265 4124 facta.
1292 4055 1413 4127 Ipso
1444 4066 1715 4113 momento
1739 4072 1847 4127 quo
1871 4073 1973 4112 vox
2002 4059 2087 4113 in-

510 4154 626 4202 trat
666 4146 734 4200 ad
774 4159 935 4200 aures
976 4146 1243 4214 corporis,
1276 4148 1451 4202 virtus
1469 4148 1770 4218 spiritualis
1799 4165 1897 4205 cor
1922 4151 2090 4205 intrat

513 4236 798 4296 audientis,
827 4244 883 4290 et
911 4251 1016 4291 non
1039 4236 1219 4292 solum
1240 4247 1502 4304 matrem,
1533 4239 1627 4295 sed
1650 4240 1814 4295 etiam
1847 4242 2088 4298 sobolem

514 4338 699 4378 amore
719 4324 1055 4380 advenientis
1078 4327 1346 4381 accendit.

584 4413 902 4468 Exsultavit.
924 4414 1140 4492 (Βευᾼ.)
1171 4415 1463 4473 Revelante
1492 4419 1697 4489 Spiritu
1736 4436 1845 4491 quo
1872 4423 2091 4494 impleta

2190 3253 2343 3300 reatu
2395 3246 2587 3300 mortis
2637 3246 2917 3301 absolvere
2971 3245 3207 3313 solebat,
3261 3247 3341 3302 sic
3395 3246 3497 3301 ista
3547 3248 3770 3302 immor-

2185 3335 2306 3391 talis
2358 3335 2481 3391 vitze
2530 3336 2903 3401 nativitatem,
2953 3346 3010 3391 et
3060 3338 3116 3392 in
3173 3347 3394 3392 auctore
3440 3346 3634 3394 nostro
3677 3354 3769 3393 ex-

2185 3426 2381 3490 hibuit,
2431 3436 2487 3483 et
2540 3428 2594 3481 in
2639 3428 2794 3482 nobis
2842 3429 3163 3483 monstravit
3207 3428 3552 3498 sperandam.

2257 3518 2325 3575 Et
2352 3520 2601 3574 vocabant
2626 3536 2761 3573 eum.
2818 3519 3031 3591 (Βεω.)
3065 3519 3292 3576 Joannis
3322 3521 3597 3575 celebrata
3630 3521 3772 3576 natio

2186 3610 2345 3674 vitas,
2364 3619 2447 3664 est
2465 3608 2597 3665 Novi
2612 3610 2944 3666 Testamenti
2961 3612 3211 3666 inchoata
3237 3613 3430 3682 gratia,
3451 3621 3581 3678 etc.,
3612 3631 3771 3686 usque

2186 3699 2255 3755 ad
2287 3699 2515 3769 gratiam
2558 3700 2833 3771 Evangelii
2865 3701 2910 3756 si
2950 3711 3096 3757 recte
3128 3703 3457 3774 intelligatur
3493 3706 3767 3774 exprimit.

2256 3790 2421 3845 Vens.
2454 3789 2913 3851 62.——Innuebant
2929 3801 3102 3845 autem
3116 3794 3253 3863 patri
3272 3793 3409 3863 ejus,
3432 3803 3540 3850 etc.
3559 3795 3670 3862 Qui
3695 3797 3771 3850 in-

2186 3891 2362 3939 nuunt
2408 3884 2550 3953 patri
2591 3884 2656 3937 de
2690 3884 2909 3965 nomine
2942 3886 3116 3955 pueri,
3170 3888 3475 3958 significant
3513 3888 3638 3943 illos
3683 3896 3772 3959 qui

2191 3975 2507 4030 testimonio
2547 3973 2680 4044 legis
2727 3976 3012 4035 intendunt
3060 3986 3308 4032 astruere
3342 3979 3570 4049 gratiam
3627 3980 3769 4036 fidei.

2258 4071 2421 4127 Vens.
2472 4072 2560 4125 67.
2585 4101 2654 4111 —-
2683 4071 2754 4125 Et
2800 4074 3120 4143 prophetarit
3158 4075 3354 4130 dicens.
3398 4075 3614 4147 (Βεω.)
3657 4078 3768 4131 Ma-

2189 4176 2292 4232 gna
2330 4162 2552 4232 largitas
2588 4163 2781 4218 divina:
2814 4164 3049 4233 pietatis.
3087 4165 3225 4219 Ecce
3264 4166 3473 4235 loquela
3502 4183 3629 4237 quae
3659 4169 3771 4224 sola

2190 4253 2368 4309 ablata
2414 4263 2496 4310 est
2533 4253 2828 4321 diffidenti,
2879 4270 3002 4310 cum
3041 4256 3233 4325 spiritu
3272 4257 3566 4327 prOpbetia:
3606 4261 3770 4315 resti.

2191 4356 2307 4401 tuta
2347 4355 2434 4402 est
2466 4347 2728 4403 credenti.
3068 4344 3075 4355 '

2261 4448 2424 4504 Vens.
2462 4446 2548 4502 68.
2576 4476 2638 4488 -ο
2662 4448 2992 4504 Benedictus.
3035 4450 3135 4517 Qui
3171 4450 3299 4505 dum
3336 4452 3637 4506 bonitatem
3678 4451 3771 4507 Dei

511 4511 953 4611 erﬁfie‘c-vln‘l‘ﬂ“
967 4505 1035 4559 σά
1049 4506 1835 4611 ςξθάίίξξινίτῧονξιιιίδδοθτάοδ
1849 4518 2084 4583 ηθὶζίινίι·
2112 4543 2166 4602 1)
2194 4542 2428 4611 rogavit,
2468 4557 2567 4610 pro
2600 4540 2918 4596 liberatione
2954 4505 3251 4611 praecursor
3289 4545 3520 4600 donatus
3554 4505 3664 4600 est.

584 4595 754 4650 Vens.
789 4594 880 4648 46.
925 4625 997 4635 ——
1042 4595 1350 4667 Magni/ient
1391 4601 1570 4654 anima
1615 4618 1729 4657 mea
1780 4604 2082 4669 Dominum.

513 4683 636 4755 (ln.)
650 4684 832 4739 Primo
846 4685 983 4739 dona
1002 4684 1104 4740 sibi
1122 4685 1476 4755 spiritualiter
1490 4704 1746 4746 concessa
1763 4693 2068 4762 profitetur,

511 4784 643 4837 etc.,
665 4791 828 4843 usque
849 4774 918 4829 ad
934 4776 986 4829 in
1001 4774 1115 4844 ejus
1134 4778 1416 4847 princeptis
1436 4779 1791 4838 observandis
1811 4785 2082 4855 impendo.

585 4865 749 4919 Vens.
789 4865 878 4920 47.
905 4897 976 4907 --
1002 4867 1067 4920 Et
1095 4868 1386 4923 exsultavit.
1413 4870 1532 4941 (ln.)
1565 4871 1700 4939 Quia
1735 4882 1947 4934 terrena
1977 4892 2082 4931 non

513 4970 668 5019 curo,
699 4956 1030 5026 prosperitas
1074 4972 1178 5010 non
1225 4958 1430 5013 emollit
1470 4976 1577 5025 me,
1627 4963 1929 5018 adversitas
1975 4981 2083 5027 non

541 5048 743 5118 rangit,
771 5048 866 5102 sed
890 5048 1003 5103 sola
1039 5048 1182 5105 illius
1224 5052 1486 5107 memoria
1528 5053 1783 5119 delectat,
1808 5071 1836 5109 a
1867 5073 1973 5125 quo
2003 5074 2093 5111 sa-

514 5152 600 5205 lus
619 5149 870 5209 speratur
920 5147 1146 5205 aeterna,
1200 5141 1344 5197 illius
1394 5142 1681 5201 divinitate
1726 5145 1879 5201 laetor
1941 5148 2093 5216 cujus

515 5228 807 5297 temporali
836 5230 1185 5299 conceptione
1208 5246 1325 5286 mea
1349 5246 1479 5286 caro
1509 5224 1733 5288 fetatur.

510 5358 539 5387 ,
584 5318 752 5371 Vens.
773 5317 865 5374 48.
882 5319 1097 5385 —-Qaia
1117 5321 1361 5389 respexit.
1382 5321 1505 5393 (In.)
1525 5322 1668 5378 Ecce
1693 5338 1853 5392 quam
1877 5326 2003 5381 vilia
2028 5328 2096 5384 de

513 5424 573 5464 se
595 5410 776 5473 sentit,
808 5417 940 5475 etc.,
977 5426 1136 5481 usque
1159 5411 1229 5464 ad
1250 5421 1303 5466 et
1321 5412 1393 5466 de
1428 5413 1610 5481 parvis
1637 5422 1690 5469 et
1714 5414 1944 5472 infirmis
1971 5433 2085 5472 ma-

514 5517 651 5573 gnos
679 5502 806 5558 facit
832 5513 890 5559 et
918 5504 1108 5559 fortes.

585 5594 727 5659 Quia
754 5596 871 5665 fecit
918 5595 1047 5649 mihi
1072 5611 1283 5665 magna.
1321 5594 1456 5662 Quia
1492 5596 1543 5650 in
1574 5592 1659 5653 me
1688 5613 1910 5655 carnem
1938 5616 2086 5655 sum-

513 5687 642 5753 psit,
674 5696 728 5741 et
757 5701 846 5742 me
881 5703 913 5741 a
942 5689 1178 5757 peccatis
1223 5687 1523 5754 inundavit,
1563 5700 1620 5745 et
1655 5690 1797 5748 dona
1848 5691 2085 5763 Spiritus

515 5780 686 5840 sancti
714 5780 842 5835 mihi
873 5778 1116 5836 contulit.

2274 4641 2532 4697 Visitavit.
2579 4642 2733 4709 Quod
2779 4643 3023 4713 proxime
3067 4644 3369 4700 faciendum
3419 4655 3771 4717 cognoverat,

2192 4734 2506 4811 prephetico
2543 4748 2694 4787 more
2729 4734 2882 4803 quasi
2915 4735 3029 4805 jam
3066 4733 3265 4789 factum
3302 4746 3505 4790 narrat.

2264 4835 2428 4889 Vens.
2460 4834 2623 4889 69.—
2636 4834 2811 4888 Cornu
2838 4835 3024 4891 salutis
3048 4837 3211 4891 nobis.
3232 4835 3441 4909 (Βευι.)
3469 4837 3576 4891 Per
3604 4852 3773 4893 cornu

2190 4927 2333 4994 quod
2373 4940 2589 4979 carnem
2630 4926 2887 4991 excedit,
2925 4943 3049 4981 cum
3082 4929 3262 4982 omnia
3299 4943 3423 4983 ossa
3473 4943 3645 4985 carne
3694 4937 3774 4984 te-

2198 5024 2430 5084 gantur,
2468 5028 2691 5083 regnum
2727 5014 2926 5070 Christi
2967 5017 3301 5088 significatur
3327 5058 3342 5083 ,
3381 5033 3490 5087 quo
3539 5018 3775 5072 mundus

2196 5114 2251 5158 et
2279 5107 2471 5174 gaudia
2507 5106 2690 5162 carnis
2722 5118 3063 5178 superantur.
3113 5110 3170 5164 lu
3216 5112 3368 5181 cujus
3401 5109 3631 5181 ﬁguram
3677 5113 3775 5166 Da-

2196 5195 2284 5249 vid
2322 5204 2376 5249 et
2414 5196 2665 5251 Salomon
2711 5213 2877 5252 cornu
2915 5199 3016 5254 olei
3044 5240 3059 5264 ,
3101 5210 3225 5255 sunt
3266 5202 3321 5256 in
3356 5201 3509 5272 regni
3545 5203 3772 5272 gloriam

2196 5289 2518 5353 consecrati,
2559 5297 2617 5343 ut
2648 5290 2799 5359 prius
2837 5290 2963 5345 Sanl
3002 5292 3272 5347 lenticula.

2270 5377 2427 5432 Vens.
2475 5378 2564 5443 “il.
2597 5409 2667 5418 —
2696 5378 2929 5435 Salutem
2977 5399 3041 5436 ex
3090 5383 3313 5437 inimicis
3344 5385 3537 5438 nostris
3570 5425 3585 5449 ,
3625 5394 3676 5439 et
3714 5385 3778 5438 de

2192 5497 2351 5535 manu
2382 5521 2397 5545 ,
2434 5490 2540 5536 etc.
2578 5482 2763 5538 Erexit
2800 5485 2955 5540 nobis
3001 5486 3227 5540 salutem
3276 5503 3344 5542 ex
3391 5488 3629 5544 inimicis
3658 5530 3675 5549 .
3725 5499 3780 5543 et

2192 5581 2275 5627 est
2328 5573 2632 5643 explanatio
2682 5576 2974 5645 superioris
3023 5577 3319 5643 versiculi,
3369 5579 3423 5632 in
3479 5595 3587 5648 quo
3642 5580 3775 5634 bre-

2193 5663 2333 5717 viter
2360 5664 2499 5719 idem
2536 5665 2901 5735 praemiserat:
2922 5666 2986 5721 Et
3001 5668 3159 5722 erexit
3193 5685 3354 5739 cornu
3382 5669 3571 5724 salutis
3605 5669 3773 5723 nobis.

2268 5762 2430 5820 Vens.
2487 5766 2574 5819 7'3.
2607 5797 2677 5806 —
2708 5767 2783 5819 Ad
2834 5768 3127 5838 faciendam
3190 5768 3599 5825 misericordiam
3653 5782 3779 5822 tum
