3960 6336
216 421 328 481 249

1192 410 1460 468 GLOSSA
1485 404 1891 463 0RDINARIA.
1932 433 2002 443 --
2045 402 2295 459 EVANG.
2342 401 2494 457 LUC.

3376 385 3484 441 250

213 536 454 610 patribus
508 530 720 596 nostris,
772 538 821 583 et
865 527 1146 582 memorari
1194 523 1508 586 testamenti,
1545 527 1650 574 etc.
1700 517 1804 571 Lo-
1832 531 1877 588 Α
1908 522 2209 584 gnoverunt
2226 508 2515 579 nosangeli
2532 508 2677 562 cives
2696 519 2840 560 suos.
2857 502 2922 557 Et
2939 500 3092 556 timet
3115 497 3338 570 angelus
3359 497 3488 551 ado-

1510 608 1520 610 Α
1695 607 1705 610 -
2003 606 2012 610 -
2078 607 2089 610 -
2131 606 2140 610 -
2804 597 2815 607 .
2958 605 3123 610 ___M
3160 589 3458 610 ΛΜΗ-ω,

215 607 377 683 cutus
429 633 530 686 est,
583 631 640 676 et
680 619 852 674 erexit
900 618 1055 671 nobis
1098 614 1329 669 salutem
1381 612 1447 666 ad
1498 607 1800 663 faciendam

218 716 651 773 misericordiam
685 752 700 779 ,
756 720 814 765 ut
870 707 1298 764 misericordiam
1346 718 1508 773 quam
1557 700 1803 771 patribus

217 810 473 882 promisit
524 804 743 875 impleat
787 804 841 857 in
899 800 1054 855 nobis
1087 838 1103 864 ,
1147 808 1202 852 et
1238 797 1601 866 juramentum
1660 790 1801 861 quod

218 899 356 955 fecit
407 896 652 968 patribus
701 894 766 948 de
822 889 1136 945 liberatione
1179 895 1387 950 nostra,
1425 884 1481 938 in
1519 881 1675 936 nobis
1708 894 1804 950 per

220 992 501 1047 Christum
550 984 903 1055 compleatur.

295 1080 460 1135 Vens.
492 1079 581 1134 76.
608 1106 679 1117 ——
700 1074 767 1129 Et
793 1082 870 1138 tu,
907 1087 1058 1142 puer,
1089 1069 1335 1139 propheta
1366 1063 1623 1118 Altissimi
1656 1077 1807 1115 voca—

220 1172 363 1225 b'eris
386 1186 404 1223 :
424 1167 630 1238 priribis
653 1164 791 1218 enim
823 1171 942 1215 ante
966 1159 1155 1237 faciem
1192 1155 1401 1210 Domini
1444 1168 1652 1224 parare,
1697 1158 1804 1204 etc.

221 1261 444 1333 (Βεω.)
476 1260 593 1314 Non
629 1257 827 1312 mirum
855 1254 903 1308 si
939 1247 1510 1319 alloquiturinfantem
1535 1253 1658 1299 octo
1690 1243 1806 1297 die-

220 1369 369 1417 rum,
400 1362 530 1417 etc.,
557 1364 718 1419 usque
745 1346 815 1400 ad
854 1360 972 1415 qua:
999 1341 1325 1413 agnoscebat
1355 1353 1414 1393 se
1446 1337 1500 1392 in
1550 1335 1689 1391 ﬁlios
1725 1349 1809 1389 su-

222 1459 488 1500 SCCDISSC.

361 1461 488 1499 isse.

290 1461 466 1590 eVpnns.
486 1534 578 1600 79,
595 1530 840 1587 80.—-Ad
867 1526 1169 1599 dirigendos
1196 1523 1350 1595 pedes
1367 1530 1571 1575 nostros
1599 1519 1652 1572 in
1672 1516 1811 1571 viam

1904 606 2015 660 rari
2043 607 2111 659 ab
2129 606 2361 667 humana
2395 609 2584 655 natura
2614 612 2776 667 quam
2802 597 2854 649 in
2881 608 2980 647 suo
3002 605 3129 660 rege
3153 589 3484 645 considerat.

1973 694 2289 750 Hominibus
2320 692 2467 745 bonte
2483 690 2782 744 voluntatis.
2815 683 3025 758 (Bt-1m.)
3053 682 3152 749 Qui
3185 680 3486 749 suscipiunt

1901 800 2088 845 natum
2120 788 2415 849 Christum,
2457 799 2563 838 non
2605 783 2690 836 his
2724 780 2816 849 qui
2846 779 3025 832 audita
3054 776 3169 845 ejus
3203 774 3485 829 nativitate

1902 890 2029 935 sunt
2060 878 2253 934 turbati
2292 884 2348 931 et
2382 891 2504 929 eum
2537 871 2828 943 persecdti.
2877 869 3000 924 Non
3041 877 3114 921 est
3143 881 3250 936 pax
3286 865 3483 935 impiis,

1903 973 2028 1027 dicit
2063 971 2317 1024 Dominus
2348 968 2484 1040 (lsa.
2514 965 2726 1035 vattt).

1977 1062 2139 1116 Vens.
2171 1060 2260 1114 46.
2283 1089 2355 1099 --
2392 1058 2458 1111 Et
2486 1065 2732 1111 uenerunt
2767 1054 3089 1125 festinantes.
3123 1049 3335 1120 (Βεω.)
3367 1047 3486 1104 Non

1905 1168 2029 1208 cum
2057 1151 2264 1206 desidia
2303 1147 2507 1204 Christi
2551 1144 2838 1215 quaerenda
2872 1150 2958 1196 est
3000 1140 3307 1210 praesentia,
3341 1145 3478 1204 etc.,

1906 1259 2069 1313 usque
2113 1241 2182 1294 ad
2204 1240 2359 1310 quasi
2391 1239 2442 1292 in
2475 1235 2742 1307 praesepio
2763 1232 3061 1288 invenient.
3554 1228 3565 1234 ’

1979 1335 2142 1389 Vens.
2174 1330 2259 1386 Π.
2287 1360 2357 1370 -
2402 1328 2644 1383 Videntes
2695 1336 2890 1379 autem.
2921 1320 3070 1377 Visio
3111 1320 3197 1376 vel
3248 1321 3484 1391 cognitio

1907 1430 2003 1486 Dei
2026 1436 2131 1492 est,
2160 1434 2214 1481 et
2242 1426 2357 1480 haec
2386 1433 2469 1479 est
2493 1422 2606 1478 sola
2635 1421 2743 1474 vita
2771 1417 3048 1473 hominum
3071 1423 3132 1469 ut
3155 1420 3487 1485 cognoscant

1908 1534 2097 1575 verum
2123 1517 2361 1581 Patrem,
2387 1524 2442 1568 et
2475 1528 2636 1584 quem
2673 1510 2819 1566 misit
2845 1508 3028 1563 Jesum
3058 1504 3333 1561 Christum
3361 1518 3484 1560 esse

231 1635 403 1706 pacis.
421 1632 565 1687 Puer
584 1641 755 1685 autem
779 1628 1060 1689 crescebat,
1075 1633 1182 1679 etc.
1198 1621 1380 1690 Utper
1399 1617 1578 1673 omnia
1593 1628 1821 1687 gressus
1911 1627 2077 1667 unum
2110 1612 2298 1665 Deum.

220 1736 536 1783 nostrorum
551 1737 776 1794 Operam
795 1716 1173 1775 illuminatoris
1189 1713 1360 1767 nostri
1378 1710 1565 1781 gratim
1580 1720 1811 1763 concor-

221 1820 354 1875 dent
369 1860 385 1885 ,
410 1819 581 1874 donec
602 1815 670 1870 ad
689 1813 1027 1869 mansionem
1056 1814 1331 1878 perpetua:
1351 1802 1500 1874 pacis
1524 1801 1808 1855 intremus.

848 1921 1075 1979 CAPUT
1125 1920 1187 1975 ll.

299 2044 462 2099 Vens.
506 2041 559 2095 l.
581 2069 654 2081 -—
674 2037 819 2092 Exiit
858 2034 1081 2089 edictum
1110 2048 1142 2084 a
1171 2018 1400 2084 Cresare.
1439 2023 1620 2097 (dum,
1647 2019 1807 2090 Ben.)

216 2137 499 2207 Augustus
529 2130 813 2187 duodecim
857 2126 1012 2180 annis
1054 2123 1199 2177 circa
1243 2118 1578 2172 nativitatem
1607 2111 1811 2167 Christi

220 2228 280 2283 in
311 2202 443 2297 pace
480 2221 742 2293 regnavit,
780 2227 1105 2297 etc.,usque
1138 2211 1208 2265 ad
1242 2209 1332 2264 hic
1363 2207 1597 2279 primum
1629 2202 1809 2259 Iudaea

220 2296 369 2372 facta
394 2323 478 2369 est
508 2308 856 2381 stipendiaria
888 2296 1162 2359 Romanis.

296 2406 464 2462 Vens.
506 2404 562 2457 2.
582 2398 873 2453 —Prima.
905 2393 1118 2467 (Βευλ.)
1150 2392 1268 2447 Jam
1295 2388 1523 2446 diversis
1557 2385 1814 2456 tempori-

219 2498 349 2561 bus,
387 2495 660 2565 pleraeque
704 2496 886 2558 partes
925 2494 1190 2565 terrarum
1235 2481 1487 2551 leguntur
1505 2476 1813 2545 descriptae,

223 2589 321 2644 sed
349 2562 469 2642 hinc
499 2592 584 2639 est
607 2582 779 2652 prima
808 2562 994 2632 earum
1022 2590 1141 2645 quae
1174 2581 1344 2627 totum
1378 2569 1563 2625 orbem
1598 2566 1816 2622 conclu-

223 2683 440 2740 serunt,
479 2688 600 2744 qua:
629 2668 892 2740 professio
921 2674 1005 2721 est
1033 2664 1289 2719 mentium
1308 2702 1323 2725 ,
1355 2660 1480 2729 quia
1514 2657 1691 2713 nullus
1717 2670 1813 2710 ex-

222 2768 479 2824 cluditur.
529 2762 627 2819 Vel
653 2768 800 2816 certe
831 2768 960 2812 tunc
984 2756 1219 2826 primum
1259 2751 1442 2821 empit,
1480 2749 1694 2820 quando
1717 2746 1819 2818 Cy-

223 2860 383 2914 rinus
416 2872 446 2910 a
483 2855 695 2910 Cassare
727 2851 782 2905 in
822 2848 1032 2920 Syriam
1059 2845 1257 2900 missus
1288 2851 1394 2907 est,
1421 2853 1616 2896 censor
1650 2836 1816 2908 patri-

224 2950 536 3007 moniorum
558 2944 798 2999 futurus.

298 3039 468 3097 Vens.
510 3033 950 3093 4.—Nazareth.
1003 3028 1127 3102 (ln.)
1168 3024 1419 3095 Quotidie
1453 3021 1714 3077 Dominus
1759 3019 1815 3074 in

222 3132 498 3188 Nazareth
528 3128 850 3197 concipitur,
881 3131 984 3177 etc.
1005 3164 1022 3187 ,
1065 3136 1226 3193 usque
1274 3117 1343 3171 ad
1383 3113 1523 3185 quod
1558 3111 1814 3168 instantia

224 3222 505 3291 loquentis
546 3216 787 3289 magistri
826 3213 959 3268 nihil
1002 3211 1148 3265 valet
1189 3207 1292 3262 nisi
1339 3212 1688 3275 augmentum
1723 3217 1815 3257 su—
1840 3236 1885 3298 C

225 3314 385 3386 perni
428 3310 715 3382 juvaminis
765 3315 828 3362 ut
880 3305 1129 3360 audiatur
1175 3297 1462 3367 acceperit.

302 3380 468 3460 VERS.
501 3402 553 3457 6.
576 3430 646 3442 -
670 3398 891 3452 Factum
918 3405 990 3449 est
1025 3402 1218 3447 autem.
1258 3387 1398 3443 Alihi
1427 3381 1658 3453 concipi,
1687 3380 1815 3436 alibi

226 3496 381 3552 nasci
426 3494 682 3549 Dominus
724 3489 914 3552 voluit,
959 3495 1019 3540 ut
1057 3479 1360 3538 insidiantis
1391 3475 1619 3530 Herodis
1657 3472 1810 3527 furo-

228 3601 349 3641 rem
379 3583 593 3637 facilius
619 3579 889 3635 evaderet.
940 3571 1228 3628 Humilitas
1246 3565 1443 3622 Christi
1469 3560 1817 3618 commenda-

228 3687 344 3741 tur,
382 3675 507 3745 quia
547 3688 654 3726 non
692 3669 866 3724 solum
901 3660 1201 3726 incarnari,
1241 3658 1334 3713 sed
1362 3656 1523 3711 etiam
1560 3652 1651 3707 illo
1681 3660 1817 3706 tem-

227 3782 364 3839 pore
404 3763 553 3819 nasci
598 3762 804 3823 voluit,
847 3773 955 3828 quo
998 3770 1122 3810 mox
1171 3745 1551 3815 natus_censui
1587 3743 1816 3801 Caesaris

226 3867 455 3931 propter
486 3864 728 3911 nostram
755 3848 1126 3906 liberationem
1154 3842 1494 3899 subderetur.
1560 3839 1566 3845 ’

302 3924 471 4006 Vens.
512 3947 565 4000 7.
589 3975 660 3985 -—
682 3942 883 3998 Pannis
915 3955 1031 3993 eum
1066 3934 1293 3989 involvit.
1334 3929 1539 3984 Vilibus
1575 3924 1817 3980 induitur

225 4041 458 4114 pannis,
494 4046 555 4093 ut
587 4036 777 4092 stolam
818 4025 1237 4086 immortalitatis
1269 4021 1649 4091 reciperemus.
1706 4013 1818 4068 Ma-

230 4149 337 4188 nus
371 4140 427 4188 et
452 4131 616 4202 pedes
637 4127 1005 4194 stringuntur;
1034 4126 1093 4173 ut
1126 4130 1318 4172 manus
1349 4118 1544 4167 nostra:
1573 4109 1639 4162 ad
1676 4108 1816 4162 bene

224 4225 590 4297 operandam,
605 4220 769 4290 pedes
796 4217 850 4270 in
883 4215 1023 4269 viam
1045 4211 1192 4283 pacis
1207 4208 1534 4277 dirigantur;
1556 4199 1816 4272 parvulus

228 4321 432 4380 factus,
471 4325 529 4369 ut
560 4330 659 4368 nos
685 4308 909 4382 perfecti
940 4308 1130 4361 simus.

302 4411 473 4465 Vens.
504 4405 558 4460 8.
586 4434 657 4444 -—-
678 4400 748 4455 Et
786 4408 1042 4471 pastores.
1084 4389 1296 4465 (ΒΕΒΔ.)
1324 4389 1461 4444 Nato
1488 4397 1698 4440 summo
1723 4397 1814 4451 pa-

228 4509 400 4561 store,
432 4502 675 4565 pastores
703 4491 772 4544 ah
799 4487 1008 4542 insidiis
1040 4484 1231 4543 noctis,
1263 4491 1391 4543 etc.,
1422 4492 1581 4547 usque
1623 4473 1691 4527 ad
1726 4488 1817 4527 su-

225 4606 331 4661 per
356 4602 493 4657 quos
513 4584 690 4638 divina
718 4581 889 4652 gratia
914 4576 1111 4645 largius
1141 4576 1407 4627 coruscat.

303 4655 471 4734 Vens.
499 4676 554 4731 9.
580 4703 649 4714 ——
669 4671 738 4725 Et
768 4686 882 4724 ecce
902 4667 1115 4736 angelus
1144 4660 1376 4717 Domini.
1417 4656 1537 4728 (lu.)
1578 4655 1646 4710 Et
1680 4668 1809 4708 con-

226 4768 564 4841 cipiendum,
592 4773 646 4819 et
675 4768 1017 4828 conceptum,
1052 4764 1106 4811 et
1133 4761 1313 4808 natum
1342 4748 1626 4803 Dominum
1644 4786 1658 4810 ,
1687 4742 1809 4798 οωιί

224 4837 382 4919 cives
421 4864 707 4918 testantur,
735 4862 795 4907 ut
826 4860 881 4905 et
902 4846 1157 4903 mortales
1184 4841 1507 4900 sullicienter
1546 4837 1809 4901 imbuant,

226 4961 286 5008 et
306 4966 466 5006 suum
496 4945 701 5001 auctori
731 4942 1010 4999 servitium
1034 4935 1367 5007 impendant.

301 5041 471 5095 Vens.
535 5037 620 5092 l2.
656 5065 728 5076 —
758 5033 1024 5104 Infantem
1065 5027 1250 5101 pannis
1300 5022 1608 5078 involutum.
1669 5018 1811 5091 (Ιυ.)

225 5133 457 5193 Crebris
476 5129 698 5185 infantia
727 5124 1023 5182 Salvatoris
1047 5130 1103 5177 et
1130 5119 1441 5188 angelorum
1470 5113 1815 5175 testimoniis,

227 5235 289 5280 et
316 5222 770 5293 evangelistarum
806 5228 888 5272 cst
916 5213 1210 5274 inculcata,
1239 5219 1298 5264 ut
1321 5208 1590 5263 mentibus
1616 5203 1817 5260 nostris

228 5317 397 5373 altius
430 5312 681 5383 inligatur
708 5309 836 5381 quid
865 5322 963 5377 pro
994 5305 1147 5360 nobis
1175 5304 1245 5358 sit
1265 5302 1440 5356 factus
1465 5317 1477 5352 :
1502 5298 1559 5352 In
1588 5312 1695 5368 quo
1717 5298 1818 5352 hu-

228 5406 435 5464 militas
473 5394 1081 5462 commendatiieruia
1116 5410 1232 5447 cum
1273 5400 1401 5446 esset
1440 5389 1597 5451 dives,
1623 5402 1818 5458 pauper

226 5515 328 5569 pro
367 5495 515 5551 nobis
559 5494 729 5564 {actus
767 5499 877 5555 est,
920 5498 975 5542 ut
1020 5484 1195 5557 inopia
1225 5499 1323 5537 sua
1359 5497 1452 5534 nos
1492 5478 1679 5531 ditaret
1728 5474 1815 5547 (Il

344 5626 361 5642 .
396 5602 428 5640 γ
525 5624 538 5641 .
954 5588 969 5599 ‘

230 5585 787 5733 coVenstl)M.—Et
828 5671 883 5724 in
925 5679 1064 5723 terra
1101 5681 1225 5735 pax.
1274 5661 1500 5730 Quando
1541 5654 1813 5729 peccando

227 5786 451 5828 eramus
478 5786 509 5824 a
538 5769 644 5822 Deo
673 5765 948 5827 extranei,
980 5769 1269 5839 extraneos
1303 5769 1401 5809 nos
1435 5749 1609 5821 angeli
1642 5748 1809 5816 depu-

234 5867 452 5931 tabunt;
508 5861 600 5917 sed
628 5859 752 5930 quia
788 5854 1133 5927 cognovimus
1164 5864 1341 5920 regem
1370 5854 1635 5907 nostrum,
1662 5855 1811 5895 reco-

1837 4590 1889 4648 D

1981 1701 2146 1756 Vens.
2175 1702 2261 1757 18.
2285 1729 2355 1738 -
2380 1697 2564 1752 Mirati
2584 1703 2725 1749 sunt.
2756 1693 3022 1748 Mirantur
3044 1697 3099 1745 et
3135 1691 3203 1745 de
3230 1695 3489 1759 mysterio

1913 1794 2304 1851 incarnationis
2331 1801 2387 1846 et
2406 1791 2477 1863 de
2504 1798 2653 1844 tanta
2676 1797 2953 1858 pastorum
2988 1783 3352 1848 attestatione,
3370 1779 3486 1850 qui

1838 1885 1885 1943 B
1915 1889 2118 1959 ﬁngere
2141 1886 2321 1942 audita
2344 1884 2649 1946 nescirent,
2683 1880 2778 1935 sed
2809 1878 3043 1949 simplici
3077 1875 3326 1932 facundia
3356 1888 3488 1929 vera

1907 1978 2285 2050 praedicarent.
2319 1974 2427 2028 Sed
2454 1972 2713 2025 Dominus
2744 1983 2852 2023 non
2882 1967 3146 2029 rethores,
3184 1964 3280 2020 sed
3305 1963 3487 2032 pisca-

1911 2079 2056 2124 tores
2078 2067 2145 2121 ad
2170 2063 2642 2135 evangelizandum
2670 2059 2977 2114 destinavit.
3005 2056 3096 2111 Sic
3124 2064 3180 2110 et
3206 2056 3262 2109 in
3292 2053 3487 2108 Vetere

1910 2160 2255 2215 Testamento
2269 2169 2381 2211 suae
2400 2150 2820 2221 dispensationis
2836 2148 3054 2202 nuntios
3065 2153 3313 2215 pastores
3335 2142 3484 2198 ordi-

1910 2253 2077 2308 navit.
2100 2248 2225 2303 Ideo
2238 2261 2343 2301 non
2356 2252 2437 2300 est
2448 2239 2878 2313 parvipendenda
2900 2247 3174 2308 pastorum
3190 2252 3218 2288 a
3228 2233 3485 2303 ttestatio.

1981 2344 2143 2399 Vens.
2175 2340 2264 2395 20.
2280 2369 2350 2380 —-
2372 2336 2441 2391 Et
2473 2335 2680 2398 reversi,
2702 2342 2807 2388 etc.
2830 2329 3042 2403 (ΒευΑ.)
3068 2328 3159 2384 Sic
3180 2325 3489 2397 spirituales

1912 2444 2158 2505 pastores
2179 2430 2336 2484 modo
2357 2423 2746 2482 dormientibus
2782 2400 2905 2477 aliis
2934 2417 3348 2489 contemplanda
3375 2431 3489 2472 coe-
3558 2400 3561 2405 ’

1912 2524 2067 2578 lcstia
2118 2520 2513 2581 subvehuntur,
2556 2522 2687 2580 etc.,
2740 2529 2901 2583 usque
2952 2509 3021 2564 ad
3074 2509 3199 2565 dum
3251 2508 3487 2563 dicunt:

1914 2612 2095 2667 Gloria
2136 2613 2191 2664 in
2230 2607 2501 2663 altissimis
2535 2604 2670 2671 Deo,
2697 2612 2745 2658 et
2785 2603 2841 2656 in
2870 2611 3010 2656 terra
3058 2615 3166 2671 pax
3192 2596 3489 2652 hominibus

1914 2706 2062 2759 bona:
2090 2700 2389 2756 uoluntatis.

1986 2796 2147 2851 Vens.
2177 2793 2267 2848 22.
2291 2820 2365 2832 —-—
2384 2788 2636 2844 Tulerunt
2663 2784 2835 2840 illum.
2863 2779 3078 2839 Parvuli
3119 2778 3212 2850 qui
3253 2778 3321 2834 de
3375 2784 3489 2832 toto

1913 2901 2080 2959 regno
2118 2882 2425 2939 Iudaeorum
2460 2878 2530 2933 ad
2557 2876 2813 2948 templum
2838 2873 3214 2946 portabantur,
3250 2868 3297 2923 si
3329 2876 3492 2936 erant

1914 2956 1999 3036 de
2017 2978 2156 3033 tribu
2188 2974 2339 3039 Levi,
2369 2973 2422 3027 in
2450 2969 2811 3025 ministerium
2841 2966 3032 3020 domus
3058 2968 3321 3031 perpetuo
3350 2956 3490 3011 deti-

1915 3070 2203 3125 nebantur.
2240 3063 2299 3119 Si
2328 3062 2395 3116 de
2419 3060 2523 3114 alia
2549 3059 2715 3121 tribu,
2752 3055 2927 3124 pretio
2966 3051 3093 3106 dato
3113 3064 3143 3103 a
3176 3046 3493 3118 parentibus

1915 3160 2263 3236 primogeniti
2286 3156 2692 3213 redimebantur
2719 3150 2787 3205 ad
2816 3146 3034 3221 propria
3066 3142 3356 3199 referendi.

1985 3252 2148 3307 Vens.
2177 3250 2268 3305 23.
2297 3276 2369 3289 —
2390 3246 2540 3302 Sicut
2569 3243 2843 3311 scriptum.
2876 3235 3087 3308 (Βευλ.)
3115 3233 3388 3301 Scriptum
3409 3236 3496 3285 est

1917 3345 1973 3401 in
2002 3344 2162 3414 lege:
2208 3337 2403 3393 Mulier
2421 3350 2537 3406 qua:
2585 3340 2845 3401 suscepto,
2882 3337 3013 3389 etc.,
3042 3340 3204 3394 usque
3252 3323 3323 3376 ad
3367 3335 3493 3378 cum

1915 3411 2180 3491 bonorum
2193 3443 2415 3501 operum
2439 3425 2704 3481 fructibus
2725 3433 2973 3491 superna:
2994 3411 3348 3471 beatitudinis
3360 3426 3493 3483 gau-

1917 3523 2267 3671 dlavlegi.
2299 3640 2368 3651 —
2392 3606 2505 3662 Par
2530 3614 2813 3660 turturum.
2841 3598 2963 3671 (lp.)
2989 3597 3116 3671 Haec
3135 3593 3336 3651 oblatio
3357 3608 3493 3665 pau-

1914 3723 2104 3779 perum
2144 3711 2283 3768 erat,
2316 3701 2407 3772 qui
2447 3713 2552 3753 non
2603 3693 2907 3750 sullicerent
2933 3670 3128 3745 uﬂ'érre
3179 3700 3402 3755 agnum,
3432 3691 3495 3740 ut

1916 3817 2014 3873 per
2040 3798 2219 3856 omnia
2249 3792 2521 3850 humilitas
2545 3785 2758 3844 Domini
2787 3790 2990 3855 pateat.

1989 3910 2155 3965 Vens.
2180 3906 2270 3961 25.
2293 3929 2363 3944 -ι
2382 3901 2450 3955 Et
2478 3917 2591 3956 ecce
2616 3899 2789 3952 homo.
2821 3894 2937 3948 Non
2968 3892 3139 3948 solum
3169 3887 3364 3960 angeli,
3397 3884 3493 3941 sed

1916 3998 2092 4055 omnis
2111 4003 2240 4050 aetas
2261 4001 2318 4049 et
2334 4004 2494 4047 sexus
2517 3983 2881 4041 testimonium
2898 3991 3024 4036 nato
3051 3978 3281 4033 reddunt
3298 3989 3488 4046 puero.

1915 4092 1984 4147 Et
2027 4091 2171 4144 sicut
2196 4087 2264 4140 ab
2307 4083 2546 4138 omnium
2578 4076 2895 4134 saeculorum
2926 4071 3171 4127 fidelibus
3205 4066 3494 4139 praesagie-

1916 4187 2094 4246 batur,
2120 4180 2195 4233 ita
2216 4176 2439 4231 veniens
2476 4170 2716 4226 omnium
2760 4174 3072 4222 sanctorum
3116 4160 3275 4214 laude
3298 4156 3494 4227 praedi-

1916 4285 2095 4333 catur.

1986 4369 2151 4424 Vens.
2195 4365 2285 4419 27.
2310 4392 2381 4403 —-
2403 4358 2655 4413 Puerum.
2691 4353 2825 4411 Cum
2854 4348 3082 4420 pueritia
3126 4350 3248 4415 post
3285 4347 3490 4411 septem

1916 4475 2089 4515 annos
2136 4453 2377 4511 infantiae
2417 4448 2660 4518 incipiat,
2689 4444 2847 4498 Jesus
2874 4439 3192 4509 frequenter
3234 4447 3368 4503 puer
3408 4429 3492 4486 di-

1916 4556 2076 4616 citur,
2107 4566 2212 4606 non
2244 4558 2352 4603 tam
2394 4553 2555 4601 {etate
2582 4556 2742 4611 quam
2781 4553 2879 4608 pro
2909 4534 3149 4594 servitio,
3173 4529 3314 4583 unde
3354 4525 3492 4581 Pro-

1914 4648 2076 4717 pheta
2109 4661 2120 4696 :
2152 4638 2290 4695 Ecce
2317 4653 2445 4709 puer
2468 4650 2630 4695 meus,
2658 4629 2783 4700 quia
2814 4625 2862 4679 F
2866 4626 2988 4679 ilius
3010 4621 3232 4677 hominis
3263 4635 3366 4671 non
3404 4631 3491 4670 ve-

1919 4737 1993 4791 nit
2017 4729 2331 4793 ministrari,
2363 4726 2452 4781 sed
2486 4723 2782 4778 ministrare
2804 4717 2940 4788 (Isa.
2973 4713 3126 4781 xui).

1990 4829 2154 4882 Vens.
2199 4824 2289 4878 29.
2322 4848 2389 4859 -—
2422 4815 2578 4871 Nunc
2605 4812 2821 4867 dimittis
2850 4823 3052 4862 servum
3076 4814 3241 4857 tuum.
3270 4797 3489 4871 (Αιωει.)

1919 4917 2020 4984 Qui
2048 4915 2159 4970 vult
2181 4909 2399 4972 dimitti,
2421 4904 2601 4960 veniat
2625 4903 2678 4956 in
2702 4896 3056 4954 Hierusalem,
3087 4898 3215 4955 etc.,
3240 4904 3400 4959 usque
3422 4884 3492 4941 ad

1921 4977 2052 5062 tunc
2077 5003 2377 5059 dimittetur
2404 5003 2463 5049 ut
2495 5008 2601 5048 non
2635 4990 2813 5044 videat
2840 4992 3095 5048 mortem,
3134 4979 3263 5050 quia
3284 4977 3495 5032 viderat

1918 5103 2108 5158 vitam.
2512 5132 2517 5137 .
2922 5076 2925 5081 ’

2171 5185 2259 5241 54.
2282 5213 2352 5224 -
2373 5181 2509 5235 Ecce
2526 5176 2723 5247 positus
2744 5179 2817 5225 est
2837 5168 2939 5221 hic.
2964 5164 3022 5218 In
3047 5162 3258 5217 ruinam
3275 5142 3493 5213 illorum

1920 5280 2011 5352 qui
2050 5284 2337 5339 steterant,
2367 5280 2422 5326 et
2469 5245 2922 5323 resurrectionem
2955 5256 3167 5311 illorum
3216 5249 3309 5318 qui
3347 5245 3492 5303 ceci-

1920 5337 2152 5432 derant;
2185 5365 2271 5421 vel
2302 5365 2355 5417 in
2400 5359 2611 5415 ruinam
2642 5353 2918 5413 vitiorum,
2948 5355 3004 5401 et
3048 5346 3100 5399 in
3136 5337 3492 5415 resurrqu-

1922 5478 2045 5520 nem
2064 5431 2345 5513 virtutum.
2372 5448 2488 5505 Non
2518 5448 2570 5501 in
2599 5460 2657 5500 se
2683 5451 2912 5503 tantum,
2942 5435 3035 5492 sed
3062 5434 3117 5488 in
3142 5431 3256 5487 suis
3280 5437 3497 5498 quoque

1920 5548 2366 5628 praedicatoribus
2414 5542 2624 5614 positus
2667 5545 2750 5592 est
2793 5535 2845 5588 in
2892 5531 3104 5585 ruinam
3158 5531 3213 5579 et
3255 5531 3498 5576 resurre-

1922 5614 2178 5706 ctionem,
2210 5639 2351 5696 unde
2392 5632 2676 5705 Apostolus
2702 5647 2715 5682 :
2739 5624 2933 5682 Christi
2972 5621 3136 5674 bonus
3158 5614 3292 5669 odor
3315 5622 3497 5664 sumus

1925 5740 2049 5803 Deo,
2080 5736 2135 5788 in
2158 5733 2236 5785 his
2258 5730 2346 5801 qui
2373 5726 2501 5782 salvi
2525 5724 2677 5793 ﬁunt,
2712 5728 2761 5773 et
2786 5719 2839 5770 in
2864 5714 2943 5768 liis
2976 5710 3064 5776 qui
3085 5712 3319 5777 pereunt.
3345 5697 3502 5803 Boep

1918 5829 2061 5887 enim
2090 5784 2283 5889 odore;
2301 5820 2389 5876 alii
2422 5817 2718 5877 salvantur,
2748 5808 2834 5864 alii
2867 5808 3094 5877 pereunt
3121 5794 3203 5867 (11
3238 5790 3363 5848 Cor.
3413 5784 3497 5856 ιι).
