3960 6336
473 358 572 413 251

974 357 1365 413 WALAFRIDI
1406 357 1651 413 STRABI
1690 358 1894 427 FULD.
1936 356 2099 413 MON.
2141 355 2291 414 OPP.
2334 359 2513 423 PABS
2549 361 2590 416 1.
2630 393 2697 402 —
2735 362 3188 420 THEOLOGICA.

3618 362 3728 420 25‘2

550 470 711 526 Vsus.
742 469 1152 526 55.—Gludius.
1189 471 1403 541 mena.)
1433 473 1592 527 Dolor
1614 472 1905 527 Dominicre
1925 486 2046 541 pas-
2074 472 2125 532 Α
2154 474 2493 542 importunus
2519 477 2784 546 cogitatus
2816 475 3170 546 repellamus,
3207 486 3257 530 et
3296 476 3431 532 alios
3458 478 3728 535 instruere

474 563 664 628 sionis,
689 571 817 629 etc.,
842 579 1002 633 usque
1021 563 1088 616 ad
1111 562 1318 617 zizania
1347 564 1654 630 germinare
1681 563 1964 632 conspicit.

548 655 617 710 Ut
647 655 954 711 reuelentur.
979 656 1117 711 Ante
1148 665 1268 712 erat
1303 658 1568 713 incertum
1617 658 1708 727 qui
1743 656 2050 713 Judaaorum

476 748 679 805 Christi
728 749 956 819 gratiam
997 750 1322 819 reciperent,
1370 750 1460 819 qui
1504 756 1908 819 conspuerent:
1956 747 2051 803 sed

479 841 662 895 audita
689 841 973 896 nativitate
1019 841 1328 895 revelantur
1370 842 1750 912 cogitationes,
1782 848 1839 896 et
1882 840 2053 894 Hero-

479 931 576 986 des
610 940 664 985 et
692 930 782 984 alii
807 931 1105 996 turbantur,
1126 931 1345 1002 quidam
1371 932 1439 988 ad
1457 931 1658 989 Christi
1682 930 2054 1003 magisterium

479 1023 761 1076 accedunt.

551 1110 715 1171 Vens.
753 1112 841 1167 56.
865 1144 939 1154 -ο
967 1112 1034 1168 Et
1050 1126 1162 1170 erat
1183 1115 1359 1182 Anna,
1381 1123 1486 1171 etc.
1513 1115 1648 1183 Quia
1677 1129 1774 1184 per
1797 1115 1970 1169 virum
2000 1122 2057 1170 et

480 1201 762 1257 mulierem
792 1204 905 1258 vita
934 1206 1100 1261 totius
1140 1208 1324 1261 mundi
1354 1208 1563 1277 perdita
1589 1216 1692 1272 est,
1732 1206 1787 1260 in
1815 1206 2057 1261 testimo-

478 1292 572 1347 nio
596 1294 719 1349 vitae
758 1310 856 1365 per
894 1296 1169 1353 Christum
1214 1300 1491 1355 redeuntis
1518 1299 1671 1353 Anna
1715 1298 2058 1368 conjungitur

482 1382 747 1441 Simeoni.
802 1386 1065 1442 Convenit
1112 1390 1386 1460 mysteriis
1420 1388 1695 1454 Ecclesia},
1727 1390 1869 1457 quod
1902 1387 2059 1442 Anna

481 1476 657 1545 gratia
709 1477 1127 1546 interpretatur,
1184 1496 1302 1550 quze
1349 1488 1434 1535 est
1480 1480 1591 1534 ﬁlia
1647 1479 1908 1545 Phanuel,
1967 1479 2060 1548 qui

484 1564 659 1620 facies
706 1568 798 1622 Dei
833 1568 1051 1636 dicitur,
1081 1572 1223 1624 unde
1270 1587 1431 1640 supra
1460 1589 1474 1624 :
1508 1570 1787 1641 Signatum
1811 1579 1885 1624 est
1905 1585 2062 1639 super

486 1670 580 1709 nos
629 1654 803 1709 lumen
832 1656 1001 1712 rullus
1046 1659 1147 1725 tui,
1197 1660 1419 1715 Domine
1467 1658 1639 1731 (Psal.
1676 1660 1771 1730 tv).
1804 1658 1881 1712 De
1923 1657 2059 1712 tribu

485 1747 635 1801 Aser.
672 1747 729 1802 1d
758 1758 841 1803 est
888 1750 1064 1817 beati,
1113 1753 1411 1818 descendit,
1464 1753 1555 1822 qui
1598 1751 1739 1808 inter
1778 1750 2056 1806 duodecim

2149 567 2477 624 laboremus.

2227 660 2390 715 Vens.
2418 661 2508 715 52.
2546 690 2616 701 --
2646 659 2962 732 Proﬁciebat
2993 662 3269 730 sapientia.
3306 661 3531 733 (BEDA.)
3577 662 3733 717 Sicut

2152 755 2237 803 est
2272 749 2455 804 carnis
2484 759 2644 806 aetate
2678 751 2959 821 proﬁcere,
2991 759 3123 817 etc.,
3177 766 3337 821 usque
3383 751 3453 804 ad
3502 759 3734 821 utraque

2152 839 2355 908 pariter
2383 840 2705 896 salvaretur.

2752 931 2979 988 CAPUT
3031 932 3115 987 111.

2224 1023 2390 1079 Vitas.
2414 1023 2472 1079 Ξ.
2494 1053 2564 1064 -—
2585 1021 2810 1078 Factum
2840 1034 2915 1079 est
2942 1024 3175 1089 verbum,
3206 1031 3314 1079 etc.
3342 1024 3556 1094 (Βευλ.)
3585 1024 3734 1079 Con-

2155 1125 2473 1188 gregaturus
2498 1115 2820 1182 Ecclesiam,
2844 1115 2941 1171 Dei
2959 1114 3124 1170 Filius
3145 1116 3375 1183 primum
3398 1123 3656 1184 operatur
3681 1116 3740 1169 ia

2156 1210 2390 1275 servulo,
2418 1217 2546 1275 etc.,
2577 1226 2740 1279 usque
2768 1207 2837 1262 ad
2864 1193 3031 1264 unum
3065 1207 3249 1277 itaque
3275 1206 3439 1274 dixit,
3474 1216 3530 1263 et
3553 1209 3739 1262 omnia

2156 1301 2472 1357 declaravit.

2229 1394 2392 1448 Vens.
2423 1394 2561 1448 ’5.-
2585 1391 2893 1446 Ρνωάὶσαηε
2924 1391 3240 1461 baptismum
3266 1390 3605 1461 pomiteutiw,
3628 1397 3739 1443 etc.

2158 1483 2281 1557 (1η.)
2324 1482 2558 1538 Joannes
2591 1484 2919 1552 baptismum
2957 1482 3287 1553 ptenitentiae
3324 1481 3662 1552 prredicavit,
3688 1489 3747 1535 et

2158 1575 2478 1645 quibusdam
2508 1575 2671 1630 etiam
2702 1576 2880 1641 dedit,
2911 1582 3038 1639 etc.,
3079 1592 3240 1645 usque
3267 1574 3336 1629 ad
3376 1581 3747 1645 praecurretur

2159 1681 2258 1721 suo
2285 1666 2608 1735 baptismate
2633 1681 2740 1735 quo
2767 1674 2987 1735 peccata
3014 1665 3145 1720 solvi
3175 1681 3280 1720 non
3308 1673 3552 1733 possunt.

2234 1761 2397 1815 Vens.
2428 1759 2483 1812 4.
2508 1789 2577 1798 -
2610 1757 2724 1813 Vox
2754 1757 3048 1812 clamantis.
3083 1756 3214 1822 Vox,
3252 1756 3380 1826 quia
3408 1756 3750 1824 prmnuntius

484 1839 826 1909 patriarchas
868 1842 1058 1898 ordine
1110 1844 1365 1898 nascendi
1418 1851 1644 1898 octavus
1698 1850 1801 1908 est,
1843 1852 2061 1912 pr0pter

2200 1851 2332 1907 erbi.
2368 1850 2435 1904 In
2464 1849 2687 1904 deserto.
2726 1848 2860 1912 Quia
2889 1847 3118 1903 desertze
3156 1855 3213 1903 et
3244 1825 3517 1901 destitute
3546 1845 3750 1902 Judazat

487 1931 803 2001 mysterium
835 1935 1272 1989 resurrectionis.
1302 1935 1551 2004 Quinque
1582 1942 1709 1993 sunt
1732 1932 1919 1988 Annae.
1942 1932 2064 1987 Pri-

485 2028 572 2078 ina
628 2032 801 2079 mater
848 2026 1091 2093 Samuel,
1146 2028 1381 2084 secunda
1434 2044 1571 2083 uxor
1620 2028 1847 2096 Raguel,
1904 2027 2063 2082 tertia

487 2122 664 2168 mater
701 2113 904 2181 Tobiae,
942 2124 1134 2185 quarta
1185 2116 1294 2170 ﬁlia
1337 2115 1598 2182 Phanuel,
1649 2117 1838 2185 quinta
1892 2123 2067 2171 mater

489 2203 689 2260 Mariae.

561 2294 897 2351 Processerat
953 2298 1009 2351 in
1059 2298 1258 2353 diebus.
1292 2297 1513 2369 (ΒεοΑ.)
1543 2296 1703 2353 Juxta
1757 2297 2062 2358 historiam,

493 2387 668 2454 Anna,
694 2397 750 2443 et
775 2388 981 2444 devotae
1005 2390 1457 2456 conversationis,
1482 2397 1617 2455 etc.,
1646 2406 1807 2460 usque
1845 2389 1914 2443 ad
1936 2387 2069 2444 mul-

493 2479 808 2549 tiplicantur
839 2490 1060 2550 propter
1089 2481 1438 2551 apostolicam
1475 2481 1797 2538 doctrinam.

564 2573 725 2628 Vens.
757 2573 845 2629 58.
873 2602 943 2614 --
970 2573 1222 2629 Omnibus
1244 2576 1353 2645 qui,
1387 2584 1493 2630 etc.
1526 2573 1790 2629 Omnibus
1825 2572 2069 2629 ﬁdelibus

491 2663 585 2735 qui
618 2662 750 2734 jugo
792 2663 1021 2719 Herodis
1060 2665 1372 2735 alienigenum
1413 2665 1645 2736 gravati,
1688 2665 2067 2721 liberationem

492 2754 732 2809 civitatis
775 2762 831 2810 et
880 2754 1062 2824 populi
1103 2756 1519 2825 exspectabant,
1574 2754 1922 2825 promittebat
1971 2770 2069 2825 per

493 2847 783 2901 adventuum
830 2846 1033 2901 Christi
1076 2846 1130 2901 in
1174 2846 1421 2917 proximo
1465 2842 1890 2916 redemptionem
1925 2861 1956 2900 a
1988 2854 2070 2916 ty-

495 2937 721 2993 rannide
744 2937 925 2993 alieni.

565 3031 730 3086 Vsus.
762 3030 854 3085 40.
873 3061 945 3072 --
972 3030 1118 3085 Puer
1139 3040 1334 3087 autem.
1361 3031 1574 3104 (ΒΕΜ.)
1598 3032 1654 3087 1n
1681 3046 1747 3088 co
1770 3032 1913 3103 quod
1936 3047 2070 3103 puer

494 3130 634 3189 erat,
666 3130 797 3187 etc.,
836 3140 999 3194 usque
1032 3124 1101 3178 ad
1126 3125 1288 3180 homo
1313 3124 1431 3181 ﬁeri
1473 3126 1746 3194 uenisset,
1798 3124 2069 3195 perfectus

497 3222 643 3269 esset
672 3220 732 3268 ut
764 3212 927 3269 Deus.

568 3326 734 3381 Vsus.
763 3325 854 3381 41.
878 3357 949 3367 -
974 3326 1040 3381 Et
1094 3326 1237 3382 ibant
1271 3336 1532 3398 parentes,
1561 3325 1669 3383 etc.
1722 3326 1846 3401 (10.)
1882 3327 2072 3383 Merito

500 3418 676 3476 Lucas
690 3420 833 3475 inter
850 3428 1081 3491 quatuor
1093 3421 1346 3476 animalia
1370 3421 1536 3476 vitulo
1560 3430 1925 3491 comparatur,
1943 3428 2071 3484 etc.,

500 3525 664 3580 usque
686 3510 755 3562 ad
785 3509 1078 3579 discipulos
1108 3509 1319 3565 Domini
1362 3511 1416 3564 in
1459 3510 1659 3580 templo
1698 3509 1976 3564 laudantes
2022 3508 2077 3562 in

501 3597 612 3654 ﬁne
640 3598 918 3670 Evangelii
942 3600 1026 3674 sui
1056 3599 1347 3655 concludit.

574 3711 740 3765 Vens.
766 3710 855 3764 45.
890 3741 963 3751 -
994 3708 1060 3764 Ει
1084 3727 1187 3764 non
1208 3711 1536 3766 invenientes.
1576 3709 1700 3782 (ιο.)
1733 3709 1790 3765 Si
1820 3709 2080 3779 quaeritur

505 3802 776 3872 quomodo
835 3801 1011 3872 potuit
1064 3819 1092 3856 a
1120 3802 1434 3872 parentibus
1491 3801 1856 3857 obliviscendo
1920 3800 2085 3856 relin-

510 3895 624 3963 qui,
657 3899 786 3958 etc.,
819 3908 981 3963 usque
1028 3893 1097 3946 ad
1128 3908 1249 3947 cum
1298 3892 1470 3948 altero
1520 3901 1744 3963 parente
1787 3905 2081 3947 reversum.

579 3983 745 4041 Vsus.
772 3984 1016 4041 46.-Ῑη
1042 3984 1232 4039 medio.
1259 3984 1380 4057 (ln.)
1401 3983 1562 4052 Quasi
1588 3982 1729 4049 fons,
1758 3983 1970 4038 medius
1985 3983 2083 4037 do-

511 4084 723 4132 ctorum
749 4075 915 4143 sedet,
950 4077 1043 4132 sed
1072 4076 1226 4146 quasi
1260 4075 1535 4145 exemplar
1567 4075 1908 4139 humilitatis,
1938 4074 2088 4143 prius

513 4170 809 4242 interrogat
830 4170 1047 4225 etaudit
1073 4184 1235 4240 quam
1264 4168 1597 4234 instruat,ne
1625 4167 1831 4238 parvuli
1856 4182 1886 4220 a
1913 4166 2089 4221 senio-

514 4262 665 4318 ribus
694 4261 875 4317 doceri
900 4264 1242 4326 erubescant,
1269 4275 1337 4315 ne
1363 4260 1609 4315 inﬁrmus
1652 4259 1845 4315 docere
1872 4256 2084 4312 audeat.

590 4369 754 4428 Vens.
786 4373 875 4429 49.
899 4404 970 4414 -
1001 4371 1140 4439 Quid
1179 4381 1254 4427 est
1292 4371 1431 4444 quod
1461 4387 1541 4425 me
1570 4368 1928 4440 quaerebatis?
1969 4366 2089 4441 (11).)

518 4464 636 4521 Non
668 4464 808 4534 quod
835 4478 956 4518 eum
986 4463 1141 4535 quasi
1171 4462 1338 4517 ﬁlium
1373 4468 1624 4532 quaerunt
1650 4461 1953 4530 vituperat,
1997 4460 2088 4514 sed

2165 1940 2415 1997 solatium
2468 1937 2855 2008 redemptionis
2901 1935 3204 1989 annuntiat.
3260 1933 3475 1988 Nullum
3520 1936 3747 1988 verbum

2166 2031 2283 2086 sine
2326 2043 2461 2085 voce
2505 2028 2741 2093 auditur,
2797 2040 2897 2081 nec
2927 2041 3028 2081 vox
3062 2026 3179 2081 sine
3210 2025 3359 2080 verbi
3389 2025 3750 2093 intelligentia

2165 2122 2329 2177 valet.
2366 2119 2559 2174 Parate
2591 2120 2724 2173 viam
2756 2116 2992 2182 Domini,
3022 2125 3127 2172 etc.
3169 2117 3269 2183 Qui
3302 2115 3462 2169 ﬁdem
3509 2123 3564 2170 et
3608 2115 3754 2169 bona

2165 2226 2327 2281 opera
2356 2208 2634 2279 prazdicat,
2679 2207 2807 2276 quid
2849 2205 2992 2260 aliud
3017 2220 3178 2276 quam
3219 2204 3452 2259 venienti
3488 2204 3755 2259 Domino?

2168 2303 2235 2357 ad
2267 2300 2433 2356 corda
2462 2298 2794 2353 audientium
2824 2298 2964 2352 viam
2994 2303 3167 2365 parat,
3199 2303 3258 2349 ut
3296 2294 3411 2349 haec
3440 2294 3524 2349 vis
3563 2294 3755 2365 gratia:

2164 2390 2414 2454 illustret,
2442 2395 2504 2442 ut
2542 2396 2716 2443 rectas
2745 2387 2856 2441 Deo
2885 2385 3109 2442 semitas
3138 2383 3322 2449 faciat,
3356 2386 3484 2438 dum
3518 2384 3755 2439 mundas

2167 2482 2519 2554 cogitationes
2562 2481 2617 2534 in
2657 2480 2840 2534 animo
2876 2492 2974 2549 per
3010 2490 3316 2532 sermonem
3345 2474 3756 2545 prredicationis

2172 2574 2389 2630 format.

2237 2665 2405 2719 Vsus.
2434 2664 2487 2718 5.
2511 2694 2582 2704 —
2612 2660 2681 2716 Et
2710 2670 2861 2717 erunt
2889 2677 3067 2732 prava.
3097 2658 3311 2730 (Βευλ.)
3335 2656 3532 2723 Prava,
3562 2656 3619 2711 id
3648 2665 3754 2720 est,

2168 2755 2434 2811 malorum
2464 2753 2626 2808 corda
2657 2767 2754 2822 per
2786 2751 3104 2822 injustitiam
3133 2750 3360 2806 distorta
3399 2748 3466 2802 ad
3510 2747 3757 2818 regulam

2163 2846 2387 2918 iustitia:
2413 2844 2732 2915 dirigentur.

2238 2936 2404 2993 Vens.
2428 2934 2480 2989 6.
2496 2966 2567 2976 —
2590 2934 2653 2988 Et
2680 2930 2888 2989 videbit.
2910 2932 3033 3004 (Ιυ.)
3050 2931 3106 2985 1η
3130 2931 3231 2985 hac
3254 2928 3362 2984 vita
3388 2928 3568 2985 omnis
3591 2929 3759 2986 homo

2167 3024 2442 3083 Christum
2462 3023 2645 3079 videre
2666 3038 2773 3077 non
2794 3022 2987 3092 potuit,
3012 3021 3108 3076 sed
3134 3020 3185 3074 in
3212 3020 3299 3074 die
3315 3018 3527 3088 judicii,
3550 3019 3606 3072 in
3629 3019 3761 3074 sede

2169 3115 2469 3185 maiestatis
2499 3122 2555 3168 et
2582 3113 2738 3169 electi
2768 3121 2825 3167 et
2853 3110 3066 3181 reprobi
3094 3110 3300 3180 pariter
3360 3108 3650 3173 videbunt,
3702 3124 3762 3163 ut

2165 3208 2298 3279 justi
2340 3214 2775 3273 remunerentur,
2826 3212 2880 3260 et
2924 3202 3050 3259 mali
3103 3202 3157 3257 in
3206 3208 3467 3256 mtcrnum
3517 3209 3759 3272 gemant.

2174 3300 2329 3357 Unde
2360 3308 2416 3356 et
2443 3298 2694 3356 subditur
2720 3314 2733 3352 :
2818 3354 2821 3355 ν

2243 3389 2409 3445 Vens.
2437 3389 2491 3443 7.
2520 3419 2589 3428 —
2613 3386 2742 3453 Quis
2770 3384 3018 3450 ostendit,
3054 3391 3160 3438 etc.
3184 3382 3209 3435 Ρ
3240 3380 3461 3455 (Anam)
3506 3368 3643 3450 Quis
3683 3397 3769 3437 os-

2175 3480 2349 3536 tendit
2398 3480 2450 3533 in
2505 3475 2788 3548 prudentia
2841 3474 3191 3530 miseratione
3226 3473 3322 3529 Dei
3361 3473 3554 3535 infusa,
3617 3474 3766 3528 etc.?

2178 3588 2341 3642 usque
2359 3569 2428 3624 ad
2448 3583 2609 3641 quam
2642 3568 2711 3621 ad
2736 3574 2927 3637 gentes
2954 3563 3385 3620 transferendam
3413 3562 3723 3633 prophetat.

2250 3661 2415 3717 Vens.
2438 3660 2489 3715 8.
2507 3690 2577 3699 —-
2600 3659 2729 3713 Dico
2754 3659 2890 3713 enim
2918 3656 3077 3713 vobis.
3104 3655 3225 3727 (10.)
3243 3655 3343 3721 Qui
3372 3656 3573 3709 amisso
3603 3670 3769 3710 sensu

2182 3750 2426 3816 rationis,
2453 3758 2582 3813 etc.,
2610 3765 2772 3821 usque
2804 3748 2872 3802 ad
2902 3746 3182 3817 replentur
3209 3744 3495 3807 fructibus.
3527 3745 3771 3799 vestiun—

2184 3853 2273 3899 tur
2300 3841 2598 3897 frondibus.

2254 3933 2416 3989 Vens.
2452 3932 2622 3986 il.—
2655 3929 2757 3995 Qui
2787 3930 2938 3984 habet
2960 3929 3112 3983 duas.
3149 3926 3364 3997 (ΒευΑ).
3405 3925 3608 3979 Tunica
3644 3924 3770 3994 plus

2186 4023 2267 4079 sui
2290 4020 2596 4078 necessaria
2621 4035 2781 4090 quam
2806 4019 3053 4090 pallium,
3070 4026 3197 4082 etc.,
3227 4032 3389 4088 usque
3413 4016 3482 4069 ad
3505 4014 3602 4071 sed
3626 4015 3773 4084 quod

2187 4115 2351 4169 habet
2378 4128 2500 4168 cum
2529 4126 2764 4181 paupere
2790 4110 3011 4179 partiat.

2259 4204 2421 4258 Vens.
2454 4203 2622 4256 12.-
2647 4201 2944 4257 Publiceni.
2975 4198 3097 4274 (10.)
3127 4199 3225 4268 Qui
3252 4196 3531 4267 vectigalia
3556 4194 3774 4267 publica

2191 4294 2429 4365 exigunt,
2445 4300 2572 4356 etc.,
2599 4309 2759 4362 usque
2781 4292 2848 4345 ad
2873 4290 3088 4345 tandem
3112 4290 3179 4345 ad
3201 4288 3419 4360 propria
3445 4302 3567 4342 cum
3590 4284 3775 4355 proxi-

2192 4386 2298 4441 mis
2323 4384 2771 4441 communicanda
2802 4385 3191 4455 pertingerent.

2264 4481 2427 4536 Vens.
2463 4479 2549 4534 15.
2574 4511 2635 4520 ——
2674 4479 3024 4533 Existimante
3055 4487 3250 4530 autem.
3284 4472 3414 4545 (11).)
3452 4471 3570 4526 Non
3602 4469 3777 4526 solum

518 4557 639 4627 (Ιυίε
669 4558 739 4611 είι
767 4555 869 4611 Sibi
898 4571 1057 4610 "erus
1078 4555 1239 4610 Ρίιίθν
1269 4555 1528 4648 ἱηείηυθιυ
1556 4561 1611 4608 εί
1640 4550 1768 4648 ΨΜ
1796 4551 1972 4648 Pomm
1999 4552 2090 4648 ἀφ’
2115 4532 2170 4594 υ
2194 4575 2520 4648 cogitabant,
2553 4580 2683 4640 etc.,
2711 4587 2873 4643 usque
2902 4571 2969 4623 ad
2999 4584 3098 4640 per
3122 4532 3639 4637 virginem'venisse
3670 4577 3777 4617 non

518 4652 646 4705 beat
674 4650 723 4705 ci
752 4648 838 4705 cui
865 4657 950 4704 est
984 4658 1221 4705 aeternus
1247 4647 1449 4715 Filius,
1492 4645 1689 4701 mentis
1715 4644 1900 4700 oculos
1929 4643 2091 4699 attol-

518 4744 629 4799 lere
652 4743 816 4812 cogit.
849 4742 984 4810 Quia
1008 4742 1151 4798 enim
1173 4743 1317 4798 Deus
1340 4749 1393 4798 ct
1413 4742 1575 4797 homo
1596 4748 1697 4805 est,
1719 4755 1861 4795 nunc
1882 4737 2094 4794 excelsa

524 4835 770 4897 Deitatis,
794 4851 935 4890 nunc
959 4835 1171 4891 inﬁrma
1195 4835 1410 4907 praefert
1430 4833 1801 4890 humanitatis.
1826 4830 1987 4899 Quasi
2012 4829 2099 4883 Fi-

2195 4669 2443 4723 credunt.

2268 4757 2430 4812 Vens.
2467 4755 2551 4810 16.
2603 4785 2673 4795 -——
2732 4753 2911 4809 Veniet
2951 4760 3145 4805 autent.
3194 4748 3320 4804 Ideo
3348 4747 3566 4817 baptizo
3607 4760 3777 4815 aqua,

2200 4848 2325 4919 quia
2356 4846 2446 4902 ille
2470 4846 2620 4900 venit
2647 4845 2737 4916 qui
2770 4841 3069 4914 baptizabit
3098 4840 3321 4912 spiritu,
3358 4845 3412 4893 et
3438 4844 3685 4908 oportet,
3721 4844 3781 4889 ut

522 4926 627 4982 lius
651 4925 745 4981 Dei
771 4925 823 4980 in
852 4926 1048 4995 templo
1077 4916 1466 4991 commoratur,
1486 4924 1640 4995 quasi
1669 4922 1840 4979 Filius
1868 4918 2100 4975 hominis
2202 4916 2277 4994 {ni
2303 4938 2389 4992 via
2414 4944 2767 5006 praeparetur,

524 5032 647 5071 cum
675 5015 989 5085 parentibus
1015 5030 1121 5085 quo
1142 5016 1332 5087 jubent
1358 5014 1681 5085 regreditur.

596 5131 762 5186 Vnus.
783 5132 871 5187 51.
885 5162 954 5172 -
969 5131 1038 5185 Et
1064 5143 1230 5186 mater
1252 5132 1364 5201 ejus
1389 5128 1722 5185 conservabat
1747 5125 1921 5180 omnia
1943 5122 2098 5178 verba

527 5224 639 5277 Iure
670 5223 724 5277 in
750 5222 905 5276 corde
928 5239 1044 5278 suo.
1086 5220 1278 5277 Omnia
1306 5235 1425 5291 quae
1452 5220 1517 5275 de
1546 5216 1793 5280 Domino,
1825 5212 1910 5267 vel
1938 5228 1966 5267 a
1994 5212 2101 5267 Do—

510 5316 679 5395 (Iino
704 5315 846 5373 facta
874 5317 1155 5388 cognovit,
1197 5316 1311 5371 sive
1341 5329 1462 5385 quae
1494 5310 1791 5375 intellexit,
1834 5307 1948 5364 sive
1984 5321 2105 5377 quae

529 5412 770 5466 nondum
793 5410 1095 5481 intelligere
1120 5408 1315 5478 potuit,
1337 5406 1518 5463 omnia
1546 5406 1598 5459 in
1626 5400 1888 5459 memoria
1918 5413 2107 5455 recon-

2272 5028 2437 5099 Cujus
2478 5044 2580 5082 non
2610 5043 2725 5081 sum
2769 5025 2974 5096 dignus.
3029 5020 3242 5095 (Bt-ma.)
3292 5019 3407 5075 Non
3439 5032 3558 5073 sum
3590 5017 3783 5088 dignus

2203 5119 2521 5192 mysterium
2551 5116 2942 5173 incarnationis
2975 5114 3327 5184 investigare,
3360 5119 3491 5176 etc.,
3524 5124 3688 5179 usque
3716 5107 3782 5159 ad

2207 5211 2510 5282 evangelica
2539 5210 2872 5281 praedicatio,
2905 5222 3008 5278 qua
3037 5204 3260 5260 calceati
3288 5210 3413 5257 sunt
3437 5198 3690 5270 apostoli.

2279 5305 2444 5360 Vens.
2481 5303 2563 5358 19.
2607 5334 2676 5342 —
2724 5301 2977 5357 Herodes.
3015 5300 3318 5369 Antequam
3363 5295 3540 5350 Lucas
3587 5292 3784 5361 aliquid

2210 5402 2394 5451 narrat
2432 5394 2496 5451 de
2535 5394 2747 5449 actibus
2788 5391 2950 5459 Jesu,
2993 5392 3123 5448 dicit
3162 5387 3423 5445 Joannem
3467 5386 3534 5441 ab
3576 5382 3786 5439 Herode

532 5500 708 5563 debat,
739 5508 818 5564 ut,
847 5472 1062 5569 quando
1090 5472 1673 5567 tempuspriedicandte
1696 5507 1788 5547 seu
1812 5488 2109 5546 scribendae
2207 5493 2454 5556 captum,
2494 5491 2553 5537 ut
2589 5481 2838 5539 ostendat
2867 5497 2925 5538 se
2952 5478 3289 5538 solummodo
3318 5491 3380 5532 ea
3408 5474 3552 5530 facta
3583 5472 3786 5569 deseri:

536 5591 926 5647 incarnationis
959 5590 1077 5660 ejus
1111 5588 1430 5652 adveniret,
1484 5585 1813 5641 sufﬁcienter
1857 5581 2106 5636 universa
2208 5585 2459 5649 pturum,
2503 5590 2623 5646 quae
2652 5590 2717 5630 eo
2747 5590 2889 5630 anno
2914 5583 3067 5646 gesta
3097 5578 3255 5635 sunt,
3299 5583 3407 5639 quo
3440 5565 3679 5622 Joannes
3709 5562 3786 5619 vel

537 5689 696 5752 prout
719 5687 903 5736 essent
927 5687 1077 5750 gesta
1103 5686 1288 5749 posset
1310 5676 1580 5748 explicare
1604 5671 1988 5745 quaerentibus.
2020 5668 2111 5723 Sic
2150 5676 2157 5683 ‘
2212 5677 2400 5741 captus
2419 5677 2520 5735 est,
2550 5668 2633 5724 vel
2662 5667 2901 5738 punitus.

540 5790 638 5832 nos
662 5773 852 5829 crebra
877 5769 1139 5828 factorum
1161 5780 1215 5828 ct
1237 5770 1502 5827 dictorum
1528 5766 1740 5826 Domini
1766 5761 2111 5821 meditatione

2206 5798 2209 5803 λ
2288 5762 2443 5817 Vnus.
2475 5759 2564 5815 ‘21.
2590 5791 2655 5800 -
2686 5758 2752 5814 Et
2781 5757 2907 5815 Iesu
2940 5758 3219 5828 baptizata.
3257 5750 3464 5825 (Bt-2m.)
3483 5747 3788 5820 Baptizatur
