3960 6336
215 332 327 389 255

1247 323 1515 401 GLOSSA
1549 322 1945 395 OBDINARIA.
1984 350 2053 362 -
2092 322 2345 380 nunc.
2384 324 2539 380 LUC.

3390 328 3494 384 ΞΜ

218 446 499 511 Dominus,
536 458 642 500 non
672 441 919 499 mandari
951 440 1215 510 indigens,
1248 449 1383 507 etc.,
1412 455 1573 510 usque
1598 438 1667 492 ad
1692 437 1803 508 jam
1832 437 1882 497 Α
1909 434 2042 490 nihil
2088 452 2187 506 pro
2235 436 2434 491 diaboli
2476 437 2705 492 arbitrio
2727 477 2742 502 ,
2783 452 2883 494 nec
2913 437 3247 497 declarandae
3271 441 3493 500 virtutis

218 537 444 593 edoctus
472 534 569 589 Dei
594 532 791 589 Filium
816 541 1003 603 aperte
1028 530 1307 601 praedicat.

291 626 456 682 Vens.
486 626 576 685 22.
603 656 672 666 -
701 624 769 679 1η
796 635 847 679 te
874 624 1187 695 complacui.
1238 622 1357 678 Non
1387 622 1561 676 aliena
1590 622 1644 675 in
1671 621 1801 686 ﬁlio.

218 720 320 779 sed
342 734 438 776 sua
462 719 734 785 laudatur,
756 719 913 788 quasi
944 718 1125 773 dicat:
1158 716 1502 785 Quaecunque
1526 714 1698 770 habes
1721 723 1800 778 tu,

212 828 345 875 mea
372 819 517 867 ειιηι.

296 905 460 960 Vens.
491 903 581 959 ‘23.
605 933 676 943 —
701 904 976 960 Annorum
1004 902 1242 971 triginta.
1275 900 1489 971 (Βευλ.)
1520 899 1675 968 Quod
1704 899 1802 955 tri-

220 993 467 1049 cennalis
495 993 823 1063 baptizatur,
853 1001 985 1058 etc.,
1021 1007 1182 1062 usque
1209 990 1278 1044 ad
1314 998 1373 1046 ut
1402 991 1457 1044 in
1487 988 1723 1044 Jeremia
1751 995 1807 1043 et

220 1083 464 1140 Daniele.
850 1136 857 1143 ,
1040 1134 1041 1137 η

294 1172 460 1229 Vens.
476 1172 566 1228 26.
583 1203 654 1214 -—
672 1173 776 1238 Qui
797 1173 897 1241 fuit
920 1170 1258 1234 Mathathitc,
1276 1171 1368 1241 qui
1391 1169 1490 1239 fuit
1514 1170 1696 1234 Amos,
1716 1169 1804 1240 qui

222 1265 327 1335 fuit
361 1266 596 1331 Nahum,
622 1266 711 1336 qui
734 1266 832 1335 fuit
855 1264 1021 1319 Hesli.
1058 1263 1270 1336 (Bson)
1297 1263 1541 1319 Mathath
1579 1264 1670 1333 qui
1709 1278 1808 1333 per

223 1352 571 1409 Salomonem
602 1355 901 1439 descendit,
927 1363 1057 1418 etc.,
1088 1371 1253 1425 usque
1281 1355 1351 1407 ad
1379 1354 1471 1423 qui
1495 1369 1593 1422 per
1618 1367 1810 1408 carna-

221 1442 329 1500 lem
355 1445 756 1511 generationem
782 1445 1082 1499 ostenditur
1106 1444 1281 1500 factus
1305 1444 1475 1499 Filius
1500 1444 1757 1500 hominis.

298 1537 459 1591 Vens.
494 1536 583 1592 29.
605 1568 678 1577 —
699 1537 802 1603 Qui
826 1538 925 1607 {uit
952 1536 1093 1593 Levi.
1126 1537 1244 1593 Non
1274 1546 1454 1594 autem
1484 1538 1539 1593 hi
1580 1546 1811 1607 quatuor

222 1628 317 1697 qui
346 1628 452 1683 hoc
484 1627 602 1683 loco
630 1627 935 1684 inferuntur
957 1627 1123 1685 Jacob
1147 1629 1244 1684 ﬁlii
1270 1629 1521 1693 fuerunt,
1549 1630 1643 1685 sed
1666 1628 1811 1698 quod

222 1731 415 1789 eorum
446 1718 755 1773 nominibus
779 1718 1194 1788 participabant.

1908 528 2335 584 consideratione
2364 522 2691 583 faciendum.

1979 618 2141 673 Vsus.
2175 618 2230 672 5.
2258 648 2330 659 -—
2357 617 2423 671 Et
2470 618 2644 671 duxit.
2695 618 2871 674 Lucas
2912 621 3054 675 sicut
3097 637 3188 678 res
3220 631 3374 693 gesta
3410 634 3495 679 est

1905 709 2241 778 exsequitur,
2272 708 2505 763 mediam
2535 723 2743 777 ponens
2775 711 3094 778 avaritiam,
3124 712 3367 768 ultimam
3399 729 3493 769 su-

1905 790 2166 870 perbiam,
2200 800 2496 855 secundum
2532 816 2713 857 mores
2738 804 3020 871 praesentis
3050 807 3306 875 temporis
3325 847 3341 872 ,
3364 806 3494 877 quia

1906 890 2154 959 superbia
2200 900 2321 959 post
2367 906 2555 945 omnes
2601 892 2830 947 virtutes
2867 896 3042 949 saevit.
3070 896 3353 953 Matthteus
3383 913 3494 955 non

1905 981 2149 1050 sequitur
2175 981 2419 1035 ordinem
2444 981 2702 1047 historiae,
2732 984 2824 1037 sed
2855 986 3211 1042 teutationum
3242 987 3393 1045 Atla).

1984 1074 2144 1128 Vens.
2177 1074 2231 1128 6.
2262 1105 2330 1114 —
2364 1073 2477 1128 Tibi
2508 1075 2666 1128 dabo.
2720 1074 2845 1131 Haec
2879 1077 2947 1131 de
2994 1081 3305 1149 arrogantia
3339 1081 3493 1147 dicit,

1908 1179 2014 1219 non
2044 1164 2185 1233 quod
2227 1173 2371 1220 totus
2399 1165 2630 1220 mundus
2673 1168 2744 1220 sit
2791 1182 2919 1221 suus
2940 1207 2956 1233 ,
2988 1177 3116 1222 sunt
3147 1170 3291 1224 enim
3326 1171 3493 1240 aliqui

1907 1254 2055 1309 boni.
2092 1253 2223 1308 Mihi
2247 1255 2496 1309 traditur.
2530 1254 2644 1309 Non
2681 1271 2712 1310 a
2743 1256 2954 1312 diabolo
2980 1267 3065 1312 cst
3093 1268 3366 1329 potestas,
3397 1262 3494 1317 sed

1907 1346 2140 1401 obnoxia
2172 1354 2349 1402 tamen
2379 1347 2588 1403 insidiis
2619 1349 2834 1404 diaboli.
2876 1348 2986 1405 Nec
3028 1350 3151 1407 ideo
3176 1353 3317 1407 mala
3349 1355 3497 1410 ordi-

1908 1439 2057 1493 natio
2080 1447 2427 1507 potestatum,
2450 1440 2577 1509 quia
2597 1442 2741 1496 malo
2762 1452 2888 1497 sunt
2908 1443 3153 1501 obnoxize
3179 1455 3493 1514 potestates.

1979 1530 2144 1584 Vsus.
2175 1530 2226 1583 7.
2254 1560 2326 1570 —
2357 1529 2435 1584 Tu
2468 1548 2610 1602 ergo.
2637 1531 2851 1603 (Βεω.)
2885 1534 3081 1589 Dicens
3103 1535 3350 1590 diabolus
3375 1534 3495 1591 Sal-

1907 1621 2081 1675 vatori
2106 1638 2121 1676 :
2156 1619 2217 1675 Si
2235 1622 2510 1691 precidem
2532 1624 2831 1678 adoraveris
2859 1641 2960 1693 me,
2987 1626 3294 1681 econtrario
3319 1627 3491 1693 audit,

1910 1711 2053 1779 quod
2090 1710 2205 1780 ipse
2255 1711 2425 1781 magis
2450 1712 2681 1768 adorare
2723 1728 2847 1769 eum
2878 1714 3089 1781 debeat,
3120 1716 3406 1771 Dominum
3437 1726 3495 1771 et

301 1785 514 1879 (Bt-3m.)
556 1807 722 1875 Quasi
746 1785 1053 1863 nominibus
1077 1809 1319 1864 alludens
1348 1810 1491 1879 quod
1520 1807 1574 1862 in
1604 1806 1712 1862 illis
1741 1806 1805 1861 11-
1836 1785 1884 1845 B
1913 1803 2082 1857 Deum
2104 1819 2281 1878 suum.

224 1908 479 1970 guratum
513 1908 616 1965 est,
651 1908 782 1962 etc.,
816 1917 977 1970 usque
995 1901 1064 1955 ad
1093 1916 1289 1972 genera
1311 1902 1569 1955 virtutum
1598 1901 1809 1956 diversa

223 1991 615 2061 praecederent.

300 2083 465 2138 Vens.
496 2084 679 2138 51.-
715 2084 952 2139 Nathan.
1010 2084 1130 2155 (lo.)
1177 2084 1329 2151 Quod
1382 2083 1664 2140 Matthaaus
1714 2100 1812 2155 per

227 2173 597 2239 Salomonem,
625 2184 733 2230 etc.
754 2216 769 2237 ,
798 2192 958 2245 usque
982 2174 1051 2228 ad
1077 2176 1163 2231 cui
1183 2173 1444 2242 judicium
1472 2190 1504 2229 a
1528 2175 1640 2229 Deo
1684 2188 1812 2244 rege

225 2264 500 2321 defertur:
519 2265 779 2322 Sacerdos
803 2278 878 2322 est
903 2268 957 2322 in
986 2277 1238 2322 aeternum
1263 2269 1549 2323 secundum
1574 2268 1810 2323 ordinem

226 2360 631 2416 Melchisedech.

299 2476 467 2530 Vens.
494 2475 583 2529 57.
606 2506 676 2516 -
699 2474 1013 2530 Mathusale.
1068 2474 1289 2547 (Anam)
1341 2476 1483 2530 Anni
1513 2474 1811 2530 Mathusale

226 2567 371 2622 ultra
396 2567 651 2622 diluvium
678 2577 1061 2633 numerantur,
1096 2568 1366 2639 signiﬁcat
1392 2567 1689 2632 Christum,
1718 2560 1813 2622 cu;

221 2657 319 2728 jus
351 2658 459 2712 vita
483 2666 697 2712 aetatem
728 2659 923 2713 nescit.

301 2746 405 2813 Qui
436 2747 536 2816 fuit
574 2747 776 2803 Enoclt.
804 2747 1019 2818 (Βεω.)
1050 2748 1096 2802 Α
1126 2747 1401 2817 baptizato
1428 2747 1523 2803 Dei
1550 2748 1688 2804 Filio
1714 2764 1806 2803 us-

226 2853 337 2908 que
366 2840 432 2894 ad
453 2840 623 2894 Deum
646 2840 861 2895 Patrem
881 2840 1196 2906 ascendens,
1225 2841 1620 2909 septuagesimo
1641 2840 1809 2912 gradu

224 2929 416 2985 Enoch
464 2931 636 3001 ponit,
665 2940 773 2985 etc.
797 2972 812 2995 ,
841 2947 1001 3002 usque
1048 2931 1117 2985 ad
1142 2944 1278 2999 quos
1322 2931 1376 2985 in
1407 2932 1809 2987 resurrectione

225 3020 551 3075 immutabili
591 3022 688 3076 Dei
721 3023 999 3091 sapientiae
1040 3018 1465 3093 contemplanda
1492 3037 1590 3093 per
1612 3023 1808 3080 saecula

225 3121 503 3168 monstrat
527 3127 646 3167 esse
664 3112 987 3183 iungendos.

296 3221 472 3276 Vens.
502 3222 588 3276 58.
617 3252 686 3262 —
709 3221 854 3276 Seth.
900 3220 1029 3276 Seth
1065 3223 1333 3293 posterior
1355 3224 1483 3278 Ada:
1505 3222 1675 3288 ﬁlius,
1699 3237 1807 3277 non

225 3313 444 3377 siletur,
467 3320 526 3366 ut
540 3327 660 3367 cum
676 3314 795 3367 dure
812 3312 994 3383 populi
1010 3313 1117 3368 sint
1133 3313 1527 3383 generationes,
1548 3313 1814 3385 signiﬁcet

227 3406 510 3462 Christum
553 3407 605 3461 in
639 3407 938 3476 posteriore
980 3407 1161 3477 potius
1181 3400 1344 3476 quam
1365 3408 1419 3462 in
1446 3407 1627 3478 priore
1652 3420 1812 3477 gene-

223 3498 442 3553 ratione
469 3498 881 3552 numerandum.
1584 3489 1591 3497 ’

304 3586 411 3653 Qui
430 3588 531 3659 fuit
558 3588 673 3643 Dei.
706 3587 751 3642 Α
775 3587 910 3644 Filio
939 3589 1032 3645 Dei
1069 3590 1347 3661 generatio
1376 3591 1598 3661 incipit,
1625 3587 1812 3647 termi-

227 3684 398 3732 natur
423 3677 478 3732 in
499 3676 695 3732 Filium
720 3678 814 3733 Dei
842 3720 857 3745 ,
900 3681 1157 3749 praecedit
1201 3689 1417 3736 creatus
1441 3681 1495 3735 in
1525 3680 1717 3752 ﬁgura,
1751 3690 1813 3737 ut

229 3776 492 3837 sequatur
509 3779 668 3824 natus
689 3769 742 3824 in
763 3770 990 3824 veritate
1007 3787 1022 3836 ;
1038 3771 1195 3841 prurit
1215 3770 1392 3828 factus
1410 3770 1479 3827 ad
1499 3773 1810 3844 imaginem,

230 3870 297 3915 ut
325 3871 548 3933 propter
567 3879 689 3919 eum
722 3864 897 3935 imago
921 3863 1233 3920 descendat.

838 4016 1064 4073 CAPUT
1112 4016 1202 4073 IV.

304 4163 471 4220 Vnus.
493 4165 546 4220 1.
566 4195 637 4205 -
658 4163 727 4219 Et
750 4164 1018 4235 agebatur.
1050 4165 1269 4237 (Auum)
1298 4167 1572 4237 Agebatur
1616 4169 1670 4223 in
1723 4169 1816 4226 de-

231 4263 462 4321 sertum,
513 4256 617 4311 hoc
682 4255 929 4320 consilio,
985 4263 1045 4309 ut
1114 4256 1383 4314 diabolum
1449 4269 1809 4328 provocarat;

230 4360 362 4402 nam
388 4344 492 4400 nisi
527 4345 615 4403 ille
640 4353 918 4410 certasset,
949 4344 1052 4400 iste
1096 4346 1227 4400 mihi
1258 4363 1364 4401 non
1415 4348 1668 4414 vicisset;
1702 4364 1817 4421 my-

1985 1893 2150 1948 Vsns.
2174 1894 2228 1949 8.
2246 1893 2389 1949 —Si
2419 1894 2594 1951 Filius
2615 1895 2730 1951 Dei.
2756 1896 2815 1952 ln
2837 1897 3088 1954 omnibus
3107 1898 3495 1957 tentationibus

1912 1984 2018 2039 hoc
2042 1985 2170 2054 agit,
2200 1992 2260 2038 ut
2288 1985 2548 2055 intelligat
2572 1986 2615 2040 si
2645 1986 2811 2043 Filius
2840 1988 2937 2043 Dei
2975 1987 3066 2042 sit.
3099 1987 3205 2043 Sed
3247 1987 3496 2044 Christus

1918 2074 1998 2129 sic
2047 2089 2359 2145 responsum
2408 2084 2690 2146 temperat,
2725 2086 2786 2132 ut
2823 2078 3134 2147 ambiguum
3181 2080 3490 2150 relinquat:

1915 2161 2066 2217 Mitte
2091 2172 2141 2217 te
2165 2164 2427 2218 deorsum.
2460 2150 2628 2231 Quem
2658 2181 2761 2220 nec
2778 2167 2901 2237 gula
2944 2182 3047 2223 nec
3086 2169 3314 2224 avaritia
3343 2169 3498 2236 vicit,

1914 2259 2084 2307 tentat
2113 2269 2249 2307 vana
2297 2254 2489 2324 gloria,
2522 2255 2566 2309 si
2614 2253 2753 2309 forte
2797 2256 2947 2311 illum
2990 2257 3075 2312 vel
3102 2258 3216 2328 ipsa
3259 2257 3498 2313 victoria:

1914 2359 2024 2399 suae
2040 2342 2305 2413 jactantia
2330 2346 2506 2401 valeat
2534 2346 2782 2414 dejicere.
2812 2347 2981 2403 Mitte.
3006 2348 3133 2405 llazc
3155 2365 3257 2406 vox
3284 2351 3333 2406 ei
3363 2365 3496 2407 con-

1912 2436 2062 2490 venit
2080 2435 2172 2504 qui
2197 2450 2386 2490 omnes
2413 2437 2755 2507 praecipitare
2772 2440 2991 2510 satagit.
3015 2440 3075 2495 ln
3107 2456 3216 2510 quo
3245 2441 3495 2497 inﬁrmus

1914 2525 2217 2580 ostenditur
2242 2526 2335 2605 qui
2373 2525 2505 2579 nulli
2542 2527 2714 2595 possit
2741 2542 2960 2595 nocere,
3002 2530 3106 2585 nisi
3137 2532 3290 2599 prius
3314 2531 3404 2589 ille
3431 2548 3494 2588 se

1914 2616 2164 2671 deorsum
2193 2615 2421 2670 miserit.

1987 2709 2149 2765 Vens.
2170 2710 2228 2766 9.
2244 2741 2317 2751 —
2339 2710 2599 2781 Scriptum
2621 2722 2714 2767 est.
2730 2712 2865 2780 Quia
2889 2712 3290 2784 Scripturarum
3312 2729 3496 2772 exem-

1913 2798 2059 2868 plum
2104 2801 2447 2869 praetulerat,
2496 2799 2894 2872 Scripturarum
2935 2803 3171 2859 vincitur
3211 2806 3490 2875 exemplis.

1915 2887 2100 2946 Utitur
2148 2898 2328 2945 autem
2383 2892 2628 2947 diabolus
2678 2908 2775 2962 per
2816 2894 3114 2950 haereticos
3170 2896 3497 2953 testimoniis

1916 2979 2340 3050 Scripturarum,
2372 2998 2481 3041 non
2508 2993 2570 3037 ut
2593 2984 2805 3049 doceat,
2836 2986 2930 3039 sed
2960 2993 3020 3039 ut
3042 2984 3210 3040 fallat.

1984 3070 2148 3126 Vsus.
2180 3072 2266 3127 10.
2292 3102 2364 3113 --
2389 3074 2620 3144 Angelis.
2670 3074 2882 3146 (Βεω.)
2912 3074 3040 3145 Haec
3064 3076 3345 3146 prophetia
3385 3091 3495 3137 non

1915 3159 1981 3213 de
2006 3158 2221 3215 Christo
2247 3169 2364 3227 est,
2395 3163 2490 3216 sed
2536 3164 2603 3218 de
2633 3174 2822 3218 sancto
2847 3164 2983 3219 viro.
3015 3164 3144 3231 Quae
3168 3166 3382 3225 etiamsi
3422 3167 3497 3222 de

1912 3247 2129 3304 Christo
2156 3258 2318 3315 esset,
2343 3252 2508 3306 etiam
2539 3254 2682 3321 quod
2722 3255 2967 3323 sequitur
3000 3255 3260 3311 debuerat
3298 3256 3494 3312 memi-

1911 3337 2095 3394 nisse:
2130 3337 2302 3408 Super
2324 3340 2554 3410 aspidem
2577 3352 2623 3395 et
2645 3341 2944 3396 basiliscum
2964 3343 3275 3411 ambulabis,
3298 3356 3345 3397 et
3365 3361 3499 3399 con-

1910 3428 2139 3484 culcabis
2182 3430 2381 3485 leonem
2424 3441 2472 3485 et
2516 3433 2796 3487 draconem
2861 3431 3036 3499 (Psal.
3098 3434 3205 3504 xc).
3258 3434 3365 3491 Sed
3423 3436 3491 3492 de

1912 3520 2223 3590 angelorum
2272 3522 2485 3578 ausilio’
2518 3526 2673 3594 quasi
2710 3526 2778 3579 ad
2823 3526 3097 3582 inﬁrmum
3140 3526 3400 3597 loquitur,
3425 3529 3494 3585 de

1908 3625 2008 3667 sua
2034 3612 2439 3669 conculcatione
2462 3616 2618 3685 quasi
2643 3616 3025 3687 tergiversator
3054 3626 3216 3674 tacet.
3242 3676 3247 3681 ,

1982 3703 2142 3759 Vens.
2180 3705 2268 3761 15.
2298 3736 2370 3747 —-
2394 3707 2464 3761 Et
2494 3718 2877 3763 consummata.
2912 3709 3057 3781 (10.)
3095 3710 3294 3769 Tribus
3322 3720 3499 3769 tenta-

1913 3795 2149 3851 tionibus
2198 3797 2379 3863 victis,
2415 3814 2629 3855 omnem
2665 3801 3011 3855 tentationem
3059 3801 3191 3857 dicit
3230 3817 3495 3863 consum-

1912 3895 2111 3941 matam
2131 3927 2146 3953 ,
2176 3896 2305 3952 etc.,
2334 3905 2495 3959 usque
2541 3890 2611 3944 ad
2640 3899 2820 3946 tamen
2865 3891 3121 3947 formidat
3162 3893 3396 3960 instare,
3428 3909 3499 3949 ne

1912 3978 2246 4048 frequentius
2274 3980 2653 4049 triumphetur.

1985 4066 2148 4121 Vsus.
2179 4067 2352 4120 14.-
2372 4068 2442 4122 Et
2466 4069 2611 4139 fama
2640 4071 2787 4125 exiit.
2817 4072 2934 4126 Non
2966 4083 3176 4128 tantum
3202 4090 3232 4128 a
3258 4090 3497 4144 praesen-

1915 4156 2060 4213 tibus
2103 4168 2325 4227 propter
2370 4159 2485 4214 visa
2533 4160 2793 4215 miracula
2840 4163 3159 4231 honoratur,
3209 4166 3302 4221 sed
3349 4165 3494 4235 apud

1916 4247 2167 4303 absentes
2189 4246 2331 4302 fama
2357 4248 2748 4319 divulgabatur.

1990 4339 2152 4393 Vens.
2176 4338 2262 4394 15.
2276 4370 2346 4379 -
2360 4339 2608 4395 Docebat.
2633 4342 2763 4398 Post
2780 4344 3042 4400 miracula
3063 4361 3190 4402 ecce
3206 4346 3487 4416 sapientia,
3521 4411 3535 4425 _

232 4434 423 4499 sterio,
455 4443 514 4488 ut
558 4434 730 4489 Adam
759 4435 824 4489 de
861 4434 1051 4490 exsilio
1094 4435 1381 4502 liberaret;
1438 4441 1687 4509 exemplo
1709 4481 1723 4503 ,
1754 4449 1815 4495 ut
1841 4461 1893 4521 Β
1917 4447 2024 4502 qua
2052 4432 2228 4499 docel.
2260 4448 2367 4503 qua
2406 4433 2651 4490 doctrina
2695 4452 2794 4506 per
2837 4437 3097 4494 miracula
3132 4441 3491 4511 praecedentia

230 4524 545 4580 ostenderet
594 4524 750 4581 nobis
791 4523 1062 4579 diabolum
1089 4526 1159 4580 ad
1201 4527 1422 4583 meliora
1470 4530 1813 4585 tendentibus

232 4614 498 4669 invidere.

305 4702 376 4757 In
398 4704 677 4759 desertum.
700 4704 1065 4761 Historialiter
1089 4723 1102 4760 :
1131 4705 1184 4760 in
1206 4706 1299 4763 illo
1320 4706 1535 4764 deserto
1559 4710 1702 4781 quod
1730 4721 1815 4767 est

231 4795 381 4852 inter
412 4794 749 4851 Hierusalem
772 4804 827 4851 et
854 4797 1124 4864 Hiericho,
1161 4798 1251 4854 ubi
1279 4797 1574 4868 ﬁguraliter
1602 4802 1814 4858 dixerat

230 4887 410 4942 Adam
438 4902 468 4940 a
495 4887 709 4944 diabolo
728 4888 928 4943 victum
951 4888 1136 4945 fuisse.

304 4977 471 5034 Vens.
501 4980 556 5034 2.
580 5008 649 5020 --
669 4979 891 5035 Esuriit.
939 4980 1149 5053 (ΒευΑ.)
1196 4981 1312 5037 Νοη
1342 4991 1426 5039 est
1460 4986 1717 5056 scriptum
1747 4988 1814 5044 de

233 5075 420 5147 Moyse
442 5074 524 5131 vel
550 5076 683 5142 Elia,
709 5085 838 5142 etc.,
862 5092 1025 5147 usque
1061 5078 1130 5133 ad
1156 5079 1325 5134 esurit
1350 5087 1529 5136 autem
1564 5097 1671 5137 non
1703 5090 1812 5138 tam

233 5169 418 5224 cibum
451 5168 692 5237 corporis
716 5184 880 5238 quam
910 5168 1138 5224 salutem
1160 5169 1374 5226 animai.

308 5258 473 5313 Vens.
505 5257 559 5312 5.
582 5289 654 5299 -
679 5258 741 5314 Si
770 5256 943 5314 Filius
981 5259 1080 5314 Dei
1112 5277 1186 5315 es.
1220 5260 1438 5331 (AlBll.)
1461 5260 1692 5318 Noverat
1717 5263 1813 5321 Dei

234 5346 433 5403 Filium
461 5357 766 5414 venturum,
791 5350 884 5405 sed
905 5350 1119 5405 venisse
1152 5366 1248 5421 per
1283 5350 1650 5409 inﬁrmitatem
1691 5370 1813 5410 cor-

230 5435 386 5506 poris
410 5450 516 5490 non
538 5436 780 5506 putabat,
811 5446 917 5494 etc.
939 5478 955 5506 ,
986 5455 1146 5510 usque
1170 5439 1241 5493 ad
1266 5440 1356 5510 qui
1383 5441 1486 5496 hoc
1510 5444 1678 5499 verbo
1702 5459 1812 5499 non

234 5526 502 5592 vescitur,
529 5542 637 5581 non
663 5528 815 5583 vivit.

312 5617 475 5673 Vens.
522 5617 670 5672 4.-
696 5617 959 5690 Scriptum
1001 5631 1097 5676 est.
1147 5621 1311 5678 Docet
1362 5622 1535 5693 magis
1565 5623 1809 5683 doctrina

240 5721 403 5773 quam
436 5709 706 5767 miraculis
737 5725 990 5785 pugnare,
1019 5713 1307 5769 humilitati
1335 5729 1497 5785 quam
1546 5717 1805 5787 polentia,
1834 5728 1837 5729 '

1920 4528 2246 4599 magniﬁcat.

1990 4619 2152 4675 Vsus.
2178 4618 2409 4685 16.—~Et
2433 4621 2659 4679 surrexit
2687 4621 2873 4692 legere.
2906 4621 3115 4693 (Deum)
3141 4622 3242 4690 Qui
3272 4638 3377 4678 non
3400 4637 3492 4677 ve-

1918 4720 2073 4766 nerat
2100 4712 2429 4778 ministrari,
2462 4713 2556 4769 sed
2587 4714 2913 4781 ministrare,
2951 4724 3082 4781 etc.,
3120 4733 3280 4788 usque
3306 4716 3375 4770 ad
3405 4715 3491 4777 vel

1916 4804 2214 4874 prophetiae
2238 4805 2484 4861 lectionis
2515 4806 2863 4861 attestatione
2889 4806 3201 4877 corrigeret.

1994 4893 2155 4948 Vens.
2182 4893 2268 4948 18.
2295 4892 2638 4964 —Spiritus.
2689 4894 2811 4967 (lo.)
2856 4895 2916 4950 In
2957 4897 3322 4966 superioribus
3366 4913 3493 4968 pro-

1908 4983 2111 5055 phetia:
2157 4984 2408 5040 Salvator
2450 4984 2517 5040 de
2558 4985 2798 5056 gentium
2828 4988 3109 5044 vocatione
3147 4997 3205 5043 et
3236 4989 3492 5046 Ecclesia:

1917 5074 2326 5130 conﬁrmatione
2366 5074 2624 5145 loquens,
2652 5084 2782 5140 etc.,
2819 5094 2980 5150 usque
3006 5081 3076 5134 ad
3105 5082 3230 5151 quia
3256 5081 3491 5153 Spiritus

1915 5165 2127 5222 Domini
2154 5177 2237 5222 est
2264 5183 2423 5239 super
2447 5180 2590 5221 eum.

1984 5255 2360 5329 Evangelisare
2387 5258 2717 5329 pauperibus,
2745 5270 2850 5315 etc.
2875 5260 3074 5319 Gentes
3095 5263 3346 5336 intelligit
3368 5282 3489 5337 qua:

1910 5358 2070 5407 erant
2092 5366 2220 5407 vere
2257 5366 2539 5421 pauperes.
2572 5349 2756 5422 Neque
2794 5356 2940 5410 enim
2979 5357 3075 5413 Dei
3103 5360 3485 5428 cognitionem,

1912 5460 2090 5515 neque
2132 5444 2335 5515 legem,
2365 5459 2540 5513 neque
2571 5447 2891 5517 prophetas,
2926 5463 3102 5520 neque
3138 5452 3283 5508 aliud
3326 5454 3487 5523 quid-

1888 5552 2077 5608 quam
2106 5536 2160 5592 in
2207 5536 2361 5591 bonis
2394 5536 2698 5604 habebant,
2733 5549 2789 5595 et
2821 5543 3032 5598 caeteris
3058 5545 3307 5600 omnibus
3328 5545 3487 5615 spiri-

1859 5646 1877 5666 ο
1914 5628 2147 5685 tualibus
2165 5626 2358 5698 opibus
2383 5637 2542 5684 erant
2566 5629 2855 5687 destitutae.

1987 5719 2144 5775 Vsus.
2174 5718 2261 5772 20.
2283 5715 2423 5772 -Εε
2445 5734 2558 5773 cum
2583 5718 2865 5791 plicuisaet.
2898 5721 3493 5794 (BsnA.)_Audientibus
