3960 6336
542 375 650 430 235

1047 376 1436 434 WALAFRIDI
1473 379 1719 436 STRAB!
1754 381 1959 437 FULD.
1983 379 2163 436 .MON.
2206 379 2357 436 OPP.
2402 383 2580 440 PARS
2619 386 2660 442 1.
2697 417 2766 427 -
2801 387 3252 446 THEOLOGICA.

3683 391 3779 446 256

543 486 650 540 illis
665 487 755 556 qui
779 488 1000 542 aderant
1016 487 1163 557 legit,
1180 497 1483 559 etc.,usque
1504 492 1572 544 ad
1593 491 1685 546 sed
1706 508 1802 562 pro
1823 492 2117 562 capacitate
2145 493 2193 552 Α
2224 492 2446 561 tigatum
2479 496 2722 552 diabolus
2748 499 3123 566 videret,etc.,
3154 517 3315 570 usque
3356 501 3425 552 ad
3459 500 3608 569 quia,
3638 503 3680 552 si
3702 518 3779 554 co-

542 579 873 634 audientium
897 582 1182 635 committit
1201 583 1407 638 doctori
1434 585 1846 654 dispensandum
1872 586 2116 639 verbum.

614 670 779 724 Vens.
801 672 892 725 23.
917 702 985 711 —
1010 671 1228 726 Medice.
1259 673 1410 729 Sicut
1441 676 1578 730 fabri
1611 676 1798 741 ﬁlium,
1827 678 1900 729 ita
1931 676 2118 729 eadem

541 762 745 815 erroris
788 763 1085 826 dementia;
1138 765 1402 818 medicum
1440 775 1662 830 vocant,
1695 767 1787 820 sed
1831 767 1884 820 in
1934 780 2119 820 errore

541 853 752 908 illorum
786 857 985 911 veritas
1010 857 1157 911 latet.
1183 857 1321 913 Vere
1351 861 1494 914 enim
1518 871 1638 915 erat
1657 862 1796 916 ﬁlius
1825 861 1978 927 fabri,
2023 862 2116 930 qui

541 958 640 1010 per
667 945 840 1014 ipsum
868 948 919 1000 in
961 949 1223 1019 principio
1249 953 1427 1004 omnia
1469 952 1627 1018 fecit,
1657 953 1746 1022 qui
1783 962 2037 1022 operatur
2063 954 2116 1008 in

542 1033 748 1104 Spiritu
797 1046 984 1092 sancto
1032 1048 1085 1094 et
1130 1040 1260 1109 igni,
1306 1042 1394 1110 qui
1439 1043 1491 1096 in
1537 1059 1730 1112 magna
1775 1044 1934 1098 domo
1962 1043 2118 1111 hujus

538 1127 724 1179 mundi
755 1126 882 1182 facit
919 1144 1047 1184 vasa
1094 1131 1293 1184 diversi
1339 1133 1572 1202 generis.
1604 1135 1698 1188 Est
1741 1143 1794 1188 et
1845 1135 2115 1199 medicus,

539 1215 666 1283 quia
693 1231 789 1285 per
814 1219 988 1288 ipsum
1016 1222 1198 1275 omnia
1243 1238 1361 1292 qua:
1390 1224 1441 1277 in
1483 1225 1632 1280 cmlis
1661 1236 1714 1280 et
1741 1242 1858 1296 qua:
1884 1227 1937 1280 in
1975 1235 2117 1280 terra

539 1313 665 1359 sunt
692 1311 1013 1363 restaurata.
1041 1309 1138 1375 Qui
1167 1312 1232 1365 de
1267 1327 1325 1366 se
1346 1313 1476 1367 dicit
1505 1332 1517 1368 :
1547 1315 1668 1367 Non
1693 1325 1766 1368 est
1789 1332 1914 1385 opus
1938 1313 2114 1369 valen-

539 1395 674 1450 tibus
705 1399 957 1466 medicus,
989 1401 1078 1454 sed
1105 1401 1240 1455 male
1273 1402 1574 1458 habentibus
1608 1403 1818 1473 (Matth.
1853 1405 1950 1477 Ix).

610 1491 771 1545 Vnns.
801 1493 889 1547 21.
919 1525 990 1534 -
1009 1495 1170 1549 Amen
1219 1497 1334 1549 dico
1363 1497 1524 1550 vobis.
1557 1497 1769 1568 (ΒεοΑ.)
1799 1498 1913 1552 Non
1944 1499 2115 1554 solum

539 1580 800 1640 Dominus
840 1593 894 1640 et
935 1596 1096 1655 caput
1129 1589 1532 1656 prophetarum,
1563 1597 1692 1655 etc.,
1724 1607 1883 1660 usque
1910 1590 1978 1642 ad
2012 1590 2114 1643 mi-

540 1674 719 1726 racula
752 1691 861 1729 sua:
891 1677 1103 1730 virtutis
1127 1678 1338 1731 avertit.

611 1764 771 1818 Vens.
793 1766 973 1819 2:31-—
992 1765 1058 1818 In
1082 1767 1260 1821 diebus
1284 1767 1434 1821 Elian
1462 1769 1581 1840 (11).)
1607 1769 1770 1836 Quasi
1795 1770 1937 1824 dicat
1960 1785 1973 1822 :
1999 1769 2110 1824 Non

539 1862 623 1908 est
654 1855 984 1909 contrarium
1013 1858 1257 1926 exemplo
1280 1860 1683 1928 prophetarum,
1705 1871 1834 1925 etc.,
1861 1877 2020 1931 usque
2046 1861 2113 1914 ad

537 1944 664 2013 quia
687 1946 831 2000 nulla
855 1956 972 2002 erat
996 1951 1383 2017 cognoscendae
1411 1951 1706 2004 divinitatis
1741 1952 1976 2005 ubertas.

609 2033 770 2089 Vens.
798 2036 886 2090 26.
915 2069 985 2077 —
1019 2036 1264 2091 Viduam.
1292 2039 1413 2109 (l0.)
1443 2038 1612 2093 Vidua
1656 2041 1720 2094 ad
1763 2057 1922 2110 quam
1971 2039 2113 2094 Elius

537 2125 790 2191 mittitur,
822 2128 1063 2196 gentium
1096 2127 1288 2197 ﬁgurat
1337 2129 1652 2194 Ecclesium,
1681 2139 1813 2193 etc.,
1847 2147 2006 2200 usque
2044 2131 2112 2184 ad

518 2214 600 2268 in
645 2229 748 2283 qua
778 2216 934 2270 nobis
959 2217 1082 2271 vita:
1108 2226 1320 2272 (eterna:
1346 2229 1680 2288 prwparatur
1700 2221 1873 2289 panis.

605 2305 772 2360 Vens.
799 2305 1234 2359 27.—Naaman
1263 2307 1448 2376 Syrus.
1484 2308 1603 2380 (11).)
1622 2308 1879 2373 Naaman,
1909 2309 1999 2378 qui
2021 2309 2112 2364 de-

534 2407 634 2448 cor
661 2393 1068 2464 interpretatur,
1095 2396 1345 2466 populum
1368 2398 1637 2467 signiﬁcat
1658 2400 1956 2464 nationum,
1978 2408 2106 2465 etc.,
2141 2437 2148 2446 κ

534 2498 696 2550 usque
736 2484 806 2536 ad
835 2485 963 2554 quia
991 2495 1204 2555 oportet
1233 2486 1532 2556 baptizatos
1564 2489 1826 2544 Dominici
1870 2490 2110 2559 corporis

531 2575 944 2644 participatione
964 2577 1293 2632 conﬁrmari.
2065 2588 2068 2596 '

603 2662 768 2718 Vens.
801 2665 1042 2719 29.—Et
1063 2667 1341 2722 duxerunt.
1366 2669 1486 2740 (l0.)
1510 2668 1726 2737 Pejores
1750 2668 1917 2724 Judaei
1943 2670 2106 2724 disci-

532 2753 666 2823 puli,
700 2754 912 2810 diabolo
962 2757 1236 2826 magistru,
1275 2767 1404 2823 etc.,
1445 2775 1604 2829 usque
1639 2759 1707 2812 ad
1750 2759 1913 2813 veluti
1942 2759 2106 2814 divini

532 2843 833 2914 Sculptoris
859 2861 1114 2917 expressa
1145 2865 1305 2903 manu
1333 2860 1634 2904 servantur.

604 2938 768 2993 Vens.
796 2940 883 2993 51.
907 2969 978 2979 -
1003 2936 1072 2992 Et
1104 2941 1398 3006 descendit,
1428 2951 1533 2996 etc.
1568 2942 1690 3013 (11).)
1725 2942 1833 2998 Nec
1858 2943 2104 3013 indigna-

531 3027 680 3082 tione
707 3037 1030 3094 commotus,
1059 3045 1158 3085 nec
1185 3030 1387 3086 scelere
1405 3030 1663 3096 offensus,
1687 3041 1818 3098 etc.,
1849 3049 2010 3103 usque
2037 3033 2106 3086 ad

531 3134 636 3175 nec
665 3119 892 3176 solvitur
919 3119 1028 3186 lex,
1071 3121 1118 3177 si
1169 3121 1242 3177 sit
1285 3122 1563 3178 renovatio
1599 3123 1835 3179 hominis
1868 3121 1982 3190 jam
2029 3122 2107 3177 la-

532 3211 733 3267 beatis.

603 3303 768 3358 Vens.
798 3304 972 3360 35.n-
994 3303 1062 3358 Et
1087 3305 1140 3358 in
1161 3303 1456 3375 Synagoga.
1485 3303 1606 3374 (11).)
1630 3302 1686 3358 ln
1717 3303 1996 3375 Synagoga
2023 3312 2108 3358 cst

531 3395 694 3450 homo
723 3395 926 3450 habens
971 3395 1220 3466 spiritum
1267 3393 1623 3458 immundum,
1671 3394 1796 3462 quia
1846 3393 2104 3462 Spiritum

531 3493 779 3541 sanctum
825 3487 1100 3540 amiserat.
1146 3484 1436 3539 lntroierat
1463 3483 1608 3539 enim
1637 3482 1914 3549 diabolus,
1967 3483 2108 3538 unde

533 3575 786 3632 Christus
811 3575 1163 3645 spiritualiter
1196 3576 1423 3629 exierat.

604 3665 770 3722 Vnns.
811 3666 900 3722 54.
927 3694 998 3705 -
1020 3664 1143 3718 Scio
1171 3675 1238 3717 te.
1270 3663 1373 3717 Per
1397 3678 1560 3732 opera
1586 3663 1759 3732 potuit
1781 3663 1998 3734 probari
2025 3663 2110 3718 Fi-

534 3757 638 3812 lius
660 3759 774 3811 Dei.
806 3756 914 3812 Sed
940 3770 1116 3810 nonne
1137 3755 1274 3809 dixit
1297 3755 1570 3824 Apostolis
1597 3774 1609 3808 :
1638 3755 1847 3826 Majora
1876 3756 2109 3824 facietis?

535 3846 780 3911 Solutio,
828 3860 926 3916 per
970 3857 1164 3914 opera,
1219 3843 1269 3898 id
1340 3853 1424 3898 est
1492 3844 1708 3899 modum
1755 3845 2101 3914 operationis.

533 3943 640 3998 Alii
670 3943 918 3998 dicebant
945 3960 958 3996 :
983 3942 1050 3996 In
1091 3942 1299 3996 nomine
1339 3941 1500 4007 Jesu,
1532 3953 1637 3997 etc.
1684 3941 1801 4012 lpsc
1846 3942 2056 3996 dicebat
2090 3959 2103 3995 :

536 4033 652 4088 Tibi
675 4033 786 4087 dixi
809 4073 824 4097 ,
851 4040 957 4087 etc.

604 4125 766 4181 Vens.
799 4124 888 4178 55.
909 4154 978 4166 --
1002 4123 1069 4178 Et
1105 4141 1221 4177 cum
1241 4123 1560 4192 projecisset.
1593 4121 1803 4193 (Βεω.)
1829 4121 2109 4177 Curandus

530 4217 862 4287 permittitur
885 4231 915 4269 a
946 4215 1185 4270 dazmone
1215 4215 1268 4268 in
1317 4214 1551 4268 medium
1584 4211 1771 4282 projici
1793 4252 1808 4276 ,
1840 4221 1899 4266 ut
1938 4212 2107 4266 virtus

424 4339 434 4350 -
531 4307 800 4378 patefacta
828 4307 1009 4376 plures
1033 4307 1099 4359 ad
1125 4304 1355 4360 salutem
1382 4305 1595 4359 invitet.

605 4399 768 4454 Vnns.
800 4399 889 4453 56.
914 4398 1074 4451 —Et
1114 4398 1321 4451 virtute.
1359 4396 1476 4451 Non
1520 4405 1579 4450 ut
1618 4395 1863 4450 homines
1910 4395 2001 4466 qui
2051 4397 2104 4450 in

530 4492 698 4546 verbo
743 4491 833 4545 Dei
862 4489 1123 4543 daemonia
1151 4488 1401 4558 ejiciunt,
1451 4487 1544 4541 sed
1589 4487 1804 4557 pr0pria
1841 4493 2105 4556 potestate

530 4587 760 4641 virtutes
788 4597 1060 4654 operatur.

601 4677 767 4731 Vens.
800 4675 1070 4731 58.—ln
1114 4674 1325 4728 domum
1373 4671 1620 4727 Simonis.
1669 4674 1870 4728 Domus
1916 4673 2098 4737 Petri,

530 4767 871 4822 circumcisio
912 4775 997 4820 est
1023 4765 1139 4831 ejus
1164 4763 1484 4831 apostolatui
1513 4763 1822 4818 commissa.
1868 4762 2096 4826 Socrus,

530 4872 613 4917 est
639 4861 921 4931 Synagoga
955 4876 1074 4928 qua:
1101 4858 1492 4926 quodammodo
1524 4866 1698 4911 mater
1741 4866 1821 4910 est
1850 4856 2101 4910 Ecclesia:

528 4951 692 5006 Petro
719 4950 1037 5005 commisszc.
1073 4947 1196 5001 llaec
1226 4947 1523 5010 febricitat,
1554 4948 1677 5016 quia
1710 4946 1922 4999 invidia:
1949 4945 2096 4998 aesti-

526 5042 626 5096 bus
649 5041 948 5103 laborabat,
972 5053 1298 5109 persequens
1317 5039 1626 5092 Ecclesiam.
1643 5038 1748 5091 Sed
1773 5037 1929 5092 Jesus
1949 5046 2098 5093 stans

527 5149 690 5202 super
721 5147 840 5185 eam
880 5138 1062 5192 sanat,
1094 5129 1219 5198 quia
1258 5129 1345 5180 ubi
1386 5129 1546 5181 timor
1588 5127 1683 5182 Dei
1731 5128 1918 5196 incipit
1945 5143 2094 5193 esse,

529 5225 650 5278 talis
685 5224 929 5278 :rstuatio
959 5222 1092 5276 solet
1129 5220 1400 5275 recedere.

597 5319 758 5371 Vens.
792 5315 878 5370 40.
905 5345 975 5353 --
994 5313 1126 5366 Cum
1149 5313 1227 5366 sol
1247 5320 1418 5365 autent
1451 5310 1740 5364 occidisset.
1765 5308 1976 5379 (Βευλ.)
2004 5310 2100 5364 So-

525 5409 591 5464 lis
632 5407 938 5470 occubitus,
985 5405 1169 5474 passio
1198 5402 1432 5467 Christi,
1465 5417 1561 5472 per
1588 5417 1750 5471 quam
1791 5400 1972 5470 plures
2013 5415 2096 5454 sa-

523 5508 725 5553 nantur
751 5497 1062 5551 daemoniaci
1081 5538 1094 5562 ,
1119 5511 1279 5565 quam
1303 5502 1429 5548 ante
1453 5494 1636 5547 vivens
1661 5494 1712 5546 in
1741 5507 1904 5547 carne
1929 5507 2098 5562 (egro-

523 5597 609 5642 tos
639 5597 952 5651 sanaverat,
982 5587 1105 5655 quia
1137 5587 1188 5639 in
1231 5600 1395 5639 carne
1428 5586 1614 5638 vivens
1659 5597 1858 5653 paucos
1884 5581 2094 5637 11111190-

524 5692 642 5731 rum
671 5678 883 5740 docuit,
908 5685 1030 5746 post
1062 5676 1514 5730 resurrectionem
1546 5673 1796 5744 gentibus
1825 5674 2092 5742 apparuit.
2125 5686 2137 5700 '

597 5767 757 5824 \‘nns.
791 5767 1028 5825 il.-—’l'u
1055 5785 1104 5823 es
1134 5766 1302 5822 Filius
1340 5768 1450 5822 Dci.
1482 5765 1604 5834 (11).)
1634 5766 1763 5822 Cum
1791 5764 1993 5836 jejunio
2019 5766 2108 5840 (ει-ι

2220 586 2510 652 gnovissent
2568 587 2845 643 Dominum
2871 590 3069 659 gloriw,
3119 606 3382 660 nunquam
3411 589 3780 658 cruciﬁxissent

2220 671 2435 741 (Matth.
2469 677 2527 746 1).

2289 764 2452 817 Vens.
2475 765 2648 818 λη.-
2673 765 2837 822 Facta
2866 778 3039 822 autem
3081 770 3183 822 die.
3215 769 3435 840 Mystice
3459 784 3474 822 :
3505 768 3778 823 manifesta

2218 852 2338 909 luce
2368 859 2777 914 resurrectionis
2801 875 2830 912 a
2875 861 3208 915 credentium
3235 863 3426 915 turmis
3455 861 3776 930 requiritur:

2219 945 2350 999 etin
2380 947 2617 1016 gentium
2648 948 2860 1003 deserto
2887 950 3152 1014 inventus,
3188 967 3254 1006 ne
3293 952 3472 1016 abeat,
3502 951 3775 1005 retinetur.

2836 1039 3060 1095 CAPUT
3102 1042 3163 1094 V.

2289 1123 2452 1179 Vens.
2518 1125 2906 1180 l.—Factum
2968 1138 3043 1182 est
3093 1139 3285 1182 autem.
3349 1129 3457 1184 Nec
3517 1139 3777 1198 tempore,

2219 1229 2317 1269 nec
2362 1214 2478 1270 ioco
2526 1217 2681 1270 turba
2736 1233 2764 1270 a
2816 1217 2992 1272 studio
3039 1219 3263 1273 sanandi
3313 1219 3625 1282 cohibetur;
3671 1231 3780 1270 ves-

2216 1321 2313 1374 per
2358 1307 2637 1372 incumbit,
2666 1316 2722 1361 et
2754 1318 2929 1362 tamen
2977 1309 3256 1378 sequitur;
3307 1321 3555 1378 stagnum
3594 1323 3780 1363 occur-

2219 1398 2321 1461 rit,
2362 1407 2416 1452 et
2448 1400 2602 1452 turba
2626 1408 2802 1470 urget,
2833 1409 2888 1454 ct
2917 1400 3037 1454 ideo
3055 1401 3296 1476 ascendit
3332 1401 3385 1454 in
3412 1399 3591 1453 navim
3614 1398 3775 1452 Petri.

2290 1487 2452 1542 Serus
2489 1489 2679 1542 stabat.
2712 1490 2922 1560 (Βεω.)
2945 1490 3227 1560 Stagnum,
3262 1505 3500 1560 przesens
3527 1486 3777 1542 saculum

2217 1579 2477 1649 designat.
2512 1580 2770 1636 Dominus
2791 1590 2968 1636 autem
3003 1567 3112 1652 jhm
3141 1598 3245 1635 non
3288 1583 3342 1635 in
3393 1588 3583 1648 stagno
3628 1578 3776 1646 quasi

2212 1670 2322 1739 jam
2354 1686 2457 1723 non
2484 1672 2538 1725 in
2570 1687 2731 1726 carne
2753 1673 3012 1742 passibili,
3043 1674 3134 1727 sed
3166 1687 3320 1726 secus
3349 1679 3618 1740 stagnum,
3659 1669 3777 1737 quia

2218 1762 2271 1814 in
2294 1777 2354 1814 ea
2381 1777 2544 1816 carne
2568 1763 2620 1816 in
2652 1778 2756 1832 qua
2792 1778 2982 1832 passus
3013 1774 3096 1819 est
3136 1764 3482 1819 stabilitatem
3513 1769 3777 1830 perpetua:

2143 1829 2190 1889 Β
2218 1851 2416 1921 quietis
2445 1851 2595 1905 adiit.

2285 1939 2445 1994 Vens.
2468 1943 2577 1994 2.—
2622 1940 2760 1996 Vidit
2781 1943 2915 1996 duas
2939 1958 3110 1997 naves.
3139 1942 3259 2014 (l0.)
3279 1943 3405 1997 Duae
3430 1955 3617 2006 naves,
3642 1955 3778 2010 mys-

2215 2031 2336 2094 tice,
2366 2032 2826 2088 circumcisionem
2871 2045 2926 2088 et
2946 2035 3263 2104 przeputium
3314 2034 3621 2104 signiﬁcant
3649 2046 3776 2101 quas

2209 2121 2376 2186 vidit,
2406 2124 2530 2192 quia
2565 2125 2618 2178 in
2644 2133 2873 2193 utroque
2923 2126 3118 2194 populo
3152 2125 3290 2178 norit
3335 2125 3425 2195 qui
3469 2133 3589 2178 sunt
3636 2125 3773 2191 ejus,

2209 2227 2440 2281 quorum
2461 2214 2623 2268 corda
2645 2229 2674 2267 a
2695 2213 2946 2268 [luctibus
2970 2214 3151 2268 saeculi
3179 2214 3245 2268 ad
3271 2213 3464 2267 futura:
3486 2212 3611 2267 vitm
3637 2221 3777 2266 tran-

2211 2301 2526 2368 quillitatem
2548 2343 2564 2370 ,
2612 2306 2766 2374 quasi
2795 2305 2863 2358 ad
2901 2305 3051 2359 littus
3083 2304 3503 2359 misericorditer
3531 2304 3776 2368 vivendo,

2209 2395 2479 2463 provenit.

2283 2483 2442 2538 Vens.
2473 2485 2820 2556 5.—Rogarit
2839 2503 2974 2541 eum.
3001 2485 3123 2558 (11).)
3148 2487 3296 2554 Quod
3322 2487 3498 2556 primo
3518 2495 3677 2556 rogat
3697 2501 3779 2540 na-

2208 2575 2314 2629 vim
2338 2592 2366 2629 a
2404 2584 2544 2630 terra
2569 2579 2749 2633 reduci
2782 2578 3052 2647 pusillum,
3079 2589 3208 2643 etc.,
3238 2595 3398 2648 usque
3421 2580 3490 2632 ad
3512 2578 3580 2632 ad
3609 2593 3779 2633 remo-

2208 2666 2372 2722 tiores
2397 2678 2581 2737 gentes
2609 2668 2802 2736 quibus
2821 2681 3005 2737 postea
3036 2669 3385 2739 praedicatum
3413 2677 3495 2723 est
3522 2668 3772 2737 pertinet.

2276 2757 2441 2812 Vnns.
2475 2758 2529 2812 4.
2553 2759 2754 2812 -—Duc
2795 2761 2850 2812 in
2891 2759 3072 2813 altum.
3109 2759 3330 2831 (Anam)
3357 2761 3469 2814 Etsi
3528 2760 3650 2813 aliis
3688 2761 3778 2814 im-

2206 2856 2428 2918 peratur
2451 2859 2511 2903 ut
2539 2850 2718 2904 laxent
2750 2851 2906 2915 retia,
2933 2860 3066 2916 etc.,
3099 2868 3259 2921 usque
3282 2843 3350 2904 ad
3374 2851 3457 2905 vel
3483 2852 3549 2905 de
3579 2851 3778 2920 Spiritu

2206 2941 2378 2994 sancti
2399 2939 2784 3012 proﬂuentibus
2810 2941 2966 2996 donis
3009 2942 3290 2998 instruitur
3315 2941 3574 3007 Ecclesia,
3604 2950 3661 2997 et
3695 2957 3775 2995 ar-

2206 3040 2404 3086 matur.

2277 3120 2442 3177 Vens.
2473 3123 2525 3176 5.
2552 3153 2618 3165 —-
2640 3122 2706 3176 In
2737 3109 2932 3188 verba,
2954 3132 3056 3179 etc.
3089 3123 3302 3195 (BEDA.)
3333 3123 3447 3178 Nisi
3479 3123 3649 3178 verbo
3673 3137 3777 3193 gra-

2210 3213 2296 3266 tia:
2323 3212 2499 3266 laxata
2527 3212 2727 3268 fuerint
2759 3214 3116 3268 instrumenta
3165 3214 3586 3283 disputationum
3607 3253 3622 3276 ,
3656 3222 3774 3276 etc.,

2206 3321 2365 3375 usque
2386 3305 2457 3357 ad
2487 3305 2649 3360 etiam
2676 3305 2817 3359 inter
2847 3306 3286 3375 persequentium
3317 3305 3591 3359 scandala.

2277 3395 2438 3448 Vens.
2467 3395 2514 3448 7.
2558 3425 2627 3433 —
2667 3393 2734 3447 Et
2783 3394 3138 3464 impleverunt.
3189 3393 3312 3464 (11).)
3368 3393 3490 3448 llaec
3542 3394 3776 3463 impletio

2207 3501 2377 3554 usque
2407 3487 2457 3538 in
2492 3485 2651 3541 ﬁnem
2681 3486 2861 3541 surculi
2890 3489 3112 3551 crescit,
3137 3494 3263 3549 etc.,
3295 3502 3453 3556 usque
3480 3486 3548 3538 ad
3575 3497 3634 3542 et
3667 3487 3776 3541 talis

2207 3577 2482 3632 humilitas
2507 3587 2742 3633 meretur
2769 3579 2912 3648 piam
2951 3579 3160 3632 Domini
3199 3579 3651 3634 consolationem.

2277 3670 2440 3725 Vens.
2467 3672 2552 3725 10.
2576 3701 2644 3711 -
2668 3670 2751 3726 Ex
2774 3673 2870 3724 hoc
2901 3671 3039 3740 jam.
3068 3670 3188 3741 (l0.)
3218 3671 3330 3725 Hoc
3357 3671 3423 3724 ad
3467 3672 3646 3740 ipsum
3688 3669 3776 3724 Pe-

2213 3771 2355 3817 trum
2379 3763 2686 3832 specialiter
2707 3763 2962 3832 pertinet,
2991 3763 3075 3816 cui
3105 3763 3390 3834 exponitur
3413 3763 3538 3832 quid
3557 3773 3777 3833 captura

2207 3853 2479 3922 signiﬁcet
2508 3855 2756 3922 piscium.
2802 3852 2908 3907 Sed
2937 3854 3074 3908 sicut
3105 3861 3231 3906 tunc
3276 3868 3371 3921 per
3406 3853 3539 3906 retia
3567 3855 3774 3922 pisces,

2207 3945 2284 4000 sic
2309 3960 2406 4015 per
2433 3947 2593 4000 verba
2620 3945 2908 4016 aliquando
2937 3945 3112 4015 capiet
3135 3945 3410 4010 homines,
3455 3945 3506 4000 in
3536 3962 3650 4015 quo
3687 3946 3778 4001 Pe-

2207 4045 2290 4092 tro
2320 4046 2403 4092 est
2429 4047 2584 4107 typus
2615 4040 2778 4093 totius
2807 4038 3080 4092 Ecclesiae.

2279 4127 2440 4181 Vens.
2473 4127 2555 4180 12.
2572 4157 2642 4167 ——
2663 4126 2729 4180 In
2760 4144 2862 4180 una
2884 4127 3164 4181 civitatum.
3182 4126 3281 4181 llic
3301 4127 3406 4180 duo
3437 4127 3704 4182 adventus
3728 4127 3775 4181 in

2205 4217 2579 4286 Capharnaum
2605 4228 2876 4274 notantur.
2915 4219 3151 4285 Primus,
3183 4221 3524 4274 incarcerato
3545 4217 3771 4282 Joanne,

2207 4307 2422 4376 quando
2450 4307 2575 4362 fecit
2611 4309 2862 4363 continue
2903 4309 2990 4363 illa
3022 4310 3124 4363 tria
3157 4309 3454 4371 miracula;
3489 4309 3772 4372 secundus,

2207 4398 2420 4466 quando
2440 4398 2716 4452 descendit
2737 4399 2802 4452 de
2835 4407 3015 4453 monte
3042 4399 3227 4454 electis
3253 4397 3533 4468 apostolis.
3563 4397 3775 4462 quando

2219 4486 2279 4540 ﬁt
2307 4487 2449 4541 istud
2487 4487 2803 4542 miraculum
2826 4489 2892 4542 de
2923 4489 3152 4558 leproso.

2279 4575 2439 4631 Vens.
2466 4577 2550 4630 15.
2573 4608 2644 4617 -
2670 4577 2874 4648 Tetigit.
2905 4578 3134 4647 Propter
3167 4576 3527 4630 humilitatem
3553 4617 3566 4638 ,
3598 4585 3659 4630 ut
3685 4591 3774 4630 nos

2203 4667 2419 4722 doceret
2446 4667 2651 4722 nullum
2688 4683 2942 4738 spernere
2969 4683 3066 4738 pro
3111 4667 3288 4736 aliqua
3319 4667 3562 4736 corporis
3592 4682 3771 4720 macu-

2203 4757 2421 4812 latione.
2453 4759 2648 4828 Tangit
2697 4773 2801 4813 non
2832 4757 3185 4828 dedignatus,
3224 4759 3452 4827 imperat
3490 4773 3596 4812 non
3647 4756 3777 4812 dilll-

2201 4866 2321 4915 sus,
2358 4850 2575 4905 adhibet
2611 4851 2792 4921 operis
2829 4850 3212 4904 testimonium.
3278 4848 3420 4902 Volo.
3475 4849 3614 4903 Dicit
3659 4863 3776 4919 pro-

2199 4955 2321 5015 pter
2350 4945 2619 5008 Fotinum,
2664 4944 2893 5014 imperat
2941 4952 3160 5013 propter
3186 4941 3400 5006 Arium,
3448 4942 3620 5011 tangit
3650 4955 3773 5010 pro~

2202 5048 2322 5107 pter
2349 5037 2732 5091 Manichaeum.‘

2277 5129 2438 5183 Vens.
2463 5125 2882 5198 lit—Praecepit
2905 5128 3001 5182 illi.
3029 5127 3240 5199 (Βευλ.)
3267 5125 3457 5182 Taceri
3475 5125 3653 5196 jubet,
3678 5141 3772 5180 nec

2204 5219 2367 5272 taceri
2398 5227 2593 5287 potest.
2626 5218 2742 5271 Non
2764 5219 2906 5287 quod
2939 5219 3138 5288 aliquid
3172 5218 3401 5272 voluerit
3437 5225 3490 5270 et
3531 5233 3639 5270 non
3683 5231 3773 5284 ρθο

2205 5309 2496 5372 tuerit,sed
2513 5309 2916 5378 datexemplum
2933 5317 2990 5362 ut
3018 5309 3099 5362 sui
3127 5309 3178 5361 in
3205 5308 3410 5376 magnis
3432 5323 3551 5376 qua:
3571 5305 3772 5360 faciunt

2202 5399 2370 5454 latere
2396 5401 2584 5464 velint,
2616 5400 2708 5454 sed
2736 5408 2793 5453 ut
2819 5401 3028 5469 prosint
3053 5401 3195 5459 aliis,
3217 5400 3518 5468 prodantur
3545 5397 3722 5451 inviti.

2274 5490 2440 5544 Vens.
2479 5490 2564 5543 15.
2589 5521 2656 5530 -—
2682 5490 2747 5544 Et
2776 5490 3142 5544 conveniebant
3171 5491 3364 5553 turbw,
3406 5498 3510 5543 etc.
3561 5484 3772 5558 (1311111.)

2202 5580 2428 5636 Sanatio
2457 5581 2616 5650 hujus
2642 5581 2838 5635 multas
2874 5582 2939 5634 ad
2970 5582 3252 5634 Dominum
3292 5580 3438 5648 cogit
3464 5579 3667 5632 turbas.
3707 5576 3773 5630 Ut

2199 5671 2345 5727 enim
2391 5671 2504 5741 ipse
2539 5671 2767 5726 interius
2794 5679 2849 5725 et
2878 5671 3115 5724 exterius
3142 5686 3200 5726 se
3239 5678 3481 5724 sanatum
3510 5669 3731 5720 doceret
3759 5682 3795 5716 :.

2202 5772 2511 5836 perceptum
2541 5764 2860 5820 beneﬁcium
2893 5763 3053 5818 etiam
3083 5762 3264 5832 jussus
3316 5779 3418 5817 non
3470 5767 3629 5815 tacet.
3668 5757 3770 5837 Sed
