3960 6336
237 391 352 445 257

1175 391 1440 448 CLOSSA
1480 391 1878 448 ΟΒΟΙΝΔΒΙΑ.
1920 421 1988 431 —-
2026 390 2280 448 EVANG.
2317 391 2472 449 LUC.

3387 399 3493 455 258

239 515 297 562 et
325 503 538 558 Marcus
559 501 652 563 ait,
670 501 980 570 evangelica
1001 499 1218 558 functus
1239 503 1414 558 ol'ﬁcio
1443 522 1457 556 :
1488 503 1614 556 Mox
1642 520 1813 572 ραι-εδ·
1845 506 1893 564 Α
1919 501 2170 557 latentem
2202 503 2534 572 cognoscatis
2554 505 2846 574 potentiam
2873 508 3171 575 majestatis
3193 523 3295 580 qua
3317 521 3496 580 potest

240 614 356 658 sus.
383 595 528 664 rwpit
552 595 840 664 prcedirare
860 605 906 647 et
929 594 1207 663 (li/fumare
1228 612 1513 649 sermonem
1540 595 1732 666 (Marc.
1759 596 1820 667 ι).

315 685 482 738 Vens.
516 685 603 737 tﬁ.
629 713 695 722 —
716 682 782 736 Et
829 684 1031 738 orabat.
1064 685 1291 751 Quando
1337 695 1488 750 orat,
1531 687 1822 740 theoricam

249 778 413 830 vitam
435 817 448 840 ,
474 776 690 846 quando
717 785 872 830 sanat
901 778 1132 832 activam
1157 777 1432 832 informat.

318 866 532 936 (Βεω.)
558 864 726 918 Sanat
743 875 800 920 ut
823 866 986 932 Deus,
1013 877 1135 922 orat
1155 878 1215 922 ut
1237 869 1414 923 homo.
1440 869 1495 922 ln
1519 871 1671 936 urbe,
1694 879 1823 936 etc.,

245 974 412 1026 usque
450 957 518 1009 ad
548 970 646 1025 per
674 956 884 1010 interna
911 959 1174 1013 desideria
1201 958 1423 1013 silenter
1451 959 1717 1028 loquatur.

319 1046 484 1100 Vens.
520 1046 605 1099 l7.
631 1076 700 1084 —
723 1045 790 1098 Et
812 1046 1012 1114 factum
1049 1057 1160 1111 est,
1201 1056 1305 1102 etc.
1339 1047 1462 1118 (ln.)
1504 1047 1604 1103 Ubi
1635 1049 1826 1103 sedens

245 1139 501 1194 docuerit
523 1137 698 1192 Lucas
720 1137 996 1191 breviandi
1020 1139 1191 1208 gratia
1216 1139 1640 1207 praeteriit,etc.,
1667 1155 1827 1206 usque

245 1229 316 1281 ad
351 1243 512 1298 quam
543 1243 648 1282 non
691 1228 981 1293 nascendo,
1013 1228 1109 1283 sed
1166 1229 1456 1284 virtutibus
1508 1229 1826 1286 illustrando

246 1335 402 1374 suam
434 1319 656 1374 fecerat.

314 1410 383 1463 Et
398 1409 793 1480 erant.(Aunn.)
811 1409 952 1464 Inter
965 1419 1282 1466 caeterorum
1299 1412 1533 1467 remedia
1551 1413 1824 1479 debilium,

247 1501 715 1564 convenientibus,
741 1509 874 1566 etc.,
896 1519 1056 1572 usque
1079 1504 1149 1556 ad
1172 1513 1499 1575 actuumque
1521 1515 1826 1561 nostrorum

247 1591 439 1645 clauda
470 1591 694 1661 vestigia
729 1592 880 1646 verbi
915 1577 1153 1649 celestis
1180 1596 1418 1650 remedio
1446 1595 1825 1652 reformentur.

322 1705 487 1759 Vens.
530 1703 708 1758 l8.—
735 1701 849 1757 Viri
894 1714 1176 1774 portantes.
1239 1704 1540 1777 Ailegorice
1573 1721 1588 1760 :
1623 1707 1674 1762 id
1721 1717 1826 1774 est,

246 1795 522 1865 erigentes
557 1795 623 1849 ad
653 1795 931 1864 superiora
972 1796 1211 1849 animum
1240 1795 1517 1850 hominum
1539 1839 1552 1861 ,
1582 1801 1828 1868 quamvis

246 1879 538 1943 exterioris
586 1886 820 1940 hominis
876 1887 1152 1942 debilitate
1203 1897 1535 1957 torpentem;
1598 1905 1827 1960 quorum

247 1993 441 2032 rursus
505 1978 876 2042 adminiculis,
923 1986 977 2032 et
1028 1979 1275 2034 attollere
1326 1989 1378 2035 et
1433 1982 1720 2037 humiliare
1769 1999 1829 2039 se

249 2067 464 2124 facilius
489 2079 612 2123 ante
632 2069 814 2124 Jesum
839 2070 1086 2135 docetur,
1117 2071 1396 2126 Dominico
1425 2073 1619 2143 dignus
1660 2074 1828 2129 videri

251 2167 499 2228 aspectu.
524 2158 894 2213 Humilitatem
925 2159 1068 2214 enim
1103 2160 1323 2230 respicit
1348 2161 1508 2216 Deus.

322 2273 391 2326 Et
415 2273 737 2344 qua’rebant,
766 2286 871 2330 etc.
908 2273 1120 2346 (Βευλ.)
1154 2274 1469 2329 Desiderant
1491 2273 1704 2342 offerre,
1734 2277 1827 2332 sed

249 2367 406 2421 turba
432 2366 752 2436 interposita
776 2365 1150 2432 recluduntur,
1168 2367 1290 2437 quia
1313 2381 1452 2436 saepe
1472 2367 1673 2433 anima,
1695 2378 1822 2434 etc.,

247 2476 412 2530 usque
457 2459 525 2512 ad
567 2459 692 2529 quia
721 2459 788 2514 ad
818 2458 1022 2514 Christi
1062 2459 1421 2513 humilitatem
1471 2459 1591 2514 ﬁdei
1628 2461 1826 2531 pietate

244 2551 614 2617 descenditur,
645 2560 699 2606 et
724 2551 791 2605 ad
817 2549 1017 2606 Christi
1046 2550 1291 2605 notitiam
1322 2551 1554 2605 venitur.

322 2660 486 2716 Vens.
530 2661 612 2716 l9.
634 2690 707 2702 —-
731 2660 794 2713 Et
817 2676 910 2730 per
949 2659 1171 2730 tegulas.
1203 2658 1324 2730 (ln.)
1360 2659 1560 2714 Domus
1582 2657 1709 2714 Jesu
1741 2667 1823 2714 te-

244 2752 389 2824 gulis
427 2760 566 2807 tecta
591 2750 934 2814 describitur,
973 2750 1100 2820 quia
1126 2750 1226 2804 sub
1251 2750 1641 2819 contemptibili
1680 2749 1824 2804 litte-

245 2858 434 2897 rarum
460 2842 743 2906 velamine,
774 2841 817 2896 si
851 2840 994 2896 adsit
1019 2840 1229 2906 doctor,
1257 2839 1348 2911 qui
1385 2849 1590 2896 reseret
1617 2841 1820 2906 divina,

242 2936 546 3006 Spiritualis
582 2935 770 3006 gratite
797 2934 970 2990 virtus
999 2933 1295 2988 invenitur.
1338 2933 1490 3000 Quod
1517 2949 1639 2988 cum
1681 2933 1821 2987 lecto

243 3027 557 3096 deponitur,
591 3025 864 3097 signiﬁcat
894 3025 962 3080 ab
997 3025 1215 3080 homine
1241 3025 1414 3079 adhuc
1440 3024 1492 3078 in
1523 3023 1626 3078 ista
1657 3036 1822 3078 carne

241 3119 544 3174 constituto
571 3116 846 3171 Christum
877 3115 1072 3170 debere
1107 3114 1379 3184 cognosci.

1924 602 2144 662 peccata
2169 594 2439 648 dimittere
2467 603 2526 647 ut
2556 597 2714 650 Deus.

1994 683 2153 736 Vens.
2183 682 2272 736 εξ.
2302 713 2370 722 —
2393 681 2462 736 Ut
2492 694 2665 737 autem
2692 686 2958 754 cognorit,
2984 695 3088 742 etc.
3119 689 3338 762 (Alam)
3375 692 3490 749 Ma-

1924 790 2062 844 gnus
2085 776 2338 829 sacerdos
2359 774 2561 844 lepram
2577 777 2792 832 videbat
2816 778 2868 832 in
2891 780 3140 835 cordibus
3161 780 3489 850 Judznorum.

1923 875 1978 919 et
2004 864 2213 934 pejores
2251 867 2486 921 ostendit
2513 867 2601 922 illo
2631 868 2840 937 leproso
2869 873 2952 926 cui
2995 884 3222 944 purgato
3244 877 3404 946 jussit
3435 896 3493 935 se

1923 954 2118 1009 offerre
2137 956 2424 1010 sacerdoti.
2447 955 2552 1011 Sed
2571 958 2668 1012 hos
2694 974 2936 1015 summus
2953 963 3208 1018 sacerdos
3227 968 3472 1034 repudiat

1926 1060 1993 1098 ne
2023 1045 2157 1100 alios
2186 1061 2398 1114 quoque
2431 1061 2618 1100 eorum
2651 1047 2799 1117 lepra
2829 1052 3174 1105 contaminet.

1997 1133 2161 1190 Vens.
2193 1135 2282 1189 24.
2310 1134 2517 1188 —Tibi
2563 1136 2710 1203 dico,
2754 1154 2926 1207 surge.
2971 1139 3185 1210 (ΒευΑ.)
3229 1142 3495 1214 Surgere,

1925 1233 2010 1280 est
2033 1226 2267 1280 animum
2298 1241 2327 1280 a
2367 1227 2679 1282 carnalibus
2720 1228 3003 1284 desideriis
3037 1229 3372 1288 abstrahere.
3405 1233 3500 1288 Le-

1926 1325 2071 1372 ctum
2097 1315 2704 1387 tollere,etc.,€usque|ad
2730 1333 2826 1387 per
2855 1319 3165 1375 missionem
3191 1337 3386 1391 parum,
3407 1339 3496 1378 re-

1928 1409 2238 1464 missionem
2267 1408 2434 1476 culpae
2471 1408 2730 1479 intellige.

1998 1501 2160 1555 Vens.
2188 1501 2278 1554 26.
2308 1532 2379 1541 —
2405 1501 2472 1555 Et
2502 1511 2702 1571 stupor.
2733 1502 2952 1574 (Anam)
2984 1502 3245 1574 Spectant
3273 1521 3498 1578 surgen-

1931 1600 2038 1646 tem
2071 1591 2365 1655 increduli,
2401 1593 2670 1646 mirantur
2708 1592 3018 1658 abeuntem,
3045 1603 3098 1647 et
3127 1595 3290 1650 divini
3318 1598 3500 1666 operis

1931 1683 2187 1737 miracula
2213 1683 2420 1736 malunt
2464 1683 2654 1737 timere
2692 1699 2852 1752 quam
2879 1685 3130 1750 credere;
3155 1702 3279 1741 nam
3305 1688 3349 1742 si
3380 1703 3501 1743 cre-

1931 1772 2150 1837 derent,
2182 1788 2286 1828 non
2314 1773 2597 1838 timerent,
2626 1775 2721 1828 sed
2763 1773 3068 1844 diligerent.
3101 1773 3338 1845 Perfecta
3362 1780 3500 1834 enim

1860 1865 1904 1924 B
1932 1863 2138 1917 dilectio
2159 1863 2303 1932 foras
2337 1863 2493 1916 mittit
2517 1863 2754 1916 timorem
2783 1862 2835 1931 (Ι
2861 1864 3044 1930 Joan.,
3074 1866 3166 1935 tv).

2004 1955 2168 2010 Vens.
2196 1954 2286 2008 27.
2314 1983 2380 1994 —
2406 1953 2548 2008 Levi.
2591 1954 2802 2026 (Bene)
2835 1956 2978 2011 ldem
3002 1956 3129 2012 Levi
3157 1959 3245 2027 qui
3286 1967 3341 2014 et
3366 1959 3503 2014 Mat-

1933 2044 2121 2099 thaeus.
2177 2042 2282 2099 Sed
2330 2043 2530 2109 Lucas,
2558 2055 2697 2109 etc.,
2749 2061 2908 2116 usque
2937 2047 3005 2100 ad
3045 2047 3111 2102 de
3151 2048 3411 2106 telouario
3439 2051 3496 2106 in

1929 2135 2316 2206 evangelistam
2343 2136 2412 2189 sit
2438 2144 2694 2190 mutatus.

1999 2227 2176 2298 (Beas
2205 2266 2220 2290 ,
2285 2227 2481 2298 Amen.)
2532 2227 2770 2297 Reliquit
2813 2229 3064 2300 propria,
3113 2231 3206 2301 qui
3258 2233 3499 2302 rapiebat

1927 2318 2122 2373 aliena.
2158 2316 2268 2373 Nec
2289 2317 2460 2372 solum
2491 2318 2639 2372 lucra
2676 2319 2890 2389 reliquit
2917 2321 3256 2392 vectigalium
3280 2363 3294 2387 ,
3324 2323 3417 2378 sed
3439 2333 3497 2380 ct

1926 2410 2223 2480 periculum
2251 2410 2575 2473 contemnit,
2604 2411 2745 2479 quod
2771 2420 2982 2480 poterat
3011 2412 3191 2466 venire
3223 2427 3254 2466 a
3285 2413 3492 2483 princi-

1925 2502 2085 2571 pibus
2102 2501 2306 2566 smculi,
2330 2501 2454 2572 quia
2482 2503 2717 2558 rationes
2742 2502 3081 2574 vectigalium
3107 2503 3494 2574 incompositas

1925 2593 2222 2664 reliquerit.
2254 2594 2320 2648 Et
2344 2595 2467 2663 quia
2510 2595 2564 2648 in
2605 2595 2753 2650 nullo
2779 2611 3000 2664 prorsus
3041 2595 3198 2664 hujus
3234 2597 3356 2662 vitae
3402 2612 3495 2652 re-

1925 2693 2164 2755 spectum
2205 2685 2287 2739 vel
2315 2685 2694 2755 cogitationem
2726 2686 2825 2741 sibi
2858 2687 3176 2760 reservavit,
3194 2686 3490 2742 dominico-

1925 2789 2043 2829 rum
2072 2774 2393 2830 talentorum
2421 2774 2591 2829 ﬁdelis
2619 2774 2960 2844 dispensator
2987 2791 3106 2832 esse
3132 2778 3350 2832 meruit.

1994 2864 2205 2937 (Βεω.)
2248 2865 2352 2919 Per
2382 2865 2614 2920 Matthtei
2660 2865 2976 2920 electionem
2997 2907 3010 2929 ,
3040 2866 3173 2922 ﬁdes
3210 2867 3486 2938 gentium.

1922 2972 2043 3028 qua:
2083 2956 2233 3027 prius
2282 2955 2569 3012 mundanis
2613 2956 2925 3022 inhiabant,
2975 2957 3068 3011 sed
3111 2973 3252 3013 nunc
3293 2973 3491 3029 corpus

1922 3049 2120 3104 ChriSti
2159 3048 2342 3104 sedula
2371 3049 2652 3104 devotione
2697 3048 2973 3114 reﬁciunt,
3017 3049 3354 3119 exprimitur.
3388 3050 3492 3106 Per

1924 3140 2229 3210 superbiam
2253 3139 2646 3194 Pharisaeorum
2691 3139 2993 3194 insinuatur
3026 3138 3329 3197 Judatorum
3354 3143 3492 3198 invi—

317 3228 490 3285 Vens.
518 3230 610 3284 20.
635 3261 703 3269 —
733 3229 968 3296 Quorum
989 3229 1166 3298 ﬁdem.
1193 3229 1404 3302 (ΒευΑ.)
1429 3229 1652 3283 Multum
1680 3231 1823 3286 valet
1849 3205 1894 3267 (ἶ
1927 3205 2011 3282 dia
2032 3267 2046 3292 ,
2073 3242 2192 3297 qua:
2215 3227 2280 3280 de
2302 3227 2540 3296 gentium
2573 3227 2744 3282 salute
2771 3235 3066 3297 torquetur.

243 3324 279 3378 ﬁ
295 3324 384 3378 .‘cs
407 3322 622 3394 prepria
652 3321 932 3392 cujusque,
951 3336 1073 3376 cum
1102 3337 1202 3391 per
1223 3319 1454 3376 alienam
1477 3319 1637 3374 ﬁdem
1665 3320 1826 3377 homo

245 3417 477 3473 interius
502 3426 554 3470 et
585 3415 823 3471 exterius
847 3415 918 3470 sit
943 3413 1205 3469 salvatus.

321 3509 443 3580 (19.)
473 3491 599 3562 llaec
626 3505 833 3560 curatio
860 3503 1148 3576 paralytici
1169 3503 1441 3572 signiﬁcat
1470 3503 1823 3559 salvationem

247 3600 443 3653 animae
464 3595 785 3665 suspirantis
806 3595 872 3649 ad
899 3594 1088 3659 Deum,
1113 3600 1247 3658 etc.,
1275 3609 1436 3663 usque
1467 3593 1535 3646 ad
1556 3609 1674 3663 qua:
1700 3602 1825 3648 sunt

247 3689 532 3760 prudentia
558 3729 573 3753 ,
606 3685 1296 3758 fortitudo,.temperantia,
1323 3687 1552 3756 justitia.

330 3781 524 3845 Homo,
563 3782 922 3844 remittuntur,
966 3789 1074 3835 etc.
1105 3779 1184 3833 Tit
1220 3781 1379 3834 homo
1407 3787 1678 3849 peccator,
1723 3794 1825 3850 ego

250 3873 398 3928 Deus
423 3871 512 3940 qui
537 3877 758 3940 peccata
805 3870 1052 3934 remitto,
1092 3869 1183 3938 qui
1233 3869 1458 3923 aliorum
1505 3869 1698 3923 merito
1728 3869 1824 3924 tibi

249 3969 475 4032 peccata
520 3961 724 4015 relaxo.
779 3958 880 4026 Qui
934 3975 1062 4031 ergo
1108 3960 1347 4030 peccatis
1403 3968 1676 4028 gravatur,
1724 3959 1823 4013 ad-

253 4053 439 4108 hibeat
469 4051 767 4107 Ecclesiam
799 4065 917 4120 quae
949 4065 1048 4120 pro
1077 4065 1143 4105 eo
1171 4057 1442 4119 precetur.

325 4147 467 4213 Quia
497 4160 596 4215 pro
626 4143 782 4213 culpa
805 4143 1001 4197 anima:
1019 4142 1182 4196 etiam
1207 4157 1404 4211 corpus
1429 4141 1824 4208 inﬁrmabatur,

251 4237 376 4292 ideo
405 4243 695 4290 sanaturus
725 4248 944 4303 corpus,
976 4233 1126 4302 prius
1156 4242 1309 4287 sanat
1333 4233 1587 4287 animam.

325 4325 493 4380 Vens.
514 4325 605 4379 21.
635 4355 706 4364 -
730 4324 862 4390 Quis
883 4332 1047 4394 potest
1076 4324 1376 4378 dimittere?
1404 4323 1572 4379 Nemo
1601 4323 1825 4379 dimittit

247 4426 475 4488 peccata
504 4416 607 4470 nisi
633 4416 804 4481 Deus,
843 4416 934 4484 qui
964 4430 1062 4484 per
1093 4428 1189 4470 eos
1217 4429 1430 4484 quoque
1467 4415 1688 4469 dimittit
1707 4415 1828 4484 qui-

248 4509 353 4562 bus
375 4514 696 4578 potestatem
724 4505 1029 4560 dimittendi
1061 4505 1225 4559 dedit.
1261 4503 1396 4559 Cum
1426 4520 1554 4575 ergo
1582 4505 1826 4560 Christus

250 4599 525 4664 dimittat,
554 4611 678 4652 vere
713 4597 855 4650 Deus
895 4597 1173 4666 probatur.
1213 4596 1409 4650 Verum
1456 4596 1824 4650 testimonium

249 4691 366 4746 Deo
396 4690 622 4745 reddunt
645 4729 660 4754 ,
694 4689 788 4743 sed
813 4701 1098 4758 personam
1127 4685 1330 4740 Christi
1361 4687 1606 4755 negando
1633 4685 1827 4740 fallun-

252 4790 362 4834 tur.
397 4779 626 4835 Perﬁdia
657 4778 803 4834 enim
828 4777 1072 4832 conﬁteri
1095 4783 1308 4845 potest,
1335 4776 1559 4830 credere
1589 4791 1695 4830 non
1729 4790 1826 4844 po-

249 4881 380 4928 test.
422 4873 605 4941 Itaque
635 4869 1004 4926 testimonium
1049 4883 1155 4922 non
1185 4868 1335 4922 deest
1360 4866 1667 4932 Divinitati,
1698 4866 1829 4921 ﬁdes

249 4966 407 5020 deest
433 4964 612 5019 saluti.
644 4963 786 5017 Deus
830 4971 1010 5015 autem
1045 4959 1229 5014 volens
1256 4959 1435 5014 salvos
1480 4959 1656 5014 facere
1700 4975 1828 5028 pec-

247 5065 497 5118 catores,
531 5064 586 5110 et
609 5053 946 5110 occultorum
980 5051 1286 5123 cognitione
1313 5066 1373 5106 se
1401 5051 1569 5105 Deum
1595 5064 1716 5104 esse
1739 5050 1831 5104 de-

249 5155 543 5210 monstrat,
570 5154 624 5201 et
647 5145 1005 5200 admiratione
1029 5141 1291 5197 factorum
1316 5141 1419 5195 illis
1456 5141 1786 5209 respondens
1813 5156 1826 5195 :

255 5238 400 5304 Quid
426 5236 660 5307 cogitatis
687 5235 826 5289 mala
865 5237 920 5289 in
960 5234 1204 5288 cordibus
1243 5234 1462 5288 vestris?
1486 5233 1684 5287 Eadem
1717 5247 1832 5288 ma-

248 5333 518 5402 jestateet
539 5329 775 5400 potentia
814 5344 919 5398 qua
961 5328 1316 5398 cogitationes
1362 5335 1572 5382 vestras
1597 5327 1830 5393 intueor,

253 5438 478 5492 possum
507 5421 815 5476 hominibus
839 5419 1030 5474 delicta
1061 5419 1354 5474 dimittere.
1381 5418 1460 5472 Ex
1493 5419 1642 5474 vobis
1673 5417 1831 5473 intel-

256 5519 410 5586 ligite
435 5517 564 5586 quid
590 5515 921 5586 paralyticus
959 5521 1339 5583 consequatur.
1378 5511 1484 5568 Sed
1505 5512 1630 5582 quia
1667 5511 1828 5582 spiri-

258 5611 463 5666 tualem
505 5609 731 5680 gratiam
764 5623 870 5664 non
916 5606 1274 5679 cognoscitis,
1307 5620 1406 5660 nec
1433 5605 1654 5660 creditis
1689 5603 1830 5673 quod

258 5703 493 5757 interius
514 5699 711 5755 factum
735 5707 812 5754 est
831 5739 845 5763 ,
871 5699 1132 5768 probetur
1155 5699 1309 5768 signo
1332 5696 1526 5751 visibili
1549 5697 1690 5766 quod
1723 5709 1831 5750 non

261 5792 491 5848 minoris
519 5798 731 5847 constet
759 5802 880 5845 esse
924 5789 1177 5862 potentia:
1199 5828 1214 5854 ,
1258 5797 1315 5842 ut
1348 5787 1401 5841 in
1431 5786 1566 5843 Filio
1598 5783 1832 5843 hominis

1996 3319 2159 3374 Vens.
2196 3319 2282 3372 50.
2317 3349 2386 3358 ——
2414 3319 2616 3385 Quare,
2646 3329 2752 3376 etc.
2793 3321 3010 3394 (Anam)
3049 3320 3236 3379 Omnis
3264 3327 3491 3395 quaestio

1925 3425 1989 3464 ex
2021 3410 2136 3480 lege
2165 3425 2282 3480 qua:
2314 3417 2469 3464 tenax
2507 3408 2762 3478 justitiaa,
2807 3426 2912 3465 non
2945 3411 3134 3476 habet,
3170 3421 3302 3478 etc.,
3331 3431 3491 3484 usque

1924 3501 1994 3555 ad
2015 3509 2069 3556 et
2091 3499 2386 3554 ambulatio
2407 3507 2462 3553 et
2486 3501 2666 3555 omnia
2689 3516 2807 3568 quae
2828 3502 3013 3572 gessit,
3039 3502 3197 3557 saluti
3227 3505 3487 3559 serviunt.

1997 3591 2216 3663 (Anam,
2239 3588 2430 3662 Beas.)
2455 3589 2554 3656 Qui
2583 3590 2855 3645 domicilio
2884 3591 3156 3646 Christum
3189 3593 3374 3664 recipit
3405 3593 3489 3648 in-

1926 3695 2101 3750 terno,
2133 3684 2385 3739 maximis
2416 3683 2823 3738 exuberantiam
2864 3685 3103 3754 pascitur
3126 3685 3494 3741 delectationi-

1924 3777 2024 3832 bus
2054 3774 2404 3844 voluptatum.
2453 3762 2637 3844 Itaque
2674 3774 2930 3830 Dominus
2973 3776 3290 3846 ingreditur,
3335 3785 3390 3831 ct
3439 3777 3492 3832 in

1926 3869 2040 3938 ejus
2069 3867 2159 3937 qui
2195 3866 2423 3921 credidit
2458 3864 2722 3921 recumbit
2767 3864 2980 3921 aﬁectu.
3031 3866 3138 3920 Sed
3181 3883 3370 3923 rursus
3397 3883 3492 3922 ac-

1925 3961 2172 4017 cenditur
2214 3959 2414 4014 invidia
2457 3957 2783 4027 perﬁdorum
2806 3999 2819 4022 ,
2849 3957 3040 4013 futura:
3086 3974 3258 4028 parum
3287 3960 3496 4028 species

1924 4053 2314 4126 praeﬁguratur.
2343 4051 2692 4121 Epulantihus
2719 4053 2859 4106 enim
2889 4052 3132 4106 ﬁdelibus
3155 4062 3210 4106 et
3249 4054 3298 4106 in
3331 4069 3496 4122 regno

1927 4147 2183 4202 cmlorum
2213 4143 2672 4205 recumbentibus,
2695 4143 2915 4210 perﬁdia
2932 4141 3114 4210 jejuna
3137 4146 3493 4212 torquebitur.

1926 4237 2242 4294 Ostenditur
2279 4236 2441 4290 etiam
2467 4242 2725 4303 quantum
2767 4234 2976 4288 intersit
3002 4234 3140 4288 inter
3165 4235 3389 4290 aemulos
3429 4237 3500 4290 lc-

1927 4331 2008 4400 gis
2029 4341 2084 4383 ct
2110 4326 2325 4397 gratiae,
2365 4325 2491 4394 quia
2520 4325 2610 4394 qui
2643 4325 2810 4396 legem
2849 4333 3164 4394 sequuntur,
3194 4326 3389 4382 mentis
3414 4326 3496 4381 fa-

1928 4435 2069 4474 mem
2097 4416 2373 4488 patientur
2404 4422 2683 4470 aeternam.
2732 4413 2831 4480 Qui
2876 4429 3002 4469 vero
3048 4415 3101 4468 in
3148 4416 3499 4473 interioribus

1929 4510 2152 4563 verbum
2181 4506 2506 4575 receperint,
2533 4503 2772 4559 alimenti
2803 4503 3041 4559 cmlcstis
3063 4513 3119 4558 et
3146 4504 3309 4560 fontis
3336 4506 3496 4560 uber-

1934 4608 2042 4654 tate
2071 4597 2327 4661 recreati,
2353 4596 2564 4650 esurire
2593 4603 2646 4649 ct
2678 4595 2830 4649 sitire
2874 4611 2978 4650 non
3010 4605 3262 4671 possunt,
3299 4605 3354 4650 et
3379 4597 3499 4651 ideo

1929 4691 2020 4760 qui
2063 4689 2242 4742 animo
2277 4685 2523 4757 jejunant
2577 4694 2947 4750 murmurant,
3005 4686 3243 4739 dicentes
3278 4703 3290 4738 :
3325 4686 3500 4750 Quare

1929 4797 2044 4835 cum
2075 4779 2394 4850 publicanis,
2419 4777 2562 4832 ctc.?
2583 4777 2704 4830 Filii
2730 4775 2947 4839 diaboli,
2984 4789 3250 4829 venenum
3283 4791 3501 4845 serpen-

1931 4875 2002 4928 tis
2026 4871 2348 4927 diﬁ‘undunt.
2391 4869 2625 4938 Serpens
2674 4867 2904 4937 primam
2946 4880 3133 4919 vocem
3165 4867 3372 4930 emisit,
3421 4867 3502 4920 di-

1931 4977 2061 5018 cens
2084 4961 2244 5015 Eva):
2278 4959 2415 5026 Quid
2471 4960 2655 5027 utique
2686 4957 2828 5010 Deus
2857 4955 3029 5008 dixit:
3067 4954 3246 5008 Nolite
3276 4959 3473 5008 mandu

1933 5069 2053 5107 care
2076 5068 2140 5105 ea“.
2160 5052 2298 5104 omni
2318 5049 2498 5119 ligno?
2521 5048 2671 5119 (Gen.
2694 5046 2798 5114 ιιι.)
2832 5044 2982 5098 llunc
3013 5045 3293 5098 imitantur
3317 5045 3428 5099 isti.

2003 5142 2170 5196 Vens.
2195 5141 2282 5194 51.
2309 5170 2380 5180 -——
2408 5138 2634 5192 Medico.
2660 5136 2907 5192 Christus
2946 5137 3184 5190 medicus
3206 5135 3320 5204 qui,
3367 5135 3506 5188 miro

1935 5232 2233 5288 medicandi
2271 5246 2488 5302 genere,
2513 5228 2809 5283 vulneratus
2853 5237 2927 5281 est
2974 5237 3183 5297 propter
3208 5225 3506 5296 iniquitates

1935 5334 2160 5380 nostras.
2195 5323 2308 5376 Hoc
2339 5320 2692 5376 medicamine
2729 5321 2996 5387 serpentis
3020 5330 3286 5371 venenum
3325 5325 3503 5369 ent-tu-

1937 5418 2106 5472 ditur.
2137 5414 2238 5481 Qui
2269 5415 2374 5467 hoc
2408 5411 2798 5466 medicamento
2820 5410 3009 5474 utitur,
3047 5422 3153 5462 non
3179 5415 3423 5460 remanet
3445 5419 3505 5456 c—

1931 5505 2119 5576 junus.
2385 5553 2389 5557 .

2011 5599 2174 5654 Vens.
2220 5597 2309 5651 32.
2342 5622 2416 5637 —
2444 5594 2642 5649 Vocure
2667 5594 2859 5664 justas.
2895 5591 3106 5663 (Bena.)
3135 5589 3319 5644 Justos
3358 5596 3514 5638 vocat

1937 5706 2033 5747 eos
2074 5689 2189 5760 qui,
2221 5688 2317 5742 Dei
2334 5687 2598 5756 justitiam
2643 5686 2943 5756 ignorantes
2991 5693 3038 5736 et
3090 5697 3236 5735 suam
3285 5676 3510 5730 volentes

1938 5782 2282 5844 constituere,
2305 5777 2526 5847 justitite
2551 5776 2647 5830 Dei
2672 5792 2774 5830 non
2813 5783 2932 5827 sunt
2955 5771 3206 5840 subjecti;
3229 5777 3285 5824 et
3304 5767 3371 5821 de
3396 5764 3514 5832 lege
