3960 6336
467 379 577 437 259

962 374 1351 431 WALAFBIDI
1390 372 1641 433 STRABI.
1671 371 1873 429 FULD.
1916 371 2080 429 MON.
2119 371 2271 430 OPP.
2311 370 2494 430 PARS
2530 373 2571 429 1.
2610 403 2681 414 -
2719 371 3175 431 THEOLOGICA.

3605 372 3707 431 260

468 498 877 565 praesumentes,
892 491 1120 560 gratiam
1139 487 1411 557 Evangelii
1428 502 1534 542 non
1552 495 2039 555 quaerunt;pecca-
2068 493 2114 548 Α
2144 485 2441 541 ditionibus
2471 485 2814 551 accumulati,
2849 485 3185 540 dulcedinem
3213 483 3571 555 spiritualium
3592 501 3711 541 ver-

468 593 615 638 tores
656 599 749 652 qui
784 596 881 636 sua
912 580 1049 634 mala
1093 579 1468 641 attendentes,
1498 592 1598 631 nec
1632 591 1729 646 per
1766 577 1941 645 legem
1978 591 2040 631 se
2137 578 2332 634 borum
2363 578 2644 647 percipere
2664 591 2771 632 non
2792 576 3060 631 valebant.

466 692 626 745 posse
669 672 955 745 justiﬁcari
983 679 1264 742 putantes,
1297 670 1500 726 Christi
1527 684 1587 724 se
1633 669 1825 739 gratia:
1867 668 2041 739 poeni-

468 767 630 821 tendo
660 765 1000 820 submittunt.

539 857 703 912 Vens.
743 855 831 909 55.
863 884 932 895 —
959 854 1134 920 Quare
1177 851 1442 923 discipuli.
1492 850 1705 923 (Βεω.)
1758 850 2043 907 Matthaeus

470 949 601 1005 dicit
638 949 782 1018 ipsos
825 944 1115 1016 discipulos
1152 946 1255 1000 hoc
1282 943 1559 1016 quaesisse.
1593 942 1700 997 Sed
1729 942 2037 1008 sciendum,

468 1042 593 1112 quia
624 1040 838 1109 utrique
865 1038 1213 1108 quaesierunt.

539 1134 664 1204 (11).)
695 1131 1099 1202 Spiritualiter:
1130 1129 1376 1199 discipuli
1402 1127 1626 1183 Joannis
1662 1136 1717 1181 et
1743 1126 2042 1182 Pharisaeo-

469 1224 882 1294 rumjejunant,
911 1225 1037 1293 quia
1079 1223 1167 1293 qui
1213 1236 1376 1292 opera
1407 1220 1563 1291 legis,
1606 1229 1735 1284 etc.,
1773 1234 1934 1289 usque
1972 1218 2041 1271 ad

467 1317 761 1371 manducat
791 1330 912 1369 cum
937 1313 1341 1385 peccatoribus,
1372 1320 1433 1367 ut
1460 1311 1690 1383 gratiam
1718 1319 1776 1365 et
1806 1318 2045 1379 potesta-

470 1417 580 1462 tem
615 1407 899 1476 intelligas.

544 1500 707 1555 Vens.
732 1498 819 1554 54.
852 1528 924 1557 —-
942 1497 1196 1568 Nunquid
1222 1499 1359 1552 enim
1384 1498 1617 1567 potestis.
1645 1496 1768 1567 (11).)
1792 1494 2041 1562 Quandiu

469 1603 699 1659 sponsus
733 1589 1010 1643 nobiscum
1041 1598 1123 1644 est
1149 1596 1203 1642 et
1224 1588 1275 1642 in
1303 1586 1486 1641 laetitia
1522 1601 1739 1667 sumus,
1767 1599 1868 1640 nec
1900 1584 2041 1654 jeju-

470 1693 605 1733 nare
626 1693 937 1746 possumus,
967 1687 1105 1742 etc.,
1148 1693 1311 1747 usque
1351 1677 1419 1729 ad
1464 1687 1591 1731 tunc
1624 1675 1719 1729 ﬁlii
1758 1676 1938 1744 sponsi
1962 1672 2045 1743 je-

463 1767 753 1840 iuuabunt,
784 1770 1152 1824 desiderantes
1172 1768 1377 1824 Judicis
1397 1770 1702 1823 adventum.
1859 1762 1871 1771 ’

2208 669 2374 724 Vens.
2410 670 2497 725 58.
2530 699 2602 709 —
2626 664 2730 723 Sed
2757 667 3281 739 vinum.‘Fragilitas
3310 668 3563 723 humana:
3589 683 3715 723 con-

2140 763 2357 818 ditionis
2382 766 2644 832 aperitur,
2669 778 2791 817 cum
2818 777 3046 831 corpora
3077 769 3259 817 nostra
3290 761 3499 816 exuviis
3529 761 3719 816 defun-

2139 866 2349 911 Ctorum
2378 855 2691 910 animalium
2712 862 3118 925 comparantur.
3139 854 3247 909 Sed
3268 854 3543 910 renovatis
3570 856 3709 909 utri-

2139 946 2262 1012 bus,
2303 960 2442 1000 nova
2486 947 2613 1001 vina
2636 946 3039 1011 conducuntur,
3069 961 3190 1000 cum
3219 954 3561 1001 sacramenta
3597 956 3720 1015 quae

2140 1036 2451 1105 accepimus
2495 1036 2749 1091 inviolata
2789 1052 3088 1092 servamus.
3138 1035 3249 1091 Hos
3278 1045 3448 1099 utres,
3497 1036 3543 1091 si
3573 1035 3719 1106 pleni

2140 1136 2283 1192 sunt,
2313 1129 2482 1199 gratia
2515 1138 2714 1193 servat,
2753 1129 2800 1183 si
2842 1129 3020 1193 vacui,
3063 1129 3206 1184 tinea
3234 1138 3291 1183 et
3318 1142 3501 1198 aerugo
3524 1142 3724 1183 conso-

2141 1217 2272 1273 mit:
2322 1232 2539 1289 semper
2562 1234 2693 1291 ergo
2721 1220 2829 1275 sint
2851 1220 3016 1300 pleni.

2750 1377 2976 1434 CAPUT
3022 1377 3112 1433 Vl.

2213 1489 2375 1546 Vens.
2404 1490 2454 1545 1.
2480 1521 2543 1532 -—
2576 1490 2804 1546 Factum
2850 1500 2927 1547 est
2966 1501 3163 1557 autem,
3203 1502 3308 1548 etc.
3335 1492 3553 1566 (ΒΕΜ.)
3582 1493 3727 1549 Dicit

2144 1583 2288 1652 quod
2321 1582 2534 1637 sabbati
2582 1581 2763 1638 littera
2812 1583 2946 1639 solvi
2975 1592 3237 1655 cteperat,
3274 1594 3402 1649 etc.,
3449 1603 3614 1657 usque
3654 1586 3725 1639 ad

2144 1681 2268 1744 post
2289 1674 2605 1740 secundum,
2628 1675 2697 1730 ab
2716 1689 2783 1729 eo
2808 1690 2916 1746 quo
2940 1676 3301 1746 praecedentia
3321 1686 3449 1733 sunt
3471 1678 3614 1733 dicta
3639 1676 3727 1733 vel

2146 1763 2308 1820 facta.

547 1859 706 1914 Vens.
738 1860 826 1915 55.
858 1890 928 1900 --
968 1859 1195 1914 Venient‘
1238 1870 1429 1913 autem.
1480 1858 1604 1931 (11).)
1650 1858 1816 1924 Quasi
1861 1858 2040 1913 dicat:
2072 1844 2122 1907 Β
2218 1855 2325 1910 Per
2347 1867 2487 1922 sata,
2517 1865 2622 1912 etc.
2664 1856 2888 1927 Mystice
2916 1877 2929 1913 :
2955 1874 3085 1929 ager
3105 1859 3370 1924 mundus;
3401 1860 3517 1930 agri
3547 1874 3726 1931 seges,

469 1950 689 2007 Facturi
724 1953 876 2016 estis,
907 1959 966 2005 ut
1002 1951 1247 2020 lugentes
1280 1949 1555 2018 jejunent,
1584 1949 1709 2018 quia
1735 1948 1887 2012 estis,
1909 1957 2038 2012 etc.,

470 2059 633 2114 usque
661 2043 730 2097 ad
765 2044 1004 2114 quandiu
1026 2058 1152 2098 cum
1186 2042 1464 2111 discipulis
1509 2040 1769 2096 Dominus
1797 2041 1852 2095 in
1878 2053 2044 2095 carne

470 2144 820 2191 conversatus
843 2144 943 2190 est.

546 2224 690 2281 Tunc
715 2227 1057 2296 jejunabunt,
1101 2233 1208 2280 etc.
1270 2226 1347 2280 De
1394 2233 1624 2294 utroque
1665 2223 1872 2294 jejunio
1898 2223 2044 2293 quod

472 2324 557 2371 est
624 2317 678 2371 in
734 2316 1079 2372 tribulatione
1114 2316 1200 2372 vel
1246 2316 1442 2389 gaudio
1501 2314 1788 2386 respondet
1839 2334 1852 2369 :
1910 2312 2043 2369 Cum

472 2405 681 2462 ablatus
720 2407 877 2478 fuerit
928 2413 1168 2475 spansus,
1224 2415 1350 2463 tunc
1404 2414 1564 2461 erunt
1602 2406 1657 2461 in
1708 2421 1942 2462 mterore
1990 2414 2046 2461 et

473 2497 641 2564 luctu,
670 2500 845 2554 donec
890 2514 990 2569 per
1030 2498 1289 2569 Spiritum
1322 2507 1568 2553 sanctum
1617 2497 1920 2553 consolatio
1948 2497 2047 2551 tri-

472 2587 696 2653 buatur;
737 2602 844 2657 quo
887 2588 1028 2642 dono
1067 2596 1343 2658 percepto,
1376 2586 1641 2657 jejunium
1682 2586 1824 2655 quod
1862 2586 1924 2640 ﬁt
1950 2600 2046 2655 per

472 2677 735 2741 laetitiam,
759 2676 871 2746 jam
902 2679 1143 2733 renovati
1173 2679 1226 2732 in
1252 2678 1419 2731 vitam
1443 2676 1775 2747 spirituaiem
1806 2675 2047 2731 celebra-

473 2769 635 2824 bunt.
658 2767 725 2822 Et
751 2769 839 2823 hic
864 2768 1015 2839 prius
1056 2768 1168 2839 agit
1197 2768 1263 2823 de
1285 2766 1493 2838 jejunio
1519 2766 1662 2836 quod
1707 2764 1941 2835 pertinet
1978 2764 2047 2819 ad

474 2860 835 2916 humilitatem
860 2859 1240 2914 tribulationis.
1283 2859 1417 2913 illud
1442 2867 1619 2912 autem
1650 2857 1793 2927 quod
1819 2857 1886 2910 ad
1922 2872 2048 2926 gau-

474 2951 623 3006 dium
670 2951 865 3005 mentis
894 2950 1130 3020 pertinet
1174 2949 1423 3021 (quando
1463 2962 1618 3003 mens
1654 2948 1722 3003 ad
1750 2946 2046 3017 spiritualia

474 3042 839 3112 suspenditur,
870 3051 925 3097 et
947 3040 1070 3096 ideo
1106 3056 1137 3094 a
1163 3039 1299 3096 cibis
1331 3040 1610 3109 corporeis
1630 3036 1916 3108 alienatur)
1957 3051 2045 3092 se-

473 3134 762 3205 quentibus
789 3133 1231 3189 similitudinibus
1257 3132 1553 3204 significat,
1585 3131 1879 3186 ostendens
1902 3128 2046 3199 quod

2146 1945 2367 2002 humani
2419 1947 2634 2017 generis
2680 1949 3017 2015 fecunditas;
3065 1949 3257 2020 spicae,
3306 1949 3515 2006 fructus
3540 1950 3729 2006 Eccle-

2144 2036 2273 2102 sia),
2315 2037 2510 2107 quibus
2557 2046 2875 2094 saturantur
2918 2039 3147 2111 apostoli
3194 2048 3379 2096 nostro
3409 2056 3469 2096 se
3516 2041 3731 2097 alentes

2150 2127 2414 2198 profectu.

2224 2218 2493 2274 Vellebant
2538 2220 2806 2292 discipuli,
2855 2230 2962 2277 etc.
3016 2217 3134 2276 Non
3179 2220 3438 2277 habentes
3479 2221 3729 2291 discipuli

2146 2309 2380 2380 spatium
2404 2311 2787 2377 manducandi,
2807 2319 3029 2383 prepter
3049 2312 3514 2384 importunitatem
3540 2312 3730 2366 turba-

2146 2417 2291 2469 rum,
2315 2402 2625 2458 csuriebant
2646 2411 2707 2456 ut
2725 2403 2991 2469 homines,
3017 2404 3112 2458 sed
3138 2403 3394 2459 vellentes
3418 2405 3596 2474 spicas
3617 2404 3734 2459 ine-

2147 2490 2290 2545 diam
2313 2491 2681 2557 consolantur,
2701 2493 2846 2563 quod
2867 2502 2949 2548 est
2965 2492 3221 2548 indicium
3239 2494 3554 2548 austerioris
3582 2496 3730 2559 vitae,

2146 2595 2253 2633 non
2284 2584 2616 2649 praeparatas
2649 2596 2822 2645 escas,
2857 2582 2951 2636 sed
2982 2581 3131 2635 cibos
3159 2581 3430 2651 simplices
3459 2598 3729 2652 quaerere.

2148 2672 2215 2727 Et
2238 2682 2363 2727 nota
2392 2674 2531 2743 quod
2560 2674 2786 2742 apostoli
2810 2675 3045 2729 litteram
3068 2676 3410 2746 sabbatijam
3442 2677 3733 2733 destruunt

2147 2761 2404 2817 adversus
2446 2764 2774 2829 -Ebionitas,
2824 2766 2917 2835 qui
2953 2765 3087 2820 alios
3133 2766 3404 2834 apostolos
3439 2767 3731 2838 recipiunt,

2146 2853 2371 2907 Paulum
2395 2855 2549 2922 quasi
2578 2855 2710 2925 legis
2737 2864 3199 2927 transgressorcm
3224 2858 3526 2927 repudiarit.

2219 2946 2450 3019 (BEDA.)
2508 2946 2731 3019 Mystice
2770 2966 2783 3003 :
2826 2948 3071 3020 discipuli
3134 2950 3438 3004 esurientes
3494 2948 3732 3005 salutem

2148 3040 2425 3094 hominum
2469 3049 2749 3096 transeunt
2788 3056 2885 3111 per
2921 3051 3058 3107 sata,
3108 3041 3161 3095 id
3199 3050 3285 3095 est
3318 3056 3417 3110 per
3477 3043 3730 3111 regiones

2149 3147 2287 3200 quae,
2311 3140 2441 3196 etc.,
2488 3149 2649 3201 usque
2697 3133 2766 3186 ad
2813 3148 3044 3204 arguens
3069 3131 3321 3188 doctores
3343 3133 3478 3204 legis
3514 3133 3732 3190 nescire

475 3224 781 3279 carnalibus
811 3232 865 3279 et
888 3224 959 3279 ob
982 3224 1086 3293 hoc
1111 3222 1286 3277 adhuc
1311 3216 1551 3277 veteiem
1582 3235 1803 3276 sensum
1827 3219 2046 3274 trahen-
2072 3206 2119 3271 C
2151 3221 2343 3291 legem.

474 3317 637 3383 tibus,
672 3316 780 3373 hoc
799 3330 970 3387 genus
993 3313 1185 3384 jejunii
1214 3330 1320 3370 non
1342 3314 1608 3385 congruit.

543 3405 710 3461 Vens.
735 3405 945 3460 56.—A
964 3407 1260 3460 vestimento
1283 3420 1430 3459 novo.
1448 3402 1855 3476 (Bent.)Veteri
1881 3401 2050 3457 vesti-

475 3505 662 3553 mento
699 3504 1086 3566 comparantur
1114 3495 1392 3566 discipuli,
1422 3496 1514 3564 qui
1548 3494 1723 3549 adhuc
1747 3501 1876 3548 sunt
1897 3500 2053 3547 vetus

477 3588 658 3642 homo.
699 3586 905 3652 Quibus
944 3599 1116 3639 novus
1161 3599 1394 3653 pannus,
1442 3591 1574 3649 etc.,
1605 3600 1766 3655 usque
1793 3584 1864 3636 ad
1913 3582 2054 3637 unde

475 3676 797 3747 Apostolus:
823 3675 1016 3730 Exuite
1039 3686 1259 3729 veterem
1283 3675 1540 3729 hominem
1562 3691 1679 3729 cum
1701 3674 1901 3729 actibus
1919 3675 2073 3739 suis,-

475 3779 527 3822 et
557 3768 755 3822 induite
784 3782 973 3821 novum
1003 3766 1217 3837 (Ephes.
1246 3766 1343 3836 iv).

550 3858 715 3913 Vens.
752 3857 937 3911 57.’—
976 3856 1182 3910 Vinum.
1211 3857 1350 3913 Vino
1380 3856 1524 3911 intus
1564 3854 1870 3922 reﬁcimur,
1902 3862 2053 3911 veste

478 3947 614 4003 foris
635 3947 889 4018 tegimur.
913 3946 1092 4001 Vestis
1116 3961 1248 4017 ergo
1268 3955 1396 4001 sunt
1433 3947 1568 4000 bona
1590 3962 1754 4016 opera
1778 3962 1897 4016 quae
1919 3945 2053 4002 foris

480 4037 710 4106 agimus,
743 4036 938 4106 quibus
972 4051 1154 4093 coram
1201 4036 1512 4091 hominibus
1545 4036 1807 4091 lucemus.
1832 4037 2049 4103 Vinum,

480 4128 663 4183 fervor
694 4126 851 4191 ﬁdei,
872 4128 989 4196 spei
1015 4135 1072 4181 et
1092 4126 1398 4191 cbaritatis,
1431 4142 1538 4196 quo
1566 4127 1619 4181 in
1645 4136 1934 4197 conspectu
1956 4114 2069 4183 Dei.

478 4217 533 4272 in
566 4218 806 4273 novitate
836 4230 1027 4273 sensus
1058 4218 1204 4272 intus
1224 4215 1602 4272 reformamur.

546 4308 616 4362 In
641 4319 800 4362 utres.
832 4307 1047 4377 (Βευλ.)
1076 4306 1360 4362 Veteribus
1399 4306 1564 4361 etiam
1590 4308 1801 4362 utribus
1830 4323 2049 4378 compa-

476 4394 691 4464 rantur,
709 4401 801 4468 qui
822 4414 961 4454 novo
982 4398 1126 4463 vino,
1148 4398 1202 4452 id
1227 4405 1330 4461 est,
1355 4396 1726 4466 spiritualibus
1746 4400 2049 4467 praeceptis,

477 4491 690 4546 facilius
710 4491 1091 4559 dirumpuntur
1125 4503 1287 4557 quam
1318 4488 1651 4543 contineant.
1682 4489 1851 4543 Erunt
1868 4501 2049 4545 autem

2222 3308 2387 3363 Vens.
2409 3308 2540 3363 2.-
2560 3310 2812 3365 Dicebant
2841 3310 2971 3376 illis,
3004 3320 3109 3366 etc.
3138 3310 3243 3365 Alii
3273 3311 3461 3367 dicunt
3494 3313 3597 3384 ipsi
3626 3313 3735 3368 Do-

2152 3403 2299 3456 mino
2339 3403 2455 3457 inec
2484 3401 2651 3457 fuisse
2675 3401 2908 3471 objecta.
2951 3402 3058 3458 Sed
3087 3418 3117 3456 a
3154 3403 3383 3459 diversis
3406 3413 3463 3460 et
3491 3405 3594 3475 ipsi
3623 3406 3733 3461 Do-

2152 3493 2330 3556 mino,
2370 3501 2426 3547 et
2475 3493 2755 3563 discipulis
2783 3504 3077 3564 potuerunt
3109 3496 3305 3565 objici,
3332 3504 3388 3551 et
3425 3498 3736 3568 cuicunque

2153 3583 2425 3653 objectum
2464 3586 2535 3639 sit
2569 3587 2636 3640 ad
2664 3586 2835 3654 ipsum
2861 3586 3094 3641 maxime
3119 3586 3355 3656 respicit.
3381 3585 3449 3641 In
3473 3588 3731 3642 sabbatis.

2154 3672 2388 3729 Sabbata
2416 3674 2725 3745 signiﬁcant
2753 3675 3068 3731 feriationes
3093 3693 3109 3742 ;
3134 3677 3218 3730 vel
3248 3691 3369 3747 quae
3407 3677 3460 3731 in
3495 3679 3601 3732 hoc
3626 3693 3735 3737 ste-

2153 3766 2275 3821 culo
2319 3777 2555 3837 aguntur
2597 3783 2627 3821 a
2673 3769 2992 3824 vacantibus
3017 3752 3485 3838 superstitionibus
3520 3767 3738 3823 Iudaeo-

2153 3872 2304 3923 rum;
2332 3858 2409 3912 vel
2439 3858 2838 3929 quminfuturo
2873 3868 3122 3931 agentur,
3155 3861 3371 3929 quando
3390 3859 3445 3915 in
3465 3870 3735 3931 perpetua

2153 3948 2491 4004 solemnitate
2517 3950 2967 4006 manducabimus
2996 3952 3135 4005 bona
3163 3961 3343 4007 terras.

2228 4039 2387 4093 Vens.
2420 4040 2472 4094 5.
2519 4041 2726 4095 —Nec
2773 4042 2871 4095 hoc
2908 4042 3128 4113 legistis,
3164 4053 3271 4097 etc.
3318 4041 3532 4114 (Βεω.)
3586 4043 3737 4111 Quo-

2152 4128 2313 4185 modo
2333 4129 2561 4185 Domino
2580 4132 2647 4186 ad
2678 4131 2883 4186 crimen
2914 4133 3188 4203 objicitur,
3208 4136 3351 4205 quod
3381 4136 3435 4190 in
3455 4152 3616 4192 servo
3633 4155 3737 4209 pro

2152 4221 2380 4276 crimine
2430 4239 2535 4277 non
2585 4226 2829 4279 tenetur?
2873 4225 3046 4282 Verus
3103 4243 3232 4291 rex,
3272 4239 3399 4294 etc.,
3451 4248 3615 4302 usque
3660 4233 3737 4287 ad

2152 4327 2341 4369 omnes
2370 4315 2464 4368 ﬁlii
2496 4316 2754 4371 Ecclesia:
2798 4328 2922 4373 sunt
2962 4321 3294 4388 sacerdotes,
3341 4323 3489 4377 uncti
3525 4323 3736 4393 Spiritu

2153 4412 2342 4457 sancto
2363 4405 2644 4474 utseipsos
2668 4406 2917 4463 oﬁ‘erant.

2228 4493 2391 4550 Vens.
2422 4496 2476 4550 4.
2495 4528 2556 4537 -
2585 4497 2809 4554 Intravit
2847 4502 2903 4555 in
2938 4504 3149 4557 domum
3181 4504 3295 4559 Dei.
3325 4505 3515 4577 Magna
3545 4509 3732 4579 hospi-

476 4582 605 4637 novi
628 4590 796 4644 utres,
828 4596 953 4636 cum
992 4588 1114 4650 post
1142 4579 1534 4644 ascensionem,
1568 4589 1792 4650 accepto
1823 4581 2047 4651 Spiritu,
2080 4556 2129 4614 Β
2156 4586 2382 4641 talitatis
2423 4590 2594 4658 gratia
2613 4631 2628 4655 ,
2660 4594 2939 4662 proposito
2968 4596 3159 4650 mortis
3199 4556 3469 4667 periculis,
3497 4616 3603 4655 non
3630 4556 3732 4657 tie-

478 4672 747 4727 desiderio
774 4669 1161 4725 consolationis
1184 4669 1301 4738 ejus
1328 4668 1536 4724 orando
1560 4669 1979 4727 innovabuntur.

547 4762 756 4817 Aliter:
785 4762 981 4816 animae
1009 4761 1245 4815 nondum
1269 4760 1553 4827 innovatae,
1580 4765 1673 4818 sed
1703 4763 1759 4818 in
1783 4774 2052 4821 vetustate

477 4851 699 4906 malitia
742 4849 1108 4921 perseveranti
1138 4863 1399 4903 novorum
1445 4852 1824 4922 mysteriorum
1865 4869 2052 4911 sacra-

478 4953 665 5001 menta
712 4957 817 4998 non
864 4942 1061 4997 debent
1104 4943 1389 4996 committi.
1420 4942 1627 4998 Aliter:
1660 4956 1870 5001 veteres
1902 4956 2055 5003 utres

478 5042 606 5088 sunt
646 5033 840 5089 scribae
882 5039 938 5086 et
975 5030 1266 5097 Pharisaei;
1310 5048 1482 5087 novus
1516 5048 1725 5103 pannus
1758 5045 1813 5090 et
1850 5052 2049 5093 novum

476 5124 693 5187 vinum,
717 5132 984 5194 praecepta
1013 5124 1315 5194 Evangelii,
1342 5140 1463 5195 qua:
1492 5140 1598 5180 non
1632 5137 1860 5196 possunt
1884 5130 2050 5184 susti-

476 5226 608 5268 nere
634 5210 827 5279 Judtei,
859 5227 928 5268 ne
953 5211 1126 5282 major
1154 5216 1389 5271 scissura
1433 5215 1549 5282 ﬁat,
1578 5232 1702 5272 cum
1728 5217 1922 5287 quibus
1945 5217 2053 5274 Ga-

479 5309 602 5361 lata:
621 5315 889 5377 praecepta
904 5306 1036 5377 legis
1059 5307 1359 5363 miscebant
1381 5308 1435 5362 in
1459 5315 1609 5362 utres
1631 5316 1844 5364 veteres
1870 5310 2050 5366 vinum

476 5410 694 5453 novum.
721 5397 1063 5454 Conveniunt
1079 5407 1259 5453 autem
1282 5398 1539 5469 apostolis
1568 5414 1674 5453 non
1702 5400 1788 5454 his
1808 5401 1901 5471 qui
1932 5411 2045 5456 trao

478 5489 771 5545 ditionibus
805 5490 1069 5562 majorum
1097 5491 1395 5560 depravati,
1442 5492 1804 5546 sinceritatem
1848 5509 2049 5564 praece-

473 5592 691 5652 ptorum
719 5582 917 5638 Christi
952 5590 1226 5651 nequeunt
1250 5582 1551 5647 custodire;
1582 5584 1724 5639 unde
1755 5585 2003 5640 subditur
2030 5605 2042 5640 :

476 5671 543 5726 Et
596 5691 763 5737 nemo,
809 5674 937 5745 quia
975 5672 1172 5728 Judaeis
1218 5674 1415 5728 veteris
1459 5676 1585 5729 vitae
1611 5675 1795 5732 salivis
1829 5678 2049 5734 imbutis

476 5778 627 5818 novae
656 5765 842 5836 gratiae
867 5772 1131 5833 praecepta
1158 5764 1468 5829 sordebant,
1492 5765 1617 5836 quia
1639 5769 1906 5840 majorum
1936 5778 2047 5828 tra-

2152 4676 2322 4731 clinat
2367 4679 2632 4748 hospitem
2656 4680 2869 4736 animus
2900 4686 3216 4741 sacerdotis.
3249 4687 3315 4742 Et
3340 4689 3417 4743 sic
3456 4706 3555 4746 nos
3572 4692 3737 4747 debe-

2155 4783 2275 4822 mus
2305 4767 2478 4823 aliena
2511 4771 2748 4839 pericula
2780 4773 2832 4826 in
2858 4789 2956 4829 nos
2982 4777 3297 4832 transferre.
3325 4778 3431 4835 Sed
3456 4790 3512 4836 et
3542 4798 3731 4837 verum

2153 4857 2321 4912 David
2357 4861 2592 4931 hospitio
2626 4862 2823 4918 mentis
2849 4878 2947 4920 nec
2975 4880 3077 4936 pro
3103 4870 3345 4937 periculo
3387 4872 3578 4927 mortis
3614 4873 3730 4927 veri

2152 4949 2449 5005 excludunt
2474 4952 2799 5008 sacerdotes.

2223 5043 2387 5097 Vens.
2431 5043 2484 5098 6.
2516 5074 2587 5086 —
2628 5043 2819 5100 Homo.
2866 5044 3078 5120 (BEDA.)
3119 5048 3340 5121 Mystice
3372 5068 3385 5104 :
3420 5053 3583 5109 homo
3628 5055 3731 5111 iste

2151 5137 2444 5194 humanum
2467 5155 2638 5211 genus
2668 5140 2933 5211 signiﬁcat
2962 5143 3014 5197 in
3042 5143 3371 5200 fecunditate
3396 5146 3524 5201 boni
3548 5149 3733 5218 operis

2152 5228 2474 5296 arefactum,
2513 5245 2612 5300 per
2639 5247 2857 5287 manum
2885 5236 2940 5288 in
2969 5236 3150 5305 primo
3175 5246 3401 5307 parente
3427 5241 3494 5295 ad
3524 5239 3727 5310 lignum

2149 5329 2454 5387 extensam,
2479 5337 2641 5392 quam
2665 5332 2822 5379 sanat
2857 5340 3049 5380 manus
3071 5327 3328 5382 innocens
3350 5327 3404 5382 in
3435 5344 3602 5385 cruce
3631 5346 3727 5385 ex-

2154 5420 2328 5468 tensa.
2363 5413 2428 5468 Et
2461 5413 2599 5469 bene
2635 5428 2827 5471 manus
2857 5416 2910 5470 in
2943 5415 3222 5489 Synagoga
3247 5427 3366 5473 erat
3386 5420 3571 5483 arida,
3603 5423 3727 5492 quia

2154 5506 2245 5560 ubi
2279 5504 2452 5574 majus
2491 5506 2690 5561 donum
2727 5506 2988 5573 scientia,
3027 5508 3100 5563 ibi
3140 5509 3330 5579 majori
3359 5520 3731 5582 transgressor

2152 5595 2398 5665 subiacet
2420 5596 2608 5668 culpae.

2224 5689 2553 5743 Vens.7.——
2591 5688 2964 5745 Observabam.
3010 5690 3133 5763 (lu.)
3181 5692 3316 5759 Quia
3361 5693 3729 5751 destructione

2117 5824 2123 5830 .
2153 5778 2393 5844 sabbati,
2415 5793 2578 5849 quam
2595 5780 2647 5834 in
2662 5779 2944 5851 discipulis
2970 5783 3291 5854 arguebant,
3313 5784 3579 5854 probabili
3617 5805 3725 5843 ma-
