3960 6336
211 377 308 434 261

1210 374 1476 432 GLOSSA
1519 371 1914 429 ORDINARIA.
1955 405 2020 414 -——
2061 375 2314 433 EVANG.
2356 376 2512 434 LUC.

3360 379 3466 436 26?.

211 491 370 560 gistri
391 487 671 545 excusavit
689 489 953 559 exemplo,
970 503 1113 543 nunc
1133 488 1306 560 ipsum
1333 487 1666 544 observando
1680 502 1791 541 ma-
1819 489 1868 548 A
1895 500 2160 558 poterant.
2191 492 2295 548 Sed
2342 495 2466 562 quia
2495 502 2618 549 sunt
2652 493 2898 550 civitates
2924 495 3182 565 gentium,
3222 495 3467 550 consulte

211 581 467 650 gistrum,
481 579 796 634 calumniari
823 579 1025 644 volunt,
1045 588 1099 632 ut
1125 580 1169 633 si
1192 595 1295 634 non
1320 589 1492 645 curet,
1511 578 1791 633 crudelita-

214 672 286 728 tis
307 672 392 727 vel
412 673 812 737 imbecillitatis,
828 672 872 726 si
892 681 1064 736 curet,
1086 672 1524 742 transgressionis
1544 680 1786 740 arguant.

290 767 452 822 Vens.
476 767 528 822 9.
551 794 626 808 -—
650 765 924 836 Interrogo
961 783 1066 820 vos.
1101 765 1311 837 (ΒεοΑ.)
1341 765 1678 820 Ρηενειιὶθηε
1703 779 1792 818 ca-

215 860 481 914 iumniam
505 874 664 930 quam
691 859 791 914 sibi
817 859 1103 928 parabant,
1126 858 1302 928 arguit
1329 873 1442 922 eos,
1472 865 1601 921 etc.,
1633 873 1792 925 usque

217 952 290 1006 ad
318 968 426 1005 non
457 959 539 1004 est
575 959 768 1004 auctor
799 949 924 1004 mali
953 949 1123 1012 Deus,
1159 948 1253 1004 sed
1280 963 1414 1016 quos
1448 963 1554 1003 non
1595 947 1790 1012 salvat,

215 1043 449 1111 perdere
482 1040 695 1094 dicitur.

292 1132 454 1184 Vens.
483 1129 568 1184 10.
589 1160 658 1169 --
690 1127 944 1183 Extende.
995 1127 1116 1199 (10.)
1164 1127 1511 1182 infructuosae
1545 1127 1792 1181 debilitas

217 1221 417 1274 animae
456 1220 603 1275 nullo
641 1219 832 1274 melius
872 1219 1061 1273 ordine
1089 1226 1327 1282 curatur,
1359 1233 1519 1287 quam
1561 1218 1796 1274 eleemo-

217 1327 478 1382 synarum
499 1311 780 1380 largitate;
819 1310 961 1364 unde
986 1309 1220 1364 dicitur:
1255 1307 1378 1363 Non
1401 1311 1467 1362 sit
1496 1326 1682 1362 manus
1704 1321 1795 1362 tua

218 1402 292 1454 ad
313 1401 669 1470 accipiendum
698 1409 955 1470 porrecta,
977 1409 1021 1454 et
1051 1400 1118 1453 ad
1163 1400 1395 1453 dandum
1426 1399 1641 1454 collecta
1672 1399 1799 1469 (Ec-

218 1498 372 1561 eles.,
400 1495 496 1565 tv).
521 1495 655 1564 Quia
682 1495 878 1551 frustra
902 1511 998 1565 pro
1021 1494 1256 1564 peccatis
1279 1501 1582 1564 rogaturus,
1607 1508 1798 1555 manus

221 1587 291 1640 ad
321 1589 488 1641 Deum
529 1588 800 1651 extendit,
830 1587 920 1657 qui
965 1587 1064 1642 has
1103 1587 1168 1641 ad
1215 1602 1480 1656 pauperes
1516 1602 1614 1656 pro
1642 1601 1798 1656 posse

221 1693 331 1732 non
370 1679 630 1733 extendit.
1411 1724 1432 1736 .

298 1768 462 1823 Vens.
494 1769 581 1822 11.
608 1799 678 1809 -—
711 1767 1042 1838 Insipientia.
1072 1769 1206 1836 Quia
1238 1770 1353 1824 solo
1373 1770 1538 1824 livore
1567 1770 1794 1840 permoti

221 1865 372 1920 sunt,
389 1872 494 1911 non
512 1858 656 1912 enim
671 1858 723 1911 in
738 1857 889 1927 culpa
913 1856 1014 1911 fuit
1029 1858 1110 1912 vel
1131 1859 1361 1913 hominis
1375 1873 1588 1912 manum
1607 1867 1785 1912 exten-
1824 1841 1868 1900 Β

223 1948 376 2012 dere,
392 1948 666 2004 velJcsum
683 1966 893 2005 sanare.
913 1951 1100 2021 Magna
1123 1951 1426 2021 insipientia
1449 1960 1566 2008 erat
1581 1953 1645 2006 de
1665 1967 1796 2008 nece

219 2038 342 2108 ejus
360 2048 592 2096 tractare
613 2041 765 2112 cujus
787 2041 1061 2096 beneﬁciis
1083 2041 1369 2110 plurimum
1395 2043 1721 2112 indigebant.

303 2131 462 2186 Vens.
491 2131 575 2186 12.
601 2163 671 2172 -
701 2132 849 2186 Exiit
880 2132 933 2186 in
957 2142 1180 2187 montem
1219 2150 1390 2187 orare.
1424 2133 1574 2188 Mons
1612 2133 1664 2187 in
1691 2149 1798 2204 quo

224 2225 498 2295 apostolos
525 2226 675 2298 eligit
701 2235 756 2280 et
779 2225 958 2291 docet,
978 2226 1313 2280 altitudinem
1355 2225 1621 2296 signiﬁcat
1643 2227 1798 2296 justi-

221 2319 334 2382 tiaa,
356 2317 482 2387 quia
499 2317 810 2374 instituendi
830 2326 987 2373 erant
1012 2326 1065 2372 et
1089 2317 1454 2387 praedicaturi,
1479 2333 1546 2372 ne
1570 2317 1798 2373 inﬁrmis

224 2422 564 2478 remaneant,
592 2412 685 2468 sed
734 2413 800 2466 ad
841 2427 1072 2481 superna
1104 2411 1396 2480 erigantur.
1430 2410 1521 2466 Sic
1546 2421 1600 2465 et
1630 2411 1713 2466 lex
1744 2411 1798 2465 in

223 2514 411 2560 monte
435 2505 556 2559 data
607 2503 729 2557 fuit.
762 2501 1046 2570 Apostolos
1078 2500 1512 2569 prmeminentius
1559 2499 1796 2565 adducit,

224 2607 288 2651 ut
315 2610 343 2649 a
394 2604 574 2650 monte
618 2594 768 2664 prius
811 2600 1022 2648 montes
1053 2592 1347 2660 suscipiant
1387 2607 1572 2661 pacem
1603 2591 1798 2662 populo

225 2685 672 2740 annuntiandam.
690 2682 781 2738 Sic
795 2691 848 2738 et
862 2682 1092 2752 Moyses,
1107 2681 1251 2737 solus
1263 2682 1431 2751 legem
1445 2681 1800 2752 spiritualiter

223 2778 549 2848 intelligens,
569 2777 766 2832 montis
781 2776 1035 2831 verticem
1058 2775 1110 2830 in
1129 2790 1235 2844 quo
1248 2775 1389 2830 Deus
1403 2784 1521 2830 erat
1535 2774 1794 2829 ascendit.

303 2865 464 2920 Vsus.
494 2867 578 2921 15,
608 2896 680 2905 --
706 2863 1022 2933 Discipulos.
1063 2863 1138 2917 De
1177 2864 1370 2932 quibus
1394 2863 1553 2934 elegit
1593 2863 1796 2918 duode-

221 2955 333 3010 cim
347 2969 483 3028 quos
497 2953 786 3024 apostolos,
804 2953 857 3008 id
879 2963 963 3007 est
984 2967 1082 3008 suo
1104 2951 1220 3007 loco
1240 2953 1451 3018 missos,
1471 2953 1794 3017 nominavit;

221 3045 398 3099 unde:
422 3043 570 3099 Sicut
586 3044 722 3097 misit
738 3060 816 3096 me
834 3039 1010 3108 Pater,
1026 3052 1071 3095 et
1086 3059 1176 3112 ego
1201 3043 1346 3096 mitto
1370 3059 1452 3098 vos
1480 3041 1534 3113 (1
1540 3060 1656 3097 oan.
1683 3044 1794 3115 xx).

220 3135 280 3190 In
310 3145 552 3190 montem
582 3134 878 3188 ascendens
907 3133 973 3186 ad
1001 3147 1058 3186 se
1090 3141 1277 3198 vocat,
1305 3132 1465 3200 elegit
1503 3148 1637 3202 quos
1667 3133 1794 3199 vult,

222 3227 356 3296 quia
389 3239 497 3278 non
528 3223 735 3278 illorum
764 3230 845 3276 est
871 3222 1031 3275 studii
1061 3221 1152 3275 sed
1186 3221 1377 3274 divina:
1407 3221 1592 3290 gratia:
1612 3261 1626 3285 ,
1655 3229 1712 3274 ut
1744 3221 1798 3293 in

221 3315 589 3387 apostolatum
620 3321 972 3378 vocarentur;
1011 3313 1194 3366 unde:
1236 3311 1358 3364 Non
1394 3328 1476 3364 vos
1526 3328 1606 3365 me
1645 3311 1800 3382 elegi-

221 3411 344 3472 stis,
376 3408 467 3462 sed
493 3423 584 3477 ego
610 3406 740 3477 elegi
773 3422 858 3460 vos
900 3403 1213 3476 (lbid.,xv).
1238 3402 1352 3456 Non
1383 3403 1671 3472 sapientes,
1693 3419 1798 3457 non

225 3501 456 3564 divites,
489 3496 834 3553 nononobiles
871 3495 1030 3565 elegit
1050 3535 1064 3559 ,
1095 3510 1161 3549 ne
1192 3494 1408 3548 duxisse
1435 3507 1530 3564 pro
1565 3491 1842 3568 pruden-‘B

225 3593 325 3654 tia,
351 3606 418 3646 ne
447 3589 738 3646 redemisse
768 3588 989 3654 divitiis,
1019 3603 1085 3642 ne
1115 3589 1366 3656 potentiae
1396 3587 1798 3658 nobilitatisque

221 3682 552 3737 auctoritate
583 3681 791 3751 aliquos
825 3679 891 3733 ad
913 3679 1140 3749 gratiam
1173 3678 1404 3732 traxisse
1433 3678 1725 3732 videretur.

300 3773 464 3828 Vens.
521 3773 602 3826 14.
632 3804 700 3815 -
726 3770 1138 3842 Cognominavit.
1187 3768 1302 3823 Non
1346 3769 1502 3823 modo
1541 3769 1794 3838 primum,

227 3868 325 3923 sed
367 3867 523 3935 longe
552 3865 700 3936 prius
731 3880 852 3918 cum
899 3863 967 3917 ab
996 3862 1223 3917 Andrtea
1269 3861 1528 3915 adductus
1565 3861 1794 3916 dicitur:

231 3957 314 4011 Tu
344 3957 602 4012 vocaberis
634 3955 856 4024 Cepltas,
886 3953 1024 4023 quod
1055 3955 1424 4021 interpretatur
1450 3949 1657 4004 Petrus.
1693 3950 1798 4004 Sed

225 4050 417 4106 volens
463 4049 635 4105 Lucas
663 4048 876 4102 nomina
908 4045 1186 4101 duodecim
1230 4043 1592 4112 apostolorum
1629 4043 1798 4097 nomi-

228 4137 384 4204 nare,
415 4154 534 4194 cum
565 4151 785 4193 necesse
822 4137 1042 4191 haberet
1080 4135 1298 4189 Petrum
1335 4133 1536 4198 dicere,
1566 4133 1800 4187 breviter

225 4233 400 4290 voluit
437 4234 678 4296 innucre,
725 4229 865 4299 quod
898 4244 1003 4282 non
1035 4237 1192 4281 antea
1235 4235 1558 4290 vocaretur;
1596 4226 1688 4280 scd
1724 4226 1797 4280 ita

228 4327 491 4383 Dominus
516 4324 934 4396 cognominavit,
963 4330 1021 4376 ut
1045 4337 1149 4376 non
1177 4336 1306 4376 casu
1334 4320 1536 4375 factum
1559 4330 1796 4392 putetur,

227 4416 326 4474 sed
352 4432 419 4470 ex
445 4416 864 4472 commutatione
897 4421 1292 4468 sacramentum
1333 4422 1498 4482 petrae
1527 4415 1796 4469 audienti-

224 4509 330 4565 bus
349 4508 836 4563 commendaretur.

299 4599 463 4653 Vens.
512 4599 597 4652 15.
627 4628 696 4637 -
728 4597 1054 4652 Matthwum.
1099 4596 1382 4652 Matthteus
1429 4599 1668 4669 compari
1699 4615 1797 4656 suo

227 4689 474 4753 Thomze,
492 4689 544 4742 in
571 4688 757 4744 ordine
779 4703 939 4742 causa
962 4687 1279 4741 humilitatis
1296 4703 1354 4741 se
1381 4689 1651 4757 supponit,
1676 4705 1796 4744 cum

223 4794 255 4833 a
284 4777 498 4834 caneris
524 4776 868 4846 evangelistis
895 4775 1148 4844 praelatus
1175 4775 1264 4829 sit.

300 4868 463 4923 Vens.
489 4869 574 4921 17.
602 4897 667 4907 -
690 4866 757 4919 Et
787 4866 1125 4930 descendens,
1149 4873 1252 4920 etc.
1279 4865 1560 4922 Electurus
1587 4877 1801 4937 aposto-

224 4959 307 5016 los
351 4959 609 5014 Dominus
635 4959 689 5012 in
719 4967 971 5012 montana
1005 4957 1201 5023 subiit;
1234 4959 1416 5013 turbas
1450 4960 1705 5016 docturus
1731 4964 1798 5018 ad

225 5051 555 5128 camppstria
599 5050 766 5115 redit,
811 5049 936 5118 quia
990 5064 1094 5103 non
1140 5049 1241 5103 nisi
1293 5050 1345 5103 in
1393 5050 1577 5106 humili
1627 5055 1796 5108 turbae

225 5141 504 5197 Christum
543 5141 724 5195 videre
759 5138 1059 5205 sufﬁciunt,
1091 5147 1145 5193 et
1186 5154 1310 5194 raro
1341 5139 1612 5194 invenitur
1651 5145 1797 5211 quod

225 5230 311 5286 vel
353 5231 507 5284 turba
552 5230 834 5284 Dominum
863 5229 930 5284 ad
959 5229 1150 5284 altiora
1197 5239 1484 5298 sequatur,
1530 5231 1613 5285 vel
1650 5235 1797 5304 quis-

224 5325 372 5394 piam
413 5322 600 5378 debilis
636 5323 690 5376 in
722 5330 901 5378 monte
928 5330 1175 5387 curetur,
1222 5323 1316 5378 sed
1355 5323 1617 5378 exstincta
1649 5325 1796 5381 febre

225 5416 510 5471 libidinum
560 5424 616 5470 et
663 5430 920 5470 succensa
971 5415 1090 5470 luce
1135 5415 1410 5481 scientiae,
1470 5417 1796 5486 pedetentim

226 5507 457 5578 quisque
484 5505 648 5561 subiit
671 5506 882 5561 culmen
907 5505 1188 5561 virtutum.

302 5600 588 5655 Maritima.
621 5601 738 5657 Non
764 5617 792 5657 a
827 5602 1070 5672 proximo
1097 5601 1233 5656 mari
1263 5601 1515 5668 Galilazzc,
1538 5603 1660 5672 quia
1696 5603 1798 5658 hoc

229 5709 340 5750 non
361 5693 603 5748 miraculi
637 5693 754 5749 loco
775 5704 1010 5762 ponunt,
1037 5693 1127 5748 sed
1153 5709 1182 5748 a
1213 5694 1346 5748 mari
1377 5709 1570 5765 magno
1600 5709 1797 5763 cogno-

230 5785 484 5838 minatur.
513 5784 568 5839 ln
603 5800 707 5854 quo
750 5785 910 5838 etiam
934 5783 1108 5854 Tyrus
1135 5793 1187 5838 et
1219 5783 1382 5841 Sidon
1416 5785 1797 5854 comprehendi

1895 583 2212 638 nominatim
2235 593 2525 653 ponuntur,
2559 595 2615 639 ut
2637 595 2834 654 quanta
2867 587 2937 641 sit
2962 587 3131 642 virtus
3153 585 3352 643 Christi
3385 587 3466 641 in-

1895 671 2134 737 timetur,
2165 690 2284 743 quze
2313 675 2473 730 etiam
2498 684 2712 759 extpras
2730 677 2972 731 civitates
2993 678 3209 731 excitat.

1963 762 2124 818 Vens.
2160 766 2245 821 18.
2271 797 2336 805 -
2366 765 2430 820 Ut
2471 768 2734 821 audirent.
2784 768 2840 824 Si
2891 770 3133 825 dicamus
3171 769 3304 825 duos
3343 785 3464 826 esse

1895 869 2194 920 sermones,
2234 857 2476 911 ascendit
2507 857 2559 911 in
2594 867 2827 913 montem
2851 899 2864 923 ,
2903 869 2954 913 et
2984 859 3168 913 habuit
3201 859 3272 914 ibi
3295 861 3468 942 ‘disci-

1894 947 2081 1017 pulos;
2117 957 2171 1002 et
2205 961 2344 1016 pos:,
2372 949 2648 1004 descendit
2690 960 2744 1004 et
2785 949 2912 1004 fecit
2942 951 3102 1005 istum
3134 951 3200 1005 ad
3231 953 3462 1006 turbam.

1897 1039 1951 1094 Si
1977 1040 2206 1094 dicimus
2234 1056 2396 1094 unum
2422 1040 2584 1095 fuisse
2603 1081 2617 1105 ,
2647 1041 2718 1094 ita
2761 1041 3160 1110 intelligendum
3188 1051 3289 1108 est,
3321 1046 3464 1112 quod

1897 1133 2139 1186 ascendit
2162 1133 2216 1186 in
2240 1141 2497 1197 montem,
2519 1141 2572 1187 et
2603 1142 2720 1201 post
2751 1133 3136 1202 aliquantulum
3166 1133 3467 1200 descendit,

1895 1233 1952 1279 ct
1986 1225 2055 1278 ibi
2092 1225 2218 1280 fecit
2247 1240 2549 1281 sermonem
2571 1265 2585 1287 ,
2617 1225 2708 1279 ubi
2739 1234 2850 1280 erat
2879 1226 3146 1294 planities.

1967 1313 2129 1368 Vens.
2164 1314 2249 1368 19.
2272 1344 2339 1352 -
2366 1313 2498 1366 Eum
2520 1322 2746 1383 tangere.
2775 1313 2966 1384 Tangit
2993 1315 3266 1370 Christum
3296 1317 3386 1385 qui
3409 1317 3470 1370 ﬁ-

1898 1405 2090 1460 deliter
2107 1405 2279 1460 credit
2307 1404 2359 1457 in
2376 1419 2518 1458 eum.
2545 1403 2806 1474 Tangitur
2827 1421 2854 1458 a
2877 1404 3092 1461 Christo
3113 1407 3203 1476 qui
3226 1407 3473 1462 ﬁrmatur

1899 1495 1952 1549 in
1980 1494 2089 1548 illo.
2123 1494 2224 1560 Qui
2260 1493 2338 1548 sic
2362 1493 2528 1564 tangit
2548 1501 2601 1549 ct
2631 1493 2888 1564 tangitur,
2919 1495 3140 1564 spiritus
3172 1496 3339 1566 ipsius
3363 1497 3470 1551 vir-

1899 1596 2010 1642 tute
2032 1596 2271 1642 sanatur.

1977 1680 2128 1734 Vens.
2162 1680 2252 1734 20.
2285 1710 2356 1718 -
2391 1678 2456 1731 Ει
2485 1679 2592 1748 ipse
2613 1677 2838 1742 elevatis,
2867 1687 2972 1734 etc.
3004 1679 3115 1733 Etsi
3149 1679 3471 1750 generaliter

1898 1774 2147 1830 omnibus
2170 1773 2428 1842 loquitur,
2448 1771 2756 1842 specialiter
2781 1773 2834 1826 in
2877 1772 3166 1842 discipulos
3187 1773 3370 1827 oculos
3397 1772 3472 1826 le-

1896 1874 2005 1929 vat,
2023 1865 2188 1933 utqui
2211 1863 2413 1918 intenta
2428 1863 2606 1917 cordis
2629 1877 2761 1916 aure
2784 1862 3008 1915 verbum
3032 1861 3124 1916 Dei
3149 1861 3468 1931 percipiunt,

1894 1955 2057 2010 latius
2097 1953 2308 2023 saporis
2347 1953 2520 2007 intimi
2560 1952 2740 2007 lumen
2770 1951 3076 2020 accipiant,
3109 1952 3303 2021 quibus
3331 1966 3391 2006 os
3417 1951 3471 2006 in

1895 2055 2077 2102 monte
2099 2047 2291 2100 sedens
2311 2044 2505 2114 aperit,
2522 2051 2581 2097 ut
2602 2058 2792 2112 magna
2812 2041 3080 2112 proferret
3108 2042 3161 2094 in
3185 2056 3298 2105 cos,
3323 2049 3472 2096 stans

1898 2138 1951 2193 in
1979 2152 2168 2206 campo
2205 2134 2388 2190 oculos
2415 2133 2632 2202 dirigit,
2681 2143 2740 2186 ut
2775 2131 2954 2185 audita
2985 2131 3249 2200 patienter
3277 2129 3474 2184 intelli-

1898 2239 2048 2302 gant.
2076 2227 2227 2283 Beati
2253 2245 2523 2300 pauperes,
2549 2237 2656 2285 etc.
2691 2227 2791 2296 Qui
2824 2227 3060 2281 nondum
3090 2233 3473 2280 consummata:

1897 2319 2115 2376 virtutis
2162 2334 2342 2374 arcem
2393 2319 2758 2374 conscendere
2785 2324 3042 2386 possunt,
3089 2313 3352 2385 generalis
3391 2315 3474 2368 in-

1899 2414 2054 2467 terim
2097 2411 2444 2483 perfectionis
2484 2419 2608 2464 sunt
2647 2409 2983 2464 beatitudine
3024 2405 3367 2478 perfovcndi,
3417 2412 3474 2459 ut

1898 2503 2152 2574 paulatim
2191 2503 2258 2556 ad
2286 2501 2506 2556 meliora
2540 2500 2833 2570 progressi,
2862 2499 2987 2553 dum
3023 2497 3245 2552 Domino
3276 2497 3327 2551 in
3355 2495 3472 2565 pla-

1899 2595 2034 2650 nitie
2076 2601 2254 2648 stante
2283 2593 2513 2647 libenter
2541 2591 2864 2655 auscultant,
2897 2590 2961 2643 ad
2989 2589 3130 2643 hunc
3158 2587 3475 2658 quandoque

1903 2687 1955 2740 in
1987 2695 2167 2740 monte
2197 2685 2470 2739 sedentem
2502 2682 2805 2738 sublimiter
2835 2680 3146 2735 ascendant.
3179 2677 3312 2732 Nam
3344 2691 3478 2747 quo-

1901 2793 2018 2832 rum
2061 2775 2314 2830 cordibus
2351 2774 2525 2828 adhuc
2565 2771 2883 2827 edomandis
2926 2770 3156 2833 insistit,
3195 2769 3294 2823 hos
3322 2768 3474 2836 quasi

1901 2877 2052 2925 stans
2079 2867 2294 2923 aﬁ‘atur.
2328 2865 2472 2932 Quos
2502 2865 2662 2935 longo
2707 2863 2882 2918 studio
2913 2861 3240 2916 exercitatos
3278 2867 3332 2914 et
3363 2857 3474 2925 jam

1899 2959 2102 3016 dociles
2144 2957 2381 3024 invenit,
2424 2957 2508 3011 bis
2541 2955 2696 3026 quasi
2732 2953 2946 3023 quietus
2982 2951 3222 3006 residens
3249 2948 3475 3022 mystica

1902 3050 2133 3104 intimat.

1974 3137 2186 3211 (Br-ms.)
2237 3137 2389 3204 Quod
2436 3137 2573 3206 apud
2614 3135 2919 3190 Matthteum
2964 3133 3201 3204 pleuaric
3234 3147 3328 3202 per
3353 3143 3477 3188 octo

1902 3229 2260 3282 beatitudines
2289 3227 2484 3280 dicitur
2511 3227 2562 3279 in
2601 3240 2847 3280 sermone
2884 3222 3225 3291 perfectionis
3253 3222 3318 3276 ad
3348 3238 3477 3292 apo-

1903 3319 2067 3376 stolos
2108 3320 2161 3373 in
2191 3334 2400 3373 summo
2449 3317 2666 3380 montis,
2696 3316 2799 3370 hoc
2821 3317 2958 3383 apud
2984 3314 3206 3378 Lucam,
3233 3322 3362 3378 etc.,
3392 3329 3478 3366 us-

1900 3429 1999 3486 que
2021 3413 2089 3466 ad
2119 3411 2210 3465 sed
2251 3410 2374 3479 quia
2417 3409 2520 3463 ﬁde
2547 3407 2817 3478 prmstitit,
2859 3405 2960 3461 ﬁde
2985 3423 3094 3476 pra:
3118 3405 3328 3460 caeteris
3365 3420 3478 3459 me-

1903 3505 2008 3558 ruit
2036 3502 2414 3572 principatum.

1972 3596 2134 3651 Vens.
2165 3593 2254 3646 21.
2286 3623 2355 3631 -
2389 3590 2488 3656 Qui
2531 3605 2667 3642 nunc
2714 3588 2940 3641 esuritis.
2989 3585 3091 3653 Qui
3137 3585 3306 3641 esurit
3352 3600 3477 3639 csu-

1843 3701 1846 3704 ‘
1901 3685 2058 3740 rienti
2091 3683 2450 3752 compatitur:
2487 3679 2860 3749 compaticndo
2907 3678 3152 3748 largitur,
3206 3677 3480 3747 largiendo

1901 3776 1960 3830 ﬁt
1986 3776 2162 3846 justus
2189 3791 2203 3839 ;
2235 3771 2492 3842 aequalem
2534 3785 2591 3825 se
2623 3768 2963 3823 inferioribus
3009 3777 3244 3838 prtestat,
3299 3766 3479 3822 dolum

1898 3867 2150 3929 excludit,
2197 3865 2482 3918 veritatem
2548 3860 2790 3929 requirit.
2848 3858 2952 3924 Qui
2999 3876 3133 3912 nunc
3167 3859 3322 3928 ﬂetis.
3376 3859 3478 3925 Qui

1897 3965 2115 4026 puoptet'
2149 3955 2363 4009 divitias
2416 3950 2744 4006 haereditatis
2787 3949 3007 4012 Christi,
3039 3959 3258 4017 propter
3285 3964 3476 4018 panem

1900 4051 2021 4102 vita:
2046 4054 2278 4109 :eternze,
2308 4051 2524 4112 propter
2545 4054 2690 4108 spem
2722 4039 3022 4093 cmlestium
3051 4040 3362 4109 gaudiorum
3384 4037 3478 4093 ﬁe-

1901 4147 2007 4203 tus,
2033 4135 2288 4197 esuriem,
2320 4140 2796 4203 paupertatemque
2819 4129 3106 4193 desiderat,
3138 4130 3326 4183 beatus
3350 4138 3432 4183 est
3460 4146 3474 4194 ;

1899 4226 2068 4281 multo
2113 4223 2355 4286 beatior,
2409 4220 2499 4289 qui
2549 4221 2646 4273 has
2688 4219 2913 4272 virtutes
2945 4218 3084 4272 inter
3113 4219 3335 4272 adversa
3367 4233 3478 4272 ser-

1899 4335 2028 4373 vare
2053 4333 2158 4372 non
2186 4314 2432 4384 trepidat.

1975 4414 2134 4468 Vens.
2158 4411 2246 4465 25.
2289 4441 2357 4448 -
2387 4407 2617 4462 Gaudete
2639 4416 2685 4460 et
2715 4403 2988 4458 exsultate.
3029 4403 3172 4457 luter
3208 4403 3327 4458 odia
3357 4417 3479 4457 cor-

1900 4507 2067 4568 dium,
2114 4503 2252 4557 inter
2297 4499 2493 4569 probra
2541 4499 2862 4568 linguarum,
2909 4494 3048 4548 inter
3068 4509 3258 4548 manus
3295 4509 3478 4562 persc-

1900 4596 2202 4669 quentium,
2238 4593 2428 4648 laetiori
2461 4590 2620 4645 corde
2656 4584 2967 4648 versamini,
3003 4585 3192 4638 intuitu
3237 4599 3480 4652 superna:

1901 4686 2184 4743 mercedis.
2252 4682 2548 4739 Secundum
2601 4680 2728 4732 Iure.
2795 4676 3052 4746 Exemplo
3100 4675 3477 4744 prophetarum

1902 4777 2168 4834 confortat
2197 4776 2334 4842 illos,
2367 4775 2489 4843 quia
2522 4786 2645 4826 vera
2671 4770 2909 4824 dicentes
2930 4766 3361 4837 persecutionem
3391 4780 3477 4820 so-

1902 4869 2015 4923 lent
2040 4868 2169 4938 pati.

1976 4963 2136 5018 Vens.
2171 4959 2262 5013 24.
2289 4990 2356 4999 -
2403 4957 2765 5012 Verumtamen
2805 4971 2898 5020 vae,
2959 4963 3059 5007 etc.
3112 4951 3391 5008 Mattlneus
3422 4951 3475 5007 in

1902 5066 2108 5121 monte,
2151 5053 2508 5109 beatitudines
2557 5047 2890 5104 solummodo
2947 5048 3266 5117 proborum;
3299 5045 3476 5100 Lucas

1901 5162 2027 5202 vero
2055 5146 2109 5199 in
2136 5158 2344 5212 campo,
2372 5141 2532 5196 etiam
2563 5154 2640 5193 vae
2661 5137 2915 5193 describit
2940 5137 3325 5207 improborum,
3348 5136 3474 5205 quia

1902 5237 2063 5291 rudes
2105 5234 2278 5288 adhuc
2310 5231 2580 5286 auditores
2605 5229 2762 5284 minis
2807 5237 2862 5282 et
2897 5228 3193 5282 terroribus
3220 5227 3286 5280 ad
3335 5227 3474 5282 bona

1903 5333 2026 5382 sunt
2061 5322 2436 5392 compellendi,
2485 5320 2749 5391 perfectos
2777 5319 2906 5372 satis
2933 5326 3016 5372 est
3061 5317 3295 5387 praemiis
3334 5317 3472 5370 invi-

1905 5417 2028 5472 tari.
2071 5413 2430 5468 Verumtamen
2461 5427 2554 5466 ναν.
2599 5411 2732 5465 Cum
2773 5424 2932 5480 supra
2965 5423 3186 5477 regnum
3213 5407 3474 5462 caelorum

1905 5522 2200 5580 pauperum
2225 5521 2343 5562 esse
2385 5505 2632 5559 dicatur:
2673 5519 2735 5559 ex
2766 5503 3009 5574 opposito
3060 5511 3298 5571 apparet,
3330 5501 3471 5570 quod

1906 5587 1972 5657 ab
1995 5601 2097 5655 hoc
2124 5613 2286 5668 regno
2317 5614 2374 5652 se
2400 5595 2595 5650 alienat
2625 5596 2714 5666 qui
2751 5593 3168 5650 consolationem
3199 5591 3389 5661 quaerit
3420 5589 3472 5642 in

1906 5691 2307 5762 temporalibus.
2354 5689 2462 5744 Nec
2511 5699 2616 5744 tam
2659 5689 2856 5744 divitiae
2886 5702 3042 5758 quam
3083 5699 3235 5738 amor
3259 5681 3470 5737 divitia-

1908 5797 2026 5836 rum
2064 5782 2116 5834 in
2145 5779 2299 5848 culpa
2328 5787 2430 5834 est.
