3960 6336
504 377 614 433 265

1008 376 1400 434 WALAFRlDl
1442 376 1693 434 STRABI
1732 380 1936 436 FULD.
1979 377 2144 435 MON.
2186 368 2337 435 OPP.
2379 376 2559 434 PARS
2597 375 2638 433 l.
2678 400 2751 420 -'-
2785 376 3242 435 THEOLOGICA.

3659 374 3762 431 20$

570 487 797 558 Mystice
828 506 842 543 :
873 488 1025 544 dives
1058 489 1285 559 populus
1311 488 1585 555 Iudaicus,
1638 490 1721 545 vel
1770 492 2071 552 haereticus,
2100 497 2150 551 Α
2257 489 2417 544 Vsus.
2449 489 2536 543 50.
2568 514 2638 530 -ι
2669 488 2751 543 Ne
2777 499 2998 557 repetas.
3025 488 3161 555 Quia
3187 487 3419 541 charitas
3443 496 3519 541 est
3538 486 3761 556 patiens,

503 580 587 634 vel
609 579 956 649 philosophus
974 580 1180 644 mundi,
1207 581 1323 650 qui,
1347 581 1594 636 ubertate
1623 584 1909 637 verborum
1932 581 2083 635 etla-

500 672 711 727 cundiae
761 671 1060 741 patrocinio
1120 671 1410 737 delectati,
1476 672 1877 742 simplicitatem
1946 685 2085 727 verae

500 764 626 819 ﬁdei
654 765 988 835 supergressi
1017 765 1301 820 thesauros
1327 766 1546 820 inutiles
1590 766 1963 829 condiderunt,
1994 779 2084 819 se-

500 857 733 913 cundum
769 872 923 911 usum
967 856 1148 911 saeculi
1186 857 1252 911 de
1280 859 1630 928 generatione
1668 856 1869 911 Christi
1893 856 2084 925 dispu-

498 955 698 1013 tantes,
737 946 908 1017 quiin
941 946 1124 1003 futuro
1167 957 1461 1017 egestatem
1502 948 1624 1003 ﬁdei
1667 963 1778 1003 suae
1826 962 2086 1016 recogno-

500 1046 677 1103 scent,
704 1038 992 1107 cibumque
1020 1039 1258 1108 perﬁdia:
1282 1056 1402 1110 qua:
1448 1041 1501 1094 in
1528 1040 1780 1109 prtesenti
1809 1046 2082 1102 eructant,

495 1140 700 1184 aterno
746 1133 1001 1186 macerati
1025 1131 1230 1200 jejunio
1260 1149 1478 1188 causam
1511 1134 1645 1187 tanti
1684 1131 1931 1201 supplicii
1961 1145 2083 1186 esse

493 1224 687 1278 scient.
714 1224 936 1293 Eritque
967 1232 1178 1294 tempus
1206 1239 1330 1279 cum
1362 1225 1502 1280 risus
1528 1239 1656 1279 suos
1684 1224 1919 1293 lugeant.
1953 1221 2084 1289 Qui-

492 1313 595 1368 bus
616 1315 752 1369 bene
781 1314 978 1369 dicitur
1003 1332 1015 1367 :
1074 1313 1186 1379 Vw,
1215 1331 1332 1368 cum
1359 1314 1713 1367 benedixerint
1745 1311 1882 1366 vobis
1911 1312 2082 1364 Itami-

492 1422 625 1472 nes;
667 1406 793 1475 quia
842 1408 967 1462 dum
1011 1406 1102 1461 hic
1138 1405 1350 1477 placent
1393 1404 1704 1473 potentibus
1730 1442 1746 1467 ,
1796 1402 2082 1457 maledicto

488 1504 752 1568 perpetuo
777 1512 836 1553 se
858 1496 1112 1560 subdunt,
1146 1497 1272 1566 quia
1301 1497 1441 1552 sicut
1462 1509 1728 1565 pauperes
1756 1493 2078 1558 esurientes,

488 1587 701 1653 ﬁentes,
732 1589 1075 1658 improbitate
1102 1589 1365 1644 malorum
1394 1587 1714 1658 probantur,
1741 1585 1821 1640 sic
1848 1584 2076 1648 divitiis,

487 1678 684 1749 epulis,
709 1680 949 1751 risuique
974 1690 1250 1746 vacantes,
1295 1679 1435 1734 mala
1469 1678 1881 1748 obsequentium
1904 1677 2080 1732 clien-

489 1772 620 1838 tela,
649 1775 909 1844 majorem
941 1774 1193 1830 foventur
1215 1772 1282 1828 ad
1310 1787 1548 1844 pmnam.

2187 578 2408 650 benigna
2437 592 2512 634 est
2536 579 2585 651 (ι
2632 578 2759 642 Cor.
2787 580 2901 648 tu);
2947 594 3054 634 non
3082 586 3288 633 tantum
3315 576 3542 647 injurias
3566 577 3766 634 inimici

2185 668 2399 725 fortiter
2445 671 2708 734 sustinet,
2741 671 2837 726 sed
2864 670 3030 724 etiam
3063 669 3225 723 amici
3279 682 3496 738 quoque
3537 668 3769 738 gratiam

2182 759 2415 831 benigne
2453 762 2733 831 praevenit,
2760 770 2820 815 ut
2845 761 3125 816 beneﬁciis
3150 760 3272 816 aliis
3301 761 3609 815 trahantur.

2256 853 2421 907 Vsus.
2467 852 2557 906 5i.
2585 883 2657 894 -—
2682 852 2751 905 Et
2788 861 2941 922 prout
2982 851 3162 905 vultis.
3200 850 3279 905 Ne
3304 852 3555 906 videatur
3596 849 3767 919 legem

2183 945 2500 1010 dissolvere,
2545 945 2601 999 in
2638 944 2923 1000 beneﬁciis
2963 944 3138 998 vicem
3170 950 3371 1008 servat,
3402 957 3568 1012 quam
3596 941 3768 1011 negli-

2180 1035 2260 1105 git
2283 1036 2336 1090 in
2379 1035 2610 1104 injuriis.
2661 1034 2770 1092 Nec
2804 1037 2882 1089 ait
2905 1044 3066 1105 prout
3089 1033 3321 1100 faciunt,
3350 1035 3451 1089 sed
3474 1043 3632 1106 prout
3660 1032 3771 1087 vul-

2182 1125 2249 1178 tis
2289 1134 2346 1178 ut
2394 1126 2589 1195 faciant
2617 1126 2756 1181 vobis
2792 1126 3028 1181 homines
3053 1166 3069 1191 ,
3100 1135 3149 1180 et
3193 1142 3283 1180 vos
3317 1125 3531 1195 faciatis
3556 1124 3685 1188 illis,
3710 1131 3772 1188 ut

2181 1216 2494 1272 vicissitudo
2519 1217 2593 1272 sit
2615 1216 2963 1283 cumulatior,
2998 1233 3122 1273 cum
3157 1218 3298 1272 votis
3323 1228 3477 1272 actus
3502 1225 3770 1286 aequatur.

2179 1307 2250 1362 Et
2293 1324 2401 1364 non
2444 1317 2649 1363 tantum
2676 1308 2792 1379 jam
2838 1311 2906 1364 ad
2933 1309 3140 1364 amicos
3167 1320 3332 1379 opera
3365 1307 3653 1365 charitatis
3681 1323 3773 1361 ex-

2181 1399 2405 1465 tendite,
2443 1401 2537 1455 sed
2570 1401 2735 1455 etiam
2782 1403 2851 1456 ad
2881 1401 3151 1468 inimicos,
3202 1408 3262 1455 ut
3288 1400 3452 1455 amici
3483 1413 3606 1454 esse
3630 1398 3773 1452 inci-

2178 1489 2350 1560 piant,
2380 1498 2436 1545 et
2464 1493 2618 1563 prius
2655 1492 2904 1548 allectum
2935 1493 3277 1557 dilectionis,
3324 1501 3382 1547 et
3425 1490 3774 1562 postmodum

2179 1596 2345 1651 opera
2372 1586 2647 1641 cxtendite
2673 1585 2982 1642 charitatis.

2250 1671 2415 1728 Vsus.
2457 1674 2548 1729 52.
2579 1706 2652 1716 —
2678 1675 2746 1729 Et
2789 1677 2836 1730 si
2870 1676 3110 1748 diligitis.
3160 1675 3434 1743 Quantum
3464 1675 3621 1731 vobis
3651 1690 3776 1746 grao

2177 1759 2279 1816 dus
2305 1763 2659 1833 professionis
2702 1767 2967 1833 eximior,
3018 1767 3094 1822 ita
3139 1781 3363 1822 necesse
3406 1775 3493 1821 est
3528 1773 3590 1820 ut
3641 1781 3775 1821 cura

555 1863 725 1918 Vens.
752 1863 843 1919 25,
874 1895 945 1904 ....
970 1865 1072 1931 Qui
1114 1866 1341 1918 ωηεν-ατί
1368 1865 1494 1919 eui;
1515 1905 1529 1926 ,
1560 1871 1666 1920 etc,
1699 1863 1802 1931 Qui
1828 1863 1970 1918 inter
1996 1863 2078 1918 di-
2105 1854 2153 1915 Β
2179 1853 2397 1910 virtutis
2416 1856 2487 1911 sit
2514 1857 2753 1923 uberior,
2780 1858 3030 1913 utetiam
3078 1870 3185 1913 non
3214 1867 3463 1913 amantes
3489 1857 3775 1912 charitatis

488 1952 623 2009 vites
644 1954 877 2023 amplius
903 1954 1222 2020 abundatis,
1268 1956 1413 2010 sicut
1441 1955 1594 2010 dives
1629 1954 1722 2025 qui
1751 1955 2078 2010 induebatur

485 2059 746 2116 purpura,
765 2054 821 2101 et
837 2046 1020 2117 bysso,
1043 2055 1099 2102 et
1119 2046 1418 2119 epulis,,qui
1441 2048 1508 2102 de
1528 2046 1697 2117 digito
1715 2046 1907 2101 Lazari
1930 2061 2079 2117 quae-

485 2135 559 2190 rit
583 2145 790 2207 guttam
821 2153 997 2207 aquae.
1320 2146 1330 2154 ‘

562 2226 656 2282 Va:
680 2229 844 2295 vobis,
865 2231 955 2301 qui
982 2247 1119 2285 nunc
1148 2230 1330 2285 ridetis
1349 2270 1365 2295 ,
1395 2239 1504 2286 etc.
1535 2229 1792 2286 Salomon
1817 2247 1832 2284 :
1863 2227 1969 2285 Cor
1989 2246 2078 2285 sa-

482 2319 672 2389 pientis
700 2322 788 2376 ubi
839 2331 914 2377 est
954 2323 1191 2387 tristitia,
1226 2339 1318 2376 cor
1344 2322 1625 2377 stultorum
1664 2323 1752 2376 ubi
1789 2332 1865 2377 est
1892 2322 2077 2378 lcetitia

482 2411 658 2484 (Eccl.
686 2414 828 2486 vn);
885 2414 1088 2471 docens
1139 2415 1424 2471 stultitiam
1464 2416 1787 2484 ridentibus,
1838 2418 2077 2487 pruden-

482 2507 615 2563 tiam
642 2505 894 2563 ﬂentibus
923 2508 1320 2564 ascrihendam.

552 2600 718 2659 Vsus.
744 2600 835 2658 26.
867 2631 939 2644 --
987 2602 1358 2658 Benedixerint
1396 2603 1559 2669 vobis,
1588 2612 1694 2659 etc.
1728 2602 1919 2675 Magna
1947 2618 2075 2674 pars

479 2705 656 2764 paena:
678 2701 763 2749 est
787 2701 1133 2764 peccatorum
1161 2709 1257 2759 sua
1286 2693 1494 2749 scelera
1523 2707 1630 2748 non
1663 2694 1824 2749 modo
1853 2709 1959 2749 non
1984 2707 2075 2747 ar-

479 2786 591 2856 gui,
620 2785 715 2841 sed
739 2785 962 2857 insuper
993 2785 1150 2855 quasi
1191 2783 1331 2841 bene
1355 2794 1505 2856 gesta
1532 2783 1763 2839 laudari.

550 2874 716 2933 Vsus.
741 2876 831 2932 27.
856 2876 1071 2948 Diligite
1098 2875 1356 2931 inimicos.
1387 2876 1544 2931 Dicto
1567 2875 1696 2945 quid
1726 2875 1795 2931 ab
1838 2873 2075 2954 inimicis

479 2969 692 3038 possint
733 2968 868 3038 pati,
919 2967 1175 3037 supponit
1217 2966 1451 3037 qualiter
1484 2966 1551 3020 ad
1582 2967 1729 3036 ipsos
1753 2979 1814 3021 se
1839 2967 2074 3023 debeant

479 3062 682 3118 habere
727 3060 996 3117 inimicos.
1048 3060 1116 3115 Et
1161 3061 1257 3116 hic
1278 3060 1522 3115 Ecclesia
1561 3058 1667 3115 non
1703 3059 1843 3115 lacte
1871 3058 2072 3113 imbui-

479 3164 589 3221 tur,
640 3155 745 3210 sed
777 3153 1041 3210 validiore
1090 3153 1374 3208 charitatis
1421 3152 1543 3209 cibo
1591 3151 1899 3208 roboratur.
1952 3149 2070 3206 Non

2180 1944 2301 1999 sinu
2327 1945 2751 2015 amplectamini.

2226 2038 2368 2097 .Duo
2394 2049 2520 2096 sunt
2545 2055 2745 2112 genera
2775 2041 3062 2098 beneﬁcii:
3101 2042 3188 2098 vel
3228 2057 3351 2099 cum
3376 2040 3640 2097 benevole
3682 2042 3778 2098 do-

2178 2152 2371 2193 namus
2411 2137 2555 2207 quod
2594 2136 2805 2199 damus,
2854 2135 2941 2190 vel
2983 2150 3108 2191 cum
3149 2136 3428 2193 reddituro
3464 2136 3778 2192 commoda-

2177 2245 2319 2286 mus.

2248 2320 2416 2376 Vsus.
2446 2320 2538 2375 55.
2562 2348 2635 2361 -—
2654 2317 3046 2385 Verumtamen,
3069 2328 3175 2374 etc.
3203 2318 3495 2391 Pastquam
3525 2318 3778 2377 dilectio-

2178 2426 2303 2467 nem
2333 2421 2388 2467 et
2416 2419 2663 2465 mutuum
2689 2408 3015 2465 beneﬁcium
3044 2419 3391 2478 peccatorum
3420 2410 3578 2479 quasi
3607 2409 3779 2465 infru-

2176 2509 2364 2556 ctuosa
2394 2499 2689 2571 redarguit,
2730 2513 2874 2553 nunc
2917 2497 3150 2567 qualiter
3176 2500 3293 2557 haec
3317 2515 3351 2554 a
3381 2499 3633 2556 ﬁdelibus
3662 2500 3778 2555 fru-

2176 2604 2369 2652 ctuose
2397 2594 2515 2649 ﬁeri
2557 2595 2790 2649 debeant
2816 2592 3074 2658 ostendit,
3104 2593 3261 2662 quasi
3290 2592 3474 2651 dicat:
3512 2591 3777 2660 Quamvis

2174 2686 2556 2759 peccatoribus
2582 2700 2688 2740 non
2715 2683 2890 2755 prosit
2918 2683 3041 2739 talis
3067 2682 3284 2738 dilectio
3311 2691 3367 2738 et
3390 2691 3642 2738 mutuum
3677 2683 3774 2739 be.

2175 2777 2452 2841 neﬁcium,
2482 2785 2664 2831 tamen
2693 2790 2793 2831 vos
2822 2775 3057 2844 diligite,
3089 2789 3197 2830 non
3229 2783 3437 2830 tantum
3464 2774 3642 2830 ductu
3671 2792 3773 2830 na-

2177 2879 2333 2933 turae,
2385 2870 2528 2924 sicut
2578 2868 2654 2923 illi
2699 2867 2929 2932 amicos,
2980 2866 3075 2922 sed
3126 2866 3307 2922 altiori
3352 2866 3777 2937 graduvirtutis

2177 2961 2445 3016 inimicos.
2494 2957 2806 3027 Philosophi
2852 2958 2908 3011 in
2947 2965 3062 3014 tres
3104 2966 3293 3027 partes
3319 2957 3570 3012 dividunt
3602 2957 3775 3029 justi-

2179 3051 2310 3106 tiam
2345 3067 2360 3104 :
2389 3064 2554 3105 unum
2600 3048 2653 3103 in
2682 3048 2874 3112 Deum,
2905 3062 3028 3117 quae
3054 3046 3230 3117 pietas
3268 3046 3502 3111 dicitur;
3536 3046 3773 3101 alteram

2178 3144 2231 3198 in
2254 3151 2507 3213 parentes
2529 3182 2542 3207 ,
2574 3139 2659 3194 vel
2682 3139 2950 3210 reliquum
2976 3139 3274 3197 humanum
3307 3153 3514 3208 genus;
3547 3139 3773 3193 tertiam

478 3245 675 3302 sufﬁcit
714 3261 821 3300 non
856 3245 1068 3310 odisse,
1118 3243 1210 3299 sed
1239 3244 1384 3315 quod
1418 3244 1558 3299 ultra
1595 3244 1889 3299 humanam
1916 3250 2072 3298 natu-
2100 3235 2145 3298 C
2178 3235 2233 3290 in
2274 3243 2535 3298 mortuos.
2588 3239 2647 3286 Ill
2690 3232 2776 3287 hi3
2827 3230 3209 3299 θκεθιιιιίπιιηι
3258 3227 3409 3298 50613
3459 3228 3770 3284 solvaﬂllll’o

478 3355 593 3394 ram
616 3347 718 3402 est,
746 3337 1062 3408 praecipitur
1089 3337 1333 3408 diligere.
1376 3337 1445 3392 Et
1475 3352 1599 3393 cum
1629 3336 1713 3392 lex
1742 3337 2071 3392 vicissitudi-

476 3445 602 3485 nem
633 3429 862 3500 imperet
893 3429 1136 3494 ultionis,
1180 3428 1528 3500 Evangelium
1559 3428 1858 3483 inimicitiis
1884 3427 2067 3482 chari-

478 3529 646 3576 tatem
672 3561 688 3585 ,
738 3521 877 3577 odiis
904 3520 1316 3592 benignitatem,
1369 3521 1672 3576 maledictis
1699 3528 1846 3588 vota,
1879 3535 2068 3590 perse-

477 3613 766 3684 quentibus
817 3614 1134 3684 patientiam
1160 3654 1176 3681 ,
1215 3612 1581 3668 esurientibus
1625 3612 1790 3667 etiam
1839 3611 2069 3683 gratiam

477 3707 935 3763 remunerationis
966 3705 1228 3777 impertit.

547 3801 717 3856 Vsus.
741 3800 831 3857 28.
857 3830 928 3841 --
959 3798 1119 3854 Orate
1152 3816 1248 3870 pro
1295 3795 1741 3852 calumniantibus
1763 3813 1871 3851 vos.
1914 3795 2067 3864 Quod

474 3892 751 3963 prophetae
780 3892 1032 3945 videntur
1074 3888 1386 3958 imprecari,
1438 3903 1546 3943 non
1569 3895 1692 3942 vota
1719 3895 1845 3943 sunt
1877 3895 2068 3956 optan-

479 3986 612 4038 tium
636 3985 729 4039 sed
761 3982 1240 4054 praenuntiationes
1271 3978 1572 4035 futurorum
1609 3997 1622 4032 :
1672 3978 1771 4049 ipsi
1800 3979 1942 4033 enim
1968 3994 2069 4049 pro

478 4074 715 4129 inimicis
743 4073 991 4128 orabant.

548 4167 714 4222 Vsus.
748 4165 837 4220 29.
874 4195 945 4204 —
985 4162 1053 4216 Et
1102 4161 1192 4229 qui
1245 4170 1296 4216 te
1358 4162 1602 4234 percutit.
1647 4160 1783 4217 Cum
1829 4159 2068 4214 charitas

475 4257 689 4329 patiens
726 4256 815 4319 sit,
850 4254 1011 4309 debet
1040 4251 1355 4323 patientiam
1401 4251 1739 4306 verberantis
1769 4249 2065 4312 sustinere,

476 4364 600 4403 cum
642 4346 872 4415 benigna
904 4345 994 4407 sit,
1046 4358 1153 4397 non
1197 4342 1356 4397 debet
1384 4341 1714 4410 respondere
1742 4338 2062 4393 maledictis.

477 4438 535 4493 Si
575 4453 678 4490 non
699 4424 885 4506 quwrit
909 4450 1027 4503 qua:
1051 4449 1148 4487 sua
1177 4439 1320 4495 sunt,
1355 4446 1460 4485 non
1499 4430 1661 4485 debet
1702 4429 1957 4484 resistere
1981 4444 2068 4482 ra-

475 4526 666 4598 pienti,
716 4524 759 4579 si
809 4540 911 4577 non
957 4522 1238 4577 wntztlatur
1286 4519 1338 4592 (1
1389 4518 1510 4574 Cor.
1555 4518 1699 4589 xm),
1743 4534 1852 4573 non
1904 4518 2067 4573 debet

2175 3326 2281 3383 Sed
2311 3326 2571 3381 Dominus
2598 3324 2729 3395 legis
2759 3321 3036 3377 oraculum
3064 3328 3122 3375 et
3167 3320 3466 3391 prophetiae
3494 3320 3773 3391 fastigium

2172 3432 2556 3489 supergressus
2578 3456 2594 3483 ,
2637 3417 2691 3470 in
2741 3429 2837 3471 eos
2882 3427 3101 3484 quoque
3145 3414 3239 3483 qui
3280 3413 3521 3468 laeserint
3548 3414 3775 3483 pietatis

2170 3510 2420 3582 porrexit
2446 3507 2700 3564 cilicium.

2242 3597 2395 3652 Nihil
2415 3598 2537 3651 inde
2557 3606 2857 3666 sperantes:
2878 3605 2928 3650 et
2952 3597 3071 3651 erit.
3099 3588 3215 3651 Non
3242 3595 3296 3650 in
3317 3594 3593 3650 hominem
3617 3607 3773 3663 spem

2172 3689 2441 3745 mercedis
2468 3688 2715 3759 ﬁgentes.
2769 3686 2870 3754 Qui
2901 3687 3016 3741 sive
3061 3687 3254 3741 reddat
3282 3685 3426 3755 quod
3451 3685 3774 3739 commoda.

2171 3779 2290 3844 stis,
2323 3779 2514 3834 reddet
2544 3788 2725 3833 tamen
2756 3785 2812 3832 et
2833 3776 2977 3831 Dens
3003 3790 3112 3845 quo
3138 3776 3364 3846 jubente
3394 3774 3624 3836 fecistis,
3655 3774 3777 3830 sive

2169 3889 2276 3928 non
2311 3872 2520 3936 reddat,
2554 3870 2841 3925 litereditas
2869 3877 3049 3923 vestra
3080 3869 3135 3922 in
3170 3878 3433 3924 aeternum
3471 3866 3599 3922 erit.

2240 3965 2403 4020 Vsus.
2437 3965 2522 4019 56.
2558 3993 2630 4004 —-
2665 3963 2847 4016 Estote
2884 3976 3007 4031 ergo
3035 3959 3430 4025 misericordes,
3468 3966 3577 4013 etc.
3628 3957 3779 4012 Pluit

2169 4074 2333 4129 super
2378 4059 2568 4123 malos,
2608 4065 2901 4128 proventus
2952 4064 3098 4110 terra
3128 4070 3235 4111 non
3274 4062 3467 4126 negat,
3497 4053 3643 4108 idem
3693 4054 3775 4109 sol

2167 4151 2340 4205 bonos
2363 4158 2418 4205 et
2448 4150 2619 4204 malos
2643 4148 2931 4202 illuminat.

2241 4237 2788 4309 Mysticezpopulum
2838 4236 3146 4292 Judzeorum
3197 4236 3531 4307 pr0pheticis
3570 4236 3775 4307 pluviis

2167 4331 2379 4402 irrigat,
2411 4337 2467 4384 et
2490 4346 2595 4385 non
2634 4330 2970 4384 merentibus
2997 4329 3184 4384 radius
3217 4329 3407 4383 aeterni
3433 4328 3568 4383 solis
3597 4328 3776 4385 reful-

2167 4426 2258 4480 sit.
2300 4424 2358 4478 Si
2390 4438 2520 4493 ergo
2542 4422 2617 4476 illi
2656 4422 3009 4487 crediderint,
3036 4430 3213 4476 estote
3245 4422 3325 4475 eis
3356 4421 3772 4488 misericordes,

2169 4516 2413 4571 docendo
2435 4555 2451 4579 ,
2482 4524 2538 4569 et
2566 4513 2875 4569 extollendo
2895 4554 2910 4579 ,
2953 4524 3010 4568 et
3040 4514 3206 4569 nolite
3252 4523 3459 4569 temere
3492 4513 3770 4585 judicare,

476 4594 656 4675 odisse
693 4614 993 4670 inimicum.
1045 4610 1230 4667 Prwbe
1258 4610 1384 4674 illis,
1433 4620 1539 4665 etc.
1587 4609 1822 4665 Medicus
1860 4611 2068 4664 anima-
2097 4602 2143 4660 D
2169 4622 2238 4662 ne
2263 4594 2385 4676 quis
2409 4607 2492 4662 sui
2519 4607 2769 4663 conscius
2799 4605 3002 4671 delicti,
3037 4606 3088 4660 in
3112 4605 3345 4660 alterum
3366 4615 3594 4677 cogatur
3622 4605 3774 4661 ferre

476 4725 596 4765 rum
619 4723 756 4778 quos
783 4704 850 4759 ad
878 4703 1144 4759 curandos
1165 4702 1440 4773 proximos
1469 4701 1711 4762 instruit,
1735 4700 1914 4755 omnia
1942 4714 2062 4769 quae

478 4799 547 4855 ad
605 4798 832 4852 salutem
887 4795 1256 4866 proximorum
1313 4791 1491 4845 valere
1549 4800 1774 4862 possunt
1832 4789 2062 4845 tolerare

477 4891 742 4962 prmeipit.
775 4887 842 4943 Et
869 4887 1105 4958 pertinet
1132 4888 1199 4942 ad
1235 4885 1685 4949 misericordiam,
1715 4895 1777 4939 ut
1805 4893 2060 4951 tanquam

479 5003 509 5041 a
551 4984 673 5039 ﬁliis
698 4982 1085 5054 aegrotantibus
1114 4989 1168 5035 et
1193 4980 1544 5049 phreneticis,
1587 4979 1629 5033 si
1673 4977 1820 5032 salus
1846 4976 2061 5030 illorum

479 5078 583 5132 hoc
610 5074 811 5144 exigat,
845 5071 1010 5125 multa
1043 5072 1335 5140 patiantur,
1365 5069 1845 5125 donecinﬁrmitas
1882 5077 2061 5122 trans-

478 5175 586 5221 eat.
638 5163 777 5231 Quid
830 5173 937 5216 tam
981 5162 1173 5215 mirum
1224 5178 1385 5231 quam
1420 5158 1743 5231 percutienti
1791 5157 2063 5212 maxillam

478 5256 758 5328 praebere?
784 5253 895 5309 lino
939 5253 1113 5310 omnis
1142 5254 1471 5324 indignantis
1520 5254 1750 5322 impetus
1780 5250 2061 5321 frangitur,

480 5351 561 5404 ira
593 5349 849 5405 sedatur:
882 5356 936 5403 et
973 5362 1070 5416 per
1091 5347 1411 5417 patientiam
1446 5345 1535 5401 ille
1572 5345 1828 5400 invitatur
1859 5344 1925 5398 ad
1950 5358 2066 5414 poe-

480 5437 781 5495 nitentiam.
826 5433 1217 5491 Vestimentum.
1262 5435 1415 5502 Quod
1459 5436 1526 5489 de
1553 5434 1877 5489 vestimento
1899 5443 1953 5487 et
1984 5444 2069 5487 tu-

479 5532 603 5588 nica
635 5530 834 5585 dicitur
886 5537 943 5582 et
982 5527 1034 5581 in
1067 5526 1187 5581 aliis
1215 5535 1296 5581 est
1327 5526 1665 5588 faciendum,
1713 5540 1834 5595 qua:
1890 5523 2072 5594 aliquo

475 5617 599 5689 iure
631 5620 999 5692 lemporalitcr
1053 5626 1238 5673 nostra
1270 5632 1391 5673 esse
1432 5616 1683 5671 dicimus.
1742 5615 1798 5681 Si
1830 5617 1972 5669 enim
2003 5615 2069 5671 de

482 5716 801 5775 necessariis
842 5714 943 5767 hoc
971 5711 1305 5786 imperatur,
1350 5709 1521 5764 multo
1576 5707 1748 5780 magis
1798 5706 2067 5779 superﬂua

480 5822 830 5869 contemnere
860 5803 1185 5875 prmcipitur.

2166 4697 2518 4753 sententiam.

2241 4788 2402 4842 Vsus.
2431 4787 2520 4841 ⁸57.
2551 4817 2626 4827 —-
2654 4784 2832 4840 Nolite
2842 4785 3110 4855 judicare.
3144 4785 3283 4841 Sunt
3305 4786 3558 4855 quaedam
3586 4787 3772 4842 media

2163 4887 2217 4933 et
2246 4880 2449 4935 incerta
2479 4895 2587 4949 quo
2614 4879 2796 4933 animo
2831 4879 2984 4945 ﬁant,
3030 4880 3158 4949 quia
3189 4881 3325 4934 bene
3366 4891 3422 4936 et
3449 4880 3590 4934 male
3631 4894 3771 4949 pos-

2164 4980 2292 5025 sunt
2328 4970 2463 5025 ﬁeri.
2510 4970 2793 5025 Nescimus
2834 4971 2997 5025 etiam
3050 4970 3229 5040 qualis
3260 4970 3478 5026 futurus
3519 4980 3623 5037 est,
3667 4972 3770 5042 qui

2170 5079 2314 5119 nunc
2357 5072 2580 5134 apparet
2634 5062 2828 5128 malus,
2870 5062 2937 5116 de
2984 5062 3139 5132 cujus
3187 5063 3529 5118 correctione
3570 5065 3769 5132 despev

2170 5175 2315 5225 rare,
2348 5174 2580 5229 eumque
2606 5159 2759 5228 quasi
2787 5156 3055 5226 ahjectum
3099 5158 3496 5228 reprehendere
3524 5171 3765 5215 temera~

2175 5252 2312 5306 rium
2345 5261 2449 5306 est.

2245 5345 2318 5397 De
2347 5342 2546 5412 apertis
2565 5356 2685 5410 quae
2714 5341 2857 5397 bono
2884 5341 3067 5395 animo
3088 5340 3206 5396 ﬁeri
3231 5356 3338 5395 non
3358 5351 3607 5410 possunt,
3634 5356 3766 5411 per-

2174 5435 2409 5490 mittitur
2437 5435 2593 5489 nobis
2616 5432 2887 5501 judicare.

2248 5525 2414 5580 Vsus.
2453 5525 2542 5580 38.
2572 5554 2643 5565 -—
2668 5524 2870 5578 Eadem
2912 5522 3099 5594 quippe
3122 5540 3390 5579 mensura.
3421 5522 3766 5579 Generaliter

2173 5620 2239 5676 de
2256 5618 2510 5673 omnibus
2537 5625 2712 5685 potest
2734 5616 2932 5686 accipi,
2963 5632 3082 5686 qua:
3107 5623 3309 5678 mente,
3338 5630 3524 5681 manu,
3552 5615 3758 5687 lingua,

2170 5718 2425 5781 aguntur,
2464 5708 2590 5778 quia
2636 5707 2931 5762 secundum
2978 5720 3142 5778 opera
3190 5705 3528 5775 singulorum
3571 5707 3765 5762 reddet

2168 5799 2333 5855 Deus.

3172 5986 3197 6018 \
