3960 6336
192 355 300 413 365

1232 364 1497 420 GLOSSA
1533 363 1926 422 ORDINARIA.
1959 398 2028 409 -
2056 367 2305 423 EVANG.
2350 369 2506 426 LUC.

3332 375 3436 430 966

267 474 468 529 Eadem
497 475 699 546 quippe.
745 475 962 547 (Auum)
1010 475 1123 532 Non
1173 479 1355 548 iniqua
1397 497 1642 536 mensura
1671 499 1760 538 re-
1791 489 1835 545 Α
1864 485 2174 553 patientiam
2220 486 2606 554 dignoscantur
2651 488 2703 541 in
2767 495 3004 558 tempore
3065 490 3452 548 adversitatis.~

189 564 394 632 pendet
415 563 578 632 Deus,
605 567 698 621 sed
725 574 808 621 est
839 581 903 622 ac
935 567 980 621 si
1008 567 1153 623 dicat
1181 587 1193 622 :
1221 569 1339 639 Ipsa
1372 571 1648 626 temeritas
1673 573 1762 640 ju-

191 654 409 709 dicundi
437 665 492 710 et
534 656 716 726 iniqua
762 671 1014 713 mensura
1061 659 1157 714 tibi
1191 668 1366 724 nocet,
1399 669 1452 713 te
1493 662 1664 729 punit,
1710 671 1768 716 et

189 757 336 812 saepe
361 760 466 800 non
497 745 646 799 illum
674 747 741 802 de
769 762 875 816 quo
896 750 996 804 hoc
1037 750 1170 821 agis.
1205 750 1297 805 Vel
1321 752 1365 805 si
1391 760 1535 806 recte
1556 751 1769 820 judicas

188 839 248 884 et
277 832 506 897 metiris,
543 833 635 887 tibi
681 836 938 904 prodest,
993 845 1043 892 te
1092 837 1298 903 salvat,
1347 839 1450 893 etsi
1480 839 1766 910 aliquando

189 935 300 975 non
334 921 484 974 illum
503 923 591 976 cui
616 924 729 978 haec
753 927 1032 994 impendis.

263 1008 429 1064 Vens.
460 1012 548 1066 59.
570 1026 641 1052 -‘-—
663 1013 890 1067 Dicebat.
912 1015 1016 1070 Per
1042 1032 1201 1086 quam
1221 1019 1406 1075 invitat
1439 1023 1505 1076 ad
1527 1024 1763 1081 eleemo-

187 1114 382 1170 synam
421 1103 649 1156 dandam
676 1113 731 1157 et
758 1107 824 1159 ad
865 1095 1237 1163 dimittendam
1290 1112 1559 1182 injuriam.
1612 1115 1766 1172 Nun-

185 1191 315 1259 quid
340 1201 524 1260 potest.
577 1193 633 1247 Si
676 1204 862 1248 contra
894 1197 1185 1253 violentum
1233 1201 1312 1256 ira
1365 1213 1414 1258 te
1439 1208 1760 1263 ctecaverit:

188 1281 236 1333 si
283 1290 471 1335 contra
526 1291 796 1350 petentem
853 1300 1050 1342 avarus
1101 1290 1246 1355 eris,
1294 1296 1533 1364 nunquid
1581 1297 1763 1352 vitiata

189 1381 369 1425 mente
397 1380 508 1436 tua,
551 1375 740 1428 vitium
775 1377 892 1445 ejus
940 1393 1132 1434 curare
1158 1385 1402 1451 poteris?
1454 1386 1562 1441 Nec
1591 1389 1764 1444 solum

186 1459 281 1526 qui
312 1459 407 1512 tibi
435 1458 685 1526 iniuriam
715 1463 860 1526 fecit,
886 1465 979 1518 sed
1008 1469 1171 1522 etiam
1203 1479 1255 1523 tu
1282 1473 1372 1540 qui
1395 1472 1536 1529 ferre
1566 1477 1760 1544 nescis,

188 1565 316 1604 reus
345 1552 470 1606 eris.
507 1551 611 1606 Sed
641 1554 685 1607 si
720 1555 1034 1624 improbitas
1059 1560 1202 1617 illius
1223 1571 1276 1617 te
1305 1567 1652 1636 tranquillum
1682 1571 1762 1625 in-

188 1640 360 1704 venit,
395 1650 451 1695 et
477 1641 566 1696 ille
593 1644 900 1712 paenitebit,
929 1656 985 1701 et
1013 1656 1066 1702 tu
1090 1649 1155 1704 de
1183 1653 1437 1720 patientia
1465 1661 1763 1716 coronabe-

187 1732 286 1794 ris,
310 1732 434 1801 quia
457 1747 656 1788 caecum
693 1735 909 1790 vidente
935 1739 1117 1805 oculo,
1168 1742 1220 1796 id
1243 1752 1346 1809 est,
1373 1760 1563 1803 sereno
1597 1754 1759 1806 corde

185 1820 258 1874 ad
289 1821 468 1877 lumen
499 1823 694 1878 ducere
724 1829 947 1882 curasti.

261 1909 424 1966 Vens.
453 1912 542 1965 60.
571 1941 642 1951 -
669 1912 814 1968 Sicut
858 1919 1119 1987 magister.
1160 1921 1301 1976 Deus
1334 1939 1438 1978 non
1480 1941 1605 1982 suas
1628 1929 1760 1984 ulci-

184 2002 362 2056 scitur
390 2003 629 2072 injurias,
678 2007 770 2059 sed
804 2006 1078 2062 tolerando
1117 2024 1486 2078 persecutores
1523 2018 1761 2077 mitiores

186 2094 416 2148 reddere
438 2094 634 2160 voluit;
665 2095 931 2165 discipuli,
958 2100 1048 2168 qni
1075 2101 1320 2158 homines
1343 2114 1488 2172 sunt,
1514 2107 1653 2164 hanc
1677 2125 1763 2165 re-

182 2183 368 2252 gulam
396 2181 744 2252 perfectionis
772 2186 968 2241 debent
997 2187 1218 2244 imitari.

262 2272 424 2327 Vens.
449 2273 538 2326 41.
567 2303 637 2313 -
663 2273 804 2340 Quid
831 2286 1004 2330 autem
1045 2280 1208 2346 vides,
1233 2291 1336 2337 etc.
1367 2285 1506 2341 Vere
1530 2303 1760 2358 peccans

183 2374 499 2433 peccantem
527 2368 792 2437 castigare
818 2385 923 2424 non
945 2371 1107 2436 valet,
1130 2375 1256 2442 quia
1278 2376 1654 2448 quisuperbia,
1675 2382 1759 2438 vel

182 2458 330 2522 odio,
366 2458 446 2512 vel
481 2458 586 2514 alio
609 2460 739 2514 vitio
766 2463 1042 2530 prteventi,
1085 2464 1221 2519 levia
1250 2467 1365 2523 haec
1391 2469 1474 2523 vel
1497 2471 1641 2525 nulla
1664 2471 1757 2541 ju-

185 2551 449 2612 dicantes,
489 2551 724 2620 graviter
745 2553 1023 2622 increpant
1056 2556 1176 2612 illos
1217 2574 1354 2628 quos
1381 2576 1410 2613 a
1433 2571 1576 2616 statu
1603 2580 1755 2618 men-

185 2641 258 2694 tis
301 2641 500 2706 vident,
532 2641 614 2696 vel
655 2641 735 2697 ira
758 2643 841 2697 vel
868 2645 1048 2714 aliquo
1076 2646 1178 2701 levi
1216 2659 1436 2717 peccato
1464 2655 1752 2721 perturba-

185 2739 298 2796 tos,
329 2732 383 2784 hi
413 2732 544 2787 tales
571 2742 752 2787 amant
777 2736 946 2806 magis
972 2737 1274 2806 vituperare
1292 2749 1346 2794 et
1374 2744 1750 2804 condemnare.

181 2840 351 2893 quam
378 2826 642 2896 corrigere
671 2836 725 2880 et
749 2828 1053 2882 emendare.
1092 2829 1214 2883 Non
1244 2833 1561 2888 consideras.
1589 2834 1753 2905 Aper-

182 2924 274 2969 tns
301 2917 487 2972 oculus
512 2917 650 2972 male
676 2920 850 2983 videt,
896 2919 1103 2975 scilicet
1136 2921 1450 2991 iactantiam
1490 2927 1598 2990 sui;
1628 2928 1750 2981 dum

178 3009 308 3062 aliis
338 3009 450 3063 vult
493 3011 718 3076 mederi,
768 3012 863 3066 sed
909 3028 1084 3068 cacus
1134 3029 1192 3068 se
1237 3031 1342 3070 nou
1387 3016 1527 3071 valet
1558 3019 1752 3073 intueri

176 3099 312 3152 dum
342 3098 398 3153 in
423 3100 526 3153 hoc
551 3100 784 3155 deterius
804 3101 968 3155 cadit.

1863 574 2071 644 Jejunia
2101 577 2244 628 enim
2274 584 2330 629 et
2348 577 2554 641 oratio,
2593 586 2647 632 et
2685 577 2986 646 huiusmodi
3010 589 3133 634 sunt
3164 581 3430 637 simulatis

1865 672 1924 717 ut
1951 674 2005 719 et
2034 664 2189 720 bonis
2213 682 2226 718 :
2279 666 2371 720 sed
2401 681 2507 720 non
2529 667 2728 721 debent
2766 683 2895 724 oves
2920 670 3084 739 pelles
3112 685 3238 725 suas
3269 673 3434 742 depo-

1865 769 2015 822 nere,
2053 758 2216 812 etiam
2246 757 2292 812 si
2321 757 2604 826 aliquando
2644 759 2754 828 lupi
2781 761 2860 815 eis
2907 776 2967 816 se
2996 769 3300 833 contegant.
3335 762 3436 818 Co-

1864 847 2147 915 gnoscitur.
2177 846 2294 901 Non
2324 862 2353 900 a
2377 855 2549 911 veste,
2577 848 2668 902 sed
2697 848 2766 902 ab
2788 851 3040 919 operibus
3067 865 3186 919 qute
3213 851 3349 906 tiunt
3368 854 3437 907 ab

1864 936 1964 1001 eis,
1987 944 2398 1006 cognoscuntur.
2431 935 2567 1004 Quia
2592 944 2654 991 ut
2681 938 2835 1007 spina
2858 955 2965 994 non
2995 939 3122 995 facit
3143 956 3323 1009 uvam,
3357 943 3438 997 sic

1864 1026 2005 1081 bona
2026 1029 2186 1081 arbor
2205 1028 2424 1091 bonum,
2457 1027 2599 1082 mala
2627 1029 2850 1094 malum,
2879 1038 2934 1084 et
2956 1047 3061 1086 non
3089 1048 3120 1087 e
3149 1048 3427 1088 converso.

1867 1116 2048 1187 Neque
2069 1119 2207 1172 enim
2229 1118 2292 1172 de
2325 1119 2507 1188 spinis.
2542 1119 2659 1174 Non
2682 1120 2748 1175 de
2775 1121 2963 1191 spinis,
3014 1122 3068 1176 id
3092 1131 3179 1177 est
3231 1123 3434 1178 sollici-

1865 1208 2138 1263 tudinibus
2168 1210 2371 1273 mundi,
2401 1209 2555 1276 ﬁcus,
2601 1211 2653 1265 id
2705 1220 2790 1266 est
2830 1211 3054 1266 dulcedo
3085 1214 3436 1269 resurrectio-

1865 1297 1968 1362 nis,
2003 1312 2175 1367 neque
2198 1299 2264 1353 de
2299 1300 2457 1364 rubo,
2497 1299 2550 1353 id
2579 1309 2662 1354 est
2688 1301 2976 1369 punctione
3007 1301 3278 1368 vitiorum,
3306 1320 3431 1368 uva,

1863 1383 1917 1437 id
1959 1393 2042 1438 est
2066 1384 2270 1440 fructus
2296 1386 2508 1441 animae.
2536 1387 2664 1454 Qua:
2689 1389 2828 1444 sicut
2853 1404 2956 1443 uva
2982 1391 3229 1459 proxima
3260 1400 3430 1447 terre-

1863 1473 1966 1537 nis,
1993 1476 2381 1545 corrumpitur,
2422 1478 2473 1530 in
2501 1479 2865 1556 superioribus
2892 1489 3210 1535 maturatur.
3245 1480 3340 1536 Vel
3368 1483 3435 1538 de

1861 1575 2024 1618 carne
2053 1578 2172 1632 qua:
2223 1574 2446 1634 generat
2476 1567 2658 1634 spinas
2702 1575 2757 1620 et
2802 1567 3203 1632 tribulosnnon
3249 1570 3436 1626 vinde~

1860 1651 2090 1705 miamus
2120 1653 2418 1718 Christum,
2450 1657 2540 1724 qui
2566 1657 2706 1710 sicut
2727 1673 2826 1712 uva
2852 1657 3105 1726 pependit
3130 1659 3183 1712 in
3210 1659 3378 1729 ligno.

1932 1743 2095 1812 Spina
2121 1754 2174 1800 et
2209 1747 2394 1811 rubus,
2420 1749 2708 1812 haereticis,
2739 1764 2769 1802 a
2799 1749 2992 1818 quibus
3022 1749 3197 1805 nullus
3224 1751 3434 1820 sapien-

1791 1836 1838 1893 B
1865 1834 1999 1888 tium
2039 1836 2382 1890 sanctitatem
2407 1837 2488 1889 vel
2517 1837 2769 1893 virtutem
2798 1839 2998 1908 poterit
3031 1840 3292 1906 invenire,
3339 1842 3433 1896 sed

1865 1927 2224 1980 conscindunt
2247 1935 2303 1981 et
2324 1937 2610 1982 cruentant
2633 1930 3085 1998 approximantes.
3135 1931 3230 1985 Vel
3264 1931 3435 2000 spina:

1860 2020 1916 2066 et
1943 2002 2266 2084 rubi,;cur:e
2292 2015 2471 2069 szeculi
2493 2022 2550 2069 et
2587 2016 2898 2084 punctiones
2923 2017 3195 2072 vitiorttm.
3247 2018 3356 2074 Uva
3379 2029 3435 2073 et

1861 2102 2012 2166 ﬁcus,
2040 2103 2266 2157 dulcedo
2295 2119 2447 2159 noue
2474 2106 2895 2160 conversationis
2915 2119 3074 2173 quam
3098 2105 3346 2162 Christus
3377 2108 3432 2162 in

1859 2191 2014 2246 nobis
2053 2191 2243 2256 esurit,
2286 2199 2340 2246 et
2387 2191 2568 2248 fervor
2611 2192 2910 2248 dilectionis
2939 2193 3030 2262 qui
3076 2193 3309 2250 lzetiﬁcat
3336 2211 3429 2250 cor

1859 2279 2114 2336 hominis.

1928 2370 2044 2426 Non
2078 2373 2142 2426 de
2173 2372 2341 2442 spinis
2382 2380 2437 2426 et
2472 2372 2617 2426 rubis
2645 2388 2747 2426 uva
2776 2371 2860 2428 vel
2909 2372 3062 2438 ﬁcus,
3111 2373 3238 2444 quia
3279 2389 3432 2429 mens

1859 2459 2034 2516 adhuc
2061 2462 2296 2515 hominis
2337 2461 2534 2516 veteris
2579 2463 3216 2545 pressaoconsuetudine,
3252 2473 3434 2534 potest

1858 2550 2076 2620 quidem
2102 2551 2373 2616 simulare,
2403 2553 2496 2606 sed
2521 2567 2625 2606 non
2653 2552 2797 2608 ferre
2826 2553 3058 2608 fructum
3096 2556 3216 2609 novi
3250 2557 3430 2610 homi—

1862 2640 1962 2694 nis.
2011 2638 2161 2706 Quod
2183 2640 2233 2694 si
2278 2640 2490 2709 quando
2518 2641 2661 2697 facta
2704 2641 2788 2698 vel
2818 2643 2958 2698 dicta
3000 2643 3260 2698 malorum
3307 2659 3430 2714 pro-

1858 2742 1981 2783 sunt
2005 2731 2174 2794 bonis,
2202 2747 2306 2785 non
2336 2732 2436 2786 hoc
2458 2731 2663 2786 faciunt
2689 2732 2833 2797 tituli,
2860 2733 2954 2787 sed
2985 2731 3044 2785 ﬁt
3075 2733 3141 2787 de
3167 2733 3274 2788 illis
3303 2750 3430 2788 con—

1857 2820 1978 2872 silio
2013 2820 2123 2874 Dei.

1931 2911 2088 2966 Vens.
2141 2913 2231 2968 45.
2275 2945 2343 2952 -
2393 2911 2599 2982 Profert
2651 2914 2862 2968 bonum.
2910 2913 3090 2983 Diligit
3126 2914 3427 2968 inimicum.

1854 3002 2009 3056 Omni
2034 3004 2235 3072 petenti
2263 3005 2464 3068 tribuit,
2498 3012 2551 3058 et
2569 3003 2894 3071 hujusmodi.

1928 3092 2136 3161 Profert
2165 3093 2385 3158 malum,
2415 3104 2522 3149 etc.
2568 3093 2692 3149 Odit
2733 3095 2984 3158 amicum,
3035 3095 3209 3150 aufert
3234 3094 3427 3159 aliena,

249 3187 423 3241 Vens.
449 3189 536 3242 42.
567 3218 634 3229 -
661 3188 966 3260 Ilypocrita.
1016 3191 1076 3247 Si
1125 3208 1284 3264 quem
1333 3195 1417 3250 vis
1461 3199 1754 3266 reprehen-

1866 3197 1965 3236 non
1995 3184 2086 3236 dat
2119 3198 2238 3246 sua,
2266 3192 2320 3236 et
2345 3182 2668 3251 lmjusmodi,
2700 3201 2819 3253 quae
2841 3185 2980 3239 Deus
3001 3183 3210 3252 iudicat
3240 3201 3432 3241 secun-

177 3279 337 3339 dcre,
361 3279 596 3347 primum
621 3279 742 3334 vide
771 3280 816 3335 si
840 3280 1031 3336 similis
1053 3282 1102 3337 ei
1131 3283 1226 3338 sis.
1256 3283 1408 3351 Quod
1433 3287 1477 3340 si
1501 3301 1579 3350 es,
1610 3290 1757 3358 pari-

180 3379 268 3423 ter
289 3368 585 3439 ingemisce
605 3379 662 3424 et
690 3370 798 3424 noli
824 3386 947 3426 cum
987 3372 1083 3428 tibi
1125 3373 1520 3446 obtemperare,
1551 3381 1643 3433 sed
1667 3395 1761 3448 pa-

178 3460 319 3512 riter
368 3460 549 3514 conari
595 3474 774 3515 mone.
829 3461 982 3528 Quod
1011 3464 1057 3518 si
1087 3480 1193 3518 non
1239 3481 1297 3520 es
1323 3467 1532 3532 similis,
1582 3477 1757 3524 tamen

176 3550 315 3620 quia
342 3550 468 3604 olim
497 3549 665 3615 fuisti,
713 3551 796 3605 vel
824 3567 942 3607 esse
970 3553 1221 3623 potuisti,
1270 3555 1656 3623 condescende,
1703 3569 1759 3614 et

179 3655 292 3692 non
325 3653 391 3692 ex
420 3639 543 3694 odio
584 3640 675 3695 sed
703 3641 1071 3700 misericordia
1097 3657 1281 3712 argue.
1325 3644 1469 3699 Raro
1496 3662 1625 3717 ergo
1651 3663 1754 3701 non

142 3732 304 3786 sine
353 3746 544 3801 magna
600 3734 920 3788 necessitate
978 3743 1103 3790 sunt
1152 3733 1550 3806 objurgationes
1605 3739 1758 3793 adbi-

179 3822 395 3886 benda,
425 3830 479 3876 et
514 3822 725 3879 nonnisi
773 3833 1017 3892 respectu
1066 3823 1183 3890 Dei,
1232 3835 1436 3880 remota
1481 3828 1550 3882 ab
1599 3829 1755 3884 oculo

180 3913 357 3966 trabe.

252 4003 319 4056 Hi
345 4003 488 4058 enim
518 4005 639 4060 odio
665 4002 749 4059 vel
773 4003 942 4060 livore
966 4005 1145 4060 omnia
1171 4021 1429 4060 accusare
1457 4007 1755 4076 suscipiunt

177 4103 236 4147 et
266 4093 451 4148 volunt
468 4093 639 4149 videri
666 4094 1015 4159 consultores,
1044 4095 1160 4149 sine
1179 4096 1424 4166 exemplo
1445 4112 1555 4151 sua:
1572 4111 1753 4153 emen-

178 4183 438 4238 dationis.
482 4181 587 4238 Sed
627 4182 784 4252 prius
825 4183 1019 4238 debent
1043 4182 1257 4239 auferre
1285 4185 1490 4239 trabem
1519 4186 1750 4252 invidiae,

176 4274 263 4328 vel
296 4274 530 4337 malitiae,
579 4273 663 4328 vel
708 4273 1064 4330 simulationis
1091 4277 1155 4331 de
1180 4276 1391 4332 occulto
1424 4278 1507 4332 sui
1547 4279 1746 4344 cordis,

178 4373 241 4418 ut
289 4363 504 4417 valeant
532 4364 729 4433 ejicere
755 4362 1014 4420 festucam
1061 4364 1157 4420 ira:
1201 4365 1283 4421 vel
1310 4366 1533 4437 alicujus
1569 4367 1751 4424 livoris

176 4457 353 4526 culpae
386 4455 450 4510 de
474 4455 627 4510 oculo
658 4454 858 4510 fratris.

1859 3272 1986 3325 dum
2015 3272 2364 3328 intentionem
2390 3275 2588 3327 cordis.
2620 3273 2687 3326 Et
2715 3288 2864 3340 vere,
2907 3276 3031 3345 quia
3057 3275 3124 3328 de
3163 3276 3304 3330 bono
3347 3277 3429 3331 vel

1859 3361 2000 3416 malo
2029 3361 2191 3416 corde
2212 3361 2471 3431 procedit,
2499 3362 2670 3418 bonus
2707 3363 2790 3418 vel
2819 3365 2990 3418 malus
3018 3365 3180 3420 debet
3197 3364 3429 3435 judicari

1858 3452 2086 3518 fructus,
2127 3451 2253 3522 quia
2282 3466 2350 3505 ex
2381 3452 2704 3508 abundantia
2729 3454 2906 3508 cordis
2935 3455 3076 3523 quod
3105 3454 3328 3510 interius
3355 3455 3431 3510 la-

1860 3533 1934 3596 tet
1981 3542 2219 3612 loquitur
2252 3557 2335 3608 os,
2383 3543 2434 3597 id
2484 3552 2567 3598 est
2620 3545 2860 3613 procedit
2902 3545 3139 3600 exterius
3182 3544 3429 3611 effectus,

1858 3640 1964 3685 tam
2006 3631 2059 3684 in
2088 3631 2267 3686 verbis
2292 3647 2452 3702 quam
2486 3633 2537 3686 in
2565 3631 2738 3688 factis.
2781 3633 2893 3689 Hoc
2941 3645 3023 3689 est
3052 3644 3310 3704 quantum
3362 3639 3429 3691 ad

1855 3722 2091 3777 divinum
2119 3737 2342 3777 examen
2374 3725 2460 3778 cui
2491 3724 2725 3793 loquitur
2749 3742 2810 3780 os
2842 3727 3047 3792 cordis,
3081 3728 3205 3797 quia
3230 3743 3292 3783 ex
3325 3745 3429 3798 qua

1856 3812 2152 3867 intentione
2176 3814 2337 3868 verba
2359 3815 2673 3882 procedunt,
2707 3832 2810 3869 non
2845 3817 3072 3885 ignorat.
3106 3817 3239 3884 Quia
3263 3820 3425 3873 etiam

1855 3902 2017 3954 verba
2044 3916 2162 3970 quae
2183 3903 2423 3956 exterius
2450 3904 2586 3958 bona
2615 3906 2879 3969 videntur,
2927 3909 3050 3974 quia
3079 3922 3144 3961 ex
3174 3908 3311 3962 mala
3343 3925 3427 3962 ra-

1854 3991 1970 4045 dice
1993 3991 2310 4060 procedunt,
2340 4007 2448 4046 non
2473 3993 2610 4047 bona
2639 4010 2758 4049 esse
2775 3995 2978 4062 judieat
3002 4013 3017 4060 ;
3045 3999 3183 4052 unde
3206 4001 3384 4053 subdit
3411 4019 3423 4052 :

1856 4081 1994 4146 Quid
2041 4091 2214 4134 autem
2257 4083 2449 4135 vocatis
2479 4099 2556 4136 me
2586 4084 2849 4138 Domine?
2874 4086 3035 4151 Quasi
3067 4088 3210 4142 dicat
3245 4106 3259 4142 :
3290 4089 3430 4156 Quid

1852 4171 1977 4228 folia
1999 4180 2160 4226 recta:
2191 4171 2542 4226 confessionis
2571 4189 2665 4227 vos
2711 4175 3012 4244 germinare
3044 4165 3302 4243 jactatis,
3335 4183 3426 4246 qui

1853 4264 2027 4319 nullos
2060 4264 2185 4319 boni
2211 4263 2390 4333 operis
2435 4263 2640 4320 fructus
2683 4267 2998 4322 ostenditis?
3040 4257 3124 4322 Ea:
3151 4269 3426 4323 abundau-

1853 4361 1945 4412 tia.
2001 4358 2102 4412 Per
2148 4358 2261 4412 oris
2300 4357 2662 4421 locutionem,
2714 4358 2964 4413 universa
3017 4374 3137 4428 qua:
3175 4369 3296 4414 actu
3342 4360 3426 4415 vel

1853 4451 2088 4521 cogitatu
2138 4449 2204 4505 de
2244 4449 2404 4504 corde
2440 4447 2804 4517 proferuntur,
2855 4450 3112 4506 Dominus
3140 4451 3426 4522 signiﬁcat.

251 4523 420 4600 Vens.
448 4544 537 4598 45.
566 4575 635 4584 —
661 4543 784 4598 Non
816 4555 888 4598 est
935 4546 1112 4611 arbor,
1142 4553 1247 4601 etc.
1287 4547 1463 4602 Arbor
1488 4550 1625 4605 bona
1672 4553 1753 4607 vel

1866 4539 1994 4594 Nam
2025 4548 2078 4593 et
2116 4538 2338 4593 verbum
2383 4553 2481 4607 pro
2508 4536 2650 4593 facto
2695 4538 2829 4592 solet
2872 4539 3036 4606 poni;
3069 4541 3208 4594 unde
3240 4558 3252 4593 :
3306 4539 3430 4594 Non

176 4636 344 4700 mala,
397 4649 505 4689 non
550 4643 778 4698 natura,
830 4649 948 4703 qua:
978 4650 1008 4687 a
1059 4635 1167 4688 Deo
1207 4636 1260 4688 in
1317 4637 1565 4692 omnibus
1617 4640 1754 4694 bona

177 4735 366 4780 creata
411 4733 511 4788 est,
557 4725 650 4780 sed
679 4725 816 4778 bona
859 4725 947 4778 vel
987 4723 1127 4779 mala
1179 4724 1448 4780 voluntas.
1501 4727 1755 4795 Fructus,

176 4829 365 4884 opera,
395 4828 515 4883 quae
538 4827 637 4867 nec
661 4813 802 4866 bona
835 4813 987 4867 make
1034 4813 1320 4867 voluntatis
1365 4825 1590 4883 possunt
1613 4832 1755 4885 esse,

177 4921 279 4960 nec
315 4904 456 4958 mala
491 4903 648 4958 bona:
676 4904 982 4958 voluntatis.
1036 4904 1218 4975 Neque
1244 4905 1417 4958 arbor.
1474 4906 1528 4961 Si
1571 4923 1752 4962 veram

178 4999 261 5052 vis
286 4997 490 5052 habere
511 4995 777 5064 justitiam
801 5004 981 5051 etnon
1009 4996 1211 5062 ﬁctam,
1236 5011 1355 5067 quae
1382 4999 1558 5053 verbis
1581 5009 1758 5054 osten-

177 5091 286 5155 dis,
311 5089 470 5144 factis
501 5089 681 5158 imple,
721 5097 781 5142 ut
813 5089 887 5144 sis
923 5089 1062 5144 bona
1095 5089 1275 5153 arbor,
1311 5098 1368 5144 et
1392 5090 1547 5144 bonis
1567 5089 1756 5145 fructi-

178 5182 281 5234 bus
326 5178 557 5233 orneris.
602 5178 735 5245 Quia
762 5178 861 5232 etsi
891 5177 1054 5246 ﬁngat
1075 5178 1356 5248 hypocrita
1378 5218 1393 5242 ,
1426 5194 1529 5234 non
1558 5187 1641 5232 est
1665 5181 1757 5234 bo.

176 5287 284 5325 nus
313 5271 406 5340 qui
436 5269 566 5324 facit
607 5284 770 5338 opera
811 5269 949 5322 mala
976 5309 990 5333 ,
1041 5277 1095 5324 et
1123 5270 1168 5323 si
1200 5269 1544 5338 reprehendit
1572 5269 1756 5324 inson-

178 5369 315 5423 tem,
352 5373 460 5412 non
503 5358 622 5412 ideo
657 5358 828 5412 malus
873 5367 958 5412 est
1001 5359 1090 5425 qui
1127 5357 1253 5412 facit
1282 5371 1444 5425 opera
1487 5357 1648 5411 bona.
1689 5359 1755 5412 Et

179 5458 314 5503 nota
339 5447 482 5516 quod
504 5449 568 5501 de
595 5446 892 5500 manifestis
923 5446 1010 5499 hic
1038 5445 1230 5512 agitur.

249 5539 418 5594 Vens.
471 5537 559 5591 44.
602 5567 672 5577 -
709 5535 1038 5606 Πηαᾳααηιιε
1082 5536 1220 5589 enim
1246 5536 1422 5589 arbor.
1482 5535 1603 5590 Mali
1654 5551 1750 5591 suo

180 5631 362 5686 fructu
391 5636 707 5690 noscuntur,
749 5628 874 5680 dum
896 5629 1064 5682 bonos
1090 5628 1418 5696 opprimunt,
1441 5637 1496 5682 et
1519 5627 1684 5682 Deum
1707 5629 1751 5682 si

182 5737 287 5775 non
316 5720 516 5783 verbis,
554 5717 924 5786 blasphemant
971 5715 1160 5771 factis:
1193 5725 1244 5768 et
1272 5716 1502 5770 maxime
1531 5730 1628 5784 per
1655 5717 1751 5770 im-

462 5831 737 5890 Pnnon.
783 5829 998 5892 CXIV.

1859 4630 1957 4699 fuit
1988 4628 2216 4695 verbum,
2247 4628 2385 4699 quod
2409 4644 2512 4682 non
2550 4630 2937 4682 ostenderet'eis
2979 4628 3111 4699 (lsa.
3146 4631 3356 4703 XXXIX).

1930 4720 2092 4774 Vens.
2125 4721 2214 4774 46.
2244 4752 2310 4760 -
2340 4720 2478 4786 Quid
2504 4731 2697 4785 autem,
2729 4729 2832 4775 etc.
2876 4719 3001 4775 Haec
3034 4723 3246 4776 vocatio
3275 4723 3425 4780 vide-

1859 4821 1944 4867 tur
1974 4813 2178 4867 fructus
2205 4813 2358 4868 bona:
2382 4812 2619 4876 arboris,
2671 4812 2764 4866 sed
2809 4811 2933 4880 quia
2960 4826 3065 4864 non
3089 4812 3333 4879 procedit
3361 4813 3428 4868 de

1856 4902 2176 4973 pinguedine
2195 4901 2496 4964 charitatis,
2526 4900 2666 4954 Deus
2692 4915 2796 4953 non
2827 4899 3024 4955 bonum
3043 4900 3267 4970 judicat.
3297 4902 3428 4970 Quae

1858 5001 2036 5046 autem
2070 4993 2331 5046 bonorum
2361 4989 2692 5044 malornmve
2719 4989 2988 5043 fructuum
3017 5004 3146 5044 vera
3177 4990 3427 5048 discretio

1857 5083 1947 5146 sit,
1993 5081 2092 5134 sub
2119 5080 2222 5133 alia
2251 5079 2422 5148 ﬁgura
2446 5078 2696 5147 supponit
2719 5096 2731 5130 :

1930 5173 2089 5226 Vens.
2118 5171 2206 5224 47.
2229 5200 2298 5210 --
2332 5168 2512 5224 Omnis
2559 5171 2647 5240 qui
2686 5169 2842 5234 venit,
2889 5177 2994 5226 etc.
3045 5168 3336 5240 Postquam
3364 5173 3429 5227 de

1859 5271 2043 5330 aperte
2085 5259 2263 5324 malis,
2290 5260 2357 5314 de
2385 5274 2510 5313 vere
2548 5268 2603 5312 et
2643 5259 2908 5314 simulatis
2931 5259 3087 5315 bonis
3132 5260 3220 5315 diu
3249 5262 3429 5332 dispu-

1861 5352 2014 5415 tavit,
2059 5352 2228 5405 bonos
2264 5350 2536 5404 auditores
2563 5349 2713 5404 verbi
2763 5349 2865 5404 sibi
2895 5349 3045 5418 ipsis,
3097 5351 3268 5406 malos
3313 5351 3427 5406 dia—

1854 5442 1977 5496 bolo
2004 5440 2284 5495 assimilat.
2333 5438 2468 5504 Quia
2507 5437 2915 5494 sicutChristus
2956 5439 3120 5493 variis
3149 5440 3422 5494 hominum

1854 5531 2099 5599 personis
2135 5543 2296 5582 unam
2343 5527 2640 5581 Ecclesium
2673 5527 2957 5590 construit,
3005 5527 3201 5590 erudit,
3233 5527 3424 5594 guber-

1855 5630 1965 5686 nat,
1999 5621 2052 5673 in
2080 5619 2244 5672 vitam
2268 5627 2522 5693 aeternam
2552 5620 2906 5688 perducturus
2935 5635 2949 5682 ;
2980 5619 3057 5672 sic
3082 5618 3251 5671 bonus
3278 5617 3424 5670 audi-

1855 5723 1938 5767 tor
1971 5711 2137 5766 variis
2177 5709 2464 5766 virtutibus
2494 5726 2776 5781 supernam
2807 5711 2906 5765 sibi
2940 5708 3268 5764 mansionem
3298 5705 3424 5760 tedi-

2909 5826 2946 5884 9
