3960 6336
504 315 604 369 267

1003 313 1391 370 WAI.AFR|DI
1431 315 1676 370 STRABI
1717 315 1919 371 FULD.
1965 315 2127 370 ΜΟΝ.
2169 315 2318 371 ΟΡΡ.
2363 317 2542 374 PARS
2581 321 2620 375 l.
2658 353 2726 361 —
2767 322 3222 381 THEOLOGICA.

3656 330 3757 386 263

506 427 631 479 ﬁent
658 428 712 481 in
741 426 921 482 futuro
951 440 1071 482 cum
1092 425 1306 480 Christo
1325 425 1389 480 de
1419 423 1757 480 dedicatione
1780 425 2073 479 lintaturus.
2106 427 2154 486 Α
2179 435 2336 496 cepta
2365 430 2679 498 complevit,
2708 430 2940 487 formam
2982 434 3140 489 docet
3170 450 3392 490 suorum
3428 443 3754 500 exsequendi

505 517 570 570 Et
613 517 752 573 sicut
800 511 1043 571 diabolus
1087 514 1398 570 obedientes
1428 516 1528 569 sibi
1572 515 1638 568 de
1687 515 1844 570 ctelis
1873 515 1940 569 ad
1967 525 2076 569 ter-

504 623 635 663 rena
658 615 713 662 et
745 606 813 662 ad
837 613 1056 676 peccata
1084 605 1267 669 trahit,
1296 605 1386 660 ubi
1410 621 1514 660 non
1541 614 1623 660 est
1652 604 2077 672 fundamentum,

503 700 630 768 quia
671 698 870 753 malum
898 707 983 752 est
1011 697 1129 752 sine
1155 697 1478 760 substantia,
1525 704 1582 751 et
1612 712 1824 766 semper
1854 697 1906 751 in
1933 698 2082 752 dete-

503 793 647 846 riora
673 790 974 862 prazcipitat
995 806 1008 843 :
1032 789 1111 844 sic
1140 787 1314 844 malus
1336 787 1570 852 auditor,
1601 789 1714 843 sive
1739 789 1809 843 sit
1838 789 2081 844 initiatus

502 881 777 952 mysteriis
813 879 1040 947 Christi,
1068 879 1182 935 sive
1215 893 1282 934 ex
1329 887 1440 934 toto
1465 877 1688 942 alienus,
1719 879 1873 947 quasi
1901 878 1953 932 in
1983 894 2079 948 pu-

503 982 648 1026 teum
688 973 804 1028 sine
828 971 992 1026 tundo
1019 971 1404 1041 prtecipitatus,
1431 984 1536 1024 non
1560 969 1768 1024 invenit
1797 969 1887 1024 ubi
1914 984 1973 1024 se
1996 985 2080 1024 re-

503 1064 701 1129 tineat,
735 1064 830 1119 sed
881 1078 1004 1118 cum
1051 1063 1261 1118 venerit
1308 1063 1362 1116 in
1411 1059 1737 1132 profundum
1788 1060 2076 1127 malorum,

499 1153 814 1209 contemnit.

543 1244 730 1300 Vnus.
781 1244 872 1301 48.
912 1274 981 1284 —
1008 1241 1168 1298 Fodit
1200 1244 1251 1296 in
1277 1241 1464 1296 altum.
1512 1239 1671 1296 Fodit
1695 1241 1746 1295 in
1775 1241 1954 1295 altum
1984 1241 2076 1310 qui

496 1334 782 1404 praeceptis
810 1333 1128 1388 humilitatis
1161 1341 1373 1387 terrena
1399 1331 1578 1386 omnia
1620 1331 1686 1384 de
1710 1345 1929 1386 suorum
1951 1344 2077 1384 cor-

498 1425 654 1478 dibus
685 1423 922 1478 funditus
943 1424 1104 1486 eruit,
1129 1438 1194 1477 ne
1216 1430 1435 1493 pr0ptcr
1456 1421 1672 1490 aliquod
1710 1420 1948 1476 ﬂuxibile
1968 1421 2077 1475 Deo

496 1516 716 1582 serviat,
749 1523 809 1570 ut
843 1516 1213 1570 inconcussam
1247 1515 1311 1568 ‘in
1360 1515 1441 1569 eis
1472 1515 1670 1569 habeat
1711 1515 2073 1570 mansionem.

498 1605 684 1661 Posuit
727 1608 1144 1677 fundamentum.
1175 1608 1544 1663 Fundamenta
1568 1608 1868 1678 pluraliter,
1895 1609 2076 1663 docto-

495 1711 620 1763 res;
677 1699 1022 1770 singulariter
1070 1700 1514 1766 fundamentum,
1564 1701 1752 1756 doctor
1793 1701 2073 1756 doctorum

495 1789 764 1845 Christus.

563 1879 854 1936 Moraliter.
891 1879 1263 1936 Fundamenta
1292 1883 1502 1946 domus,
1542 1882 1867 1938 intentiones
1917 1883 2072 1940 bonae

493 1971 950 2036 cOnversationis,
990 1986 1124 2040 quas
1166 1985 1262 2041 per
1308 1972 1666 2027 humilitatem
1707 1972 2069 2028 Christianam

493 2062 774 2116 exhaustis
827 2075 1283 2130 supervacuarum
1343 2063 1729 2133 cogitationum
1786 2064 2070 2119 ruderibus

493 2152 766 2222 perfectus
790 2153 1001 2207 auditor
1045 2153 1098 2206 in
1131 2167 1188 2231 se
1215 2153 1424 2219 inserit,
1465 2155 1570 2209 hoc
1595 2153 1649 2207 in
1676 2169 1734 2210 se
1777 2154 2064 2224 spirituali-

495 2254 576 2300 ter
614 2258 795 2314 agens,
830 2245 973 2316 quod
993 2243 1240 2300 Christus
1269 2246 1324 2300 in
1355 2247 1606 2301 universa
1635 2245 1874 2303 Ecclesia
1900 2260 2064 2319 gene-

495 2335 681 2392 raliter
725 2337 854 2406 agit.
1652 2357 1662 2364 ·

562 2415 934 2480 Inundatione.
963 2425 1115 2480 Hanc
1143 2427 1546 2482 inundationem
1600 2424 1726 2481 alibi
1769 2433 1952 2496 portas
1976 2425 2067 2480 in-

492 2518 591 2574 feri
606 2517 860 2589 appellat.
882 2517 946 2571 Et
962 2525 1125 2588 parta:
1146 2519 1304 2589 inferi
1322 2536 1423 2573 non
1437 2517 1788 2589 prwvalebunt
1817 2518 2064 2572 adversus

496 2626 610 2662 eam
639 2607 857 2678 (Matth.
886 2608 1023 2679 xvt).
1060 2607 1184 2663 Haec
1234 2609 1516 2664 inundatio
1553 2607 1725 2662 tribus
1762 2608 1938 2663 modis
1983 2606 2063 2670 ﬁt,

490 2698 618 2766 quia
649 2705 888 2752 tentatur
915 2699 1142 2768 quisque
1167 2715 1195 2751 a
1231 2699 1446 2768 propria
1475 2699 1948 2768 concupiscentia,
1983 2698 2066 2753 vel

493 2786 753 2841 falsorum
795 2787 1024 2840 fratrum
1060 2787 1434 2856 improbitate,
1475 2786 1561 2840 vel
1607 2796 1792 2856 aperta
1832 2787 2066 2842 exterio-

491 2892 612 2952 rum
653 2877 1078 2947 impugnatione.
1134 2877 1363 2932 lllisum.
1424 2878 1610 2933 Potest
1665 2893 1764 2948 per
1804 2877 2064 2948 impetum

489 2969 747 3035 ﬂuminis,
776 2972 1004 3025 extremi
1029 2971 1217 3042 iudicii
1242 2973 1533 3029 discrimen
1581 2972 1825 3041 intelligi,
1848 2975 2065 3042 quando

488 3060 728 3116 Ecclesia
751 3070 981 3132 utraque
1002 3071 1087 3118 est
1109 3073 1503 3120 consummata.
1525 3063 1707 3118 Omnis
1733 3066 1824 3136 qui
1845 3081 1901 3119 se
1920 3065 2064 3118 exal-

2183 527 2596 587 praeceptorum.
2645 520 2778 576 Nam
2810 523 2992 576 statim
3028 525 3246 594 gentilis
3267 529 3610 584 centurionis
3638 545 3751 584 ser-

2181 623 2280 663 vus
2313 610 2538 666 Domino
2567 615 2842 670 sanandus
2869 613 3117 681 oﬁ‘ertur,
3163 616 3216 670 in
3252 634 3362 688 quo
3402 620 3633 689 gentiles
3665 624 3756 692 qui

2183 697 2458 754 mundana
2505 702 2766 758 servitute
2807 704 2937 774 aegri
2983 704 3328 772 tenebantur,
3363 707 3630 766 beneﬁcio
3663 710 3757 766 Dei

2181 787 2425 842 salvandi
2449 791 2850 858 exprimuntur.
2883 791 3107 848 Intravit
3134 790 3530 863 Capharnaum.
3559 795 3756 852 Centu-

2179 882 2365 947 rionis,
2397 889 2502 937 etc.
2535 881 2652 937 Non
2685 893 2811 938 ante
2837 884 3062 938 intravit
3087 899 3249 954 quam
3273 885 3439 941 verba
3466 888 3760 942 terminas-

2193 981 2292 1034 set,
2331 971 2436 1026 etsi
2463 971 2645 1027 statim
2687 982 2809 1043 post
2834 973 2949 1028 haec
2969 973 3134 1028 verba
3162 989 3269 1029 non
3298 975 3540 1030 intravit.
3573 976 3762 1032 Prius-

2179 1075 2341 1130 quam
2367 1061 2510 1116 euim
2535 1063 2786 1128 intraret,
2809 1063 2868 1117 in
2893 1063 3013 1132 ipso
3034 1062 3323 1120 intervallo
3353 1066 3652 1122 mundatus
3676 1075 3762 1122 est

2168 1151 2442 1223 leprosos,
2471 1163 2532 1210 ut
2561 1155 2846 1210 Mattheus
2873 1156 3049 1225 ponit.

2250 1243 2414 1298 Vens.
2444 1244 2728 1299 5.—-Misit
2756 1246 2824 1298 ad
2845 1261 2966 1300 eum
2988 1248 3237 1311 seniores,
3265 1255 3378 1303 etc.
3401 1248 3595 1304 Divina
3624 1263 3757 1320 pro-

2176 1339 2413 1393 videntia
2451 1341 2694 1396 seniores
2722 1339 3030 1395 Iudaeorum
3058 1342 3370 1408 mittuntur,
3403 1352 3459 1398 et
3496 1344 3580 1399 eis
3611 1359 3759 1414 prte-

2176 1429 2420 1484 sentibus
2460 1429 2746 1500 languidus
2772 1439 3018 1497 sanatur,
3040 1437 3102 1484 ut
3131 1431 3535 1488 inexcusabiles
3555 1434 3671 1489 sint
3713 1434 3760 1487 si

2166 1519 2400 1573 credere
2427 1519 2718 1574 noluerint.

2245 1608 2502 1663 Centurio
2548 1609 2751 1664 amicos
2797 1609 2982 1672 mittit,
3029 1623 3100 1663 ne
3129 1610 3419 1679 praesentia
3459 1625 3560 1666 sua
3603 1624 3759 1664 vere-

2177 1697 2432 1752 cundiam
2461 1697 2672 1753 Domini
2703 1698 3248 1767 gravarovideretur,
3290 1710 3348 1755 et
3380 1700 3616 1756 oﬁicium
3637 1699 3757 1756 οὓ-

2093 1777 2150 1842 ’Β
2176 1788 2260 1844 cio
2287 1802 2631 1858 provocasse.
2667 1789 2950 1860 Signiﬁcat
2990 1799 3196 1854 autem,
3232 1791 3361 1861 quia
3406 1806 3507 1846 nos
3553 1791 3648 1861 qui
3695 1792 3761 1846 de

2174 1878 2422 1948 gentibus
2442 1879 2724 1933 credimus
2745 1879 2812 1931 ad
2836 1880 3143 1944 Dominum,
3172 1895 3281 1934 non
3305 1880 3404 1949 ipsi
3424 1880 3610 1935 venire
3631 1894 3759 1949 pos-

2173 1977 2358 2021 sumus
2391 1981 2550 2036 quem
2571 1967 2636 2021 ‘in
2665 1983 2831 2022 carne
2868 1968 3051 2022 videre
3085 1983 3192 2022 non
3216 1983 3525 2038 possumus,
3555 1967 3655 2024 sed
3689 1967 3760 2022 ad

2173 2059 2494 2113 residentem
2521 2058 2576 2112 in
2598 2059 2819 2114 dextera
2834 2057 3038 2114 Patris.
3071 2057 3305 2114 Gentilis
3332 2059 3563 2130 populus
3599 2059 3758 2128 quasi

2171 2150 2416 2206 centurio
2475 2150 2706 2219 stipatur
2762 2150 2932 2205 milite
2974 2150 3234 2204 virtutum
3279 2159 3336 2205 et
3395 2149 3760 2219 spiritualium

2169 2237 2522 2310 perfectione,
2559 2253 2682 2308 quae
2722 2239 2776 2293 in
2801 2248 3020 2294 centum
3067 2237 3422 2309 signiﬁcatur.
3472 2239 3757 2304 Sublimis,

2175 2331 2314 2386 nihil
2340 2339 2616 2386 terrenum
2640 2345 2671 2384 a
2699 2330 2932 2386 Domino
2954 2330 3058 2386 sibi
3087 2331 3309 2400 suisque
3327 2330 3636 2400 requirens,
3659 2330 3758 2385 sed

2173 2420 2290 2477 sola
2330 2429 2549 2474 aeterna:
2568 2418 2758 2474 salutis
2780 2419 2976 2489 gaudia
3000 2426 3089 2474 :et
3117 2419 3172 2474 hi
3200 2433 3299 2488 pro
3325 2417 3521 2484 servis,
3558 2418 3613 2472 id
3646 2427 3756 2482 est,

2165 2528 2266 2584 pro
2294 2512 2382 2568 his
2421 2512 2516 2582 qui
2541 2511 2719 2568 adhuc
2759 2511 2955 2583 spiritu
2995 2510 3278 2567 servitutis
3309 2511 3366 2566 in
3393 2510 3590 2566 timore
3619 2525 3756 2581 pre~

2167 2614 2410 2670 muntur,
2444 2605 2674 2658 Domino
2699 2603 3037 2674 supplicant,
3072 2609 3132 2657 ut
3156 2603 3238 2658 eis
3265 2602 3524 2673 pauiatim
3553 2602 3619 2655 ad
3659 2617 3754 2656 su-

2167 2697 2378 2766 periora
2416 2695 2707 2766 provectis,
2729 2691 2960 2766 perfecta
2986 2693 3198 2748 dilectio
3230 2693 3375 2762 foras
3398 2692 3568 2746 mittat
3594 2691 3756 2744 timo—

2169 2801 2276 2838 rem
2305 2784 2354 2855 (1
2385 2784 2545 2838 Joan.
2579 2786 2674 2856 tv).

2237 2873 2523 2927 Matthqu
2549 2872 2682 2927 dicit
2736 2873 3110 2928 centurionem
3139 2871 3455 2936 accessisse,
3483 2871 3624 2940 quod
3651 2885 3758 2940 .per

2167 2963 2328 3020 ﬁdem
2375 2965 2782 3036 intelligendum
2839 2973 2943 3020 est.
2979 2964 3082 3019 Per
3115 2964 3276 3018 ﬁdem
3318 2963 3462 3018 enim
3507 2977 3636 3018 vere
3682 2963 3755 3016 ad

2167 3057 2336 3112 Deum
2367 3057 2664 3121 acceditur,
2688 3071 2810 3126 qua:
2841 3057 2896 3110 in
2923 3055 3242 3112 centurione
3278 3069 3308 3108 a
3335 3054 3567 3109 Domino
3593 3067 3753 3108 com-

488 3159 566 3203 tat
621 3151 1018 3218 humiliabitur,
1073 3163 1120 3207 et
1180 3155 1270 3223 qui
1329 3169 1383 3208 se
1442 3153 1686 3208 humiliat
1746 3134 2064 3210 exaltabitur
2091 3134 2134 3195 (ἶ
2167 3148 2481 3202 mendatur:
2517 3144 2641 3200 Non
2671 3147 2841 3201 inveni
2869 3155 3069 3200 tantam
3090 3145 3248 3214 ﬁdem
3277 3146 3332 3198 in
3362 3143 3554 3198 Israel.
3573 3143 3755 3199 Porro

488 3239 641 3310 (Luc.
672 3240 806 3312 xiv).
839 3240 1030 3296 Domni
1048 3240 1150 3297 illi.
1178 3243 1414 3314 Singulm
1440 3252 1641 3298 nostra:
1680 3244 1892 3309 domus,
1934 3259 2068 3313 quo-

486 3332 640 3397 tidie,
681 3332 765 3388 vel
793 3333 1194 3389 immundorum
1237 3335 1548 3405 Spirituum,
1578 3333 1664 3388 vel
1697 3334 2065 3404 improborum

486 3423 793 3489 hominum,
817 3423 903 3479 vel
929 3439 1040 3479 suae
1068 3425 1235 3494 ipsius
1263 3425 1479 3490 mentis,
1515 3424 1600 3478 vel
1640 3424 1821 3480 carnis
1853 3425 2065 3494 inqui-e-

489 3513 674 3568 tudine
696 3512 994 3583 pulsantur.
1013 3513 1079 3567 Et
1103 3523 1360 3583 quanqu
1375 3513 1619 3584 propriis
1638 3513 1845 3568 viribus
1873 3513 2063 3580 ﬁdunt,

487 3604 820 3658 inclinantur
847 3622 859 3659 :
884 3612 1143 3673 quantum
1172 3603 1537 3659 invictissimzn
1569 3613 1736 3675 petrzc
1767 3605 2063 3672 adhaerent,

486 3695 811 3751 labefactari
844 3705 1135 3765 nequeunt.

559 3787 724 3842 Vsus.
771 3786 863 3842 49.
891 3817 956 3827 -
981 3786 1155 3857 Supra
1200 3797 1428 3854 terram,
1459 3796 1562 3842 etc.
1607 3783 1858 3842 Diabolus
1910 3798 2066 3841 mun-

488 3878 616 3932 dum
666 3877 758 3946 qui
826 3878 881 3931 in
935 3876 1173 3947 maligno
1231 3878 1442 3948 positus
1500 3887 1584 3932 est
1632 3893 1794 3948 super
1861 3887 2062 3932 terram

486 3967 740 4033 aediﬁcat,
769 3967 896 4038 quia
925 3968 992 4022 ad
1037 3975 1378 4022 terrenarum
1425 3983 1668 4023 amorem
1698 3968 1891 4023 trahit.
1935 3967 2064 4024 Sine

487 4056 840 4111 fundamento
869 4057 1118 4121 aediﬁcat,
1161 4057 1286 4127 quia
1311 4066 1593 4127 peccatum
1629 4057 1682 4112 in
1710 4057 1928 4127 propria
1963 4072 2061 4112 na-

489 4158 613 4200 tura
646 4161 752 4200 non
774 4145 1041 4211 subsistit,
1079 4146 1204 4216 quia
1234 4145 1432 4200 malum
1460 4147 1764 4202 substantia
1809 4161 1918 4201 non
1955 4155 2059 4213 est,

490 4235 635 4306 quod
661 4244 841 4289 tamen
867 4235 1172 4303 ubicunque
1217 4235 1276 4289 ﬁt
1322 4236 1375 4290 in
1418 4235 1558 4291 bona
1590 4247 1779 4290 natura
1809 4235 2062 4292 coalescit

486 4325 572 4380 vel
611 4327 726 4380 sine
755 4325 1122 4390 fundamento,
1163 4325 1216 4380 id
1255 4335 1338 4381 est
1379 4327 1495 4383 sine
1536 4327 1719 4384 fundo.
1751 4328 1905 4384 Sicut
1933 4343 2062 4402 ergo

490 4419 583 4489 qui
615 4418 668 4472 in
695 4426 855 4487 puteo
891 4418 1173 4488 mergitur,
1202 4419 1348 4489 putei
1378 4420 1430 4473 in
1456 4418 1627 4474 fundo
1672 4421 1951 4485 retinetur,
1980 4422 2059 4476 sic

489 4509 670 4562 anima
699 4507 847 4577 lapsa
883 4509 1034 4577 quasi
1069 4509 1120 4562 in
1157 4509 1388 4578 quodam
1435 4509 1555 4564 loco
1596 4506 1746 4563 fundi
1791 4510 2058 4576 consistit,

487 4605 532 4659 si
560 4603 614 4658 iu
642 4602 819 4672 aliqua
847 4604 1051 4672 peccati
1076 4619 1326 4658 mensura
1353 4618 1410 4658 se
1435 4603 1648 4658 retinet.
1667 4601 1772 4658 Sed
1795 4619 1915 4658 cum
1939 4619 2065 4674 pec-

489 4700 613 4745 cato
644 4691 697 4745 in
739 4705 846 4760 quo
887 4690 1084 4744 labitur
1109 4707 1214 4745 non
1263 4699 1442 4760 potest
1466 4705 1585 4744 esse
1613 4699 1886 4756 contenta,
1935 4691 2059 4745 dum

490 4778 558 4834 ad
597 4778 866 4835 deteriora
897 4781 1140 4850 quotidie
1168 4781 1404 4845 ducitur,
1437 4779 1593 4848 quasi
1645 4779 1700 4833 in
1742 4791 1906 4848 puteo
1953 4795 2064 4850 quo

492 4869 729 4924 concidit
761 4869 981 4924 fundum
1029 4886 1137 4940 quo
1185 4871 1379 4941 ﬁgatur
1409 4885 1514 4925 non
1551 4870 1774 4924 invenit.
1820 4867 2057 4924 Concidit

489 4971 538 5014 ct
563 4961 705 5032 facta
734 4973 804 5015 est
835 4964 1012 5025 ruina,
1055 4971 1158 5015 etc.
1205 4961 1395 5017 Omnis
1435 4961 1786 5028 conscientia,
1815 4977 1934 5032 qua:
1964 4978 2058 5032 spe

491 5053 596 5107 lixa
633 5053 686 5108 in
728 5053 895 5109 Deum
942 5071 1046 5108 non
1090 5064 1389 5126 permanet,
1425 5054 1480 5108 in
1519 5053 1905 5108 tentationibus
1950 5071 2055 5110 non

489 5143 635 5199 valet
681 5145 1018 5215 persistere,“
1046 5154 1099 5198 et
1133 5153 1280 5198 tanto
1326 5144 1447 5214 plus
1486 5143 1685 5213 agitur,
1711 5152 1916 5212 quanto
1938 5144 2058 5214 plus

491 5234 546 5288 in
578 5233 681 5289 illis
711 5249 828 5305 qua:
871 5235 1055 5288 mundi
1082 5243 1208 5288 sunt
1237 5249 1267 5287 a
1313 5233 1680 5303 superioribus
1714 5233 2055 5305 disjungitur.

494 5326 560 5381 Et
580 5341 704 5382 vere
729 5340 916 5380 omnes
944 5325 1067 5379 tuali
1096 5325 1178 5379 vel
1202 5324 1328 5381 ﬁcte
1349 5325 1474 5382 boni
1504 5325 1789 5398 ingruente
1818 5327 2058 5398 qualibet

493 5417 812 5481 tentatioue,
839 5415 1048 5486 pejores
1074 5416 1226 5471 ﬁunt.

1088 5550 1313 5607 CAPUT
1353 5552 1462 5608 VII.

465 5749 468 5753 λ
565 5679 722 5734 Vens.
755 5682 845 5734 1.-
866 5680 1014 5734 -Cum
1041 5691 1209 5735 autem
1241 5682 1515 5753 implesset.
1546 5683 1779 5738 Pulchre
1811 5686 1898 5740 ubi
1923 5703 2056 5756 prte-

2168 3240 2342 3294 Lucas
2380 3239 2568 3294 ordine
2594 3252 2701 3308 quo
2743 3246 2954 3308 gestum
2996 3245 3080 3292 est
3127 3237 3464 3307 exsequitur,
3498 3243 3558 3290 ut
3586 3235 3754 3290 intel-

2169 3330 2333 3399 ligcre
2378 3344 2722 3400 cogeremur,
2769 3328 3040 3398 quomodo
3078 3341 3210 3384 eum
3264 3327 3564 3384 accessisse
3612 3325 3755 3382 dicit

2171 3419 2473 3474 Mattheeus.

2239 3509 2402 3564 Vens.
2434 3507 2781 3566 5.—'—Gentem
2798 3520 3048 3564 nostram.
3066 3508 3312 3582 Mystice.
3330 3507 3562 3564 Gentiiis
3574 3522 3753 3579 popu-

2168 3600 2250 3654 lus
2265 3599 2439 3670 (cujus
2468 3599 2696 3670 ﬁguram
2719 3609 2895 3671 gestat
2920 3600 3191 3671 centurio)
3219 3615 3327 3656 non
3349 3599 3510 3670 longe
3530 3599 3702 3654 habet
3721 3617 3755 3653 a

2167 3693 2327 3748 domo
2351 3691 2555 3755 Iesum,
2588 3693 2806 3748 tametsi
2839 3693 2940 3747 sub
2981 3701 3122 3748 tecto
3152 3693 3383 3748 invitare
3413 3707 3520 3746 non
3562 3692 3752 3755 audet,

2166 3784 2314 3853 quia,
2330 3799 2486 3853 prope
2512 3783 2753 3837 timentes
2781 3799 2899 3838 eum
2921 3782 3155 3837 salutare
3176 3783 3362 3852 ipsius.
3378 3782 3481 3848 Qui
3507 3783 3751 3836 naturali

2166 3875 2282 3944 lege
2310 3883 2457 3928 recte
2479 3873 2668 3937 utitur,
2691 3881 2751 3926 ut
2785 3873 2924 3926 bona
2958 3888 3077 3941 qua:
3102 3873 3250 3927 novit
3275 3881 3556 3941 operatur,
3576 3886 3645 3927 eo
3670 3871 3750 3926 illi

2160 3967 2257 4036 qui
2291 3980 2420 4020 vere
2457 3965 2634 4019 bonus
2659 3973 2746 4019 est
2785 3965 3084 4035 appropiat.
3114 3965 3186 4018 At
3230 3963 3338 4018 illis
3382 3977 3518 4032 quos
3555 3978 3751 4018 errore

2166 4057 2485 4130 gentilitatis
2516 4056 2746 4112 crimina
2784 4057 3093 4122 vinxerant,
3134 4055 3308 4125 aptari
3350 4062 3546 4125 potest,
3598 4055 3750 4124 quod

2166 4148 2291 4202 alibi
2339 4149 2577 4202 dicitur:
2613 4147 2842 4212 Quidam
2876 4147 3013 4202 enim
3057 4163 3121 4201 ex
3160 4146 3241 4201 Itis
3298 4147 3364 4200 de
3401 4145 3555 4216 longe
3594 4161 3748 4200 vene-

2167 4247 2290 4291 runt
2322 4237 2520 4305 (Marc.
2550 4239 2693 4303 vnn).

2239 4329 2401 4382 Vens.
2433 4332 2485 4382 ti.
2513 4359 2580 4366 —
2606 4328 2759 4383 Jestts
2783 4339 2962 4383 autem
2991 4330 3117 4383 ibat.
3153 4328 3281 4384 Solo
3301 4328 3469 4384 verbo
3491 4334 3750 4398 potenter

2167 4429 2479 4482 curaturus,
2505 4418 2569 4472 ad
2599 4419 2919 4474 humilitatis
2949 4419 3474 4475 commendationem
3514 4419 3749 4474 visitare

2168 4511 2422 4582 dignatur
2459 4511 2840 4580 languentem;
2887 4519 2943 4565 et
2987 4511 3079 4580 qui
3126 4511 3192 4564 ad
3221 4510 3520 4566 sanandum
3569 4510 3744 4580 reguli

2168 4602 2336 4656 tiiium
2379 4602 2458 4655 ire
2498 4601 2688 4666 noluit,
2738 4615 2805 4655 ne
2845 4600 3062 4654 divitias
3102 4601 3402 4655 honorasse
3441 4599 3743 4664 videretur,

2168 4695 2235 4749 ad
2261 4709 2478 4748 servum
2504 4694 2674 4757 vadit,
2693 4709 2760 4748 ne
2780 4693 3031 4748 servilem
3062 4693 3429 4748 conditionem
3469 4691 3747 4761 sprevisse

2167 4793 2472 4855 putaretur.
2504 4784 2692 4837 Elueet
2718 4783 2850 4838 ﬁdes
2879 4784 2934 4838 in
2976 4783 3232 4855 operibus
3266 4782 3394 4838 dum
3439 4789 3619 4846 sanat,
3645 4783 3745 4836 sed

2167 4875 2289 4944 plus
2317 4881 2576 4944 operatur
2623 4873 2897 4929 humilitas
2948 4875 3002 4928 in
3051 4873 3333 4928 affectibus
3391 4873 3515 4928 dum
3566 4873 3740 4927 vadit.

2167 4964 2293 5018 Non
2319 4954 2435 5017 sum
2458 4964 2666 5033 dignus.
2686 4963 2911 5033 Propter
2935 4967 3054 5018 vita!
3087 4963 3305 5034 gentilis
3325 4962 3738 5026 conscientiam,

2165 5053 2380 5123 gravari
2425 5067 2483 5106 se
2512 5054 2685 5123 magis
2728 5051 3038 5122 dignatione
3081 5053 3291 5123 putavit
3314 5050 3525 5106 Domini
3573 5067 3739 5120 quam

2160 5143 2358 5212 juvari,
2387 5157 2488 5196 nec
2509 5157 2670 5212 posse
2711 5145 2914 5198 habere
2947 5145 3212 5214 hospitem
3240 5143 3538 5210 Christum,
3584 5143 3740 5212 cujus

2166 5236 2269 5290 etsi
2301 5235 2406 5290 ﬁde
2429 5237 2705 5306 ptmditus,
2743 5239 2978 5291 nondum
3024 5246 3201 5292 tamen
3234 5238 3590 5292 sacramentis
3638 5237 3742 5290 im—

2169 5325 2353 5380 butus.
2389 5325 2493 5380 Sed
2520 5327 2644 5394 quia
2674 5328 2816 5395 quod
2851 5327 3138 5382 inﬁrmitas
3183 5329 3414 5382 humana
3453 5341 3561 5382 non
3600 5343 3741 5397 pm

2166 5416 2349 5478 sumit,
2389 5415 2568 5470 divina
2605 5418 2778 5486 gratia
2815 5417 2944 5471 dare
2973 5418 3123 5472 novit
3166 5418 3220 5472 in
3254 5417 3482 5487 ﬁguram
3522 5416 3741 5487 gentilis

2168 5506 2374 5576 populi,
2406 5516 2462 5561 et
2489 5522 2640 5561 suam
2673 5507 2831 5561 ﬁdem
2870 5507 3106 5563 nondum
3136 5509 3507 5564 catechizatus
3552 5525 3583 5564 a
3626 5508 3735 5563 Do-

2164 5599 2310 5652 mino
2344 5598 2549 5653 laudari
2580 5607 2635 5653 et
2661 5597 2916 5652 famulum
2953 5600 3133 5653 sanari
3164 5599 3483 5668 promeruit.

2237 5689 2397 5745 Vsus.
2431 5689 2700 5746 8.—Nam
2731 5702 2778 5744 et
2817 5708 2927 5761 ego,
2958 5700 3060 5745 etc.
3098 5690 3154 5745 Si
3192 5707 3290 5762 ego
3315 5692 3475 5746 homo
3502 5693 3603 5746 sub
3629 5694 3738 5748 alio
