3960 6336
125 5883 160 5910 \

241 395 351 452 269

1225 392 1488 450 GLOSSA
1532 389 1927 449 ORDINARIA.
1969 422 2036 430 —-
2073 387 2323 447 EVANG.
2368 390 2522 447 LUC.

3390 394 3496 450 270

241 521 464 578 possum
509 505 771 574 imperare
817 503 1132 570 minoribus,
1167 514 1371 576 quanto
1406 505 1576 577 magis
1607 513 1685 570 tu,
1717 504 1808 575 qui
1838 507 1886 566 Α
1911 510 1968 558 et
1993 503 2220 559 correcti
2246 503 2473 559 credant
2516 503 2572 558 in
2600 503 2784 560 Jesum
2833 512 2888 561 et
2941 506 3198 577 magistro
3247 506 3488 564 interro:

241 612 412 667 super
439 595 622 650 omnia
653 595 858 650 habens
904 593 1226 650 famulantes
1253 595 1489 666 angelos,
1526 603 1680 664 potes
1722 608 1822 664 per

243 701 438 741 eorum
464 684 764 739 ministeria
795 684 917 739 sine
939 685 1184 754 corporis
1218 685 1508 754 praesentia
1535 685 1716 739 dicere
1737 684 1821 738 in-

243 776 492 829 ﬁrmitati
523 783 582 829 ut
605 774 842 840 recedat,
858 784 916 831 et
939 776 1180 843 recedet,
1207 775 1503 831 ctsanitati
1532 783 1591 830 ut
1615 775 1818 840 veniat,

239 875 299 921 et
327 869 526 922 veniet.

315 959 482 1019 Vens.
515 961 568 1017 9.
593 993 663 1002 -—
695 957 806 1016 Nec
830 963 886 1016 in
919 961 1106 1018 Israel.
1136 961 1297 1018 Fides
1337 963 1497 1018 istius
1517 961 1684 1017 etiam
1709 960 1820 1016 ele-

237 1056 504 1113 ctioribus
544 1063 597 1109 et
647 1051 814 1109 Deum
858 1055 1163 1110 videntibus
1201 1054 1521 1112 antefertur.
1559 1054 1736 1110 Etiam
1763 1053 1818 1109 in

239 1149 349 1204 isto
380 1164 486 1203 uno
520 1149 656 1203 ﬁdes
685 1150 924 1219 gentium
952 1147 1232 1220 praefertur
1258 1149 1462 1205 lsraeli.

318 1258 477 1314 Vens.
498 1259 730 1314 l0.-—-Et
755 1262 942 1315 reversi
957 1272 1096 1316 sunt.
1116 1261 1399 1317 Matthzens
1420 1261 1630 1332 planius
1649 1259 1819 1331 expli-

237 1359 350 1414 cat,
383 1351 524 1420 quod
559 1351 771 1406 dicente
798 1351 1024 1405 Domino
1054 1369 1067 1404 :
1101 1336 1250 1406 Sicut
1287 1352 1556 1406 credidisti
1572 1351 1669 1420 ﬁat
1703 1351 1815 1418 tibi,

236 1452 460 1495 sanatus
483 1442 548 1500 sit
577 1459 707 1512 puer
727 1442 942 1514 (Matth.
960 1443 1100 1513 Vill).
1118 1443 1226 1498 Sed
1245 1459 1363 1499 mos
1379 1455 1462 1498 est
1482 1439 1639 1498 beato
1661 1443 1818 1498 Lucae

237 1532 312 1585 ab
339 1531 459 1587 aliis
492 1533 651 1602 plane
675 1534 915 1604 exposita
942 1533 1213 1600 breviare,
1243 1534 1327 1589 vel
1359 1535 1524 1589 etiam
1551 1535 1615 1589 de
1638 1534 1817 1590 indus-

240 1622 347 1676 tria
373 1623 648 1692 przeterire
673 1639 792 1694 quae
813 1624 1051 1680 breviter
1076 1625 1217 1680 dicta
1242 1625 1310 1681 ab
1333 1625 1475 1692 aliis,
1499 1625 1587 1681 vel
1610 1626 1816 1681 omissa

237 1712 498 1767 solertius
547 1713 864 1770 dilucidare.
915 1713 1236 1790 Inquerunt
1275 1732 1500 1770 servum.
1549 1715 1816 1772 Credente

237 1804 476 1858 Domino
499 1813 723 1860 sanatur
745 1820 957 1871 servus,
979 1805 1104 1875 quia
1127 1814 1302 1875 potest
1327 1806 1579 1860 meritum
1604 1803 1814 1862 Domini

232 1896 409 1949 etiam
436 1895 606 1951 servis
627 1894 932 1967 suffragari,
961 1910 1068 1952 non
1093 1905 1304 1952 tantum
1326 1895 1450 1953 ﬁdei
1480 1899 1696 1965 merito,
1720 1899 1814 1954 sed

235 1983 407 2039 etiam
443 1983 621 2040 studio
646 1984 964 2055 disciplime.

312 2095 477 2150 Vens.
498 2089 776 2151 li.—~Ef
784 2095 982 2165 factum
1012 2104 1108 2162 est,
1147 2104 1255 2151 etc.
1287 2094 1416 2150 Post
1448 2104 1696 2150 sanatum
1730 2095 1813 2150 in-

238 2187 460 2243 ﬁrmum
490 2187 720 2243 suscitat
745 2195 1042 2253 mortuum,
1080 2187 1205 2257 quia
1246 2186 1534 2242 inﬁrmitas
1557 2187 1816 2256 praecedit

237 2285 493 2331 mortem.

312 2384 446 2450 Quir
467 2393 686 2438 vocatur
715 2381 899 2438 Naim.
946 2383 1101 2438 Naim
1143 2395 1228 2439 est
1268 2385 1463 2440 civitas
1489 2384 1726 2440 Galilaeae
1758 2385 1814 2440 in

235 2477 478 2531 secundo
509 2475 763 2532 milliario
791 2492 822 2530 a
850 2474 1066 2531 Thabor
1110 2485 1296 2531 contra
1333 2477 1612 2532 meridiem
1656 2476 1812 2545 juxta

236 2567 443 2631 Endor,
473 2567 565 2637 qui
587 2573 674 2622 est
711 2567 862 2621 vicus
887 2567 1130 2636 grandis.
1157 2565 1310 2622 Naim
1336 2575 1519 2623 autem
1545 2567 1812 2637 interpre-

237 2666 390 2712 tatur
415 2659 603 2726 fluctus
629 2656 713 2712 vel
733 2657 1031 2711 commotio.

310 2768 476 2823 Vens.
501 2767 795 2822 12.—Cum
808 2777 982 2822 autem
1001 2768 1458 2839 appropinquaret,
1474 2775 1582 2823 etc.
1598 2767 1811 2841 (Βιςω.)

234 2862 375 2916 Cum
400 2860 638 2916 Verbum
669 2875 798 2916 caro
846 2858 1074 2927 factum,
1123 2860 1376 2930 gentilcm
1421 2859 1675 2930 populum
1716 2874 1814 2930 per

235 2963 428 3023 portas
457 2954 602 3020 ﬁdei,
625 2963 756 3020 etc.,
781 2971 941 3026 usque
962 2955 1032 3008 ad
1061 2956 1204 3025 quod
1225 2964 1281 3010 et
1306 2955 1523 3010 interim
1545 2957 1598 3010 in
1624 2956 1812 3026 paucis

232 3047 546 3103 Judaeorum
583 3047 884 3114 conversis,
909 3055 965 3103 et
992 3049 1207 3103 tandem
1247 3048 1300 3102 in
1341 3048 1678 3118 plenitudine
1711 3048 1813 3103 im-

234 3148 418 3210 perat.

307 3232 452 3286 Ecce
479 3229 756 3300 defunctus
779 3229 1110 3298 eﬂ'erebatur,
1133 3235 1237 3283 etc.
1261 3226 1578 3290 Defunctus,
1603 3229 1694 3298 qui
1721 3243 1813 3284 co-

232 3337 358 3377 ram
384 3319 572 3375 multis
597 3327 751 3374 extra
788 3317 1280 3406 portam‘ffertur,
1320 3315 1592 3387 signiﬁcat
1631 3316 1816 3370 crimi-

232 3411 434 3467 naliter
477 3417 815 3481 peccantem,
853 3419 910 3464 et
948 3407 1231 3478 peccatum
1275 3423 1382 3462 non
1429 3407 1607 3461 cordis
1649 3406 1808 3461 cubili

236 3511 543 3573 tegentem,
572 3500 668 3556 sed
715 3499 914 3555 indicio
952 3499 1133 3568 operis
1170 3498 1255 3552 vel
1302 3497 1612 3562 locutionis,
1657 3498 1812 3567 quasi

231 3607 339 3660 per
359 3591 498 3646 ostia
527 3605 639 3645 sua:
671 3589 908 3643 civitatis
942 3587 1064 3641 aliis
1093 3586 1483 3656 propalantem.
1515 3585 1685 3652 Quem
1713 3586 1814 3640 sic-

233 3692 298 3738 ut
332 3683 550 3738 unicum
578 3680 740 3736 deﬁet
766 3689 939 3737 mater
962 3678 1224 3743 Ecclesia,
1255 3692 1375 3746 quae
1419 3676 1548 3732 licet
1583 3691 1650 3731 ex
1680 3677 1814 3731 mulo

235 3777 314 3832 tis
359 3775 582 3830 collecta
625 3773 898 3844 personis,
940 3787 1047 3825 una
1095 3779 1178 3824 est
1227 3777 1404 3823 tamen
1450 3768 1603 3838 virgo
1639 3776 1814 3822 mater

234 3866 509 3933 Ecclesia,
529 3864 722 3937 singuli
757 3871 937 3918 autem
967 3862 1080 3915 ﬁlii.
1111 3861 1274 3915 Porta
1307 3876 1411 3929 qua
1448 3858 1692 3924 ell'ertur,
1717 3860 1814 3914 ali-

232 3958 364 4028 quis
391 3966 475 4012 est
526 3957 591 4012 de
619 3955 868 4010 sensibus
892 3967 1002 4022 quo
1047 3951 1245 4023 aliquis
1282 3951 1337 4006 in
1377 3958 1656 4020 peccatum
1684 3965 1812 4004 eor-

234 4049 370 4104 ruit.
405 4045 477 4103 Ut
499 4046 594 4118 qui
638 4045 788 4100 videt
829 4044 894 4098 ad
937 4042 1453 4113 concupiscendum,
1495 4040 1587 4110 qui
1633 4049 1814 4095 autem

229 4140 431 4196 otiosis
459 4139 544 4194 vel
577 4135 823 4208 turpibus
840 4134 1144 4200 audiendis,
1176 4133 1268 4204 qui
1297 4132 1536 4204 linguam
1567 4145 1810 4186 commo-

234 4232 332 4286 dat
365 4229 570 4301 litigiis.

307 4320 485 4375 Filius
511 4321 696 4375 unicus
719 4318 877 4373 matri
901 4333 1029 4372 sum.
1064 4315 1286 4388 (Anam)
1334 4315 1508 4368 Adam
1552 4314 1618 4369 de
1663 4324 1809 4369 terra

230 4422 486 4486 portatur
529 4428 558 4467 a
586 4421 820 4482 quatuor
847 4407 1150 4472 elementis,
1190 4405 1331 4460 unde
1378 4406 1539 4460 homo
1575 4411 1809 4460 constat.

232 4507 501 4578 Tangitur
540 4505 768 4568 loculus,
806 4511 934 4567 etc.,
961 4517 1122 4572 usque
1161 4500 1229 4552 ad
1270 4497 1488 4567 quando
1524 4497 1809 4551 avaritiam

229 4600 462 4670 cogitat,
499 4597 581 4653 vel
620 4597 836 4666 quando
863 4609 962 4665 pro
1005 4591 1168 4646 nimia
1208 4589 1359 4644 febre
1389 4587 1534 4658 tangi
1582 4603 1686 4643 non
1709 4601 1811 4656 po-

235 4701 481 4838 tesVens.
512 4781 597 4835 l3.
622 4810 689 4820 -—
714 4777 781 4832 Et
809 4776 982 4831 turba.
1026 4772 1176 4828 Multi
1202 4787 1324 4827 cum
1365 4771 1615 4835 Domino,
1659 4767 1814 4822 multi

231 4891 367 4932 cum
393 4873 579 4939 vidua,
607 4879 668 4927 ut
715 4870 831 4925 viso
860 4865 1124 4922 miraculo
1152 4863 1325 4934 multi
1377 4862 1472 4918 Dei
1508 4862 1814 4917 laudatores

233 4976 294 5022 et
323 4974 488 5020 testes
519 4963 671 5018 ﬁant.

311 5057 481 5111 Vens.
512 5055 597 5110 l5.
625 5085 695 5094 —
725 5053 791 5107 Et
831 5051 1042 5106 resedit.
1075 5049 1212 5104 Tres
1254 5056 1500 5103 mortuos
1535 5045 1818 5102 suscitavit

234 5146 504 5201 Dominus
530 5160 545 5199 :
576 5143 738 5198 ﬁliam
769 5139 1186 5212 arcbisynagogi
1216 5139 1269 5193 in
1297 5139 1480 5202 domo,
1514 5139 1564 5192 id
1592 5145 1694 5202 est,
1725 5152 1817 5193 co-

237 5237 536 5310 gitatione;
581 5235 746 5290 lilium
780 5233 995 5289 unicum
1026 5233 1216 5286 matris
1245 5229 1298 5283 in
1328 5237 1506 5299 porta,
1548 5227 1604 5282 id
1630 5236 1714 5283 est
1762 5228 1815 5282 in

237 5326 447 5391 verbo;
479 5327 744 5380 Lazarum
791 5324 842 5377 in
884 5328 1253 5385 monumento,
1283 5316 1337 5372 id
1369 5326 1453 5373 est
1479 5318 1532 5372 in
1559 5333 1742 5387 opere.

313 5416 480 5470 Vens.
511 5415 592 5468 16.
620 5444 689 5454 --
720 5412 980 5466 Visitavit.
1022 5411 1156 5464 Dum
1191 5419 1246 5464 et
1275 5407 1508 5463 Verbum
1540 5407 1708 5462 semel
1735 5407 1817 5462 in-

237 5507 522 5577 corporari
549 5504 849 5569 constituit,
880 5511 934 5559 et
975 5503 1219 5574 quotidie
1256 5501 1519 5572 Spiritum
1567 5507 1814 5555 sanctum

240 5601 296 5652 in
322 5597 488 5652 corda
515 5594 811 5657 hominum,
841 5603 901 5648 ut
928 5594 1258 5648 suscitentur
1286 5591 1472 5645 mittit.

316 5685 480 5740 Vens.
512 5685 764 5742 £8.—Et
815 5685 1201 5738 nuntiaverunt.
1251 5679 1473 5752 (Attum)
1520 5679 1637 5734 Non
1682 5678 1814 5735 sim-

241 5779 372 5850 plici
404 5778 587 5847 corde,
620 5777 714 5836 sed
758 5777 956 5832 invidia
1003 5773 1340 5840 stimulante,
1371 5782 1509 5841 etc.,
1538 5789 1699 5842 usque
1747 5772 1816 5826 ad

1836 3188 1884 3253 C

1922 602 2080 664 gante
2104 593 2207 650 sibi
2231 593 2413 649 dicant
2438 611 2452 648 :
2483 593 2561 648 Tu
2586 611 2640 650 es
2666 597 2761 666 qui
2786 606 3035 652 venturus
3064 615 3138 653 es.

1992 684 2170 756 (Bem,
2192 682 2388 754 Gneo.)
2414 683 2532 740 Non
2557 685 2656 751 ait,
2684 687 2775 755 qui
2803 688 3026 754 venisti,
3053 698 3180 753 etc.,
3217 706 3380 760 usque
3420 695 3490 748 ad

1922 776 2049 846 quia
2078 776 2266 846 lapsus
2310 775 2512 831 amoris
2553 776 2711 832 ﬁdem
2745 793 2851 832 non
2899 779 3138 848 impedit,
3186 780 3308 837 talis
3349 783 3492 837 enim

1924 868 2108 939 lapsus
2131 874 2216 922 est
2240 867 2544 939 religiosus.

1991 955 2158 1011 Vens.
2207 955 2296 1010 22.
2324 985 2397 997 —
2422 955 2492 1010 Et
2538 958 2851 1028 respondens
2893 958 3026 1014 dixit
3077 960 3183 1016 illis
3227 975 3248 1014 :
3296 960 3494 1019 Euntes

1919 1047 2209 1100 renuntiate
2222 1044 2419 1100 Joanni
2432 1062 2550 1117 qua:
2572 1048 2798 1114 vidistis,
2813 1055 2920 1105 etc.
2939 1047 3130 1106 Sciens
3149 1049 3306 1107 Jesus
3327 1053 3497 1107 nemi-

1919 1151 2041 1192 nem
2064 1127 2180 1191 sine
2205 1137 2496 1208 Evangelio
2528 1137 2685 1208 plene
2729 1154 2890 1208 posse
2924 1141 3172 1207 credere,
3204 1143 3330 1212 quia
3355 1143 3497 1200 sicut

1921 1226 2054 1281 ﬁdes
2096 1241 2127 1281 a
2158 1227 2339 1282 Veteri
2367 1227 2555 1296 incipit
2596 1227 2977 1293 Testamento,
3027 1229 3101 1284 ita
3133 1230 3388 1302 impletur
3432 1232 3488 1288 in

1919 1317 2086 1372 Novo.
2116 1317 2482 1387 Interrogatus
2506 1319 2572 1373 de
2598 1333 2675 1384 se,
2704 1334 2809 1373 non
2842 1320 3010 1374 verbo
3037 1320 3235 1390 aliquo,
3279 1322 3372 1377 sed
3403 1322 3490 1377 fa-

1917 1409 2020 1463 ctis
2045 1422 2104 1463 se
2127 1423 2246 1464 esse
2271 1408 2525 1476 signavit,
2543 1424 2647 1463 non
2669 1410 2998 1479 respondens
3012 1411 3079 1465 ad
3102 1427 3166 1466 ea
3181 1425 3300 1482 quae
3320 1411 3490 1468 inter-

1917 1500 2268 1571 rogabantur,
2301 1500 2396 1555 sed
2420 1499 2490 1554 ad
2513 1499 2827 1555 scandalum
2856 1501 3184 1557 nuntiorum.

1989 1589 2155 1645 Vens.
2205 1590 2629 1645 23.-—Beatus.
2665 1589 2832 1657 Quasi
2878 1573 3225 1647 dicat:ﬁiir'a
3271 1592 3490 1663 quidem

1918 1679 2078 1746 facio,
2108 1681 2200 1736 sed
2246 1679 2454 1749 abiecta
2485 1683 2599 1752 pati
2628 1698 2735 1737 non
2779 1683 3055 1753 dedignor,
3105 1693 3160 1740 et
3191 1686 3488 1741 cavendum

1917 1777 2003 1824 est
2044 1769 2356 1825 hominibus
2401 1784 2470 1824 ne
2516 1771 2570 1825 in
2617 1786 2704 1826 me
2753 1772 3053 1843 deSpiciant
3095 1781 3348 1842 mortem,
3396 1775 3491 1846 qui
3531 1799 3536 1802 ·

1846 1847 1892 1907 Β
1917 1859 2073 1928 signa
2097 1868 2450 1915 venerantur.

1988 1948 2093 2014 Qui
2117 1964 2241 2002 non.
2267 1948 2486 2020 (Gneo)
2515 1948 2617 2016 Qui
2658 1949 2726 2005 de
2762 1952 3004 2021 potentia
3049 1953 3348 2010 divinitatis
3377 1969 3488 2011 non

1915 2041 2258 2096 dubitaverit.
2277 2041 2391 2097 Hoc
2413 2059 2516 2097 non
2533 2050 2720 2097 contra
2735 2041 3022 2109 Joannem,
3037 2058 3197 2113 quem
3211 2046 3487 2102 moxadeo

1913 2133 2277 2199 commendat,
2311 2133 2404 2187 sed
2434 2149 2543 2189 non
2574 2135 2856 2190 credentes
2900 2151 2928 2189 a
2967 2135 3194 2206 perﬁdia
3236 2114 3478 2205 revocat;

1913 2232 1969 2278 et
1998 2223 2194 2279 Joanni
2238 2226 2461 2294 exponit
2495 2226 2637 2295 quod
2673 2227 2966 2296 quaarebat,
2995 2228 3121 2298 quia
3146 2227 3289 2284 Deus
3318 2229 3490 2286 salvos

1915 2316 2170 2386 faciendi,
2191 2327 2238 2370 et
2255 2317 2466 2372 Domini
2480 2317 2689 2373 Domini
2712 2319 2880 2374 exitus
2905 2322 3083 2375 mortis
3099 2319 3270 2391 (Psal.
3293 2323 3482 2394 uvu).

1914 2405 2059 2462 Visis
2091 2416 2170 2463 tot
2196 2408 2367 2479 signis
2391 2417 2446 2463 et
2485 2410 2799 2476 virtutibus,
2831 2411 3006 2468 ﬁdelis
3050 2428 3157 2468 non
3201 2415 3378 2484 potuit
3417 2417 3486 2472 de

1915 2505 2088 2552 morte
2117 2497 2235 2567 ejus
2279 2499 2543 2565 dubitare,
2589 2501 2684 2555 sed
2731 2502 3009 2568 admirari,
3057 2505 3152 2560 sed
3186 2505 3478 2562 inﬁdelium

1915 2607 2070 2647 mens
2094 2592 2406 2647 scandalum
2440 2593 2490 2647 in
2518 2594 2607 2649 illo
2633 2594 2873 2664 pertulit,
2907 2611 3031 2650 cum
3069 2605 3124 2651 et
3161 2606 3283 2668 post
3309 2599 3476 2653 mira-

1914 2682 2037 2737 cula
2073 2683 2392 2738 morientem
2429 2685 2583 2739 vidit.

1988 2773 2150 2828 Vens.
2170 2772 2499 2839 24.—Qnid.
2527 2774 2628 2830 Ubi
2654 2777 2864 2831 monuit
2883 2776 3176 2848 discipulos
3189 2775 3414 2834 Joannis
3429 2778 3483 2834 in

1914 2878 2134 2920 crucem
2152 2864 2487 2920 Dominicam
2522 2881 2640 2921 esse
2677 2866 3004 2921 credendum
3035 2883 3049 2920 :
3078 2881 3373 2922 conversus
3411 2869 3480 2922 ad

1911 2956 2121 3023 turbas,
2154 2957 2220 3011 ad
2258 2956 2508 3012 virtutem
2549 2972 2807 3027 pauperes
2845 2963 3124 3026 provocat,
3158 2971 3227 3012 ne
3258 2951 3484 3012 exaltati

1913 3049 2113 3114 corde,
2165 3056 2346 3103 mente
2385 3047 2684 3113 instabiles,
2720 3047 2946 3102 consilio
2980 3047 3199 3113 inﬁrmi,
3242 3047 3482 3116 speciosa

1914 3137 2134 3192 utilibus
2146 3138 2364 3192 mternis
2377 3138 2579 3192 caduca
2601 3137 2937 3206 praeferrent,
2957 3137 3049 3191 sed
3065 3151 3278 3191 crucem
3302 3136 3482 3206 potius

1916 3241 2076 3295 quam
2094 3227 2275 3280 mundi
2294 3225 2544 3295 phaleras
2562 3225 2770 3280 tollant.
2789 3225 2984 3280 Etideo
3002 3225 3480 3295 laudatpersonam

1912 3315 2151 3379 Joannis,
2184 3316 2278 3384 qui
2324 3315 2634 3385 posthabito
2663 3331 2847 3370 amore
2877 3316 3000 3371 vita:
3043 3316 3206 3371 etiam
3253 3314 3480 3384 iustitia:

1913 3405 2141 3461 formam
2170 3419 2270 3461 nec
2297 3407 2489 3461 mortis
2517 3406 2710 3461 timore
2732 3407 2976 3460 mutavit.
3001 3406 3226 3461 Deserto
3252 3406 3484 3462 mundus

1912 3507 2274 3569 comparatur,
2307 3498 2432 3568 quia
2461 3497 2637 3552 adhuc
2665 3498 2895 3553 incultus
2910 3506 2969 3552 et
2989 3497 3188 3552 sterilis
3230 3497 3286 3552 in
3319 3511 3482 3567 quem

1912 3605 2018 3646 non
2057 3601 2140 3645 est
2186 3591 2256 3644 ita
2285 3589 2679 3660 prodeundum,
2710 3600 2765 3644 ut
2807 3591 3052 3646 homines
3080 3598 3260 3647 mente
3300 3590 3484 3646 carnis

1912 3683 2128 3737 inﬂatos
2147 3691 2202 3738 et
2230 3681 2442 3737 virtutis
2472 3696 2690 3743 vacuos,
2706 3689 2759 3735 et
2787 3682 2850 3735 de
2879 3681 3086 3752 fragilis
3105 3680 3291 3736 mundi
3311 3679 3482 3751 gloria

1906 3770 2195 3840 jactantes,
2223 3781 2618 3841 putemusesse
2649 3771 2955 3825 imitandos.

1984 3883 2307 3937 Arundinem
2335 3892 2504 3936 vento.
2539 3881 2716 3954 (Beo.)
2759 3881 2862 3936 Per
2903 3882 3223 3938 arundinem
3250 3879 3484 3937 carnalis

1914 3973 2150 4037 animus,
2175 3973 2266 4042 qui
2296 3987 2416 4026 cum
2448 3972 2630 4026 favore
2659 3972 2742 4026 vel
2783 3973 3116 4028 detractione
3144 3973 3402 4045 tangitur,
3430 3974 3487 4029 in

1913 4063 2211 4134 quamlibet
2255 4071 2466 4132 partem
2506 4062 2811 4116 inclinatur.
2864 4061 2972 4116 Sed
2996 4061 3232 4117 Joannes
3270 4078 3376 4118 non
3406 4073 3489 4119 est

1915 4154 2126 4209 arundo
2149 4162 2311 4208 vento
2335 4153 2560 4223 agitata,
2583 4153 2708 4222 quia
2732 4152 2879 4207 illum
2909 4167 3008 4208 nec
3029 4153 3201 4225 gratia
3231 4153 3486 4209 blandum

1891 4228 2017 4301 ἠερ
2043 4244 2328 4314 cujuslibet
2365 4245 2446 4298 ira
2496 4243 2728 4299 faciebat
2776 4258 3048 4314 asperum,
3094 4258 3194 4300 nec
3226 4259 3486 4317 prospera

1916 4339 2215 4408 erigebant,
2251 4353 2351 4394 nec
2377 4338 2601 4392 adversa
2624 4336 2976 4393 inclinabant.

1989 4448 2155 4504 Vens.
2203 4447 2387 4502 25.—
2414 4447 2664 4504 Hollibus
2706 4451 3021 4506 vestimentis
3067 4452 3331 4508 indutum.
3381 4453 3490 4512 Per

1837 4532 1892 4592 D
1918 4548 2142 4604 vestem,
2191 4552 2386 4608 corpus
2432 4537 2724 4592 humanum
2777 4539 3112 4610 intelligitur.
3162 4541 3486 4613 Prophetico

1919 4646 2046 4702 ergo
2081 4629 2326 4699 exemplo
2359 4630 2426 4684 ad
2474 4630 2728 4685 virtutem
2777 4632 3066 4688 subeundae
3086 4633 3303 4691 virtutis
3352 4638 3483 4692 hor-

1922 4734 2084 4779 tatur.
2118 4725 2258 4780 Ecce
2297 4739 2415 4794 qum
2464 4724 2518 4778 in
2564 4733 2716 4780 veste
2761 4726 3018 4797 pretiosa.
3070 4727 3276 4794 Quibus
3323 4729 3486 4787 ﬂuida

1923 4815 2124 4872 divitiis
2155 4816 2396 4870 membra
2435 4815 2734 4880 solvuntur,
2782 4825 2995 4872 exteros
3036 4818 3274 4875 etnlestis
3317 4823 3488 4892 regni,

1924 4905 2023 4960 sub
2042 4905 2168 4975 jure
2196 4905 2496 4960 daemonum
2526 4903 2641 4976 (qui
2676 4914 2802 4959 sunt
2829 4920 2981 4976 reges
3005 4908 3372 4981 tenebrarum)
3404 4911 3488 4966 in-

1924 5005 2007 5051 tra
2036 4996 2340 5052 habitacula
2363 4995 2524 5065 hujus
2552 4997 2738 5052 mundi
2759 5010 3170 5056 consenescunt.

1993 5105 2157 5161 Vens.
2186 5106 2278 5161 26.
2305 5137 2376 5146 -
2400 5105 2688 5176 Plusquam
2713 5108 3038 5177 prophetam.
3069 5110 3206 5178 Quia
3229 5113 3450 5184 angelus
3475 5135 3486 5169 :

1922 5213 2030 5254 non
2053 5206 2268 5263 natura,
2296 5199 2390 5254 sed
2413 5196 2608 5264 cilicio,
2635 5199 2725 5268 qui
2758 5215 3050 5269 supernum
3087 5202 3323 5272 judicem
3353 5222 3491 5261 nun-

1925 5289 2060 5344 tiare
2084 5288 2336 5343 mittitur.

1993 5399 2158 5455 Vens.
2185 5399 2494 5455 28.—Dico
2523 5409 2714 5454 autem.
2751 5400 2808 5454 in
2837 5401 2940 5458 hoc
2965 5419 3070 5460 non
3092 5406 3379 5475 praefertur
3397 5424 3493 5478 pa-

1923 5493 2181 5548 triarcliis
2204 5500 2260 5546 et
2291 5491 2500 5545 cunctis
2527 5491 2856 5559 hominibus,
2886 5495 2980 5549 sed
3019 5497 3242 5566 aequalis
3284 5501 3492 5556 caeteris

1922 5586 2124 5640 sanctis
2149 5582 2470 5638 ostenditur.
2514 5581 2618 5648 Qui
2652 5593 2844 5638 autem.
2891 5583 3079 5642 Omnis
3129 5597 3349 5643 sanctus
3400 5591 3491 5658 qui

1917 5673 2030 5742 jam
2051 5683 2134 5730 est
2161 5689 2281 5729 cum
2315 5674 2444 5737 Deo,
2475 5672 2649 5742 major
2676 5683 2761 5728 est
2790 5690 2855 5730 eo
2880 5677 2972 5746 qui
3004 5677 3179 5732 adhuc
3211 5686 3295 5732 est
3332 5694 3488 5732 mun-

1924 5768 2010 5822 do.
2038 5766 2156 5832 Vel,
2184 5780 2284 5837 ego
2319 5749 2477 5835 quem
2512 5766 2774 5821 minorem
2813 5765 2943 5822 facit
2973 5767 3262 5823 multorum
3289 5768 3492 5837 opinio,
