3960 6336
487 420 585 475 Ξτι

984 419 1373 476 WALAFRIDI
1414 419 1660 476 STRABI
1700 417 1903 475 FULD.
1944 415 2107 471 MON.
2150 415 2297 470 OPP.
2340 413 2517 468 PARS
2556 414 2594 467 Ι.
2632 443 2700 453 -
2740 406 3196 468 THEOLOGICA.

3635 397 3742 456 279.

485 535 541 588 in
576 533 816 590 Ecclesia
844 539 1154 590 sanctorum
1186 531 1260 586 illi
1293 532 1550 603 praelatus
1587 547 1728 588 sum.
1760 529 1855 584 Vel
1881 529 2063 584 novis-
2094 533 2144 593 Α
2171 529 2426 594 vincitur,
2448 529 2573 598 quia
2598 527 2737 584 sicut
2763 527 3113 598 phreneticus
3143 523 3322 580 funem
3344 527 3523 595 portat
3543 534 3612 577 ex
3634 532 3738 588 quo

491 626 662 681 simus
696 622 919 692 angelus
949 621 1070 678 οωιί
1099 622 1290 678 melior
1325 631 1409 678 est
1435 613 1626 693 quovis
1651 620 1885 675 homine.

571 713 733 768 Vens.
770 713 860 768 29.
889 741 959 754 ——
979 711 1048 767 Et
1071 713 1238 766 omnis
1259 710 1499 782 populus.
1533 711 1591 766 Si
1637 711 1747 766 hoc
1775 725 1805 763 a
1835 706 2062 764 Domino

493 806 698 876 dictum
723 818 842 859 esse
870 803 1186 873 intelligitur
1215 822 1228 857 :
1273 803 1495 858 audiens
1518 801 1801 865 Joannem,
1835 798 2064 871 p0pulus

498 893 814 964 intelligitur
837 907 957 946 esse
984 892 1316 962 designatus.
1349 889 1408 945 Si
1432 891 1500 946 ab
1519 889 1849 961 evangelista
1869 887 2066 942 dicitur

495 983 911 1054 interpositum:
942 982 1167 1038 audiens
1189 982 1365 1051 ipsum
1395 980 1704 1044 Dominum,
1744 979 1809 1034 de
1841 975 2066 1033 Joannis

491 1075 859 1146 magnitudine
879 1074 1268 1142 disputantem,
1297 1079 1466 1126 restat
1504 1069 1750 1139 intelligi.

2167 619 2401 766 “8:21;.
2430 710 2520 764 44.
2553 709 2847 764 -Ιηιηιυί
2879 709 2934 763 in
2963 707 3197 762 domum.
3221 703 3421 762 Inthi
3450 716 3616 760 carne
3652 716 3740 758 as-

2166 810 2376 870 sumpta
2408 801 2462 856 in
2491 802 2743 871 populum
2769 801 3097 856 Judzeorum.

2240 891 2401 946 Vens.
2425 892 2512 946 46.
2546 922 2616 933 -
2645 891 2772 947 Olco
2801 901 2954 962 caput
3005 906 3176 945 meum
3205 905 3309 944 non
3353 888 3574 943 tinxisti.
3607 887 3676 941 Et
3701 887 3747 941 si

2167 983 2394 1054 populus
2437 985 2526 1039 ille
2574 985 2628 1040 in
2663 985 2831 1040 Deum
2877 999 2937 1039 se
2977 982 3201 1040 credere
3231 990 3287 1036 et
3324 997 3432 1037 non
3478 975 3532 1035 in
3575 980 3749 1036 homi—

2170 1089 2292 1128 nem
2337 1073 2630 1139 fatebatur,
2656 1083 2838 1130 tamen
2883 1074 3057 1144 ipsam
3102 1072 3399 1144 potentiam
3451 1070 3752 1127 divinitatis

564 1164 726 1220 Vsus.
757 1161 1053 1218 5i.—Cui
1075 1170 1347 1232 ergo,etc.
1365 1159 1603 1215 Laudato
1623 1157 1850 1223 Joanne,
1875 1158 2069 1212 transit
2168 1179 2288 1234 quae
2330 1175 2426 1234 per
2471 1163 2728 1219 miracula
2774 1165 3089 1233 apparebat,
3132 1163 3296 1233 digna
3339 1161 3497 1217 laude
3551 1161 3749 1231 praedi-

494 1257 562 1311 ad
611 1253 994 1323 inerepandum
1045 1251 1163 1306 illos
1205 1251 1298 1321 qui
1329 1265 1426 1304 nec
1470 1247 1850 1319 praedicatione
1899 1244 2070 1301 Joan-

494 1347 581 1400 nis
608 1346 736 1399 moti
765 1352 917 1409 sunt,
948 1343 1030 1398 vel
1067 1343 1234 1412 ipsius
1279 1340 1478 1396 Christi
1509 1337 1944 1409 praedicationem
1973 1337 2068 1392 de.

496 1435 752 1506 spiciunt.

573 1526 731 1582 Vsus.
764 1525 850 1580 52.
877 1556 946 1565 —
989 1523 1194 1580 Similes
1222 1533 1343 1578 sunt
1383 1523 1576 1594 pueris.
1608 1520 1788 1586 Pueri,
1824 1521 2074 1576 doetores

498 1625 624 1671 sunt
655 1616 844 1686 spiritu
880 1615 1127 1670 lmmi'ies.
1154 1615 1372 1677 Forum,
1405 1628 1693 1685 synagoga,
1722 1611 1806 1666 vel
1844 1611 1956 1681 ipsa
1980 1610 2074 1665 Je-

498 1708 752 1770 rusalem,
791 1709 842 1761 in
873 1724 976 1777 qua
1001 1707 1124 1775 jura
1177 1714 1569 1776 praeceptorum
1617 1705 1708 1758 Dei
1769 1704 2076 1759 condeban-

499 1801 745 1868 tur,quia
775 1798 1162 1854 contribulihus
1183 1797 1426 1852 solebant
1446 1798 1772 1864 exprobrare
1798 1793 1939 1863 quod
1975 1808 2075 1848 nec

2171 1267 2295 1308 care
2322 1254 2578 1326 neglexit.
2615 1252 2721 1309 Sed
2765 1253 3034 1325 gentilitas
3075 1251 3202 1307 dum
3231 1252 3549 1323 mysterium
3576 1251 3752 1306 incar-

2171 1345 2406 1400 nationis
2437 1344 2646 1411 credit,
2692 1345 2901 1399 summa
2951 1342 3112 1399 laude
3159 1342 3324 1398 etiam
3372 1342 3588 1397 inﬁrma
3632 1339 3754 1410 ejus

2174 1435 2453 1503 przedicat.
2577 1443 2579 1446 ‘

2260 1524 2425 1578 Vsus.
2474 1523 2562 1577 47.
2607 1553 2676 1563 --
2719 1520 3070 1577 Remittuntur
3121 1521 3170 1575 ei
3211 1529 3440 1591 peccata.
3495 1519 3552 1574 lu
3593 1519 3755 1574 domo

2173 1613 2450 1678 Pharisaei,
2481 1613 2533 1667 id
2554 1621 2656 1678 est,
2700 1613 2755 1668 itt
2785 1612 3025 1668 Custodia
3055 1611 3202 1682 legis
3243 1620 3298 1666 et
3343 1610 3751 1681 prOphetarum,

2175 1725 2280 1764 non
2307 1709 2610 1763 Pharisteus
2655 1708 2979 1771 incredulus,
3013 1709 3106 1762 sed
3152 1708 3426 1777 peccatrix
3479 1708 3757 1778 pteuiteus

2175 1782 2526 1867 glorificatur,
2573 1796 2695 1867 quia
2716 1796 2895 1852 'ardor
2916 1797 3214 1852 'charitatis
3249 1795 3302 1850 in
3335 1795 3404 1851 ea
3441 1796 3756 1866 "rubiginem

499 1891 719 1962 psalmis
754 1891 924 1944 allecti
965 1891 1028 1943 ad
1079 1890 1262 1944 laudes
1314 1889 1406 1942 Dei
1461 1895 1878 1941 assurrexerunt
1915 1885 2076 1940 corde
2105 1877 2152 1936 Β
2179 1888 2492 1942 delictorum
2524 1884 2837 1941 combussit.

503 1983 729 2042 devoto,
779 1979 1137 2032 membrorum
1189 1977 1424 2048 agilitate
1473 1975 1650 2044 (quod
1677 1983 1828 2027 notat
1876 1973 2074 2042 saltus)

504 2085 604 2126 nec
654 2069 858 2122 threnis
914 2069 1004 2136 (id
1036 2078 1119 2120 est
1177 2065 1646 2120 lamentationibus
1692 2064 2074 2133 prophetarum

500 2175 602 2227 pro
629 2159 854 2215 excidiis
875 2159 985 2229 jam
1018 2157 1172 2213 factis
1201 2156 1282 2212 vel
1306 2153 1585 2214 facit-udis)
1611 2155 1675 2210 ad
1705 2152 2075 2224 pusuiteutiam

507 2260 631 2304 sunt
665 2251 934 2305 conversi.

577 2343 736 2396 Vens.
761 2341 922 2396 5-i.--
957 2339 1102 2394 Venit
1135 2339 1308 2394 Filius
1335 2341 1557 2394 hominis
1580 2340 1901 2394 manducans
1928 2350 1972 2395 et
2001 2341 2077 2394 bt-

504 2431 645 2486 bens.
683 2432 836 2486 Venit
863 2433 1003 2486 sicut
1035 2441 1181 2496 tunc,
1208 2431 1276 2484 ita
1323 2441 1378 2485 et
1424 2446 1583 2494 nunc,
1617 2439 1898 2500 utramque
1932 2433 2073 2486 viam

503 2522 688 2576 salutis
717 2521 983 2590 respuitis.
1017 2520 1451 2575 Lamentavimus
1475 2521 1542 2574 ad
1575 2519 1857 2585 Joannem,
1889 2529 2075 2577 cauta-

503 2614 678 2668 vimus
703 2613 769 2667 ad
795 2613 1089 2667 Christum.

568 2706 728 2760 Vens.
753 2704 840 2758 55.
865 2704 1242 2772 —Justiﬁcata
1271 2714 1341 2758 est
1371 2704 1642 2774 sapientia.
1670 2702 1918 2761 Ostendit
1937 2706 2076 2762 filios

508 2797 784 2867 sapientia:
805 2796 1121 2865 intelligere,
1147 2811 1245 2849 nec
1270 2797 1322 2849 in
1347 2795 1682 2860 abstinendo,
1716 2812 1813 2851 nec
1843 2797 1895 2852 in
1920 2813 2074 2851 man-

502 2887 750 2942 ducando
778 2901 897 2940 esse
921 2885 1218 2954 justitiam,
1252 2886 1344 2940 sed
1392 2887 1444 2940 iu
1491 2887 1891 2956 :equanimitate
1938 2889 2073 2943 tole-

508 2979 662 3034 randi
699 2979 930 3047 inopiam
953 2987 1006 3031 et
1034 2978 1460 3046 temperantiam,
1487 2993 1590 3032 non
1621 2994 1678 3034 se
1697 2981 2073 3049 corrumpendi

505 3085 601 3138 per
625 3069 1026 3123 abundantiam.
1076 3067 1197 3121 Non
1225 3077 1300 3120 est
1328 3084 1538 3136 regnum
1587 3067 1682 3122 Dei
1708 3085 1824 3122 esca
1849 3079 1895 3123 et
1924 3079 2074 3141 potus

506 3159 676 3228 (Rom.
734 3159 864 3229 xiv).
897 3157 1130 3225 Quorum
1175 3173 1277 3212 non
1310 3173 1464 3222 usus,
1508 3159 1600 3213 sed
1644 3161 2073 3230 concupiscentia

507 3250 938 3321 reprehenditur.
970 3247 1293 3316 Justiﬁcata,
1317 3258 1422 3303 etc.
1453 3247 1717 3318 Quidquid
1741 3266 1826 3303 me
1853 3250 2070 3320 putetis,
2101 3235 2146 3302 C

504 3356 602 3411 ego
641 3349 816 3394 tamen
853 3338 944 3393 Dei
977 3339 1148 3392 virtus
1189 3348 1242 3392 et
1291 3337 1384 3393 Dei
1414 3339 1674 3409 sapientia
1713 3339 1856 3409 juste
1897 3340 2076 3396 facere

506 3429 774 3500 iutelligor
811 3429 879 3482 ab
907 3427 1186 3498 apostolis,
1217 3425 1410 3496 quibus
1453 3427 1612 3482 Pater
1660 3428 1916 3482 revelavit
1957 3444 2077 3499 quae

504 3523 856 3591 prudentibus
902 3521 1204 3574 abscondit.

584 3613 739 3667 \‘sns.
775 3611 862 3666 56.
891 3641 960 3650 —
986 3610 1245 3680 Itogabat.
1291 3609 1442 3668 Sient
1477 3619 1828 3680 proposuerat
1879 3610 2076 3676 verbis,

509 3707 586 3759 ita
623 3703 780 3761 factis
821 3704 984 3758 etiam
1030 3704 1224 3758 astruit
1254 3703 1604 3774 justiﬁcatam
1653 3705 1967 3774 sapientiam
2011 3707 2078 3760 ab

511 3798 759 3852 omnibus
804 3795 946 3862 filiis,
977 3797 1099 3865 quia
1141 3797 1303 3850 etiam
1342 3813 1372 3852 a
1421 3795 1585 3851 Maria
1625 3794 1920 3866 ptenitente
1961 3807 2080 3867 post

513 3888 742 3958 culpam.
795 3937 800 3941 .
1052 3945 1056 3957 ι

589 3979 748 4034 Vens.
802 3979 891 4034 57.
941 4009 1009 4020 —
1057 3977 1122 4033 In
1182 3977 1355 4032 domo.
1400 3977 1456 4032 lu
1506 3978 1867 4048 cujuscunque
1922 3979 2080 4034 domo

513 4072 769 4126 interiore
798 4071 1113 4140 cognoveris
1143 4070 1463 4140 sapientiam
1488 4080 1544 4126 et
1564 4070 1828 4139 justitiam
1871 4079 2080 4126 recum-

510 4164 722 4216 bentem
749 4201 766 4227 ,
817 4175 1034 4215 recurre
1067 4161 1132 4214 ad
1183 4162 1376 4232 pedes,
1431 4161 1484 4216 id
1532 4171 1636 4226 est,
1677 4162 1743 4216 ad
1781 4163 2079 4216 extremam

509 4255 781 4324 sapientia:
803 4261 1033 4324 partem,
1049 4252 1257 4320 inquire
1277 4251 1546 4324 lacrymis,
1564 4253 1820 4306 confitere
1837 4241 2078 4322 peccata,

510 4344 751 4414 expande
794 4343 1035 4412 capillos,
1068 4341 1248 4404 idest,
1296 4352 1476 4398 sterne
1517 4355 1641 4398 ante
1692 4359 1817 4399 eum
1861 4353 2082 4399 cunctas

510 4433 754 4500 corporis
781 4431 851 4484 tui
883 4430 1188 4498 dignitates,
1209 4431 1472 4496 osculare,
1497 4433 1547 4487 id
1571 4441 1673 4495 cst,
1699 4433 1828 4486 nihil
1860 4434 1960 4488 nisi
1992 4450 2080 4489 sa-

513 4521 771 4590 pientiam
809 4518 1057 4587 loqueris.
1108 4518 1313 4572 Attulit.
1353 4519 1493 4586 Quot
1531 4521 1717 4575 habuit
1746 4523 1798 4576 iu
1846 4535 1903 4576 se
1939 4523 2085 4577 oble-

513 4616 802 4674 Ctamenta,
839 4617 916 4662 tot
947 4609 1010 4662 de
1037 4623 1094 4661 se
1137 4608 1338 4663 invenit
1367 4611 1698 4666 holocausta.

585 4698 788 4769 (illam)
829 4697 1168 4751 Aiabastrum
1205 4699 1489 4769 unguenti,
1525 4699 1578 4754 id
1607 4711 1704 4765 est,
1737 4718 1930 4772 corpus
1960 4720 2080 4759 cum

517 4785 622 4840 fide
645 4826 661 4851 ,
699 4798 802 4842 etc.
822 4826 836 4850 ,
865 4804 1024 4858 usque
1063 4788 1131 4842 mi
1160 4787 1210 4841 id
1239 4797 1340 4852 cst,
1367 4797 1584 4859 peccata
1614 4789 1939 4846 Judaeorum.

495 4903 498 4906 ~
589 4874 749 4930 Vens.
785 4877 871 4931 58.
895 4877 1143 4946 —Co:pit
1173 4878 1363 4948 rigare.
1413 4877 1577 4932 Maria
1605 4895 1758 4934 soror
1783 4881 1969 4936 Lazari
2004 4882 2084 4938 bis

516 4967 703 5021 eodem
754 4965 930 5022 functa
971 4977 1054 5022 est
1096 4965 1268 5022 oﬂicio
1321 4987 1332 5021 :
1383 4969 1546 5022 semel
1599 4971 1649 5024 in
1694 4970 1910 5027 Galilma
1965 4989 2084 5027 cum

517 5059 694 5129 primo
733 5057 938 5113 accedit
984 5074 1102 5114 cmn
1153 5060 1458 5115 lmmilitatc
1487 5071 1540 5116 et
1568 5061 1840 5134 lacrymis,
1878 5065 1966 5118 ui;i
2003 5079 2086 5119 re-

521 5149 830 5204 missionem
858 5156 1196 5218 peccatorum
1224 5151 1448 5220 accepit.
1482 5151 1752 5216 Secundo,
1795 5154 1846 5208 in
1888 5154 2084 5208 Betha-

520 5239 642 5300 nia,
696 5253 802 5292 non
847 5239 960 5307 jam
1000 5239 1272 5308 peccatrix
1326 5239 1597 5295 nominata
1625 5281 1638 5304 ,
1679 5244 1772 5297 sed
1821 5253 1988 5308 casta,
2035 5253 2090 5298 et

521 5327 642 5379 ideo
672 5327 860 5380 devota
887 5341 900 5380 :
923 5328 992 5381 ibi
1021 5329 1200 5396 pedes,
1236 5329 1322 5381 hic
1351 5337 1511 5396 caput
1537 5329 1766 5401 inungit.

595 5415 756 5473 \‘sas.
787 5418 876 5473 45.
898 5449 967 5458 --
996 5418 1050 5473 Is
1077 5419 1159 5471 cui
1191 5418 1326 5485 plus.
1356 5417 1660 5475 Secundum
1701 5424 1946 5478 homines
1971 5424 2090 5494 plus

522 5512 751 5567 fortasse
797 5511 1036 5576 offendit,
1076 5513 1159 5566 cui
1191 5511 1308 5580 plus
1337 5511 1602 5568 debuerit.
1649 5514 1753 5568 Sed
1783 5530 1880 5583 per
1925 5518 2088 5572 mise-

526 5604 812 5658 ricordiam
848 5602 1055 5657 Domini
1087 5617 1248 5657 causa
1299 5612 1555 5671 mutatur,
1593 5615 1652 5659 ut
1698 5606 1925 5676 amplius
1971 5607 2092 5662 dili-

525 5703 614 5762 gat
646 5693 734 5761 qui
767 5691 994 5761 amplius
1043 5693 1257 5758 debuit,
1290 5701 1466 5748 tamen
1518 5695 1743 5763 gratiam
1796 5711 2090 5769 consequa-

531 5794 634 5838 tur.
673 5785 824 5840 [ξρετε
857 5785 1131 5855 judimsti.
1169 5784 1273 5838 Sua
1320 5787 1581 5842 sententia
1617 5786 1919 5844 f’harisaeus
1963 5805 2091 5845 con-

2253 1977 2413 2032 V'Eus.
2431 1977 2526 2032 '49.
2551 2008 2619 2016 —
2639 1975 2706 2030 Et
2734 1978 2998 2047 creperum
3022 1977 3110 2046 qui
3140 1975 3316 2030 simul.
3358 1973 3560 2032 Sanala
3590 1988 3760 2047 aegra,

2178 2068 2243 2122 de
2276 2069 2448 2122 salute
2476 2068 2593 2138 ejus
2617 2068 2737 2122 aliis
2764 2074 3044 2138 aegrotant.

2247 2157 2411 2211 Vens.
2445 2157 2530 2212 50.
2563 2189 2631 2197 —
2663 2156 2821 2212 Fides
2850 2166 2939 2210 tua
2968 2167 3016 2210 te
3047 2155 3243 2211 salvam
3277 2155 3415 2226 fecit.
3448 2138 3610 2211 Fides
3648 2153 3757 2210 sal-

2176 2264 2298 2305 vam
2328 2247 2476 2316 fecit,
2527 2249 2651 2321 quia
2681 2249 2822 2319 quod
2850 2248 3022 2318 petiit,
3051 2262 3207 2316 posse
3236 2247 3482 2317 accipere
3522 2261 3629 2301 non
3667 2248 3761 2301 du-

2176 2343 2388 2406 bitavit,
2421 2342 2544 2412 quia
2567 2340 2677 2409 jam
2707 2356 2855 2412 spem
2879 2340 2947 2396 ab
2977 2339 3066 2397 illo
3088 2349 3390 2412 acceperat,
3415 2354 3446 2396 a
3475 2353 3582 2412 quo
3608 2339 3758 2397 salu-

2178 2442 2287 2487 tem
2313 2428 2610 2502 quaerebat.

2761 2498 2990 2559 CAPUT
3024 2501 3156 2558 Vili.

2247 2614 2480 2669 Vsnsxi.
2515 2644 2581 2653 —
2617 2613 2684 2668 Et
2710 2613 2909 2683 factum
2934 2624 3029 2668 est.
3064 2612 3211 2668 More
3232 2613 3423 2683 aquila:
3446 2608 3758 2684 provocam-

2177 2706 2246 2761 tis
2291 2707 2355 2761 ad
2411 2706 2697 2761 velandum
2750 2705 2924 2775 pullos
2967 2721 3130 2771 suos,
3183 2705 3439 2776 paulatim
3495 2708 3762 2762 Dominus

2175 2798 2468 2867 discipulos
2505 2813 2632 2852 suos
2663 2799 2713 2852 in
2745 2799 2872 2852 nido
2903 2797 3023 2851 ﬁdei
3054 2797 3259 2868 plumis
3279 2797 3534 2853 virtutum
3561 2799 3755 2862 induit,

2175 2891 2369 2959 quibus
2393 2899 2577 2958 postea
2606 2889 2888 2944 sublimius
2911 2888 3180 2952 voiare,et
3207 2888 3340 2942 alios
3366 2889 3632 2944 instruere
3664 2905 3758 2943 va.

2175 2981 2337 3037 leant.
2380 2981 2536 3035 Prius
2581 2983 2738 3035 docet
2775 2981 2825 3034 in
2857 2981 3164 3051 synagogis,
3200 2981 3456 3036 miracula
3483 2966 3636 3045 facit,
3681 2981 3757 3034 fa-

2176 3088 2318 3127 mam
2364 3071 2563 3141 ubique
2611 3070 2912 3141 dispergit,
2961 3071 3146 3124 turbas
3198 3070 3438 3139 suscipit,
3469 3080 3644 3133 curat,
3679 3070 3757 3125 in-

2176 3165 2356 3227 struit,
2389 3162 2476 3217 hic
2503 3162 2790 3232 discipulos
2818 3161 2966 3225 facit,
2997 3177 3065 3215 ex
3091 3162 3285 3230 quibus
3319 3161 3604 3215 duodecim
3637 3161 3754 3216 ele-

2177 3255 2288 3326 git,
2337 3269 2472 3324 quos
2524 3253 2702 3322 primo
2762 3259 3028 3321 praesente
3076 3252 3233 3305 turba
3270 3251 3452 3312 docet,
3481 3260 3550 3322 et
3592 3252 3759 3307 mise-

2177 3347 2252 3400 ris
2289 3345 2444 3400 soiita
2490 3351 2711 3412 praestat
2753 3343 3045 3412 beneficia,
3095 3342 3207 3411 jam
3249 3356 3378 3396 vero
3418 3341 3565 3396 solos
3612 3342 3761 3411 ipsos

2176 3451 2356 3490 secum
2387 3436 2602 3497 retinet,
2638 3443 2695 3487 ιιι
2739 3449 2861 3487 eum
2889 3409 3206 3502 fatiiiliarius
3230 3432 3454 3486 audiant
3491 3432 3624 3487 solis
3652 3427 3759 3486 illis

2147 3525 2468 3594 occultiora
2512 3523 2732 3592 exponit
2776 3521 3062 3592 mysteria,
3105 3529 3161 3576 et
3204 3522 3281 3577 sic
3328 3521 3540 3576 demum
3588 3523 3759 3576 virtu-

2178 3622 2291 3667 tum
2310 3627 2528 3666 suarum
2548 3611 2854 3667 ostensione
2875 3611 3028 3680 quasi
3057 3611 3265 3666 alarum
3302 3611 3641 3681 protectione
3665 3611 3758 3664 fir-

2178 3701 2357 3766 matis,
2391 3701 2480 3756 dat
2519 3701 2648 3770 ipsis
2680 3708 3004 3770 potestatem
3029 3701 3273 3766 curandi,
3307 3710 3363 3756 et
3407 3701 3573 3756 mittit
3615 3717 3754 3772 pne-

2177 3791 2358 3846 dicare
2387 3805 2607 3861 regnum
2641 3790 2756 3846 Dei.

2250 3881 2413 3934 Vsus.
2436 3878 2490 3932 2.
2521 3910 2590 3920 ——
2624 3879 2797 3934 Maria
2821 3895 2937 3950 qua:
2985 3888 3198 3933 vocatur
3243 3877 3574 3949 Magdalene.
3624 3879 3758 3932 Cum

2180 3973 2345 4028 Maria
2381 3973 2483 4028 iter
2527 3972 2731 4027 faceret
2781 3987 2903 4027 cum
2959 3971 3210 4034 Domino,
3259 3979 3312 4026 et
3350 3971 3397 4026 ei
3445 3971 3761 4024 ministrare

2181 4074 2654 4130 commemoratur,
2688 4064 2885 4120 celebri
2916 4079 3036 4119 eam
3083 4063 3344 4119 vocabulo
3392 4062 3760 4132 Magdaieuam

2183 4152 2338 4212 vacat
2367 4176 2378 4210 :
2411 4157 2499 4210 ubi
2527 4157 2770 4212 eamdem
2805 4157 3160 4225 peccatricem
3195 4155 3476 4221 describit,
3505 4170 3762 4210 reveren-

2183 4259 2265 4304 ter
2299 4264 2416 4304 eam
2446 4243 2682 4320 generali
2723 4249 2940 4302 nomine
2970 4247 3249 4302 mulierem
3287 4247 3438 4311 dicit,
3467 4262 3539 4302 ne
3564 4261 3760 4301 nomen

2186 4347 2345 4394 tanta:
2393 4338 2545 4393 fama:
2581 4339 2722 4409 quod
2770 4339 2930 4394 hodie
2958 4353 3299 4402 veneramur,
3343 4338 3507 4408 prisci
3558 4338 3764 4393 erroris

2185 4439 2308 4485 nota
2339 4428 2592 4484 fuscaret.
2641 4429 2837 4494 Maria,
2868 4445 3111 4482 amarum
3140 4443 3289 4484 mare
3310 4469 3324 4491 ,
3367 4436 3587 4498 propter
3631 4428 3764 4482 insi-

2186 4531 2298 4574 tum
2341 4519 2672 4589 paenitentia:
2707 4521 2960 4588 rugitum,
2986 4536 3094 4588 quo
3123 4521 3238 4589 ipsa
3281 4519 3365 4573 vel
3399 4535 3502 4574 nos
3546 4520 3762 4591 singula

2113 4595 2162 4654 Ῑ)
2189 4610 2327 4666 mala
2386 4610 2664 4665 deﬂemus.
2697 4611 2971 4664 Dwmonia
3023 4622 3234 4680 septem.
3285 4611 3544 4666 Eamdem
3587 4611 3766 4666 Eccle-

2191 4702 2326 4757 siam
2375 4703 2440 4756 de
2484 4703 2734 4772 gentibus
2779 4718 2811 4756 a
2862 4705 3111 4758 sordibus
3138 4705 3388 4760 vitiorum
3426 4705 3762 4768 mundatam,

2190 4808 2350 4862 quam
2379 4791 2543 4846 Maria
2569 4792 2855 4862 significat,
2873 4793 3140 4863 signiﬁcat
3166 4804 3220 4848 et
3243 4794 3448 4849 Joauna
3479 4796 3630 4864 prius
3655 4795 3765 4849 cul-

2193 4885 2336 4938 tibus
2367 4883 2628 4938 idolorum
2655 4883 2911 4957 deditam.
2942 4885 3034 4939 sed
3056 4886 3168 4954 jam
3195 4885 3396 4940 Christi
3446 4885 3646 4954 pietate
3681 4901 3766 4939 re-

2193 4975 2478 5046 demptam,
2511 4983 2566 5028 et
2589 4977 2760 5045 gratia
2803 4975 3097 5044 impletum,
3142 4991 3259 5045 qua:
3286 4975 3439 5045 quasi
3480 4991 3620 5032 uxor
3649 4984 3766 5030 erat

2193 5066 2342 5135 prius
2373 5065 2592 5119 diaboli.

2266 5157 2425 5211 Vens.
2475 5157 2528 5210 5.
2559 5189 2628 5198 —
2655 5157 2723 5211 Et
2771 5156 3004 5222 Joanna,
3054 5167 3160 5214 etc.
3216 5157 3465 5223 Joanna,
3506 5157 3766 5213 Dominus

2197 5249 2368 5318 gratia
2395 5249 2529 5318 ejus,
2558 5249 2642 5301 vel
2671 5249 2923 5303 Dominus
2947 5250 3277 5306 misericors.
3319 5247 3475 5316 cujus
3497 5258 3583 5304 est
3607 5263 3764 5303 omne

2196 5338 2337 5407 quod
2370 5339 2617 5393 vivimus.
2654 5333 3021 5394 Procuratoris
3072 5339 3317 5395 Herodis.
3358 5338 3493 5394 Cum
3543 5340 3766 5410 quilibet

2196 5428 2462 5500 malignus
2483 5430 2704 5500 spiritus
2729 5445 2825 5498 pro
2853 5445 3016 5499 regno
3052 5431 3249 5485 diaboli
3279 5430 3345 5484 ad
3387 5430 3763 5499 decipiendum

2196 5521 2424 5587 laborat,
2443 5522 2597 5591 quasi
2624 5521 2851 5575 Herodis
2881 5523 3184 5592 itnpiissimi
3213 5530 3534 5592 procurator
3559 5523 3763 5577 existit.

2197 5609 2274 5664 De
2304 5611 2658 5680 facultatibus,
2686 5622 2792 5668 etc.
2819 5612 3085 5681 Antiquus
3118 5628 3234 5668 mos
3277 5621 3397 5667 erat
3435 5611 3766 5678 Judreorum,

2200 5716 2300 5756 nec
2327 5702 2623 5758 ducebatur
2650 5703 2701 5756 in
2724 5700 2958 5772 culpam,
2983 5711 3041 5756 ut
3064 5702 3316 5756 mulieres
3339 5717 3434 5757 sua
3461 5701 3764 5757 substantia

2201 5801 2481 5862 pascerent
2527 5801 2580 5846 et
2627 5792 2888 5848 vestirent
2942 5793 3209 5848 doctores.
3245 5791 3342 5848 ilic
3396 5793 3522 5862 quia
3569 5793 3666 5847 hoc
3706 5793 3763 5846 iu
