  <div class='ocr_page' id='page_1' title='image "/cluster/home/n/w/nwhite01/storage/ocr_20150623/114/hvd.32044018909580/142.png"; bbox 0 0 3960 6336; ppageno 0'>
   <div class='ocr_carea' id='block_1_1' title="bbox 233 415 327 474">
    <p class='ocr_par' dir='ltr' id='par_1_1' title="bbox 233 415 327 474">
     <span class='ocr_line' id='line_1_1' title="bbox 233 415 327 474; baseline 0.011 -1"><span class='ocrx_word' id='word_1_1' title='bbox 233 415 327 474; x_wconf 74' lang='lat'><strong>273</strong></span> 
     </span>
    </p>
   </div>
   <div class='ocr_carea' id='block_1_2' title="bbox 1193 387 2484 464">
    <p class='ocr_par' dir='ltr' id='par_1_2' title="bbox 1193 387 2484 464">
     <span class='ocr_line' id='line_1_2' title="bbox 1193 387 2484 464; baseline -0.018 2"><span class='ocrx_word' id='word_1_2' title='bbox 1193 405 1456 464; x_wconf 76' lang='lat' dir='ltr'><strong>GLOSSA</strong></span> <span class='ocrx_word' id='word_1_3' title='bbox 1499 396 1894 462; x_wconf 73' lang='lat' dir='ltr'><strong>ORDINARIA.</strong></span> <span class='ocrx_word' id='word_1_4' title='bbox 1935 423 2003 438; x_wconf 75' lang='grc' dir='ltr'><strong>αι-</strong></span> <span class='ocrx_word' id='word_1_5' title='bbox 2043 389 2292 450; x_wconf 75' lang='lat' dir='ltr'><strong>EVANG.</strong></span> <span class='ocrx_word' id='word_1_6' title='bbox 2332 387 2484 445; x_wconf 83' lang='lat' dir='ltr'><strong>LUC.</strong></span> 
     </span>
    </p>
   </div>
   <div class='ocr_carea' id='block_1_3' title="bbox 3339 376 3444 432">
    <p class='ocr_par' dir='ltr' id='par_1_3' title="bbox 3339 376 3444 432">
     <span class='ocr_line' id='line_1_3' title="bbox 3339 376 3444 432; baseline 0.01 -1"><span class='ocrx_word' id='word_1_7' title='bbox 3339 376 3444 432; x_wconf 60' lang='lat'><strong>27‘</strong></span> 
     </span>
    </p>
   </div>
   <div class='ocr_carea' id='block_1_4' title="bbox 231 494 3447 604">
    <p class='ocr_par' dir='ltr' id='par_1_4' title="bbox 231 494 3447 604">
     <span class='ocr_line' id='line_1_4' title="bbox 231 494 3447 604; baseline -0.012 -18"><span class='ocrx_word' id='word_1_8' title='bbox 231 529 462 604; x_wconf 73' lang='lat' dir='ltr'><strong>gentibus</strong></span> <span class='ocrx_word' id='word_1_9' title='bbox 495 527 804 586; x_wconf 80' lang='lat' dir='ltr'><strong>scandalum</strong></span> <span class='ocrx_word' id='word_1_10' title='bbox 835 534 1048 600; x_wconf 95' lang='lat' dir='ltr'><strong>poterat</strong></span> <span class='ocrx_word' id='word_1_11' title='bbox 1087 527 1284 593; x_wconf 82' lang='lat' dir='ltr'><strong>facere,</strong></span> <span class='ocrx_word' id='word_1_12' title='bbox 1311 521 1509 582; x_wconf 82' lang='lat' dir='ltr'><strong>Paulus</strong></span> <span class='ocrx_word' id='word_1_13' title='bbox 1559 540 1616 580; x_wconf 84' lang='lat' dir='ltr'><strong>se</strong></span> <span class='ocrx_word' id='word_1_14' title='bbox 1664 535 1776 578; x_wconf 83' lang='lat' dir='ltr'><strong>me-</strong></span> <span class='ocrx_word' id='word_1_15' title='bbox 1802 527 1850 584; x_wconf 75' lang='grc' dir='ltr'>Α</span> <span class='ocrx_word' id='word_1_16' title='bbox 1878 515 1977 572; x_wconf 90' lang='lat' dir='ltr'><strong>bus</strong></span> <span class='ocrx_word' id='word_1_17' title='bbox 2016 515 2322 585; x_wconf 81' lang='lat' dir='ltr'><strong>quicunque</strong></span> <span class='ocrx_word' id='word_1_18' title='bbox 2349 507 2571 564; x_wconf 83' lang='lat' dir='ltr'><strong>verbum</strong></span> <span class='ocrx_word' id='word_1_19' title='bbox 2619 501 2859 558; x_wconf 82' lang='lat' dir='ltr'><strong>auditum</strong></span> <span class='ocrx_word' id='word_1_20' title='bbox 2911 510 3017 554; x_wconf 91' lang='lat' dir='ltr'><strong>non</strong></span> <span class='ocrx_word' id='word_1_21' title='bbox 3051 495 3256 554; x_wconf 79' lang='lat' dir='ltr'><strong>faciunt</strong></span> <span class='ocrx_word' id='word_1_22' title='bbox 3301 494 3447 551; x_wconf 77' lang='lat' dir='ltr'><strong>desi-</strong></span> 
     </span>
    </p>
   </div>
   <div class='ocr_carea' id='block_1_5' title="bbox 231 617 1770 691">
    <p class='ocr_par' dir='ltr' id='par_1_5' title="bbox 231 617 1770 691">
     <span class='ocr_line' id='line_1_5' title="bbox 231 617 1770 691; baseline -0.006 -14"><span class='ocrx_word' id='word_1_23' title='bbox 231 629 393 678; x_wconf 86' lang='lat' dir='ltr'><strong>rnorat</strong></span> <span class='ocrx_word' id='word_1_24' title='bbox 418 620 758 676; x_wconf 71' lang='lat' dir='ltr'><strong>abstinuisse.</strong></span> <span class='ocrx_word' id='word_1_25' title='bbox 795 620 1167 676; x_wconf 85' lang='lat' dir='ltr'><strong>Ministrabant</strong></span> <span class='ocrx_word' id='word_1_26' title='bbox 1205 635 1334 691; x_wconf 88' lang='lat' dir='ltr'><strong>ergo</strong></span> <span class='ocrx_word' id='word_1_27' title='bbox 1381 617 1608 673; x_wconf 89' lang='lat' dir='ltr'><strong>Domino</strong></span> <span class='ocrx_word' id='word_1_28' title='bbox 1651 631 1770 669; x_wconf 87' lang='lat' dir='ltr'><strong>car-</strong></span> 
     </span>
    </p>
   </div>
   <div class='ocr_carea' id='block_1_6' title="bbox 232 709 1778 784">
    <p class='ocr_par' dir='ltr' id='par_1_6' title="bbox 232 709 1778 784">
     <span class='ocr_line' id='line_1_6' title="bbox 232 709 1778 784; baseline -0.005 -16"><span class='ocrx_word' id='word_1_29' title='bbox 232 715 381 776; x_wconf 90' lang='lat' dir='ltr'><strong>nalia,</strong></span> <span class='ocrx_word' id='word_1_30' title='bbox 409 709 556 782; x_wconf 84' lang='lat' dir='ltr'><strong>cujus</strong></span> <span class='ocrx_word' id='word_1_31' title='bbox 585 714 860 768; x_wconf 85' lang='lat' dir='ltr'><strong>metebant</strong></span> <span class='ocrx_word' id='word_1_32' title='bbox 887 713 1182 784; x_wconf 90' lang='lat' dir='ltr'><strong>spiritualia</strong></span> <span class='ocrx_word' id='word_1_33' title='bbox 1203 753 1216 777; x_wconf 96' lang='lat'><strong>,</strong></span> <span class='ocrx_word' id='word_1_34' title='bbox 1247 721 1308 766; x_wconf 94' lang='lat' dir='ltr'><strong>ut</strong></span> <span class='ocrx_word' id='word_1_35' title='bbox 1343 711 1571 765; x_wconf 80' lang='lat' dir='ltr'><strong>formam</strong></span> <span class='ocrx_word' id='word_1_36' title='bbox 1625 709 1778 761; x_wconf 91' lang='lat' dir='ltr'><strong>daret</strong></span> 
     </span>
    </p>
   </div>
   <div class='ocr_carea' id='block_1_7' title="bbox 228 800 1777 872">
    <p class='ocr_par' dir='ltr' id='par_1_7' title="bbox 228 800 1777 872">
     <span class='ocr_line' id='line_1_7' title="bbox 228 800 1777 872; baseline -0.002 -16"><span class='ocrx_word' id='word_1_37' title='bbox 228 800 653 872; x_wconf 63' lang='lat' dir='ltr'><strong>praedicatoribus</strong></span> <span class='ocrx_word' id='word_1_38' title='bbox 681 805 822 872; x_wconf 92' lang='lat' dir='ltr'><strong>quod</strong></span> <span class='ocrx_word' id='word_1_39' title='bbox 850 805 994 858; x_wconf 90' lang='lat' dir='ltr'><strong>victu</strong></span> <span class='ocrx_word' id='word_1_40' title='bbox 1026 812 1080 858; x_wconf 93' lang='lat' dir='ltr'><strong>et</strong></span> <span class='ocrx_word' id='word_1_41' title='bbox 1126 802 1318 857; x_wconf 90' lang='lat' dir='ltr'><strong>vestitu</strong></span> <span class='ocrx_word' id='word_1_42' title='bbox 1360 801 1616 855; x_wconf 84' lang='lat' dir='ltr'><strong>deberent</strong></span> <span class='ocrx_word' id='word_1_43' title='bbox 1657 812 1777 853; x_wconf 91' lang='lat' dir='ltr'><strong>esse</strong></span> 
     </span>
    </p>
   </div>
   <div class='ocr_carea' id='block_1_8' title="bbox 230 891 1140 964">
    <p class='ocr_par' dir='ltr' id='par_1_8' title="bbox 230 891 1140 964">
     <span class='ocr_line' id='line_1_8' title="bbox 230 891 1140 964; baseline -0.003 -15"><span class='ocrx_word' id='word_1_44' title='bbox 230 891 448 949; x_wconf 80' lang='lat' dir='ltr'><strong>contenti</strong></span> <span class='ocrx_word' id='word_1_45' title='bbox 474 893 784 962; x_wconf 90' lang='lat' dir='ltr'><strong>accipiendo</strong></span> <span class='ocrx_word' id='word_1_46' title='bbox 814 911 842 948; x_wconf 91' lang='lat' dir='ltr'><strong>a</strong></span> <span class='ocrx_word' id='word_1_47' title='bbox 875 894 1140 964; x_wconf 86' lang='lat' dir='ltr'><strong>plebibus.</strong></span> 
     </span>
    </p>
   </div>
   <div class='ocr_carea' id='block_1_9' title="bbox 290 983 1773 1055">
    <p class='ocr_par' dir='ltr' id='par_1_9' title="bbox 290 983 1773 1055">
     <span class='ocr_line' id='line_1_9' title="bbox 290 983 1773 1055; baseline 0.001 -18"><span class='ocrx_word' id='word_1_48' title='bbox 290 983 442 1038; x_wconf 80' lang='lat' dir='ltr'><strong>Vens.</strong></span> <span class='ocrx_word' id='word_1_49' title='bbox 468 983 522 1037; x_wconf 69' lang='grc'><strong>4.</strong></span> <span class='ocrx_word' id='word_1_50' title='bbox 554 1015 625 1025; x_wconf 93' lang='lat'><strong>—</strong></span> <span class='ocrx_word' id='word_1_51' title='bbox 653 984 782 1040; x_wconf 85' lang='lat' dir='ltr'><strong>Cum</strong></span> <span class='ocrx_word' id='word_1_52' title='bbox 810 997 981 1040; x_wconf 84' lang='lat' dir='ltr'><strong>autem</strong></span> <span class='ocrx_word' id='word_1_53' title='bbox 1032 987 1214 1054; x_wconf 85' lang='lat' dir='ltr'><strong>turba,</strong></span> <span class='ocrx_word' id='word_1_54' title='bbox 1265 995 1370 1044; x_wconf 87' lang='lat' dir='ltr'><strong>etc.</strong></span> <span class='ocrx_word' id='word_1_55' title='bbox 1419 987 1675 1055; x_wconf 85' lang='lat' dir='ltr'><strong>Quotiens</strong></span> <span class='ocrx_word' id='word_1_56' title='bbox 1721 986 1773 1041; x_wconf 89' lang='lat' dir='ltr'><strong>in</strong></span> 
     </span>
    </p>
   </div>
   <div class='ocr_carea' id='block_1_10' title="bbox 229 1073 1777 1149">
    <p class='ocr_par' dir='ltr' id='par_1_10' title="bbox 229 1073 1777 1149">
     <span class='ocr_line' id='line_1_10' title="bbox 229 1073 1777 1149; baseline 0.002 -21"><span class='ocrx_word' id='word_1_57' title='bbox 229 1073 498 1144; x_wconf 78' lang='lat' dir='ltr'><strong>Evangelio</strong></span> <span class='ocrx_word' id='word_1_58' title='bbox 545 1076 714 1130; x_wconf 75' lang='lat' dir='ltr'><strong>turba:</strong></span> <span class='ocrx_word' id='word_1_59' title='bbox 752 1077 1065 1131; x_wconf 82' lang='lat' dir='ltr'><strong>vocabulum</strong></span> <span class='ocrx_word' id='word_1_60' title='bbox 1116 1079 1475 1149; x_wconf 84' lang='lat' dir='ltr'><strong>interseritur,</strong></span> <span class='ocrx_word' id='word_1_61' title='bbox 1526 1079 1666 1132; x_wconf 87' lang='lat' dir='ltr'><strong>sicut</strong></span> <span class='ocrx_word' id='word_1_62' title='bbox 1701 1077 1777 1131; x_wconf 86' lang='lat' dir='ltr'><strong>di-</strong></span> 
     </span>
    </p>
   </div>
   <div class='ocr_carea' id='block_1_11' title="bbox 225 1165 1778 1241">
    <p class='ocr_par' dir='ltr' id='par_1_11' title="bbox 225 1165 1778 1241">
     <span class='ocr_line' id='line_1_11' title="bbox 225 1165 1778 1241; baseline 0.004 -23"><span class='ocrx_word' id='word_1_63' title='bbox 225 1165 436 1240; x_wconf 83' lang='lat' dir='ltr'><strong>versitas</strong></span> <span class='ocrx_word' id='word_1_64' title='bbox 482 1166 788 1234; x_wconf 86' lang='lat' dir='ltr'><strong>hominum,</strong></span> <span class='ocrx_word' id='word_1_65' title='bbox 833 1169 906 1223; x_wconf 90' lang='lat' dir='ltr'><strong>ita</strong></span> <span class='ocrx_word' id='word_1_66' title='bbox 957 1170 1116 1241; x_wconf 85' lang='lat' dir='ltr'><strong>etiam</strong></span> <span class='ocrx_word' id='word_1_67' title='bbox 1171 1171 1454 1226; x_wconf 84' lang='lat' dir='ltr'><strong>diversitas</strong></span> <span class='ocrx_word' id='word_1_68' title='bbox 1498 1171 1778 1224; x_wconf 83' lang='lat' dir='ltr'><strong>intimatur</strong></span> 
     </span>
    </p>
   </div>
   <div class='ocr_carea' id='block_1_12' title="bbox 224 1255 1777 1329">
    <p class='ocr_par' dir='ltr' id='par_1_12' title="bbox 224 1255 1777 1329">
     <span class='ocr_line' id='line_1_12' title="bbox 224 1255 1777 1329; baseline 0.004 -21"><span class='ocrx_word' id='word_1_69' title='bbox 224 1255 562 1310; x_wconf 79' lang='lat' dir='ltr'><strong>voluntatum.</strong></span> <span class='ocrx_word' id='word_1_70' title='bbox 589 1255 704 1310; x_wconf 85' lang='lat' dir='ltr'><strong>Non</strong></span> <span class='ocrx_word' id='word_1_71' title='bbox 730 1259 872 1312; x_wconf 92' lang='lat' dir='ltr'><strong>enim</strong></span> <span class='ocrx_word' id='word_1_72' title='bbox 911 1273 1098 1313; x_wconf 89' lang='lat' dir='ltr'><strong>onmes</strong></span> <span class='ocrx_word' id='word_1_73' title='bbox 1136 1259 1323 1313; x_wconf 90' lang='lat' dir='ltr'><strong>eadem</strong></span> <span class='ocrx_word' id='word_1_74' title='bbox 1346 1259 1642 1324; x_wconf 83' lang='lat' dir='ltr'><strong>voluntate,</strong></span> <span class='ocrx_word' id='word_1_75' title='bbox 1681 1259 1777 1329; x_wconf 83' lang='lat' dir='ltr'><strong>sed</strong></span> 
     </span>
    </p>
   </div>
   <div class='ocr_carea' id='block_1_13' title="bbox 207 1347 1775 1425">
    <p class='ocr_par' dir='ltr' id='par_1_13' title="bbox 207 1347 1775 1425">
     <span class='ocr_line' id='line_1_13' title="bbox 207 1347 1775 1425; baseline 0.003 -25"><span class='ocrx_word' id='word_1_76' title='bbox 207 1347 433 1401; x_wconf 84' lang='lat' dir='ltr'><strong>diversis</strong></span> <span class='ocrx_word' id='word_1_77' title='bbox 467 1362 534 1401; x_wconf 82' lang='lat' dir='ltr'><strong>ex</strong></span> <span class='ocrx_word' id='word_1_78' title='bbox 565 1349 742 1403; x_wconf 87' lang='lat' dir='ltr'><strong>causis</strong></span> <span class='ocrx_word' id='word_1_79' title='bbox 793 1349 1062 1404; x_wconf 82' lang='lat' dir='ltr'><strong>Christum</strong></span> <span class='ocrx_word' id='word_1_80' title='bbox 1113 1350 1478 1425; x_wconf 86' lang='lat' dir='ltr'><strong>sequebantur</strong></span> <span class='ocrx_word' id='word_1_81' title='bbox 1514 1368 1526 1403; x_wconf 89' lang='lat'><strong>:</strong></span> <span class='ocrx_word' id='word_1_82' title='bbox 1559 1350 1775 1420; x_wconf 86' lang='lat' dir='ltr'><strong>quidam</strong></span> 
     </span>
    </p>
   </div>
   <div class='ocr_carea' id='block_1_14' title="bbox 223 1438 1776 1513">
    <p class='ocr_par' dir='ltr' id='par_1_14' title="bbox 223 1438 1776 1513">
     <span class='ocr_line' id='line_1_14' title="bbox 223 1438 1776 1513; baseline 0.002 -20"><span class='ocrx_word' id='word_1_83' title='bbox 223 1453 312 1508; x_wconf 90' lang='lat' dir='ltr'><strong>pro</strong></span> <span class='ocrx_word' id='word_1_84' title='bbox 338 1438 494 1501; x_wconf 86' lang='lat' dir='ltr'><strong>bono,</strong></span> <span class='ocrx_word' id='word_1_85' title='bbox 544 1440 760 1509; x_wconf 87' lang='lat' dir='ltr'><strong>quidam</strong></span> <span class='ocrx_word' id='word_1_86' title='bbox 814 1455 912 1510; x_wconf 90' lang='lat' dir='ltr'><strong>pro</strong></span> <span class='ocrx_word' id='word_1_87' title='bbox 949 1440 1112 1505; x_wconf 88' lang='lat' dir='ltr'><strong>malo,</strong></span> <span class='ocrx_word' id='word_1_88' title='bbox 1147 1441 1399 1496; x_wconf 88' lang='lat' dir='ltr'><strong>onmibus</strong></span> <span class='ocrx_word' id='word_1_89' title='bbox 1441 1451 1620 1495; x_wconf 91' lang='lat' dir='ltr'><strong>tamen</strong></span> <span class='ocrx_word' id='word_1_90' title='bbox 1673 1442 1776 1513; x_wconf 82' lang='lat' dir='ltr'><strong>Do-</strong></span> 
     </span>
    </p>
   </div>
   <div class='ocr_carea' id='block_1_15' title="bbox 223 1529 1772 1606">
    <p class='ocr_par' dir='ltr' id='par_1_15' title="bbox 223 1529 1772 1606">
     <span class='ocr_line' id='line_1_15' title="bbox 223 1529 1772 1606; baseline 0.003 -25"><span class='ocrx_word' id='word_1_91' title='bbox 223 1529 383 1582; x_wconf 90' lang='lat' dir='ltr'><strong>minus</strong></span> <span class='ocrx_word' id='word_1_92' title='bbox 409 1529 666 1583; x_wconf 89' lang='lat' dir='ltr'><strong>benelicia</strong></span> <span class='ocrx_word' id='word_1_93' title='bbox 705 1538 942 1606; x_wconf 81' lang='lat' dir='ltr'><strong>praestat,</strong></span> <span class='ocrx_word' id='word_1_94' title='bbox 975 1531 1236 1596; x_wconf 89' lang='lat' dir='ltr'><strong>docendo,</strong></span> <span class='ocrx_word' id='word_1_95' title='bbox 1275 1531 1483 1606; x_wconf 81' lang='lat' dir='ltr'><strong>alendo,</strong></span> <span class='ocrx_word' id='word_1_96' title='bbox 1515 1532 1772 1586; x_wconf 84' lang='lat' dir='ltr'><strong>sanando.</strong></span> 
     </span>
    </p>
   </div>
   <div class='ocr_carea' id='block_1_16' title="bbox 221 1603 1777 1697">
    <p class='ocr_par' dir='ltr' id='par_1_16' title="bbox 221 1603 1777 1697">
     <span class='ocr_line' id='line_1_16' title="bbox 221 1603 1777 1697; baseline 0.003 -25"><span class='ocrx_word' id='word_1_97' title='bbox 221 1619 352 1672; x_wconf 65' lang='lat' dir='ltr'><strong>Eaiit</strong></span> <span class='ocrx_word' id='word_1_98' title='bbox 378 1620 466 1689; x_wconf 85' lang='lat' dir='ltr'><strong>qui</strong></span> <span class='ocrx_word' id='word_1_99' title='bbox 495 1612 734 1685; x_wconf 84' lang='lat' dir='ltr'><strong>seminat,</strong></span> <span class='ocrx_word' id='word_1_100' title='bbox 779 1604 882 1675; x_wconf 82' lang='lat' dir='ltr'><strong>etc.</strong></span> <span class='ocrx_word' id='word_1_101' title='bbox 927 1621 1072 1697; x_wconf 76' lang='lat' dir='ltr'><strong>Exiit</strong></span> <span class='ocrx_word' id='word_1_102' title='bbox 1107 1621 1272 1697; x_wconf 79' lang='lat' dir='ltr'><strong>Filius</strong></span> <span class='ocrx_word' id='word_1_103' title='bbox 1305 1622 1395 1676; x_wconf 87' lang='lat' dir='ltr'><strong>Dei</strong></span> <span class='ocrx_word' id='word_1_104' title='bbox 1430 1603 1493 1677; x_wconf 83' lang='lat' dir='ltr'><strong>de</strong></span> <span class='ocrx_word' id='word_1_105' title='bbox 1527 1623 1643 1696; x_wconf 87' lang='lat' dir='ltr'><strong>sinu</strong></span> <span class='ocrx_word' id='word_1_106' title='bbox 1676 1621 1777 1676; x_wconf 83' lang='lat' dir='ltr'><strong>Pa-</strong></span> 
     </span>
    </p>
   </div>
   <div class='ocr_carea' id='block_1_17' title="bbox 216 1710 1775 1786">
    <p class='ocr_par' dir='ltr' id='par_1_17' title="bbox 216 1710 1775 1786">
     <span class='ocr_line' id='line_1_17' title="bbox 216 1710 1775 1786; baseline 0.004 -24"><span class='ocrx_word' id='word_1_107' title='bbox 216 1710 322 1774; x_wconf 80' lang='lat' dir='ltr'><strong>tris,</strong></span> <span class='ocrx_word' id='word_1_108' title='bbox 347 1724 448 1779; x_wconf 88' lang='lat' dir='ltr'><strong>quo</strong></span> <span class='ocrx_word' id='word_1_109' title='bbox 485 1719 744 1766; x_wconf 78' lang='lat' dir='ltr'><strong>creatura:</strong></span> <span class='ocrx_word' id='word_1_110' title='bbox 776 1727 878 1765; x_wconf 91' lang='lat' dir='ltr'><strong>non</strong></span> <span class='ocrx_word' id='word_1_111' title='bbox 901 1722 1034 1786; x_wconf 86' lang='lat' dir='ltr'><strong>erat</strong></span> <span class='ocrx_word' id='word_1_112' title='bbox 1072 1729 1342 1779; x_wconf 89' lang='lat' dir='ltr'><strong>accessus,</strong></span> <span class='ocrx_word' id='word_1_113' title='bbox 1389 1722 1446 1767; x_wconf 92' lang='lat' dir='ltr'><strong>ut</strong></span> <span class='ocrx_word' id='word_1_114' title='bbox 1476 1715 1775 1769; x_wconf 82' lang='lat' dir='ltr'><strong>seminaret</strong></span> 
     </span>
    </p>
   </div>
   <div class='ocr_carea' id='block_1_18' title="bbox 215 1803 1772 1878">
    <p class='ocr_par' dir='ltr' id='par_1_18' title="bbox 215 1803 1772 1878">
     <span class='ocr_line' id='line_1_18' title="bbox 215 1803 1772 1878; baseline 0.004 -25"><span class='ocrx_word' id='word_1_115' title='bbox 215 1816 381 1854; x_wconf 89' lang='lat' dir='ltr'><strong>semen</strong></span> <span class='ocrx_word' id='word_1_116' title='bbox 417 1816 614 1866; x_wconf 88' lang='lat' dir='ltr'><strong>suum,</strong></span> <span class='ocrx_word' id='word_1_117' title='bbox 668 1804 814 1856; x_wconf 85' lang='lat' dir='ltr'><strong>venit</strong></span> <span class='ocrx_word' id='word_1_118' title='bbox 851 1804 902 1856; x_wconf 91' lang='lat' dir='ltr'><strong>in</strong></span> <span class='ocrx_word' id='word_1_119' title='bbox 950 1803 1241 1878; x_wconf 75' lang='lat' dir='ltr'><strong>mundum,</strong></span> <span class='ocrx_word' id='word_1_120' title='bbox 1299 1813 1356 1858; x_wconf 93' lang='lat' dir='ltr'><strong>ut</strong></span> <span class='ocrx_word' id='word_1_121' title='bbox 1407 1807 1772 1876; x_wconf 82' lang='lat' dir='ltr'><strong>testimonium</strong></span> 
     </span>
    </p>
   </div>
   <div class='ocr_carea' id='block_1_19' title="bbox 1877 618 3446 758">
    <p class='ocr_par' dir='ltr' id='par_1_19' title="bbox 1877 618 3446 758">
     <span class='ocr_line' id='line_1_19' title="bbox 1877 618 3446 758; baseline -0.016 -6"><span class='ocrx_word' id='word_1_122' title='bbox 1877 618 2128 751; x_wconf 40' lang='lat' dir='ltr'><strong>gnati“;</strong></span> <span class='ocrx_word' id='word_1_123' title='bbox 2148 695 2232 748; x_wconf 74' lang='lat'><strong>13.</strong></span> <span class='ocrx_word' id='word_1_124' title='bbox 2252 721 2320 732; x_wconf 89' lang='lat'><strong>——</strong></span> <span class='ocrx_word' id='word_1_125' title='bbox 2345 689 2424 743; x_wconf 82' lang='lat' dir='ltr'><strong>Ad</strong></span> <span class='ocrx_word' id='word_1_126' title='bbox 2453 645 2672 758; x_wconf 22' lang='lat' dir='ltr'><strong>tempus.</strong></span> <span class='ocrx_word' id='word_1_127' title='bbox 2699 683 2932 738; x_wconf 79' lang='lat' dir='ltr'><strong>credunt.</strong></span> <span class='ocrx_word' id='word_1_128' title='bbox 2965 677 3115 734; x_wconf 82' lang='lat' dir='ltr'><strong>Multi</strong></span> <span class='ocrx_word' id='word_1_129' title='bbox 3163 675 3446 731; x_wconf 82' lang='lat' dir='ltr'><strong>audientes</strong></span> 
     </span>
    </p>
   </div>
   <div class='ocr_carea' id='block_1_20' title="bbox 1877 763 3446 858">
    <p class='ocr_par' dir='ltr' id='par_1_20' title="bbox 1877 763 3446 858">
     <span class='ocr_line' id='line_1_20' title="bbox 1877 763 3446 858; baseline -0.017 -15"><span class='ocrx_word' id='word_1_130' title='bbox 1877 787 2290 858; x_wconf 82' lang='lat' dir='ltr'><strong>disputationem</strong></span> <span class='ocrx_word' id='word_1_131' title='bbox 2342 787 2530 836; x_wconf 88' lang='lat' dir='ltr'><strong>contra</strong></span> <span class='ocrx_word' id='word_1_132' title='bbox 2584 774 2866 829; x_wconf 89' lang='lat' dir='ltr'><strong>avaritiam</strong></span> <span class='ocrx_word' id='word_1_133' title='bbox 2912 769 2998 824; x_wconf 91' lang='lat' dir='ltr'><strong>vel</strong></span> <span class='ocrx_word' id='word_1_134' title='bbox 3035 767 3332 830; x_wconf 82' lang='lat' dir='ltr'><strong>luxuriam,</strong></span> <span class='ocrx_word' id='word_1_135' title='bbox 3365 763 3446 818; x_wconf 81' lang='lat' dir='ltr'><strong>di-</strong></span> 
     </span>
    </p>
   </div>
   <div class='ocr_carea' id='block_1_21' title="bbox 1877 858 3448 943">
    <p class='ocr_par' dir='ltr' id='par_1_21' title="bbox 1877 858 3448 943">
     <span class='ocr_line' id='line_1_21' title="bbox 1877 858 3448 943; baseline -0.017 -9"><span class='ocrx_word' id='word_1_136' title='bbox 1877 888 2007 936; x_wconf 90' lang='lat' dir='ltr'><strong>cunt</strong></span> <span class='ocrx_word' id='word_1_137' title='bbox 2044 882 2447 943; x_wconf 89' lang='lat' dir='ltr'><strong>contemptores</strong></span> <span class='ocrx_word' id='word_1_138' title='bbox 2490 866 2669 924; x_wconf 82' lang='lat' dir='ltr'><strong>saeculi</strong></span> <span class='ocrx_word' id='word_1_139' title='bbox 2713 873 2769 920; x_wconf 92' lang='lat' dir='ltr'><strong>et</strong></span> <span class='ocrx_word' id='word_1_140' title='bbox 2811 870 2992 918; x_wconf 89' lang='lat' dir='ltr'><strong>castos</strong></span> <span class='ocrx_word' id='word_1_141' title='bbox 3041 858 3284 914; x_wconf 86' lang='lat' dir='ltr'><strong>homines</strong></span> <span class='ocrx_word' id='word_1_142' title='bbox 3326 868 3448 910; x_wconf 87' lang='lat' dir='ltr'><strong>esse</strong></span> 
     </span>
    </p>
   </div>
   <div class='ocr_carea' id='block_1_22' title="bbox 1877 947 3443 1030">
    <p class='ocr_par' dir='ltr' id='par_1_22' title="bbox 1877 947 3443 1030">
     <span class='ocr_line' id='line_1_22' title="bbox 1877 947 3443 1030; baseline -0.016 -6"><span class='ocrx_word' id='word_1_143' title='bbox 1877 970 2065 1024; x_wconf 88' lang='lat' dir='ltr'><strong>beatos</strong></span> <span class='ocrx_word' id='word_1_144' title='bbox 2091 985 2103 1020; x_wconf 88' lang='lat'><strong>:</strong></span> <span class='ocrx_word' id='word_1_145' title='bbox 2138 965 2231 1020; x_wconf 89' lang='lat' dir='ltr'><strong>sed</strong></span> <span class='ocrx_word' id='word_1_146' title='bbox 2255 962 2342 1017; x_wconf 87' lang='lat' dir='ltr'><strong>ubi</strong></span> <span class='ocrx_word' id='word_1_147' title='bbox 2372 960 2577 1030; x_wconf 88' lang='lat' dir='ltr'><strong>species</strong></span> <span class='ocrx_word' id='word_1_148' title='bbox 2603 951 3046 1024; x_wconf 89' lang='lat' dir='ltr'><strong>concupiscibiles</strong></span> <span class='ocrx_word' id='word_1_149' title='bbox 3069 963 3256 1006; x_wconf 88' lang='lat' dir='ltr'><strong>eorum</strong></span> <span class='ocrx_word' id='word_1_150' title='bbox 3283 947 3443 1002; x_wconf 83' lang='lat' dir='ltr'><strong>obtu-</strong></span> 
     </span>
    </p>
   </div>
   <div class='ocr_carea' id='block_1_23' title="bbox 1880 1038 3446 1130">
    <p class='ocr_par' dir='ltr' id='par_1_23' title="bbox 1880 1038 3446 1130">
     <span class='ocr_line' id='line_1_23' title="bbox 1880 1038 3446 1130; baseline -0.015 -15"><span class='ocrx_word' id='word_1_151' title='bbox 1880 1061 2021 1115; x_wconf 90' lang='lat' dir='ltr'><strong>tibus</strong></span> <span class='ocrx_word' id='word_1_152' title='bbox 2047 1063 2456 1130; x_wconf 69' lang='lat' dir='ltr'><strong>praasentantur,</strong></span> <span class='ocrx_word' id='word_1_153' title='bbox 2497 1065 2618 1105; x_wconf 80' lang='lat' dir='ltr'><strong>mox</strong></span> <span class='ocrx_word' id='word_1_154' title='bbox 2670 1047 2929 1102; x_wconf 88' lang='lat' dir='ltr'><strong>recedunt</strong></span> <span class='ocrx_word' id='word_1_155' title='bbox 2968 1044 3035 1098; x_wconf 90' lang='lat' dir='ltr'><strong>ab</strong></span> <span class='ocrx_word' id='word_1_156' title='bbox 3064 1043 3144 1098; x_wconf 89' lang='lat' dir='ltr'><strong>eis</strong></span> <span class='ocrx_word' id='word_1_157' title='bbox 3188 1038 3446 1111; x_wconf 87' lang='lat' dir='ltr'><strong>quidquid</strong></span> 
     </span>
    </p>
   </div>
   <div class='ocr_carea' id='block_1_24' title="bbox 1880 1151 2436 1222">
    <p class='ocr_par' dir='ltr' id='par_1_24' title="bbox 1880 1151 2436 1222">
     <span class='ocr_line' id='line_1_24' title="bbox 1880 1151 2436 1222; baseline -0.02 -13"><span class='ocrx_word' id='word_1_158' title='bbox 1880 1162 2027 1208; x_wconf 80' lang='lat' dir='ltr'><strong>recte</strong></span> <span class='ocrx_word' id='word_1_159' title='bbox 2051 1151 2436 1222; x_wconf 77' lang='lat' dir='ltr'><strong>cegitaverant.</strong></span> 
     </span>
    </p>
   </div>
   <div class='ocr_carea' id='block_1_25' title="bbox 1949 1227 3443 1309">
    <p class='ocr_par' dir='ltr' id='par_1_25' title="bbox 1949 1227 3443 1309">
     <span class='ocr_line' id='line_1_25' title="bbox 1949 1227 3443 1309; baseline -0.017 -5"><span class='ocrx_word' id='word_1_160' title='bbox 1949 1249 2114 1304; x_wconf 72' lang='lat' dir='ltr'><strong>Vens.</strong></span> <span class='ocrx_word' id='word_1_161' title='bbox 2148 1244 2232 1299; x_wconf 72' lang='grc'><strong>14.</strong></span> <span class='ocrx_word' id='word_1_162' title='bbox 2257 1275 2324 1284; x_wconf 90' lang='grc'><strong><em>-</em></strong></span> <span class='ocrx_word' id='word_1_163' title='bbox 2354 1239 2717 1309; x_wconf 74' lang='lat' dir='ltr'><strong>Su/focantur.</strong></span> <span class='ocrx_word' id='word_1_164' title='bbox 2749 1233 2885 1302; x_wconf 83' lang='lat' dir='ltr'><strong>Quia</strong></span> <span class='ocrx_word' id='word_1_165' title='bbox 2905 1231 3204 1301; x_wconf 87' lang='lat' dir='ltr'><strong>voluptates</strong></span> <span class='ocrx_word' id='word_1_166' title='bbox 3230 1236 3285 1283; x_wconf 88' lang='lat' dir='ltr'><strong>et</strong></span> <span class='ocrx_word' id='word_1_167' title='bbox 3307 1227 3443 1281; x_wconf 88' lang='lat' dir='ltr'><strong>divi-</strong></span> 
     </span>
    </p>
   </div>
   <div class='ocr_carea' id='block_1_26' title="bbox 1894 1314 3448 1406">
    <p class='ocr_par' dir='ltr' id='par_1_26' title="bbox 1894 1314 3448 1406">
     <span class='ocr_line' id='line_1_26' title="bbox 1894 1314 3448 1406; baseline -0.016 -10"><span class='ocrx_word' id='word_1_168' title='bbox 1894 1341 1982 1396; x_wconf 69' lang='lat' dir='ltr'><strong>tia:</strong></span> <span class='ocrx_word' id='word_1_169' title='bbox 2011 1339 2123 1394; x_wconf 91' lang='lat' dir='ltr'><strong>suis</strong></span> <span class='ocrx_word' id='word_1_170' title='bbox 2160 1332 2477 1406; x_wconf 89' lang='lat' dir='ltr'><strong>importunis</strong></span> <span class='ocrx_word' id='word_1_171' title='bbox 2497 1326 2908 1400; x_wconf 85' lang='lat' dir='ltr'><strong>cogitationibus</strong></span> <span class='ocrx_word' id='word_1_172' title='bbox 2932 1314 3116 1394; x_wconf 78' lang='lat' dir='ltr'><strong>guttur</strong></span> <span class='ocrx_word' id='word_1_173' title='bbox 3137 1319 3351 1384; x_wconf 91' lang='lat' dir='ltr'><strong>mentis,</strong></span> <span class='ocrx_word' id='word_1_174' title='bbox 3381 1333 3448 1372; x_wconf 85' lang='lat' dir='ltr'><strong>ne</strong></span> 
     </span>
    </p>
   </div>
   <div class='ocr_carea' id='block_1_27' title="bbox 1877 1415 3448 1502">
    <p class='ocr_par' dir='ltr' id='par_1_27' title="bbox 1877 1415 3448 1502">
     <span class='ocr_line' id='line_1_27' title="bbox 1877 1415 3448 1502; baseline -0.017 -8"><span class='ocrx_word' id='word_1_175' title='bbox 1877 1439 2075 1502; x_wconf 88' lang='lat' dir='ltr'><strong>bonum</strong></span> <span class='ocrx_word' id='word_1_176' title='bbox 2110 1433 2436 1489; x_wconf 89' lang='lat' dir='ltr'><strong>desiderium</strong></span> <span class='ocrx_word' id='word_1_177' title='bbox 2476 1429 2543 1482; x_wconf 89' lang='lat' dir='ltr'><strong>ad</strong></span> <span class='ocrx_word' id='word_1_178' title='bbox 2575 1441 2668 1481; x_wconf 93' lang='lat' dir='ltr'><strong>cor</strong></span> <span class='ocrx_word' id='word_1_179' title='bbox 2712 1423 2883 1494; x_wconf 89' lang='lat' dir='ltr'><strong>possit</strong></span> <span class='ocrx_word' id='word_1_180' title='bbox 2927 1421 3128 1475; x_wconf 89' lang='lat' dir='ltr'><strong>intrare</strong></span> <span class='ocrx_word' id='word_1_181' title='bbox 3165 1416 3322 1487; x_wconf 88' lang='lat' dir='ltr'><strong>quasi</strong></span> <span class='ocrx_word' id='word_1_182' title='bbox 3355 1415 3448 1468; x_wconf 86' lang='lat' dir='ltr'><strong>ad-</strong></span> 
     </span>
    </p>
   </div>
   <div class='ocr_carea' id='block_1_28' title="bbox 1878 1516 2796 1592">
    <p class='ocr_par' dir='ltr' id='par_1_28' title="bbox 1878 1516 2796 1592">
     <span class='ocr_line' id='line_1_28' title="bbox 1878 1516 2796 1592; baseline -0.017 -8"><span class='ocrx_word' id='word_1_183' title='bbox 1878 1530 2010 1584; x_wconf 83' lang='lat' dir='ltr'><strong>itum</strong></span> <span class='ocrx_word' id='word_1_184' title='bbox 2052 1525 2228 1580; x_wconf 81' lang='lat' dir='ltr'><strong>vitalis</strong></span> <span class='ocrx_word' id='word_1_185' title='bbox 2257 1520 2596 1592; x_wconf 82' lang='lat' dir='ltr'><strong>strangulant</strong></span> <span class='ocrx_word' id='word_1_186' title='bbox 2621 1516 2796 1571; x_wconf 83' lang='lat' dir='ltr'><strong>ﬂatus.</strong></span> 
     </span>
    </p>
   </div>
   <div class='ocr_carea' id='block_1_29' title="bbox 1949 1594 3448 1686">
    <p class='ocr_par' dir='ltr' id='par_1_29' title="bbox 1949 1594 3448 1686">
     <span class='ocr_line' id='line_1_29' title="bbox 1949 1594 3448 1686; baseline -0.017 -13"><span class='ocrx_word' id='word_1_187' title='bbox 1949 1616 2113 1686; x_wconf 78' lang='lat' dir='ltr'><strong>Vens.</strong></span> <span class='ocrx_word' id='word_1_188' title='bbox 2140 1615 2225 1670; x_wconf 74' lang='lat'><strong>15.</strong></span> <span class='ocrx_word' id='word_1_189' title='bbox 2247 1645 2317 1655; x_wconf 91' lang='lat'><strong>—-</strong></span> <span class='ocrx_word' id='word_1_190' title='bbox 2344 1612 2410 1667; x_wconf 85' lang='lat' dir='ltr'><strong>In</strong></span> <span class='ocrx_word' id='word_1_191' title='bbox 2435 1621 2626 1664; x_wconf 85' lang='lat' dir='ltr'><strong>terram</strong></span> <span class='ocrx_word' id='word_1_192' title='bbox 2649 1606 2856 1669; x_wconf 84' lang='lat' dir='ltr'><strong>bonam,</strong></span> <span class='ocrx_word' id='word_1_193' title='bbox 2883 1612 2988 1658; x_wconf 87' lang='lat' dir='ltr'><strong>etc.</strong></span> <span class='ocrx_word' id='word_1_194' title='bbox 3019 1599 3076 1654; x_wconf 92' lang='lat' dir='ltr'><strong>ln</strong></span> <span class='ocrx_word' id='word_1_195' title='bbox 3106 1599 3277 1654; x_wconf 89' lang='lat' dir='ltr'><strong>bonos</strong></span> <span class='ocrx_word' id='word_1_196' title='bbox 3299 1594 3448 1649; x_wconf 89' lang='lat' dir='ltr'><strong>audi-</strong></span> 
     </span>
    </p>
   </div>
   <div class='ocr_carea' id='block_1_30' title="bbox 1878 1695 3448 1782">
    <p class='ocr_par' dir='ltr' id='par_1_30' title="bbox 1878 1695 3448 1782">
     <span class='ocr_line' id='line_1_30' title="bbox 1878 1695 3448 1782; baseline -0.017 -14"><span class='ocrx_word' id='word_1_197' title='bbox 1878 1723 2024 1769; x_wconf 90' lang='lat' dir='ltr'><strong>tores</strong></span> <span class='ocrx_word' id='word_1_198' title='bbox 2055 1711 2144 1782; x_wconf 94' lang='lat' dir='ltr'><strong>qui</strong></span> <span class='ocrx_word' id='word_1_199' title='bbox 2193 1708 2415 1763; x_wconf 86' lang='lat' dir='ltr'><strong>verbum</strong></span> <span class='ocrx_word' id='word_1_200' title='bbox 2449 1704 2636 1758; x_wconf 89' lang='lat' dir='ltr'><strong>audire</strong></span> <span class='ocrx_word' id='word_1_201' title='bbox 2688 1708 2961 1770; x_wconf 83' lang='lat' dir='ltr'><strong>satagunt,</strong></span> <span class='ocrx_word' id='word_1_202' title='bbox 3001 1704 3056 1751; x_wconf 93' lang='lat' dir='ltr'><strong>et</strong></span> <span class='ocrx_word' id='word_1_203' title='bbox 3099 1695 3152 1749; x_wconf 93' lang='lat' dir='ltr'><strong>in</strong></span> <span class='ocrx_word' id='word_1_204' title='bbox 3203 1699 3448 1746; x_wconf 89' lang='lat' dir='ltr'><strong>ventrem</strong></span> 
     </span>
    </p>
   </div>
   <div class='ocr_carea' id='block_1_31' title="bbox 1880 1780 3452 1861">
    <p class='ocr_par' dir='ltr' id='par_1_31' title="bbox 1880 1780 3452 1861">
     <span class='ocr_line' id='line_1_31' title="bbox 1880 1780 3452 1861; baseline -0.017 -1"><span class='ocrx_word' id='word_1_205' title='bbox 1880 1780 2152 1860; x_wconf 80' lang='lat' dir='ltr'><strong>memoriae</strong></span> <span class='ocrx_word' id='word_1_206' title='bbox 2182 1798 2499 1859; x_wconf 88' lang='lat' dir='ltr'><strong>recondunt,</strong></span> <span class='ocrx_word' id='word_1_207' title='bbox 2528 1803 2581 1850; x_wconf 87' lang='lat' dir='ltr'><strong>et</strong></span> <span class='ocrx_word' id='word_1_208' title='bbox 2619 1793 2697 1848; x_wconf 92' lang='lat' dir='ltr'><strong>sic</strong></span> <span class='ocrx_word' id='word_1_209' title='bbox 2725 1798 3028 1861; x_wconf 90' lang='lat' dir='ltr'><strong>opportuno</strong></span> <span class='ocrx_word' id='word_1_210' title='bbox 3055 1794 3294 1854; x_wconf 89' lang='lat' dir='ltr'><strong>tempore</strong></span> <span class='ocrx_word' id='word_1_211' title='bbox 3339 1780 3452 1835; x_wconf 80' lang='lat' dir='ltr'><strong>l‘ru-</strong></span> 
     </span>
    </p>
   </div>
   <div class='ocr_carea' id='block_1_32' title="bbox 213 1873 3448 1965">
    <p class='ocr_par' dir='ltr' id='par_1_32' title="bbox 213 1873 3448 1965">
     <span class='ocr_line' id='line_1_32' title="bbox 213 1873 3448 1965; baseline -0.005 -21"><span class='ocrx_word' id='word_1_212' title='bbox 213 1892 512 1961; x_wconf 83' lang='lat' dir='ltr'><strong>perhiberet</strong></span> <span class='ocrx_word' id='word_1_213' title='bbox 567 1893 800 1948; x_wconf 87' lang='lat' dir='ltr'><strong>veritati.</strong></span> <span class='ocrx_word' id='word_1_214' title='bbox 864 1873 1028 1950; x_wconf 84' lang='lat' dir='ltr'><strong>Unde</strong></span> <span class='ocrx_word' id='word_1_215' title='bbox 1074 1873 1366 1951; x_wconf 85' lang='lat' dir='ltr'><strong>secundum</strong></span> <span class='ocrx_word' id='word_1_216' title='bbox 1424 1873 1558 1952; x_wconf 84' lang='lat' dir='ltr'><strong>alios</strong></span> <span class='ocrx_word' id='word_1_217' title='bbox 1608 1913 1770 1952; x_wconf 88' lang='lat' dir='ltr'><strong>cvan-</strong></span> <span class='ocrx_word' id='word_1_218' title='bbox 1801 1891 1845 1950; x_wconf 88' lang='lat' dir='ltr'><strong>B</strong></span> <span class='ocrx_word' id='word_1_219' title='bbox 1873 1903 2016 1950; x_wconf 92' lang='lat' dir='ltr'><strong>ctum</strong></span> <span class='ocrx_word' id='word_1_220' title='bbox 2043 1889 2372 1965; x_wconf 88' lang='lat' dir='ltr'><strong>operationis</strong></span> <span class='ocrx_word' id='word_1_221' title='bbox 2415 1887 2729 1958; x_wconf 84' lang='lat' dir='ltr'><strong>proferunt,</strong></span> <span class='ocrx_word' id='word_1_222' title='bbox 2764 1884 2906 1937; x_wconf 90' lang='lat' dir='ltr'><strong>inter</strong></span> <span class='ocrx_word' id='word_1_223' title='bbox 2947 1892 3203 1950; x_wconf 89' lang='lat' dir='ltr'><strong>prospera</strong></span> <span class='ocrx_word' id='word_1_224' title='bbox 3248 1886 3303 1931; x_wconf 87' lang='lat' dir='ltr'><strong>et</strong></span> <span class='ocrx_word' id='word_1_225' title='bbox 3353 1873 3448 1928; x_wconf 56' lang='lat' dir='ltr'><strong>ad.</strong></span> 
     </span>
    </p>
   </div>
   <div class='ocr_carea' id='block_1_33' title="bbox 209 1981 1773 2059">
    <p class='ocr_par' dir='ltr' id='par_1_33' title="bbox 209 1981 1773 2059">
     <span class='ocr_line' id='line_1_33' title="bbox 209 1981 1773 2059; baseline 0.006 -25"><span class='ocrx_word' id='word_1_226' title='bbox 209 1981 414 2050; x_wconf 81' lang='lat' dir='ltr'><strong>gelistas</strong></span> <span class='ocrx_word' id='word_1_227' title='bbox 444 1983 593 2037; x_wconf 89' lang='lat' dir='ltr'><strong>hanc</strong></span> <span class='ocrx_word' id='word_1_228' title='bbox 621 1985 928 2053; x_wconf 82' lang='lat' dir='ltr'><strong>parabolam</strong></span> <span class='ocrx_word' id='word_1_229' title='bbox 970 1985 1214 2059; x_wconf 89' lang='lat' dir='ltr'><strong>dicturus</strong></span> <span class='ocrx_word' id='word_1_230' title='bbox 1259 1987 1325 2042; x_wconf 90' lang='lat' dir='ltr'><strong>de</strong></span> <span class='ocrx_word' id='word_1_231' title='bbox 1372 1987 1532 2042; x_wconf 90' lang='lat' dir='ltr'><strong>domo</strong></span> <span class='ocrx_word' id='word_1_232' title='bbox 1557 1989 1773 2054; x_wconf 78' lang='lat' dir='ltr'><strong>exiisse,</strong></span> 
     </span>
    </p>
   </div>
   <div class='ocr_carea' id='block_1_34' title="bbox 213 2073 1778 2143">
    <p class='ocr_par' dir='ltr' id='par_1_34' title="bbox 213 2073 1778 2143">
     <span class='ocr_line' id='line_1_34' title="bbox 213 2073 1778 2143; baseline 0.006 -19"><span class='ocrx_word' id='word_1_233' title='bbox 213 2087 350 2126; x_wconf 89' lang='lat' dir='ltr'><strong>mare</strong></span> <span class='ocrx_word' id='word_1_234' title='bbox 391 2073 613 2138; x_wconf 90' lang='lat' dir='ltr'><strong>adiisse,</strong></span> <span class='ocrx_word' id='word_1_235' title='bbox 666 2090 853 2129; x_wconf 86' lang='lat' dir='ltr'><strong>navem</strong></span> <span class='ocrx_word' id='word_1_236' title='bbox 905 2077 1285 2132; x_wconf 78' lang='lat' dir='ltr'><strong>conscendisse</strong></span> <span class='ocrx_word' id='word_1_237' title='bbox 1325 2088 1676 2143; x_wconf 85' lang='lat' dir='ltr'><strong>memoratur,</strong></span> <span class='ocrx_word' id='word_1_238' title='bbox 1724 2079 1778 2133; x_wconf 90' lang='lat' dir='ltr'><strong>id</strong></span> 
     </span>
    </p>
   </div>
   <div class='ocr_carea' id='block_1_35' title="bbox 213 2154 1776 2242">
    <p class='ocr_par' dir='ltr' id='par_1_35' title="bbox 213 2154 1776 2242">
     <span class='ocr_line' id='line_1_35' title="bbox 213 2154 1776 2242; baseline 0.007 -28"><span class='ocrx_word' id='word_1_239' title='bbox 213 2162 370 2230; x_wconf 88' lang='lat' dir='ltr'><strong>ipsum</strong></span> <span class='ocrx_word' id='word_1_240' title='bbox 408 2165 522 2218; x_wconf 89' lang='lat' dir='ltr'><strong>situ</strong></span> <span class='ocrx_word' id='word_1_241' title='bbox 562 2154 805 2242; x_wconf 85' lang='lat' dir='ltr'><strong>corporis</strong></span> <span class='ocrx_word' id='word_1_242' title='bbox 847 2166 986 2237; x_wconf 92' lang='lat' dir='ltr'><strong>quod</strong></span> <span class='ocrx_word' id='word_1_243' title='bbox 1034 2182 1288 2238; x_wconf 85' lang='lat' dir='ltr'><strong>processu</strong></span> <span class='ocrx_word' id='word_1_244' title='bbox 1340 2169 1603 2224; x_wconf 87' lang='lat' dir='ltr'><strong>sermonis</strong></span> <span class='ocrx_word' id='word_1_245' title='bbox 1646 2168 1776 2225; x_wconf 83' lang='lat' dir='ltr'><strong>insi-</strong></span> 
     </span>
    </p>
   </div>
   <div class='ocr_carea' id='block_1_36' title="bbox 212 2269 389 2310">
    <p class='ocr_par' dir='ltr' id='par_1_36' title="bbox 212 2269 389 2310">
     <span class='ocr_line' id='line_1_36' title="bbox 212 2269 389 2310; baseline 0.017 -2"><span class='ocrx_word' id='word_1_246' title='bbox 212 2269 242 2308; x_wconf 83' lang='lat' dir='ltr'><strong>ll</strong></span> <span class='ocrx_word' id='word_1_247' title='bbox 248 2271 274 2308; x_wconf 87' lang='lat' dir='ltr'><strong>ll</strong></span> <span class='ocrx_word' id='word_1_248' title='bbox 281 2271 389 2310; x_wconf 66' lang='lat' dir='ltr'><strong>IIIIS.</strong></span> 
     </span>
    </p>
   </div>
   <div class='ocr_carea' id='block_1_37' title="bbox 279 2347 1778 2420">
    <p class='ocr_par' dir='ltr' id='par_1_37' title="bbox 279 2347 1778 2420">
     <span class='ocr_line' id='line_1_37' title="bbox 279 2347 1778 2420; baseline 0.003 -20"><span class='ocrx_word' id='word_1_249' title='bbox 279 2348 432 2402; x_wconf 78' lang='lat' dir='ltr'><strong>Vens.</strong></span> <span class='ocrx_word' id='word_1_250' title='bbox 461 2347 521 2402; x_wconf 84' lang='lat'><strong>5.</strong></span> <span class='ocrx_word' id='word_1_251' title='bbox 543 2379 614 2388; x_wconf 97' lang='lat'>—</span> <span class='ocrx_word' id='word_1_252' title='bbox 641 2347 799 2404; x_wconf 72' lang='lat' dir='ltr'><strong>Serus</strong></span> <span class='ocrx_word' id='word_1_253' title='bbox 831 2351 985 2404; x_wconf 81' lang='lat' dir='ltr'><strong>riam.</strong></span> <span class='ocrx_word' id='word_1_254' title='bbox 1013 2348 1129 2415; x_wconf 88' lang='lat' dir='ltr'><strong>Via,</strong></span> <span class='ocrx_word' id='word_1_255' title='bbox 1160 2359 1244 2406; x_wconf 90' lang='lat' dir='ltr'><strong>est</strong></span> <span class='ocrx_word' id='word_1_256' title='bbox 1267 2365 1362 2406; x_wconf 91' lang='lat' dir='ltr'><strong>cor</strong></span> <span class='ocrx_word' id='word_1_257' title='bbox 1407 2351 1590 2406; x_wconf 85' lang='lat' dir='ltr'><strong>sedulo</strong></span> <span class='ocrx_word' id='word_1_258' title='bbox 1617 2351 1778 2420; x_wconf 80' lang='lat' dir='ltr'><strong>mala-</strong></span> 
     </span>
    </p>
   </div>
   <div class='ocr_carea' id='block_1_38' title="bbox 213 2429 1774 2508">
    <p class='ocr_par' dir='ltr' id='par_1_38' title="bbox 213 2429 1774 2508">
     <span class='ocr_line' id='line_1_38' title="bbox 213 2429 1774 2508; baseline 0.003 -17"><span class='ocrx_word' id='word_1_259' title='bbox 213 2454 322 2492; x_wconf 87' lang='lat' dir='ltr'><strong>rum</strong></span> <span class='ocrx_word' id='word_1_260' title='bbox 350 2441 736 2508; x_wconf 82' lang='lat' dir='ltr'><strong>cogitationum</strong></span> <span class='ocrx_word' id='word_1_261' title='bbox 775 2442 1004 2496; x_wconf 91' lang='lat' dir='ltr'><strong>transitu</strong></span> <span class='ocrx_word' id='word_1_262' title='bbox 1053 2443 1296 2496; x_wconf 88' lang='lat' dir='ltr'><strong>attritum</strong></span> <span class='ocrx_word' id='word_1_263' title='bbox 1343 2450 1396 2496; x_wconf 92' lang='lat' dir='ltr'><strong>ct</strong></span> <span class='ocrx_word' id='word_1_264' title='bbox 1441 2429 1774 2507; x_wconf 81' lang='lat' dir='ltr'><strong>arefactum,</strong></span> 
     </span>
    </p>
   </div>
   <div class='ocr_carea' id='block_1_39' title="bbox 211 2530 1779 2604">
    <p class='ocr_par' dir='ltr' id='par_1_39' title="bbox 211 2530 1779 2604">
     <span class='ocr_line' id='line_1_39' title="bbox 211 2530 1779 2604; baseline 0.005 -24"><span class='ocrx_word' id='word_1_265' title='bbox 211 2543 274 2580; x_wconf 93' lang='lat' dir='ltr'><strong>ne</strong></span> <span class='ocrx_word' id='word_1_266' title='bbox 315 2544 500 2584; x_wconf 86' lang='lat' dir='ltr'><strong>semen</strong></span> <span class='ocrx_word' id='word_1_267' title='bbox 529 2530 675 2585; x_wconf 89' lang='lat' dir='ltr'><strong>verbi</strong></span> <span class='ocrx_word' id='word_1_268' title='bbox 704 2533 873 2600; x_wconf 88' lang='lat' dir='ltr'><strong>possit</strong></span> <span class='ocrx_word' id='word_1_269' title='bbox 907 2532 1150 2604; x_wconf 87' lang='lat' dir='ltr'><strong>accipere</strong></span> <span class='ocrx_word' id='word_1_270' title='bbox 1201 2531 1282 2586; x_wconf 88' lang='lat' dir='ltr'><strong>vel</strong></span> <span class='ocrx_word' id='word_1_271' title='bbox 1322 2534 1644 2602; x_wconf 78' lang='lat' dir='ltr'><strong>germinare,</strong></span> <span class='ocrx_word' id='word_1_272' title='bbox 1685 2533 1779 2588; x_wconf 88' lang='lat' dir='ltr'><strong>sed</strong></span> 
     </span>
    </p>
   </div>
   <div class='ocr_carea' id='block_1_40' title="bbox 213 2620 1780 2696">
    <p class='ocr_par' dir='ltr' id='par_1_40' title="bbox 213 2620 1780 2696">
     <span class='ocr_line' id='line_1_40' title="bbox 213 2620 1780 2696; baseline 0.003 -27"><span class='ocrx_word' id='word_1_273' title='bbox 213 2633 240 2669; x_wconf 89' lang='lat' dir='ltr'><strong>a</strong></span> <span class='ocrx_word' id='word_1_274' title='bbox 276 2620 522 2686; x_wconf 66' lang='lat' dir='ltr'><strong>p&#39;ssimis</strong></span> <span class='ocrx_word' id='word_1_275' title='bbox 569 2620 982 2690; x_wconf 78' lang='lat' dir='ltr'><strong>cogitationibus</strong></span> <span class='ocrx_word' id='word_1_276' title='bbox 1033 2621 1399 2696; x_wconf 86' lang='lat' dir='ltr'><strong>conculcatur,</strong></span> <span class='ocrx_word' id='word_1_277' title='bbox 1443 2630 1497 2675; x_wconf 89' lang='lat' dir='ltr'><strong>et</strong></span> <span class='ocrx_word' id='word_1_278' title='bbox 1523 2637 1551 2674; x_wconf 89' lang='lat' dir='ltr'><strong>a</strong></span> <span class='ocrx_word' id='word_1_279' title='bbox 1584 2621 1780 2675; x_wconf 73' lang='lat' dir='ltr'><strong>dmmo-</strong></span> 
     </span>
    </p>
   </div>
   <div class='ocr_carea' id='block_1_41' title="bbox 213 2707 1774 2786">
    <p class='ocr_par' dir='ltr' id='par_1_41' title="bbox 213 2707 1774 2786">
     <span class='ocr_line' id='line_1_41' title="bbox 213 2707 1774 2786; baseline 0.004 -27"><span class='ocrx_word' id='word_1_280' title='bbox 213 2707 362 2764; x_wconf 80' lang='lat' dir='ltr'><strong>nibus</strong></span> <span class='ocrx_word' id='word_1_281' title='bbox 389 2711 618 2780; x_wconf 82' lang='lat' dir='ltr'><strong>rapitur.</strong></span> <span class='ocrx_word' id='word_1_282' title='bbox 651 2711 750 2786; x_wconf 86' lang='lat' dir='ltr'><strong>Qui</strong></span> <span class='ocrx_word' id='word_1_283' title='bbox 779 2711 898 2765; x_wconf 84' lang='lat' dir='ltr'><strong>ideo</strong></span> <span class='ocrx_word' id='word_1_284' title='bbox 929 2711 1174 2765; x_wconf 86' lang='lat' dir='ltr'><strong>volucres</strong></span> <span class='ocrx_word' id='word_1_285' title='bbox 1202 2711 1321 2766; x_wconf 61' lang='lat' dir='ltr'><strong>caeli</strong></span> <span class='ocrx_word' id='word_1_286' title='bbox 1348 2711 1621 2776; x_wconf 77' lang='lat' dir='ltr'><strong>dicuntur,</strong></span> <span class='ocrx_word' id='word_1_287' title='bbox 1650 2712 1774 2780; x_wconf 82' lang='lat' dir='ltr'><strong>quia</strong></span> 
     </span>
    </p>
   </div>
   <div class='ocr_carea' id='block_1_42' title="bbox 213 2797 1774 2874">
    <p class='ocr_par' dir='ltr' id='par_1_42' title="bbox 213 2797 1774 2874">
     <span class='ocr_line' id='line_1_42' title="bbox 213 2797 1774 2874; baseline 0.003 -24"><span class='ocrx_word' id='word_1_288' title='bbox 213 2797 438 2853; x_wconf 69' lang='lat' dir='ltr'><strong>caelestis</strong></span> <span class='ocrx_word' id='word_1_289' title='bbox 456 2807 512 2854; x_wconf 92' lang='lat' dir='ltr'><strong>et</strong></span> <span class='ocrx_word' id='word_1_290' title='bbox 533 2799 827 2870; x_wconf 85' lang='lat' dir='ltr'><strong>spiritualis</strong></span> <span class='ocrx_word' id='word_1_291' title='bbox 848 2809 972 2854; x_wconf 91' lang='lat' dir='ltr'><strong>sunt</strong></span> <span class='ocrx_word' id='word_1_292' title='bbox 993 2809 1217 2874; x_wconf 60' lang='lat' dir='ltr'><strong>naturae,</strong></span> <span class='ocrx_word' id='word_1_293' title='bbox 1236 2799 1317 2855; x_wconf 92' lang='lat' dir='ltr'><strong>vel</strong></span> <span class='ocrx_word' id='word_1_294' title='bbox 1331 2801 1453 2871; x_wconf 88' lang='lat' dir='ltr'><strong>quia</strong></span> <span class='ocrx_word' id='word_1_295' title='bbox 1475 2816 1571 2869; x_wconf 87' lang='lat' dir='ltr'><strong>per</strong></span> <span class='ocrx_word' id='word_1_296' title='bbox 1597 2797 1774 2855; x_wconf 82' lang='lat' dir='ltr'><strong>aerem</strong></span> 
     </span>
    </p>
   </div>
   <div class='ocr_carea' id='block_1_43' title="bbox 210 2885 538 2961">
    <p class='ocr_par' dir='ltr' id='par_1_43' title="bbox 210 2885 538 2961">
     <span class='ocr_line' id='line_1_43' title="bbox 210 2885 538 2961; baseline 0.015 -22"><span class='ocrx_word' id='word_1_297' title='bbox 210 2885 538 2961; x_wconf 78' lang='lat' dir='ltr'><strong>discurrunt.</strong></span> 
     </span>
    </p>
   </div>
   <div class='ocr_carea' id='block_1_44' title="bbox 279 2978 1778 3051">
    <p class='ocr_par' dir='ltr' id='par_1_44' title="bbox 279 2978 1778 3051">
     <span class='ocr_line' id='line_1_44' title="bbox 279 2978 1778 3051; baseline 0.005 -22"><span class='ocrx_word' id='word_1_298' title='bbox 279 2978 443 3032; x_wconf 71' lang='lat' dir='ltr'><strong>Vens.</strong></span> <span class='ocrx_word' id='word_1_299' title='bbox 469 2979 521 3032; x_wconf 89' lang='lat'><strong>6.</strong></span> <span class='ocrx_word' id='word_1_300' title='bbox 547 3009 620 3020; x_wconf 92' lang='lat'><strong><em>—</em></strong></span> <span class='ocrx_word' id='word_1_301' title='bbox 641 2979 813 3051; x_wconf 81' lang='lat' dir='ltr'><strong>Supra</strong></span> <span class='ocrx_word' id='word_1_302' title='bbox 843 2991 1064 3050; x_wconf 78' lang='lat' dir='ltr'><strong>petram.</strong></span> <span class='ocrx_word' id='word_1_303' title='bbox 1111 2980 1269 3035; x_wconf 87' lang='lat' dir='ltr'><strong>Petra</strong></span> <span class='ocrx_word' id='word_1_304' title='bbox 1321 2983 1636 3036; x_wconf 83' lang='lat' dir='ltr'><strong>indomitum</strong></span> <span class='ocrx_word' id='word_1_305' title='bbox 1684 2998 1778 3038; x_wconf 92' lang='lat' dir='ltr'><strong>cor</strong></span> 
     </span>
    </p>
   </div>
   <div class='ocr_carea' id='block_1_45' title="bbox 209 3065 1778 3139">
    <p class='ocr_par' dir='ltr' id='par_1_45' title="bbox 209 3065 1778 3139">
     <span class='ocr_line' id='line_1_45' title="bbox 209 3065 1778 3139; baseline 0.003 -20"><span class='ocrx_word' id='word_1_306' title='bbox 209 3065 350 3122; x_wconf 88' lang='lat' dir='ltr'><strong>nullo</strong></span> <span class='ocrx_word' id='word_1_307' title='bbox 385 3081 524 3122; x_wconf 74' lang='lat' dir='ltr'><strong>verm</strong></span> <span class='ocrx_word' id='word_1_308' title='bbox 545 3068 681 3126; x_wconf 81' lang='lat' dir='ltr'><strong>,lidei</strong></span> <span class='ocrx_word' id='word_1_309' title='bbox 714 3084 931 3124; x_wconf 90' lang='lat' dir='ltr'><strong>vomere</strong></span> <span class='ocrx_word' id='word_1_310' title='bbox 961 3080 1323 3139; x_wconf 85' lang='lat' dir='ltr'><strong>penetratum,</strong></span> <span class='ocrx_word' id='word_1_311' title='bbox 1350 3072 1400 3124; x_wconf 92' lang='lat' dir='ltr'><strong>in</strong></span> <span class='ocrx_word' id='word_1_312' title='bbox 1430 3088 1536 3139; x_wconf 91' lang='lat' dir='ltr'><strong>quo</strong></span> <span class='ocrx_word' id='word_1_313' title='bbox 1559 3087 1662 3125; x_wconf 91' lang='lat' dir='ltr'><strong>non</strong></span> <span class='ocrx_word' id='word_1_314' title='bbox 1691 3079 1778 3125; x_wconf 89' lang='lat' dir='ltr'><strong>est</strong></span> 
     </span>
    </p>
   </div>
   <div class='ocr_carea' id='block_1_46' title="bbox 208 3161 1314 3228">
    <p class='ocr_par' dir='ltr' id='par_1_46' title="bbox 208 3161 1314 3228">
     <span class='ocr_line' id='line_1_46' title="bbox 208 3161 1314 3228; baseline 0.004 -20"><span class='ocrx_word' id='word_1_315' title='bbox 208 3171 367 3211; x_wconf 86' lang='lat' dir='ltr'><strong>verus</strong></span> <span class='ocrx_word' id='word_1_316' title='bbox 404 3172 560 3211; x_wconf 90' lang='lat' dir='ltr'><strong>amor</strong></span> <span class='ocrx_word' id='word_1_317' title='bbox 587 3167 642 3212; x_wconf 89' lang='lat' dir='ltr'><strong>et</strong></span> <span class='ocrx_word' id='word_1_318' title='bbox 671 3161 1086 3228; x_wconf 63' lang='lat' dir='ltr'><strong>perseverantiae</strong></span> <span class='ocrx_word' id='word_1_319' title='bbox 1122 3162 1314 3214; x_wconf 89' lang='lat' dir='ltr'><strong>virtus.</strong></span> 
     </span>
    </p>
   </div>
   <div class='ocr_carea' id='block_1_47' title="bbox 1878 1965 3452 2051">
    <p class='ocr_par' dir='ltr' id='par_1_47' title="bbox 1878 1965 3452 2051">
     <span class='ocr_line' id='line_1_47' title="bbox 1878 1965 3452 2051; baseline -0.015 -10"><span class='ocrx_word' id='word_1_320' title='bbox 1878 2000 2036 2040; x_wconf 91' lang='lat' dir='ltr'><strong>versa</strong></span> <span class='ocrx_word' id='word_1_321' title='bbox 2079 1982 2258 2038; x_wconf 67' lang='lat' dir='ltr'><strong>saeculi</strong></span> <span class='ocrx_word' id='word_1_322' title='bbox 2298 1980 2582 2051; x_wconf 91' lang='lat' dir='ltr'><strong>patientes.</strong></span> <span class='ocrx_word' id='word_1_323' title='bbox 2625 1974 2690 2030; x_wconf 88' lang='lat' dir='ltr'><strong>Et</strong></span> <span class='ocrx_word' id='word_1_324' title='bbox 2719 1974 2858 2028; x_wconf 91' lang='lat' dir='ltr'><strong>bona</strong></span> <span class='ocrx_word' id='word_1_325' title='bbox 2887 1979 3029 2025; x_wconf 88' lang='lat' dir='ltr'><strong>terra</strong></span> <span class='ocrx_word' id='word_1_326' title='bbox 3074 1984 3194 2024; x_wconf 93' lang='lat' dir='ltr'><strong>cum</strong></span> <span class='ocrx_word' id='word_1_327' title='bbox 3247 1965 3452 2037; x_wconf 85' lang='lat' dir='ltr'><strong>patien-</strong></span> 
     </span>
    </p>
   </div>
   <div class='ocr_carea' id='block_1_48' title="bbox 1880 2057 3451 2138">
    <p class='ocr_par' dir='ltr' id='par_1_48' title="bbox 1880 2057 3451 2138">
     <span class='ocr_line' id='line_1_48' title="bbox 1880 2057 3451 2138; baseline -0.015 -4"><span class='ocrx_word' id='word_1_328' title='bbox 1880 2079 1953 2134; x_wconf 88' lang='lat' dir='ltr'><strong>tia</strong></span> <span class='ocrx_word' id='word_1_329' title='bbox 1980 2077 2213 2132; x_wconf 79' lang='lat' dir='ltr'><strong>fructum</strong></span> <span class='ocrx_word' id='word_1_330' title='bbox 2245 2073 2448 2135; x_wconf 88' lang='lat' dir='ltr'><strong>reddit,</strong></span> <span class='ocrx_word' id='word_1_331' title='bbox 2499 2070 2622 2138; x_wconf 82' lang='lat' dir='ltr'><strong>quia</strong></span> <span class='ocrx_word' id='word_1_332' title='bbox 2652 2069 2789 2122; x_wconf 89' lang='lat' dir='ltr'><strong>bona</strong></span> <span class='ocrx_word' id='word_1_333' title='bbox 2834 2064 2973 2135; x_wconf 85' lang='lat' dir='ltr'><strong>agit,</strong></span> <span class='ocrx_word' id='word_1_334' title='bbox 3016 2071 3070 2120; x_wconf 87' lang='lat' dir='ltr'><strong>et</strong></span> <span class='ocrx_word' id='word_1_335' title='bbox 3100 2061 3237 2116; x_wconf 90' lang='lat' dir='ltr'><strong>mala</strong></span> <span class='ocrx_word' id='word_1_336' title='bbox 3265 2057 3451 2128; x_wconf 76' lang='lat' dir='ltr'><strong>proxi-</strong></span> 
     </span>
    </p>
   </div>
   <div class='ocr_carea' id='block_1_49' title="bbox 1878 2149 3450 2237">
    <p class='ocr_par' dir='ltr' id='par_1_49' title="bbox 1878 2149 3450 2237">
     <span class='ocr_line' id='line_1_49' title="bbox 1878 2149 3450 2237; baseline -0.015 -12"><span class='ocrx_word' id='word_1_337' title='bbox 1878 2183 2088 2225; x_wconf 86' lang='lat' dir='ltr'><strong>morum</strong></span> <span class='ocrx_word' id='word_1_338' title='bbox 2117 2164 2491 2237; x_wconf 67' lang='lat' dir='ltr'><strong>aequanimiter</strong></span> <span class='ocrx_word' id='word_1_339' title='bbox 2525 2159 2750 2222; x_wconf 88' lang='lat' dir='ltr'><strong>tolerat,</strong></span> <span class='ocrx_word' id='word_1_340' title='bbox 2797 2165 2852 2211; x_wconf 91' lang='lat' dir='ltr'><strong>et</strong></span> <span class='ocrx_word' id='word_1_341' title='bbox 2895 2156 3020 2210; x_wconf 90' lang='lat' dir='ltr'><strong>dum</strong></span> <span class='ocrx_word' id='word_1_342' title='bbox 3050 2151 3330 2208; x_wconf 84' lang='lat' dir='ltr'><strong>humiliter</strong></span> <span class='ocrx_word' id='word_1_343' title='bbox 3357 2149 3450 2203; x_wconf 54' lang='lat' dir='ltr'><strong>lla.</strong></span> 
     </span>
    </p>
   </div>
   <div class='ocr_carea' id='block_1_50' title="bbox 1878 2242 3452 2336">
    <p class='ocr_par' dir='ltr' id='par_1_50' title="bbox 1878 2242 3452 2336">
     <span class='ocr_line' id='line_1_50' title="bbox 1878 2242 3452 2336; baseline -0.013 -20"><span class='ocrx_word' id='word_1_344' title='bbox 1878 2261 2016 2336; x_wconf 90' lang='lat' dir='ltr'><strong>gella</strong></span> <span class='ocrx_word' id='word_1_345' title='bbox 2062 2259 2399 2331; x_wconf 90' lang='lat' dir='ltr'><strong>suspiciunt,</strong></span> <span class='ocrx_word' id='word_1_346' title='bbox 2453 2262 2572 2325; x_wconf 88' lang='lat' dir='ltr'><strong>post</strong></span> <span class='ocrx_word' id='word_1_347' title='bbox 2625 2249 2830 2322; x_wconf 82' lang='lat' dir='ltr'><strong>ﬂagella</strong></span> <span class='ocrx_word' id='word_1_348' title='bbox 2881 2249 2934 2303; x_wconf 91' lang='lat' dir='ltr'><strong>in</strong></span> <span class='ocrx_word' id='word_1_349' title='bbox 2990 2246 3230 2316; x_wconf 86' lang='lat' dir='ltr'><strong>requiem</strong></span> <span class='ocrx_word' id='word_1_350' title='bbox 3280 2242 3452 2298; x_wconf 85' lang='lat' dir='ltr'><strong>susci-</strong></span> 
     </span>
    </p>
   </div>
   <div class='ocr_carea' id='block_1_51' title="bbox 1879 2353 2119 2420">
    <p class='ocr_par' dir='ltr' id='par_1_51' title="bbox 1879 2353 2119 2420">
     <span class='ocr_line' id='line_1_51' title="bbox 1879 2353 2119 2420; baseline -0.004 -15"><span class='ocrx_word' id='word_1_351' title='bbox 1879 2353 2119 2420; x_wconf 90' lang='lat' dir='ltr'><strong>piuntur.</strong></span> 
     </span>
    </p>
   </div>
   <div class='ocr_carea' id='block_1_52' title="bbox 1910 2429 3450 2498">
    <p class='ocr_par' dir='ltr' id='par_1_52' title="bbox 1910 2429 3450 2498">
     <span class='ocr_line' id='line_1_52' title="bbox 1910 2429 3450 2498; baseline -0.011 -3"><span class='ocrx_word' id='word_1_352' title='bbox 1910 2431 1914 2434; x_wconf 59' lang='grc'><em>’</em></span> <span class='ocrx_word' id='word_1_353' title='bbox 1951 2441 2114 2494; x_wconf 70' lang='lat' dir='ltr'><strong>Vens.</strong></span> <span class='ocrx_word' id='word_1_354' title='bbox 2146 2439 2230 2494; x_wconf 88' lang='lat'><strong>16.</strong></span> <span class='ocrx_word' id='word_1_355' title='bbox 2257 2469 2327 2480; x_wconf 89' lang='grc'><strong>--</strong></span> <span class='ocrx_word' id='word_1_356' title='bbox 2351 2437 2516 2492; x_wconf 76' lang='lat' dir='ltr'><strong>Nemo</strong></span> <span class='ocrx_word' id='word_1_357' title='bbox 2566 2445 2759 2489; x_wconf 81' lang='lat' dir='ltr'><strong>autent.</strong></span> <span class='ocrx_word' id='word_1_358' title='bbox 2800 2432 2925 2486; x_wconf 70' lang='lat' dir='ltr'><strong>llmc</strong></span> <span class='ocrx_word' id='word_1_359' title='bbox 2969 2429 3132 2484; x_wconf 89' lang='lat' dir='ltr'><strong>verba</strong></span> <span class='ocrx_word' id='word_1_360' title='bbox 3177 2434 3450 2498; x_wconf 89' lang='lat' dir='ltr'><strong>ponuntur</strong></span> 
     </span>
    </p>
   </div>
   <div class='ocr_carea' id='block_1_53' title="bbox 1881 2512 3342 2600">
    <p class='ocr_par' dir='ltr' id='par_1_53' title="bbox 1881 2512 3342 2600">
     <span class='ocr_line' id='line_1_53' title="bbox 1881 2512 3342 2600; baseline -0.011 -11"><span class='ocrx_word' id='word_1_361' title='bbox 1881 2512 2604 2600; x_wconf 21' lang='lat' dir='ltr'><strong>secundumIsimilitudiuem</strong></span> <span class='ocrx_word' id='word_1_362' title='bbox 2646 2529 2889 2581; x_wconf 66' lang='lat' dir='ltr'><strong>humanae</strong></span> <span class='ocrx_word' id='word_1_363' title='bbox 2920 2520 3342 2600; x_wconf 74' lang='lat' dir='ltr'><strong>consuetudinis.</strong></span> 
     </span>
    </p>
   </div>
   <div class='ocr_carea' id='block_1_54' title="bbox 1951 2595 3451 2682">
    <p class='ocr_par' dir='ltr' id='par_1_54' title="bbox 1951 2595 3451 2682">
     <span class='ocr_line' id='line_1_54' title="bbox 1951 2595 3451 2682; baseline -0.009 -5"><span class='ocrx_word' id='word_1_364' title='bbox 1951 2621 2114 2677; x_wconf 84' lang='lat' dir='ltr'><strong>Vens.</strong></span> <span class='ocrx_word' id='word_1_365' title='bbox 2151 2621 2233 2675; x_wconf 86' lang='lat'><strong>17.</strong></span> <span class='ocrx_word' id='word_1_366' title='bbox 2267 2651 2333 2660; x_wconf 93' lang='lat'><strong>——</strong></span> <span class='ocrx_word' id='word_1_367' title='bbox 2366 2595 2486 2673; x_wconf 82' lang='lat' dir='ltr'><strong>Non</strong></span> <span class='ocrx_word' id='word_1_368' title='bbox 2513 2619 2685 2682; x_wconf 85' lang='lat' dir='ltr'><strong>enim,</strong></span> <span class='ocrx_word' id='word_1_369' title='bbox 2717 2625 2820 2670; x_wconf 92' lang='lat' dir='ltr'><strong>etc.</strong></span> <span class='ocrx_word' id='word_1_370' title='bbox 2855 2614 3019 2681; x_wconf 85' lang='lat' dir='ltr'><strong>Quasi</strong></span> <span class='ocrx_word' id='word_1_371' title='bbox 3067 2595 3232 2668; x_wconf 73' lang='lat' dir='ltr'><strong>dicat.</strong></span> <span class='ocrx_word' id='word_1_372' title='bbox 3267 2610 3451 2665; x_wconf 88' lang='lat' dir='ltr'><strong>Timor</strong></span> 
     </span>
    </p>
   </div>
   <div class='ocr_carea' id='block_1_55' title="bbox 1882 2700 3449 2782">
    <p class='ocr_par' dir='ltr' id='par_1_55' title="bbox 1882 2700 3449 2782">
     <span class='ocr_line' id='line_1_55' title="bbox 1882 2700 3449 2782; baseline -0.01 -13"><span class='ocrx_word' id='word_1_373' title='bbox 1882 2713 2177 2782; x_wconf 75' lang='lat' dir='ltr'><strong>carnalium</strong></span> <span class='ocrx_word' id='word_1_374' title='bbox 2227 2726 2332 2766; x_wconf 91' lang='lat' dir='ltr'><strong>non</strong></span> <span class='ocrx_word' id='word_1_375' title='bbox 2363 2724 2458 2764; x_wconf 91' lang='lat' dir='ltr'><strong>vos</strong></span> <span class='ocrx_word' id='word_1_376' title='bbox 2486 2708 2742 2772; x_wconf 90' lang='lat' dir='ltr'><strong>retardet,</strong></span> <span class='ocrx_word' id='word_1_377' title='bbox 2774 2706 2865 2760; x_wconf 91' lang='lat' dir='ltr'><strong>sed</strong></span> <span class='ocrx_word' id='word_1_378' title='bbox 2917 2718 3013 2758; x_wconf 89' lang='lat' dir='ltr'><strong>nec</strong></span> <span class='ocrx_word' id='word_1_379' title='bbox 3055 2702 3193 2756; x_wconf 89' lang='lat' dir='ltr'><strong>mala</strong></span> <span class='ocrx_word' id='word_1_380' title='bbox 3245 2700 3449 2771; x_wconf 83' lang='lat' dir='ltr'><strong>Opinio,</strong></span> 
     </span>
    </p>
   </div>
   <div class='ocr_carea' id='block_1_56' title="bbox 1882 2791 3451 2872">
    <p class='ocr_par' dir='ltr' id='par_1_56' title="bbox 1882 2791 3451 2872">
     <span class='ocr_line' id='line_1_56' title="bbox 1882 2791 3451 2872; baseline -0.01 -15"><span class='ocrx_word' id='word_1_381' title='bbox 1882 2819 2001 2872; x_wconf 74' lang='lat' dir='ltr'><strong>qua:</strong></span> <span class='ocrx_word' id='word_1_382' title='bbox 2032 2802 2096 2857; x_wconf 89' lang='lat' dir='ltr'><strong>de</strong></span> <span class='ocrx_word' id='word_1_383' title='bbox 2131 2801 2282 2856; x_wconf 85' lang='lat' dir='ltr'><strong>vobis</strong></span> <span class='ocrx_word' id='word_1_384' title='bbox 2313 2799 2472 2854; x_wconf 85' lang='lat' dir='ltr'><strong>modo</strong></span> <span class='ocrx_word' id='word_1_385' title='bbox 2509 2797 2734 2852; x_wconf 88' lang='lat' dir='ltr'><strong>habetur</strong></span> <span class='ocrx_word' id='word_1_386' title='bbox 2781 2793 2920 2865; x_wconf 90' lang='lat' dir='ltr'><strong>apud</strong></span> <span class='ocrx_word' id='word_1_387' title='bbox 2971 2791 3274 2846; x_wconf 85' lang='lat' dir='ltr'><strong>incredulos</strong></span> <span class='ocrx_word' id='word_1_388' title='bbox 3326 2791 3451 2860; x_wconf 85' lang='lat' dir='ltr'><strong>quia</strong></span> 
     </span>
    </p>
   </div>
   <div class='ocr_carea' id='block_1_57' title="bbox 1881 2882 3456 2960">
    <p class='ocr_par' dir='ltr' id='par_1_57' title="bbox 1881 2882 3456 2960">
     <span class='ocr_line' id='line_1_57' title="bbox 1881 2882 3456 2960; baseline -0.01 -12"><span class='ocrx_word' id='word_1_389' title='bbox 1881 2893 1982 2948; x_wconf 91' lang='lat' dir='ltr'><strong>etsi</strong></span> <span class='ocrx_word' id='word_1_390' title='bbox 2007 2891 2140 2946; x_wconf 90' lang='lat' dir='ltr'><strong>viles</strong></span> <span class='ocrx_word' id='word_1_391' title='bbox 2175 2889 2480 2960; x_wconf 88' lang='lat' dir='ltr'><strong>apparetis,</strong></span> <span class='ocrx_word' id='word_1_392' title='bbox 2521 2885 2844 2956; x_wconf 90' lang='lat' dir='ltr'><strong>quandoque</strong></span> <span class='ocrx_word' id='word_1_393' title='bbox 2893 2882 3112 2937; x_wconf 88' lang='lat' dir='ltr'><strong>claritas</strong></span> <span class='ocrx_word' id='word_1_394' title='bbox 3143 2889 3321 2934; x_wconf 88' lang='lat' dir='ltr'><strong>vestra</strong></span> <span class='ocrx_word' id='word_1_395' title='bbox 3363 2894 3456 2949; x_wconf 91' lang='lat' dir='ltr'><strong>ap-</strong></span> 
     </span>
    </p>
   </div>
   <div class='ocr_carea' id='block_1_58' title="bbox 1882 2973 3457 3056">
    <p class='ocr_par' dir='ltr' id='par_1_58' title="bbox 1882 2973 3457 3056">
     <span class='ocr_line' id='line_1_58' title="bbox 1882 2973 3457 3056; baseline -0.008 -17"><span class='ocrx_word' id='word_1_396' title='bbox 1882 2984 2114 3056; x_wconf 85' lang='lat' dir='ltr'><strong>parebit,</strong></span> <span class='ocrx_word' id='word_1_397' title='bbox 2159 2997 2281 3038; x_wconf 93' lang='lat' dir='ltr'><strong>cum</strong></span> <span class='ocrx_word' id='word_1_398' title='bbox 2330 2980 2585 3034; x_wconf 80' lang='lat' dir='ltr'><strong>Dominus</strong></span> <span class='ocrx_word' id='word_1_399' title='bbox 2623 2976 2939 3031; x_wconf 85' lang='lat' dir='ltr'><strong>illuminabit</strong></span> <span class='ocrx_word' id='word_1_400' title='bbox 2975 2973 3280 3029; x_wconf 82' lang='lat' dir='ltr'><strong>abscondita</strong></span> <span class='ocrx_word' id='word_1_401' title='bbox 3321 2982 3457 3026; x_wconf 75' lang='lat' dir='ltr'><strong>tene-</strong></span> 
     </span>
    </p>
   </div>
   <div class='ocr_carea' id='block_1_59' title="bbox 1884 3064 3458 3141">
    <p class='ocr_par' dir='ltr' id='par_1_59' title="bbox 1884 3064 3458 3141">
     <span class='ocr_line' id='line_1_59' title="bbox 1884 3064 3458 3141; baseline -0.007 -13"><span class='ocrx_word' id='word_1_402' title='bbox 1884 3075 2118 3141; x_wconf 84' lang='lat' dir='ltr'><strong>brarum,</strong></span> <span class='ocrx_word' id='word_1_403' title='bbox 2150 3081 2277 3128; x_wconf 90' lang='lat' dir='ltr'><strong>tunc</strong></span> <span class='ocrx_word' id='word_1_404' title='bbox 2314 3080 2369 3127; x_wconf 89' lang='lat' dir='ltr'><strong>et</strong></span> <span class='ocrx_word' id='word_1_405' title='bbox 2396 3086 2490 3126; x_wconf 90' lang='lat' dir='ltr'><strong>vos</strong></span> <span class='ocrx_word' id='word_1_406' title='bbox 2517 3067 2923 3131; x_wconf 90' lang='lat' dir='ltr'><strong>coronabimini,</strong></span> <span class='ocrx_word' id='word_1_407' title='bbox 2957 3075 3010 3122; x_wconf 87' lang='lat' dir='ltr'><strong>et</strong></span> <span class='ocrx_word' id='word_1_408' title='bbox 3051 3064 3340 3135; x_wconf 90' lang='lat' dir='ltr'><strong>punientur</strong></span> <span class='ocrx_word' id='word_1_409' title='bbox 3368 3077 3458 3118; x_wconf 89' lang='lat' dir='ltr'><strong>ve-</strong></span> 
     </span>
    </p>
   </div>
   <div class='ocr_carea' id='block_1_60' title="bbox 1885 3161 2342 3218">
    <p class='ocr_par' dir='ltr' id='par_1_60' title="bbox 1885 3161 2342 3218">
     <span class='ocr_line' id='line_1_60' title="bbox 1885 3161 2342 3218; baseline -0.007 0"><span class='ocrx_word' id='word_1_410' title='bbox 1885 3163 1983 3218; x_wconf 88' lang='lat' dir='ltr'><strong>stri</strong></span> <span class='ocrx_word' id='word_1_411' title='bbox 2023 3161 2342 3217; x_wconf 90' lang='lat' dir='ltr'><strong>adversarii.</strong></span> 
     </span>
    </p>
   </div>
   <div class='ocr_carea' id='block_1_61' title="bbox 277 3241 3453 3321">
    <p class='ocr_par' dir='ltr' id='par_1_61' title="bbox 277 3241 3453 3321">
     <span class='ocr_line' id='line_1_61' title="bbox 277 3241 3453 3321; baseline -0.001 -23"><span class='ocrx_word' id='word_1_412' title='bbox 277 3248 444 3304; x_wconf 84' lang='lat' dir='ltr'><strong>Vens.</strong></span> <span class='ocrx_word' id='word_1_413' title='bbox 487 3249 538 3304; x_wconf 93' lang='lat'><strong>8.</strong></span> <span class='ocrx_word' id='word_1_414' title='bbox 569 3279 637 3289; x_wconf 89' lang='lat'><strong>—</strong></span> <span class='ocrx_word' id='word_1_415' title='bbox 677 3249 1008 3320; x_wconf 85' lang='lat' dir='ltr'><strong>Centuplum,</strong></span> <span class='ocrx_word' id='word_1_416' title='bbox 1045 3259 1148 3305; x_wconf 92' lang='lat' dir='ltr'><strong>etc.</strong></span> <span class='ocrx_word' id='word_1_417' title='bbox 1200 3251 1334 3306; x_wconf 90' lang='lat' dir='ltr'><strong>Cum</strong></span> <span class='ocrx_word' id='word_1_418' title='bbox 1387 3252 1635 3307; x_wconf 89' lang='lat' dir='ltr'><strong>denarius</strong></span> <span class='ocrx_word' id='word_1_419' title='bbox 1684 3267 1780 3321; x_wconf 92' lang='lat' dir='ltr'><strong>pro</strong></span> <span class='ocrx_word' id='word_1_420' title='bbox 1808 3241 1852 3302; x_wconf 86' lang='lat' dir='ltr'><strong><em>C</em></strong></span> <span class='ocrx_word' id='word_1_421' title='bbox 1953 3255 2119 3310; x_wconf 69' lang='lat' dir='ltr'><strong>Vens.</strong></span> <span class='ocrx_word' id='word_1_422' title='bbox 2154 3252 2237 3306; x_wconf 90' lang='lat'><strong>18.</strong></span> <span class='ocrx_word' id='word_1_423' title='bbox 2261 3278 2330 3292; x_wconf 73' lang='lat'><strong>-</strong></span> <span class='ocrx_word' id='word_1_424' title='bbox 2357 3251 2462 3317; x_wconf 85' lang='lat' dir='ltr'><strong>Qui</strong></span> <span class='ocrx_word' id='word_1_425' title='bbox 2495 3251 2631 3306; x_wconf 86' lang='lat' dir='ltr'><strong>enim</strong></span> <span class='ocrx_word' id='word_1_426' title='bbox 2669 3249 2842 3314; x_wconf 83' lang='lat' dir='ltr'><strong>habet,</strong></span> <span class='ocrx_word' id='word_1_427' title='bbox 2887 3256 2993 3302; x_wconf 91' lang='lat' dir='ltr'><strong>etc.</strong></span> <span class='ocrx_word' id='word_1_428' title='bbox 3038 3245 3162 3301; x_wconf 69' lang='lat' dir='ltr'><strong>Haec</strong></span> <span class='ocrx_word' id='word_1_429' title='bbox 3204 3243 3453 3315; x_wconf 84' lang='lat' dir='ltr'><strong>speciali-</strong></span> 
     </span>
    </p>
   </div>
   <div class='ocr_carea' id='block_1_62' title="bbox 206 3338 1783 3412">
    <p class='ocr_par' dir='ltr' id='par_1_62' title="bbox 206 3338 1783 3412">
     <span class='ocr_line' id='line_1_62' title="bbox 206 3338 1783 3412; baseline 0.002 -20"><span class='ocrx_word' id='word_1_430' title='bbox 206 3339 537 3408; x_wconf 84' lang='lat' dir='ltr'><strong>perlcctione</strong></span> <span class='ocrx_word' id='word_1_431' title='bbox 570 3338 742 3394; x_wconf 90' lang='lat' dir='ltr'><strong>soleat</strong></span> <span class='ocrx_word' id='word_1_432' title='bbox 780 3340 950 3409; x_wconf 90' lang='lat' dir='ltr'><strong>accipi</strong></span> <span class='ocrx_word' id='word_1_433' title='bbox 982 3339 1126 3411; x_wconf 91' lang='lat' dir='ltr'><strong>(quia</strong></span> <span class='ocrx_word' id='word_1_434' title='bbox 1156 3340 1209 3394; x_wconf 91' lang='lat' dir='ltr'><strong>in</strong></span> <span class='ocrx_word' id='word_1_435' title='bbox 1255 3339 1441 3395; x_wconf 88' lang='lat' dir='ltr'><strong>decem</strong></span> <span class='ocrx_word' id='word_1_436' title='bbox 1481 3341 1610 3412; x_wconf 90' lang='lat' dir='ltr'><strong>legis</strong></span> <span class='ocrx_word' id='word_1_437' title='bbox 1653 3356 1783 3412; x_wconf 72' lang='lat' dir='ltr'><strong>prae—</strong></span> 
     </span>
    </p>
   </div>
   <div class='ocr_carea' id='block_1_63' title="bbox 209 3429 1784 3501">
    <p class='ocr_par' dir='ltr' id='par_1_63' title="bbox 209 3429 1784 3501">
     <span class='ocr_line' id='line_1_63' title="bbox 209 3429 1784 3501; baseline 0.001 -17"><span class='ocrx_word' id='word_1_438' title='bbox 209 3430 374 3500; x_wconf 81' lang='lat' dir='ltr'><strong>ceptis</strong></span> <span class='ocrx_word' id='word_1_439' title='bbox 429 3431 673 3485; x_wconf 90' lang='lat' dir='ltr'><strong>custodia</strong></span> <span class='ocrx_word' id='word_1_440' title='bbox 720 3429 1100 3501; x_wconf 89' lang='lat' dir='ltr'><strong>continetur),</strong></span> <span class='ocrx_word' id='word_1_441' title='bbox 1143 3431 1486 3485; x_wconf 83' lang='lat' dir='ltr'><strong>centenarias</strong></span> <span class='ocrx_word' id='word_1_442' title='bbox 1541 3431 1632 3500; x_wconf 90' lang='lat' dir='ltr'><strong>qui</strong></span> <span class='ocrx_word' id='word_1_443' title='bbox 1686 3446 1784 3501; x_wconf 88' lang='lat' dir='ltr'><strong>per</strong></span> 
     </span>
    </p>
   </div>
   <div class='ocr_carea' id='block_1_64' title="bbox 210 3519 1785 3590">
    <p class='ocr_par' dir='ltr' id='par_1_64' title="bbox 210 3519 1785 3590">
     <span class='ocr_line' id='line_1_64' title="bbox 210 3519 1785 3590; baseline 0 -16"><span class='ocrx_word' id='word_1_444' title='bbox 210 3519 618 3589; x_wconf 88' lang='lat' dir='ltr'><strong>multiplicatum</strong></span> <span class='ocrx_word' id='word_1_445' title='bbox 668 3520 946 3575; x_wconf 89' lang='lat' dir='ltr'><strong>denarium</strong></span> <span class='ocrx_word' id='word_1_446' title='bbox 995 3520 1186 3588; x_wconf 78' lang='lat' dir='ltr'><strong>surgit,</strong></span> <span class='ocrx_word' id='word_1_447' title='bbox 1236 3535 1335 3590; x_wconf 90' lang='lat' dir='ltr'><strong>pro</strong></span> <span class='ocrx_word' id='word_1_448' title='bbox 1387 3535 1576 3590; x_wconf 91' lang='lat' dir='ltr'><strong>magna</strong></span> <span class='ocrx_word' id='word_1_449' title='bbox 1610 3519 1785 3590; x_wconf 80' lang='lat' dir='ltr'><strong>perfe-</strong></span> 
     </span>
    </p>
   </div>
   <div class='ocr_carea' id='block_1_65' title="bbox 211 3610 1782 3682">
    <p class='ocr_par' dir='ltr' id='par_1_65' title="bbox 211 3610 1782 3682">
     <span class='ocr_line' id='line_1_65' title="bbox 211 3610 1782 3682; baseline 0.001 -18"><span class='ocrx_word' id='word_1_450' title='bbox 211 3613 384 3667; x_wconf 86' lang='lat' dir='ltr'><strong>ctione</strong></span> <span class='ocrx_word' id='word_1_451' title='bbox 412 3611 634 3682; x_wconf 83' lang='lat' dir='ltr'><strong>ponitur</strong></span> <span class='ocrx_word' id='word_1_452' title='bbox 665 3629 677 3665; x_wconf 92' lang='lat'><strong>:</strong></span> <span class='ocrx_word' id='word_1_453' title='bbox 712 3627 808 3667; x_wconf 93' lang='lat' dir='ltr'><strong>cor</strong></span> <span class='ocrx_word' id='word_1_454' title='bbox 852 3612 1014 3681; x_wconf 78' lang='lat' dir='ltr'><strong>igitur</strong></span> <span class='ocrx_word' id='word_1_455' title='bbox 1053 3611 1362 3682; x_wconf 90' lang='lat' dir='ltr'><strong>centuplum</strong></span> <span class='ocrx_word' id='word_1_456' title='bbox 1395 3611 1523 3667; x_wconf 81' lang='lat' dir='ltr'><strong>facit</strong></span> <span class='ocrx_word' id='word_1_457' title='bbox 1547 3610 1782 3667; x_wconf 77' lang='lat' dir='ltr'><strong>fructum</strong></span> 
     </span>
    </p>
   </div>
   <div class='ocr_carea' id='block_1_66' title="bbox 213 3701 1783 3780">
    <p class='ocr_par' dir='ltr' id='par_1_66' title="bbox 213 3701 1783 3780">
     <span class='ocr_line' id='line_1_66' title="bbox 213 3701 1783 3780; baseline -0.001 -25"><span class='ocrx_word' id='word_1_458' title='bbox 213 3701 348 3777; x_wconf 88' lang='lat' dir='ltr'><strong>quod</strong></span> <span class='ocrx_word' id='word_1_459' title='bbox 378 3717 479 3777; x_wconf 82' lang='lat' dir='ltr'><strong>per</strong></span> <span class='ocrx_word' id='word_1_460' title='bbox 513 3717 752 3780; x_wconf 82' lang='lat' dir='ltr'><strong>amorem</strong></span> <span class='ocrx_word' id='word_1_461' title='bbox 779 3702 1008 3772; x_wconf 81' lang='lat' dir='ltr'><strong>proximi</strong></span> <span class='ocrx_word' id='word_1_462' title='bbox 1038 3702 1288 3780; x_wconf 83' lang='lat' dir='ltr'><strong>activam,</strong></span> <span class='ocrx_word' id='word_1_463' title='bbox 1316 3709 1370 3756; x_wconf 92' lang='lat' dir='ltr'><strong>et</strong></span> <span class='ocrx_word' id='word_1_464' title='bbox 1402 3716 1499 3778; x_wconf 84' lang='lat' dir='ltr'><strong>per</strong></span> <span class='ocrx_word' id='word_1_465' title='bbox 1543 3715 1783 3756; x_wconf 90' lang='lat' dir='ltr'><strong>amorem</strong></span> 
     </span>
    </p>
   </div>
   <div class='ocr_carea' id='block_1_67' title="bbox 215 3790 1785 3864">
    <p class='ocr_par' dir='ltr' id='par_1_67' title="bbox 215 3790 1785 3864">
     <span class='ocr_line' id='line_1_67' title="bbox 215 3790 1785 3864; baseline 0 -18"><span class='ocrx_word' id='word_1_466' title='bbox 215 3790 303 3846; x_wconf 90' lang='lat' dir='ltr'><strong>Dei</strong></span> <span class='ocrx_word' id='word_1_467' title='bbox 328 3791 797 3864; x_wconf 90' lang='lat' dir='ltr'><strong>contemplativam</strong></span> <span class='ocrx_word' id='word_1_468' title='bbox 821 3791 1132 3862; x_wconf 89' lang='lat' dir='ltr'><strong>adipiscitur</strong></span> <span class='ocrx_word' id='word_1_469' title='bbox 1153 3793 1338 3858; x_wconf 87' lang='lat' dir='ltr'><strong>vitam,</strong></span> <span class='ocrx_word' id='word_1_470' title='bbox 1353 3799 1406 3846; x_wconf 93' lang='lat' dir='ltr'><strong>et</strong></span> <span class='ocrx_word' id='word_1_471' title='bbox 1427 3790 1785 3862; x_wconf 87' lang='lat' dir='ltr'><strong>spiritualium</strong></span> 
     </span>
    </p>
   </div>
   <div class='ocr_carea' id='block_1_68' title="bbox 212 3867 1116 3951">
    <p class='ocr_par' dir='ltr' id='par_1_68' title="bbox 212 3867 1116 3951">
     <span class='ocr_line' id='line_1_68' title="bbox 212 3867 1116 3951; baseline 0.002 -19"><span class='ocrx_word' id='word_1_472' title='bbox 212 3867 435 3934; x_wconf 83' lang='lat' dir='ltr'><strong>ornatur</strong></span> <span class='ocrx_word' id='word_1_473' title='bbox 472 3869 803 3951; x_wconf 84' lang='lat' dir='ltr'><strong>perfectione</strong></span> <span class='ocrx_word' id='word_1_474' title='bbox 838 3867 1116 3934; x_wconf 85' lang='lat' dir='ltr'><strong>virtutum.</strong></span> 
     </span>
    </p>
   </div>
   <div class='ocr_carea' id='block_1_69' title="bbox 279 3975 1788 4049">
    <p class='ocr_par' dir='ltr' id='par_1_69' title="bbox 279 3975 1788 4049">
     <span class='ocr_line' id='line_1_69' title="bbox 279 3975 1788 4049; baseline 0.001 -19"><span class='ocrx_word' id='word_1_475' title='bbox 279 3975 443 4032; x_wconf 73' lang='lat' dir='ltr'><strong>Vens.</strong></span> <span class='ocrx_word' id='word_1_476' title='bbox 475 3979 531 4033; x_wconf 92' lang='lat'><strong>9.</strong></span> <span class='ocrx_word' id='word_1_477' title='bbox 557 4008 624 4017; x_wconf 92' lang='lat'>—</span> <span class='ocrx_word' id='word_1_478' title='bbox 651 3975 778 4031; x_wconf 76' lang='lat' dir='ltr'><strong>llwc</strong></span> <span class='ocrx_word' id='word_1_479' title='bbox 815 3976 1089 4046; x_wconf 71' lang='lat' dir='ltr'><strong>parabola.</strong></span> <span class='ocrx_word' id='word_1_480' title='bbox 1139 3975 1275 4030; x_wconf 82' lang='lat' dir='ltr'><strong>Nota</strong></span> <span class='ocrx_word' id='word_1_481' title='bbox 1326 3977 1466 4031; x_wconf 88' lang='lat' dir='ltr'><strong>hanc</strong></span> <span class='ocrx_word' id='word_1_482' title='bbox 1515 3990 1633 4032; x_wconf 87' lang='lat' dir='ltr'><strong>esse</strong></span> <span class='ocrx_word' id='word_1_483' title='bbox 1679 3978 1788 4049; x_wconf 88' lang='lat' dir='ltr'><strong>pri-</strong></span> 
     </span>
    </p>
   </div>
   <div class='ocr_carea' id='block_1_70' title="bbox 215 4068 1789 4144">
    <p class='ocr_par' dir='ltr' id='par_1_70' title="bbox 215 4068 1789 4144">
     <span class='ocr_line' id='line_1_70' title="bbox 215 4068 1789 4144; baseline 0.001 -22"><span class='ocrx_word' id='word_1_484' title='bbox 215 4085 350 4124; x_wconf 88' lang='lat' dir='ltr'><strong>mam</strong></span> <span class='ocrx_word' id='word_1_485' title='bbox 385 4068 702 4144; x_wconf 81' lang='lat' dir='ltr'><strong>parabolam</strong></span> <span class='ocrx_word' id='word_1_486' title='bbox 728 4085 864 4144; x_wconf 46' lang='lat' dir='ltr'><strong>quae</strong></span> <span class='ocrx_word' id='word_1_487' title='bbox 905 4084 1026 4123; x_wconf 92' lang='lat' dir='ltr'><strong>cum</strong></span> <span class='ocrx_word' id='word_1_488' title='bbox 1066 4069 1508 4138; x_wconf 87' lang='lat' dir='ltr'><strong>interpretatione</strong></span> <span class='ocrx_word' id='word_1_489' title='bbox 1554 4084 1649 4124; x_wconf 90' lang='lat' dir='ltr'><strong>sua</strong></span> <span class='ocrx_word' id='word_1_490' title='bbox 1698 4085 1789 4139; x_wconf 89' lang='lat' dir='ltr'><strong>po-</strong></span> 
     </span>
    </p>
   </div>
   <div class='ocr_carea' id='block_1_71' title="bbox 216 4143 1786 4237">
    <p class='ocr_par' dir='ltr' id='par_1_71' title="bbox 216 4143 1786 4237">
     <span class='ocr_line' id='line_1_71' title="bbox 216 4143 1786 4237; baseline -0.002 -25"><span class='ocrx_word' id='word_1_491' title='bbox 216 4159 310 4237; x_wconf 82' lang='lat' dir='ltr'><strong>sita</strong></span> <span class='ocrx_word' id='word_1_492' title='bbox 329 4160 426 4234; x_wconf 92' lang='lat' dir='ltr'><strong>_sit.</strong></span> <span class='ocrx_word' id='word_1_493' title='bbox 450 4159 529 4237; x_wconf 79' lang='lat' dir='ltr'><strong>Et</strong></span> <span class='ocrx_word' id='word_1_494' title='bbox 568 4143 864 4214; x_wconf 86' lang='lat' dir='ltr'><strong>cavendum</strong></span> <span class='ocrx_word' id='word_1_495' title='bbox 896 4167 979 4211; x_wconf 88' lang='lat' dir='ltr'><strong>est</strong></span> <span class='ocrx_word' id='word_1_496' title='bbox 1012 4157 1314 4226; x_wconf 92' lang='lat' dir='ltr'><strong>ubicunque</strong></span> <span class='ocrx_word' id='word_1_497' title='bbox 1343 4156 1600 4212; x_wconf 91' lang='lat' dir='ltr'><strong>Dominus</strong></span> <span class='ocrx_word' id='word_1_498' title='bbox 1629 4173 1786 4227; x_wconf 78' lang='lat' dir='ltr'><strong>rogu-</strong></span> 
     </span>
    </p>
   </div>
   <div class='ocr_carea' id='block_1_72' title="bbox 218 4235 1786 4318">
    <p class='ocr_par' dir='ltr' id='par_1_72' title="bbox 218 4235 1786 4318">
     <span class='ocr_line' id='line_1_72' title="bbox 218 4235 1786 4318; baseline -0.001 -16"><span class='ocrx_word' id='word_1_499' title='bbox 218 4235 298 4305; x_wconf 77' lang='lat' dir='ltr'><strong>tus</strong></span> <span class='ocrx_word' id='word_1_500' title='bbox 323 4265 353 4304; x_wconf 83' lang='lat' dir='ltr'><strong>a</strong></span> <span class='ocrx_word' id='word_1_501' title='bbox 391 4235 674 4318; x_wconf 86' lang='lat' dir='ltr'><strong>discipulis</strong></span> <span class='ocrx_word' id='word_1_502' title='bbox 705 4248 1027 4302; x_wconf 88' lang='lat' dir='ltr'><strong>intrinsecus</strong></span> <span class='ocrx_word' id='word_1_503' title='bbox 1071 4261 1349 4303; x_wconf 89' lang='lat' dir='ltr'><strong>sermones</strong></span> <span class='ocrx_word' id='word_1_504' title='bbox 1387 4261 1513 4303; x_wconf 91' lang='lat' dir='ltr'><strong>suos</strong></span> <span class='ocrx_word' id='word_1_505' title='bbox 1550 4247 1786 4314; x_wconf 85' lang='lat' dir='ltr'><strong>disserit,</strong></span> 
     </span>
    </p>
   </div>
   <div class='ocr_carea' id='block_1_73' title="bbox 217 4334 1787 4410">
    <p class='ocr_par' dir='ltr' id='par_1_73' title="bbox 217 4334 1787 4410">
     <span class='ocr_line' id='line_1_73' title="bbox 217 4334 1787 4410; baseline 0 -20"><span class='ocrx_word' id='word_1_506' title='bbox 217 4354 280 4393; x_wconf 90' lang='lat' dir='ltr'><strong>ne</strong></span> <span class='ocrx_word' id='word_1_507' title='bbox 305 4340 388 4394; x_wconf 91' lang='lat' dir='ltr'><strong>vel</strong></span> <span class='ocrx_word' id='word_1_508' title='bbox 415 4339 564 4394; x_wconf 89' lang='lat' dir='ltr'><strong>aliud</strong></span> <span class='ocrx_word' id='word_1_509' title='bbox 603 4337 686 4391; x_wconf 89' lang='lat' dir='ltr'><strong>vel</strong></span> <span class='ocrx_word' id='word_1_510' title='bbox 731 4337 849 4407; x_wconf 89' lang='lat' dir='ltr'><strong>plus</strong></span> <span class='ocrx_word' id='word_1_511' title='bbox 889 4335 975 4391; x_wconf 89' lang='lat' dir='ltr'><strong>vel</strong></span> <span class='ocrx_word' id='word_1_512' title='bbox 1011 4335 1188 4390; x_wconf 91' lang='lat' dir='ltr'><strong>minus</strong></span> <span class='ocrx_word' id='word_1_513' title='bbox 1218 4334 1512 4406; x_wconf 80' lang='lat' dir='ltr'><strong>intelligere</strong></span> <span class='ocrx_word' id='word_1_514' title='bbox 1542 4335 1787 4410; x_wconf 87' lang='lat' dir='ltr'><strong>velitnus,</strong></span> 
     </span>
    </p>
   </div>
   <div class='ocr_carea' id='block_1_74' title="bbox 217 4411 1792 4502">
    <p class='ocr_par' dir='ltr' id='par_1_74' title="bbox 217 4411 1792 4502">
     <span class='ocr_line' id='line_1_74' title="bbox 217 4411 1792 4502; baseline -0.001 -17"><span class='ocrx_word' id='word_1_515' title='bbox 217 4447 373 4501; x_wconf 89' lang='lat' dir='ltr'><strong>quam</strong></span> <span class='ocrx_word' id='word_1_516' title='bbox 401 4431 469 4487; x_wconf 88' lang='lat' dir='ltr'><strong>ab</strong></span> <span class='ocrx_word' id='word_1_517' title='bbox 493 4447 563 4486; x_wconf 90' lang='lat' dir='ltr'><strong>eo</strong></span> <span class='ocrx_word' id='word_1_518' title='bbox 588 4431 890 4501; x_wconf 76' lang='lat' dir='ltr'><strong>expositum</strong></span> <span class='ocrx_word' id='word_1_519' title='bbox 926 4438 1029 4485; x_wconf 91' lang='lat' dir='ltr'><strong>est.</strong></span> <span class='ocrx_word' id='word_1_520' title='bbox 1059 4428 1183 4485; x_wconf 89' lang='lat' dir='ltr'><strong>Ideo</strong></span> <span class='ocrx_word' id='word_1_521' title='bbox 1225 4437 1405 4485; x_wconf 90' lang='lat' dir='ltr'><strong>autem</strong></span> <span class='ocrx_word' id='word_1_522' title='bbox 1459 4431 1598 4485; x_wconf 89' lang='lat' dir='ltr'><strong>hanc</strong></span> <span class='ocrx_word' id='word_1_523' title='bbox 1631 4411 1792 4502; x_wconf 80' lang='lat' dir='ltr'><strong>para-</strong></span> 
     </span>
    </p>
   </div>
   <div class='ocr_carea' id='block_1_75' title="bbox 219 4500 1790 4599">
    <p class='ocr_par' dir='ltr' id='par_1_75' title="bbox 219 4500 1790 4599">
     <span class='ocr_line' id='line_1_75' title="bbox 219 4500 1790 4599; baseline -0.001 -23"><span class='ocrx_word' id='word_1_524' title='bbox 219 4500 386 4576; x_wconf 86' lang='lat' dir='ltr'><strong>bolam</strong></span> <span class='ocrx_word' id='word_1_525' title='bbox 416 4537 518 4592; x_wconf 88' lang='lat' dir='ltr'><strong>per</strong></span> <span class='ocrx_word' id='word_1_526' title='bbox 557 4500 793 4590; x_wconf 86' lang='lat' dir='ltr'><strong>seipsum</strong></span> <span class='ocrx_word' id='word_1_527' title='bbox 842 4519 1098 4599; x_wconf 2' lang='lat' dir='ltr'><strong>dignatur,</strong></span> <span class='ocrx_word' id='word_1_528' title='bbox 1117 4503 1426 4599; x_wconf 76' lang='lat' dir='ltr'><strong>ostendere,</strong></span> <span class='ocrx_word' id='word_1_529' title='bbox 1461 4527 1523 4574; x_wconf 92' lang='lat' dir='ltr'><strong>ut</strong></span> <span class='ocrx_word' id='word_1_530' title='bbox 1568 4500 1790 4590; x_wconf 67' lang='lat' dir='ltr'><strong>seligu-</strong></span> 
     </span>
    </p>
   </div>
   <div class='ocr_carea' id='block_1_76' title="bbox 1885 3336 3456 3413">
    <p class='ocr_par' dir='ltr' id='par_1_76' title="bbox 1885 3336 3456 3413">
     <span class='ocr_line' id='line_1_76' title="bbox 1885 3336 3456 3413; baseline -0.006 -14"><span class='ocrx_word' id='word_1_531' title='bbox 1885 3353 1968 3399; x_wconf 88' lang='lat' dir='ltr'><strong>ter</strong></span> <span class='ocrx_word' id='word_1_532' title='bbox 2014 3343 2295 3413; x_wconf 90' lang='lat' dir='ltr'><strong>apostolis,</strong></span> <span class='ocrx_word' id='word_1_533' title='bbox 2339 3341 2534 3412; x_wconf 90' lang='lat' dir='ltr'><strong>quibus</strong></span> <span class='ocrx_word' id='word_1_534' title='bbox 2569 3355 2634 3396; x_wconf 79' lang='lat' dir='ltr'><strong>ex</strong></span> <span class='ocrx_word' id='word_1_535' title='bbox 2683 3339 2948 3395; x_wconf 89' lang='lat' dir='ltr'><strong>charitate</strong></span> <span class='ocrx_word' id='word_1_536' title='bbox 2994 3352 3156 3393; x_wconf 87' lang='lat' dir='ltr'><strong>nosse</strong></span> <span class='ocrx_word' id='word_1_537' title='bbox 3201 3336 3456 3407; x_wconf 83' lang='lat' dir='ltr'><strong>mysteria</strong></span> 
     </span>
    </p>
   </div>
   <div class='ocr_carea' id='block_1_77' title="bbox 1884 3424 3457 3502">
    <p class='ocr_par' dir='ltr' id='par_1_77' title="bbox 1884 3424 3457 3502">
     <span class='ocr_line' id='line_1_77' title="bbox 1884 3424 3457 3502; baseline -0.006 -14"><span class='ocrx_word' id='word_1_538' title='bbox 1884 3433 2063 3499; x_wconf 91' lang='lat' dir='ltr'><strong>datur,</strong></span> <span class='ocrx_word' id='word_1_539' title='bbox 2098 3441 2151 3488; x_wconf 90' lang='lat' dir='ltr'><strong>et</strong></span> <span class='ocrx_word' id='word_1_540' title='bbox 2195 3430 2416 3502; x_wconf 83' lang='lat' dir='ltr'><strong>perﬁdis</strong></span> <span class='ocrx_word' id='word_1_541' title='bbox 2462 3428 2660 3485; x_wconf 69' lang='lat' dir='ltr'><strong>Judmis</strong></span> <span class='ocrx_word' id='word_1_542' title='bbox 2703 3428 2815 3500; x_wconf 91' lang='lat' dir='ltr'><strong>(qui</strong></span> <span class='ocrx_word' id='word_1_543' title='bbox 2845 3441 2942 3498; x_wconf 89' lang='lat' dir='ltr'><strong>per</strong></span> <span class='ocrx_word' id='word_1_544' title='bbox 2984 3424 3268 3498; x_wconf 89' lang='lat' dir='ltr'><strong>parabolas</strong></span> <span class='ocrx_word' id='word_1_545' title='bbox 3314 3425 3457 3493; x_wconf 88' lang='lat' dir='ltr'><strong>quod</strong></span> 
     </span>
    </p>
   </div>
   <div class='ocr_carea' id='block_1_78' title="bbox 1883 3518 3462 3594">
    <p class='ocr_par' dir='ltr' id='par_1_78' title="bbox 1883 3518 3462 3594">
     <span class='ocr_line' id='line_1_78' title="bbox 1883 3518 3462 3594; baseline -0.007 -12"><span class='ocrx_word' id='word_1_546' title='bbox 1883 3541 1992 3582; x_wconf 90' lang='lat' dir='ltr'><strong>non</strong></span> <span class='ocrx_word' id='word_1_547' title='bbox 2037 3524 2340 3594; x_wconf 90' lang='lat' dir='ltr'><strong>intelligunt</strong></span> <span class='ocrx_word' id='word_1_548' title='bbox 2382 3521 2626 3593; x_wconf 88' lang='lat' dir='ltr'><strong>audiunt)</strong></span> <span class='ocrx_word' id='word_1_549' title='bbox 2677 3521 2818 3578; x_wconf 89' lang='lat' dir='ltr'><strong>dicta</strong></span> <span class='ocrx_word' id='word_1_550' title='bbox 2866 3520 3133 3576; x_wconf 87' lang='lat' dir='ltr'><strong>videntur.</strong></span> <span class='ocrx_word' id='word_1_551' title='bbox 3176 3518 3360 3574; x_wconf 89' lang='lat' dir='ltr'><strong>Potest</strong></span> <span class='ocrx_word' id='word_1_552' title='bbox 3403 3526 3462 3571; x_wconf 86' lang='lat' dir='ltr'><strong>et</strong></span> 
     </span>
    </p>
   </div>
   <div class='ocr_carea' id='block_1_79' title="bbox 1885 3609 3458 3688">
    <p class='ocr_par' dir='ltr' id='par_1_79' title="bbox 1885 3609 3458 3688">
     <span class='ocr_line' id='line_1_79' title="bbox 1885 3609 3458 3688; baseline -0.005 -15"><span class='ocrx_word' id='word_1_553' title='bbox 1885 3617 2209 3688; x_wconf 80' lang='lat' dir='ltr'><strong>generaliter</strong></span> <span class='ocrx_word' id='word_1_554' title='bbox 2255 3616 2450 3687; x_wconf 90' lang='lat' dir='ltr'><strong>accipi,</strong></span> <span class='ocrx_word' id='word_1_555' title='bbox 2483 3615 2610 3686; x_wconf 90' lang='lat' dir='ltr'><strong>quia</strong></span> <span class='ocrx_word' id='word_1_556' title='bbox 2649 3623 2704 3669; x_wconf 91' lang='lat' dir='ltr'><strong>et</strong></span> <span class='ocrx_word' id='word_1_557' title='bbox 2743 3613 3086 3686; x_wconf 88' lang='lat' dir='ltr'><strong>ingeniosus,</strong></span> <span class='ocrx_word' id='word_1_558' title='bbox 3121 3609 3458 3682; x_wconf 87' lang='lat' dir='ltr'><strong>negligendo,</strong></span> 
     </span>
    </p>
   </div>
   <div class='ocr_carea' id='block_1_80' title="bbox 1885 3702 3461 3780">
    <p class='ocr_par' dir='ltr' id='par_1_80' title="bbox 1885 3702 3461 3780">
     <span class='ocr_line' id='line_1_80' title="bbox 1885 3702 3461 3780; baseline -0.005 -14"><span class='ocrx_word' id='word_1_559' title='bbox 1885 3710 2148 3780; x_wconf 89' lang='lat' dir='ltr'><strong>sapientia</strong></span> <span class='ocrx_word' id='word_1_560' title='bbox 2177 3724 2305 3765; x_wconf 89' lang='lat' dir='ltr'><strong>vera</strong></span> <span class='ocrx_word' id='word_1_561' title='bbox 2336 3724 2395 3764; x_wconf 87' lang='lat' dir='ltr'><strong>se</strong></span> <span class='ocrx_word' id='word_1_562' title='bbox 2435 3709 2614 3779; x_wconf 89' lang='lat' dir='ltr'><strong>privat</strong></span> <span class='ocrx_word' id='word_1_563' title='bbox 2641 3715 2696 3763; x_wconf 91' lang='lat' dir='ltr'><strong>et</strong></span> <span class='ocrx_word' id='word_1_564' title='bbox 2720 3705 2947 3777; x_wconf 82' lang='lat' dir='ltr'><strong>simplex</strong></span> <span class='ocrx_word' id='word_1_565' title='bbox 2997 3704 3270 3761; x_wconf 89' lang='lat' dir='ltr'><strong>studiosus</strong></span> <span class='ocrx_word' id='word_1_566' title='bbox 3313 3702 3461 3758; x_wconf 90' lang='lat' dir='ltr'><strong>labo-</strong></span> 
     </span>
    </p>
   </div>
   <div class='ocr_carea' id='block_1_81' title="bbox 1886 3792 3462 3873">
    <p class='ocr_par' dir='ltr' id='par_1_81' title="bbox 1886 3792 3462 3873">
     <span class='ocr_line' id='line_1_81' title="bbox 1886 3792 3462 3873; baseline -0.005 -16"><span class='ocrx_word' id='word_1_567' title='bbox 1886 3803 2057 3858; x_wconf 89' lang='lat' dir='ltr'><strong>rando</strong></span> <span class='ocrx_word' id='word_1_568' title='bbox 2082 3792 2351 3873; x_wconf 80' lang='lat' dir='ltr'><strong>degustat.</strong></span> <span class='ocrx_word' id='word_1_569' title='bbox 2395 3799 2530 3868; x_wconf 91' lang='lat' dir='ltr'><strong>Quia</strong></span> <span class='ocrx_word' id='word_1_570' title='bbox 2557 3799 2648 3870; x_wconf 88' lang='lat' dir='ltr'><strong>qui</strong></span> <span class='ocrx_word' id='word_1_571' title='bbox 2695 3813 2936 3854; x_wconf 89' lang='lat' dir='ltr'><strong>amorem</strong></span> <span class='ocrx_word' id='word_1_572' title='bbox 2962 3797 3112 3854; x_wconf 88' lang='lat' dir='ltr'><strong>verbi</strong></span> <span class='ocrx_word' id='word_1_573' title='bbox 3143 3796 3326 3861; x_wconf 86' lang='lat' dir='ltr'><strong>habet,</strong></span> <span class='ocrx_word' id='word_1_574' title='bbox 3368 3796 3462 3849; x_wconf 89' lang='lat' dir='ltr'><strong>da-</strong></span> 
     </span>
    </p>
   </div>
   <div class='ocr_carea' id='block_1_82' title="bbox 1887 3887 3461 3962">
    <p class='ocr_par' dir='ltr' id='par_1_82' title="bbox 1887 3887 3461 3962">
     <span class='ocr_line' id='line_1_82' title="bbox 1887 3887 3461 3962; baseline -0.007 -11"><span class='ocrx_word' id='word_1_575' title='bbox 1887 3895 2033 3951; x_wconf 90' lang='lat' dir='ltr'><strong>bitur</strong></span> <span class='ocrx_word' id='word_1_576' title='bbox 2068 3903 2123 3950; x_wconf 91' lang='lat' dir='ltr'><strong>et</strong></span> <span class='ocrx_word' id='word_1_577' title='bbox 2148 3908 2342 3949; x_wconf 89' lang='lat' dir='ltr'><strong>sensus</strong></span> <span class='ocrx_word' id='word_1_578' title='bbox 2365 3891 2695 3962; x_wconf 85' lang='lat' dir='ltr'><strong>intelligendi</strong></span> <span class='ocrx_word' id='word_1_579' title='bbox 2722 3891 2864 3960; x_wconf 89' lang='lat' dir='ltr'><strong>quod</strong></span> <span class='ocrx_word' id='word_1_580' title='bbox 2905 3898 3069 3945; x_wconf 91' lang='lat' dir='ltr'><strong>amat.</strong></span> <span class='ocrx_word' id='word_1_581' title='bbox 3096 3888 3204 3944; x_wconf 91' lang='lat' dir='ltr'><strong>Sed</strong></span> <span class='ocrx_word' id='word_1_582' title='bbox 3231 3887 3324 3958; x_wconf 90' lang='lat' dir='ltr'><strong>qui</strong></span> <span class='ocrx_word' id='word_1_583' title='bbox 3354 3899 3461 3941; x_wconf 90' lang='lat' dir='ltr'><strong>non</strong></span> 
     </span>
    </p>
   </div>
   <div class='ocr_carea' id='block_1_83' title="bbox 1889 3977 3463 4048">
    <p class='ocr_par' dir='ltr' id='par_1_83' title="bbox 1889 3977 3463 4048">
     <span class='ocr_line' id='line_1_83' title="bbox 1889 3977 3463 4048; baseline -0.006 -8"><span class='ocrx_word' id='word_1_584' title='bbox 1889 3985 2051 4040; x_wconf 85' lang='lat' dir='ltr'><strong>habet</strong></span> <span class='ocrx_word' id='word_1_585' title='bbox 2082 3998 2324 4038; x_wconf 90' lang='lat' dir='ltr'><strong>amorem</strong></span> <span class='ocrx_word' id='word_1_586' title='bbox 2377 3981 2667 4045; x_wconf 91' lang='lat' dir='ltr'><strong>audiendi,</strong></span> <span class='ocrx_word' id='word_1_587' title='bbox 2715 3980 2928 4035; x_wconf 89' lang='lat' dir='ltr'><strong>etiamsi</strong></span> <span class='ocrx_word' id='word_1_588' title='bbox 2974 3978 3207 4034; x_wconf 89' lang='lat' dir='ltr'><strong>naturali</strong></span> <span class='ocrx_word' id='word_1_589' title='bbox 3246 3977 3463 4048; x_wconf 87' lang='lat' dir='ltr'><strong>ingenio</strong></span> 
     </span>
    </p>
   </div>
   <div class='ocr_carea' id='block_1_84' title="bbox 1888 4069 3464 4140">
    <p class='ocr_par' dir='ltr' id='par_1_84' title="bbox 1888 4069 3464 4140">
     <span class='ocr_line' id='line_1_84' title="bbox 1888 4069 3464 4140; baseline -0.004 -10"><span class='ocrx_word' id='word_1_590' title='bbox 1888 4076 1972 4131; x_wconf 90' lang='lat' dir='ltr'><strong>vel</strong></span> <span class='ocrx_word' id='word_1_591' title='bbox 1992 4075 2174 4130; x_wconf 87' lang='lat' dir='ltr'><strong>labore</strong></span> <span class='ocrx_word' id='word_1_592' title='bbox 2205 4072 2447 4128; x_wconf 89' lang='lat' dir='ltr'><strong>studioso</strong></span> <span class='ocrx_word' id='word_1_593' title='bbox 2488 4089 2546 4128; x_wconf 92' lang='lat' dir='ltr'><strong>se</strong></span> <span class='ocrx_word' id='word_1_594' title='bbox 2591 4071 2898 4139; x_wconf 82' lang='lat' dir='ltr'><strong>intelligere</strong></span> <span class='ocrx_word' id='word_1_595' title='bbox 2916 4079 3108 4140; x_wconf 92' lang='lat' dir='ltr'><strong>putat,</strong></span> <span class='ocrx_word' id='word_1_596' title='bbox 3140 4069 3341 4125; x_wconf 87' lang='lat' dir='ltr'><strong>nullam</strong></span> <span class='ocrx_word' id='word_1_597' title='bbox 3384 4080 3464 4125; x_wconf 90' lang='lat' dir='ltr'><strong>ta-</strong></span> 
     </span>
    </p>
   </div>
   <div class='ocr_carea' id='block_1_85' title="bbox 1889 4158 3464 4231">
    <p class='ocr_par' dir='ltr' id='par_1_85' title="bbox 1889 4158 3464 4231">
     <span class='ocr_line' id='line_1_85' title="bbox 1889 4158 3464 4231; baseline -0.004 -12"><span class='ocrx_word' id='word_1_598' title='bbox 1889 4177 2012 4219; x_wconf 91' lang='lat' dir='ltr'><strong>men</strong></span> <span class='ocrx_word' id='word_1_599' title='bbox 2047 4176 2189 4218; x_wconf 74' lang='lat' dir='ltr'><strong>verze</strong></span> <span class='ocrx_word' id='word_1_600' title='bbox 2227 4161 2467 4216; x_wconf 66' lang='lat' dir='ltr'><strong>scientia:</strong></span> <span class='ocrx_word' id='word_1_601' title='bbox 2494 4158 2829 4214; x_wconf 86' lang='lat' dir='ltr'><strong>dulcedinem</strong></span> <span class='ocrx_word' id='word_1_602' title='bbox 2859 4160 3113 4231; x_wconf 86' lang='lat' dir='ltr'><strong>gustabit.</strong></span> <span class='ocrx_word' id='word_1_603' title='bbox 3147 4158 3219 4213; x_wconf 86' lang='lat' dir='ltr'><strong>Et</strong></span> <span class='ocrx_word' id='word_1_604' title='bbox 3246 4161 3464 4230; x_wconf 84' lang='lat' dir='ltr'><strong>quicun-</strong></span> 
     </span>
    </p>
   </div>
   <div class='ocr_carea' id='block_1_86' title="bbox 1888 4250 3465 4326">
    <p class='ocr_par' dir='ltr' id='par_1_86' title="bbox 1888 4250 3465 4326">
     <span class='ocr_line' id='line_1_86' title="bbox 1888 4250 3465 4326; baseline -0.002 -19"><span class='ocrx_word' id='word_1_605' title='bbox 1888 4269 1987 4326; x_wconf 86' lang='lat' dir='ltr'><strong>que</strong></span> <span class='ocrx_word' id='word_1_606' title='bbox 2017 4268 2136 4308; x_wconf 84' lang='lat' dir='ltr'><strong>non.</strong></span> <span class='ocrx_word' id='word_1_607' title='bbox 2167 4252 2292 4308; x_wconf 90' lang='lat' dir='ltr'><strong>Ideo</strong></span> <span class='ocrx_word' id='word_1_608' title='bbox 2338 4251 2638 4307; x_wconf 88' lang='lat' dir='ltr'><strong>desidiosus</strong></span> <span class='ocrx_word' id='word_1_609' title='bbox 2680 4250 2952 4322; x_wconf 87' lang='lat' dir='ltr'><strong>ingenium</strong></span> <span class='ocrx_word' id='word_1_610' title='bbox 2984 4250 3182 4322; x_wconf 89' lang='lat' dir='ltr'><strong>accipit</strong></span> <span class='ocrx_word' id='word_1_611' title='bbox 3208 4264 3377 4321; x_wconf 72' lang='lat' dir='ltr'><strong>saepe,</strong></span> <span class='ocrx_word' id='word_1_612' title='bbox 3406 4259 3465 4304; x_wconf 85' lang='lat' dir='ltr'><strong>ut</strong></span> 
     </span>
    </p>
   </div>
   <div class='ocr_carea' id='block_1_87' title="bbox 1891 4337 3468 4414">
    <p class='ocr_par' dir='ltr' id='par_1_87' title="bbox 1891 4337 3468 4414">
     <span class='ocr_line' id='line_1_87' title="bbox 1891 4337 3468 4414; baseline -0.005 -14"><span class='ocrx_word' id='word_1_613' title='bbox 1891 4345 1959 4401; x_wconf 92' lang='lat' dir='ltr'><strong>de</strong></span> <span class='ocrx_word' id='word_1_614' title='bbox 1985 4341 2307 4414; x_wconf 86' lang='lat' dir='ltr'><strong>negligentia</strong></span> <span class='ocrx_word' id='word_1_615' title='bbox 2327 4339 2529 4411; x_wconf 76' lang='lat' dir='ltr'><strong>iustius</strong></span> <span class='ocrx_word' id='word_1_616' title='bbox 2554 4340 2829 4412; x_wconf 89' lang='lat' dir='ltr'><strong>puniatur,</strong></span> <span class='ocrx_word' id='word_1_617' title='bbox 2854 4339 2944 4410; x_wconf 92' lang='lat' dir='ltr'><strong>qui</strong></span> <span class='ocrx_word' id='word_1_618' title='bbox 2974 4340 3116 4396; x_wconf 89' lang='lat' dir='ltr'><strong>scire</strong></span> <span class='ocrx_word' id='word_1_619' title='bbox 3145 4337 3468 4409; x_wconf 84' lang='lat' dir='ltr'><strong>contempsit</strong></span> 
     </span>
    </p>
   </div>
   <div class='ocr_carea' id='block_1_88' title="bbox 1891 4419 3467 4504">
    <p class='ocr_par' dir='ltr' id='par_1_88' title="bbox 1891 4419 3467 4504">
     <span class='ocr_line' id='line_1_88' title="bbox 1891 4419 3467 4504; baseline -0.003 -15"><span class='ocrx_word' id='word_1_620' title='bbox 1891 4419 2036 4504; x_wconf 85' lang='lat' dir='ltr'><strong>quod</strong></span> <span class='ocrx_word' id='word_1_621' title='bbox 2065 4433 2182 4489; x_wconf 88' lang='lat' dir='ltr'><strong>sine</strong></span> <span class='ocrx_word' id='word_1_622' title='bbox 2223 4431 2408 4488; x_wconf 88' lang='lat' dir='ltr'><strong>labore</strong></span> <span class='ocrx_word' id='word_1_623' title='bbox 2437 4431 2650 4502; x_wconf 88' lang='lat' dir='ltr'><strong>assequi</strong></span> <span class='ocrx_word' id='word_1_624' title='bbox 2677 4430 2890 4502; x_wconf 90' lang='lat' dir='ltr'><strong>potuit,</strong></span> <span class='ocrx_word' id='word_1_625' title='bbox 2930 4439 2986 4486; x_wconf 91' lang='lat' dir='ltr'><strong>et</strong></span> <span class='ocrx_word' id='word_1_626' title='bbox 3039 4428 3328 4501; x_wconf 90' lang='lat' dir='ltr'><strong>aliquando</strong></span> <span class='ocrx_word' id='word_1_627' title='bbox 3351 4439 3467 4484; x_wconf 79' lang='lat' dir='ltr'><strong>stu-</strong></span> 
     </span>
    </p>
   </div>
   <div class='ocr_carea' id='block_1_89' title="bbox 1893 4522 3462 4600">
    <p class='ocr_par' dir='ltr' id='par_1_89' title="bbox 1893 4522 3462 4600">
     <span class='ocr_line' id='line_1_89' title="bbox 1893 4522 3462 4600; baseline -0.003 -17"><span class='ocrx_word' id='word_1_628' title='bbox 1893 4525 2074 4600; x_wconf 84' lang='lat' dir='ltr'><strong>diosus</strong></span> <span class='ocrx_word' id='word_1_629' title='bbox 2101 4524 2354 4580; x_wconf 87' lang='lat' dir='ltr'><strong>tarditate</strong></span> <span class='ocrx_word' id='word_1_630' title='bbox 2401 4523 2768 4596; x_wconf 64' lang='lat' dir='ltr'><strong>intelligentia</strong></span> <span class='ocrx_word' id='word_1_631' title='bbox 2812 4522 3096 4593; x_wconf 87' lang='lat' dir='ltr'><strong>premitur,</strong></span> <span class='ocrx_word' id='word_1_632' title='bbox 3127 4529 3188 4577; x_wconf 90' lang='lat' dir='ltr'><strong>ut</strong></span> <span class='ocrx_word' id='word_1_633' title='bbox 3230 4536 3298 4578; x_wconf 73' lang='lat' dir='ltr'><strong>eo</strong></span> <span class='ocrx_word' id='word_1_634' title='bbox 3343 4537 3462 4578; x_wconf 75' lang='lat' dir='ltr'><strong>ma-</strong></span> 
     </span>
    </p>
   </div>
   <div class='ocr_carea' id='block_1_90' title="bbox 221 4590 3285 4693">
    <p class='ocr_par' dir='ltr' id='par_1_90' title="bbox 221 4590 3285 4693">
     <span class='ocr_line' id='line_1_90' title="bbox 221 4590 3285 4693; baseline 0 -28"><span class='ocrx_word' id='word_1_635' title='bbox 221 4621 332 4668; x_wconf 89' lang='lat' dir='ltr'><strong>rate</strong></span> <span class='ocrx_word' id='word_1_636' title='bbox 377 4590 538 4693; x_wconf 34' lang='lat' dir='ltr'><strong>loqui.</strong></span> <span class='ocrx_word' id='word_1_637' title='bbox 579 4610 943 4666; x_wconf 81' lang='lat' dir='ltr'><strong>inu&#39;otesceret</strong></span> <span class='ocrx_word' id='word_1_638' title='bbox 969 4650 984 4675; x_wconf 93' lang='lat'><strong>,</strong></span> <span class='ocrx_word' id='word_1_639' title='bbox 1031 4597 1098 4665; x_wconf 85' lang='lat' dir='ltr'><strong>et</strong></span> <span class='ocrx_word' id='word_1_640' title='bbox 1117 4590 1316 4664; x_wconf 80' lang='lat' dir='ltr'><strong>rerum</strong></span> <span class='ocrx_word' id='word_1_641' title='bbox 1368 4608 1790 4680; x_wconf 79' lang='lat' dir='ltr'><strong>signiﬁcationes</strong></span> <span class='ocrx_word' id='word_1_642' title='bbox 1815 4590 1869 4651; x_wconf 84' lang='grc' dir='ltr'>Ῑ)</span> <span class='ocrx_word' id='word_1_643' title='bbox 1887 4614 2008 4688; x_wconf 85' lang='lat' dir='ltr'><strong>jora</strong></span> <span class='ocrx_word' id='word_1_644' title='bbox 2030 4596 2251 4684; x_wconf 66' lang='lat' dir='ltr'><strong>praemia</strong></span> <span class='ocrx_word' id='word_1_645' title='bbox 2277 4613 2534 4678; x_wconf 87' lang='lat' dir='ltr'><strong>inveniat,</strong></span> <span class='ocrx_word' id='word_1_646' title='bbox 2565 4590 2674 4683; x_wconf 76' lang='lat' dir='ltr'><strong>quo</strong></span> <span class='ocrx_word' id='word_1_647' title='bbox 2701 4590 2992 4667; x_wconf 76' lang='lat' dir='ltr'><strong>studiosius</strong></span> <span class='ocrx_word' id='word_1_648' title='bbox 3024 4610 3285 4666; x_wconf 84' lang='lat' dir='ltr'><strong>elaborat.</strong></span> 
     </span>
    </p>
   </div>
   <div class='ocr_carea' id='block_1_91' title="bbox 220 4698 1791 4781">
    <p class='ocr_par' dir='ltr' id='par_1_91' title="bbox 220 4698 1791 4781">
     <span class='ocr_line' id='line_1_91' title="bbox 220 4698 1791 4781; baseline -0.001 -23"><span class='ocrx_word' id='word_1_649' title='bbox 220 4705 377 4759; x_wconf 88' lang='lat' dir='ltr'><strong>etiam</strong></span> <span class='ocrx_word' id='word_1_650' title='bbox 412 4707 468 4760; x_wconf 94' lang='lat' dir='ltr'><strong>in</strong></span> <span class='ocrx_word' id='word_1_651' title='bbox 493 4705 586 4760; x_wconf 82' lang='lat' dir='ltr'><strong>his</strong></span> <span class='ocrx_word' id='word_1_652' title='bbox 611 4719 730 4774; x_wconf 76' lang='lat' dir='ltr'><strong>qua:</strong></span> <span class='ocrx_word' id='word_1_653' title='bbox 755 4715 1026 4772; x_wconf 76' lang='lat' dir='ltr'><strong>exponere</strong></span> <span class='ocrx_word' id='word_1_654' title='bbox 1070 4698 1263 4781; x_wconf 82' lang='lat' dir='ltr'><strong>noluit,</strong></span> <span class='ocrx_word' id='word_1_655' title='bbox 1310 4698 1630 4780; x_wconf 73' lang='lat' dir='ltr'><strong>quaerendas</strong></span> <span class='ocrx_word' id='word_1_656' title='bbox 1671 4713 1791 4756; x_wconf 86' lang='lat' dir='ltr'><strong>esse</strong></span> 
     </span>
    </p>
   </div>
   <div class='ocr_carea' id='block_1_92' title="bbox 221 4783 880 4851">
    <p class='ocr_par' dir='ltr' id='par_1_92' title="bbox 221 4783 880 4851">
     <span class='ocr_line' id='line_1_92' title="bbox 221 4783 880 4851; baseline -0.003 0"><span class='ocrx_word' id='word_1_657' title='bbox 221 4793 451 4851; x_wconf 86' lang='lat' dir='ltr'><strong>doceret.</strong></span> <span class='ocrx_word' id='word_1_658' title='bbox 561 4783 565 4788; x_wconf 57' lang='grc'><strong>’</strong></span> <span class='ocrx_word' id='word_1_659' title='bbox 667 4790 680 4801; x_wconf 89' lang='grc'><em>’</em></span> <span class='ocrx_word' id='word_1_660' title='bbox 867 4794 880 4802; x_wconf 83' lang='grc'>”</span> 
     </span>
    </p>
   </div>
   <div class='ocr_carea' id='block_1_93' title="bbox 256 4879 1791 4960">
    <p class='ocr_par' dir='ltr' id='par_1_93' title="bbox 256 4879 1791 4960">
     <span class='ocr_line' id='line_1_93' title="bbox 256 4879 1791 4960; baseline -0.003 -20"><span class='ocrx_word' id='word_1_661' title='bbox 256 4890 273 4902; x_wconf 83' lang='grc'><strong>’</strong></span> <span class='ocrx_word' id='word_1_662' title='bbox 289 4885 452 4943; x_wconf 78' lang='lat' dir='ltr'><strong>Vens.</strong></span> <span class='ocrx_word' id='word_1_663' title='bbox 478 4887 653 4942; x_wconf 85' lang='lat'><strong>10.——</strong></span> <span class='ocrx_word' id='word_1_664' title='bbox 676 4885 936 4941; x_wconf 77' lang='lat' dir='ltr'><strong>Videntes.</strong></span> <span class='ocrx_word' id='word_1_665' title='bbox 955 4883 1210 4960; x_wconf 79' lang='lat' dir='ltr'><strong>Doctores</strong></span> <span class='ocrx_word' id='word_1_666' title='bbox 1230 4879 1534 4937; x_wconf 59' lang='lat' dir='ltr'><strong>Iudaeorum</strong></span> <span class='ocrx_word' id='word_1_667' title='bbox 1556 4881 1646 4954; x_wconf 89' lang='lat' dir='ltr'><strong>qui</strong></span> <span class='ocrx_word' id='word_1_668' title='bbox 1669 4893 1791 4936; x_wconf 90' lang='lat' dir='ltr'><strong>cum</strong></span> 
     </span>
    </p>
   </div>
   <div class='ocr_carea' id='block_1_94' title="bbox 224 4971 1794 5051">
    <p class='ocr_par' dir='ltr' id='par_1_94' title="bbox 224 4971 1794 5051">
     <span class='ocr_line' id='line_1_94' title="bbox 224 4971 1794 5051; baseline -0.004 -20"><span class='ocrx_word' id='word_1_669' title='bbox 224 4979 411 5035; x_wconf 90' lang='lat' dir='ltr'><strong>merito</strong></span> <span class='ocrx_word' id='word_1_670' title='bbox 454 4977 830 5051; x_wconf 88' lang='lat' dir='ltr'><strong>perversitatis</strong></span> <span class='ocrx_word' id='word_1_671' title='bbox 859 4991 969 5030; x_wconf 73' lang='lat' dir='ltr'><strong>sua:</strong></span> <span class='ocrx_word' id='word_1_672' title='bbox 1011 4972 1266 5029; x_wconf 62' lang='lat' dir='ltr'><strong>cxceecati</strong></span> <span class='ocrx_word' id='word_1_673' title='bbox 1291 4979 1435 5038; x_wconf 90' lang='lat' dir='ltr'><strong>sunt,</strong></span> <span class='ocrx_word' id='word_1_674' title='bbox 1467 4971 1794 5047; x_wconf 84' lang='lat' dir='ltr'><strong>mendaciter</strong></span> 
     </span>
    </p>
   </div>
   <div class='ocr_carea' id='block_1_95' title="bbox 225 5057 1423 5145">
    <p class='ocr_par' dir='ltr' id='par_1_95' title="bbox 225 5057 1423 5145">
     <span class='ocr_line' id='line_1_95' title="bbox 225 5057 1423 5145; baseline -0.006 -16"><span class='ocrx_word' id='word_1_675' title='bbox 225 5090 280 5129; x_wconf 88' lang='lat' dir='ltr'><strong>se</strong></span> <span class='ocrx_word' id='word_1_676' title='bbox 312 5077 558 5132; x_wconf 89' lang='lat' dir='ltr'><strong>videntes</strong></span> <span class='ocrx_word' id='word_1_677' title='bbox 590 5081 800 5145; x_wconf 86' lang='lat' dir='ltr'><strong>putant.</strong></span> <span class='ocrx_word' id='word_1_678' title='bbox 1397 5057 1423 5086; x_wconf 87' lang='grc'><strong>⁹</strong></span> 
     </span>
    </p>
   </div>
   <div class='ocr_carea' id='block_1_96' title="bbox 293 5159 1792 5230">
    <p class='ocr_par' dir='ltr' id='par_1_96' title="bbox 293 5159 1792 5230">
     <span class='ocr_line' id='line_1_96' title="bbox 293 5159 1792 5230; baseline -0.002 -11"><span class='ocrx_word' id='word_1_679' title='bbox 293 5164 460 5222; x_wconf 71' lang='lat' dir='ltr'><strong>Vens.</strong></span> <span class='ocrx_word' id='word_1_680' title='bbox 489 5167 575 5222; x_wconf 73' lang='lat'><strong>19..</strong></span> <span class='ocrx_word' id='word_1_681' title='bbox 599 5161 667 5205; x_wconf 55' lang='lat'><strong>—&#39;—</strong></span> <span class='ocrx_word' id='word_1_682' title='bbox 700 5163 855 5230; x_wconf 82' lang='lat' dir='ltr'><strong>Quod</strong></span> <span class='ocrx_word' id='word_1_683' title='bbox 876 5171 1047 5217; x_wconf 83' lang='lat' dir='ltr'><strong>autem</strong></span> <span class='ocrx_word' id='word_1_684' title='bbox 1079 5176 1228 5216; x_wconf 85' lang='lat' dir='ltr'><strong>secus</strong></span> <span class='ocrx_word' id='word_1_685' title='bbox 1256 5162 1413 5216; x_wconf 83' lang='lat' dir='ltr'><strong>viam.</strong></span> <span class='ocrx_word' id='word_1_686' title='bbox 1449 5159 1618 5216; x_wconf 90' lang='lat' dir='ltr'><strong>Secus</strong></span> <span class='ocrx_word' id='word_1_687' title='bbox 1648 5161 1792 5216; x_wconf 87' lang='lat' dir='ltr'><strong>viam</strong></span> 
     </span>
    </p>
   </div>
   <div class='ocr_carea' id='block_1_97' title="bbox 229 5234 1793 5326">
    <p class='ocr_par' dir='ltr' id='par_1_97' title="bbox 229 5234 1793 5326">
     <span class='ocr_line' id='line_1_97' title="bbox 229 5234 1793 5326; baseline -0.003 -16"><span class='ocrx_word' id='word_1_688' title='bbox 229 5243 578 5319; x_wconf 77' lang='lat' dir='ltr'><strong>seminantur,</strong></span> <span class='ocrx_word' id='word_1_689' title='bbox 626 5255 714 5326; x_wconf 89' lang='lat' dir='ltr'><strong>qui</strong></span> <span class='ocrx_word' id='word_1_690' title='bbox 760 5239 904 5307; x_wconf 85' lang='lat' dir='ltr'><strong>nulla</strong></span> <span class='ocrx_word' id='word_1_691' title='bbox 961 5251 1086 5317; x_wconf 82' lang='lat' dir='ltr'><strong>ﬁde,</strong></span> <span class='ocrx_word' id='word_1_692' title='bbox 1117 5234 1262 5306; x_wconf 89' lang='lat' dir='ltr'><strong>nullo</strong></span> <span class='ocrx_word' id='word_1_693' title='bbox 1302 5250 1593 5317; x_wconf 90' lang='lat' dir='ltr'><strong>intellectu,</strong></span> <span class='ocrx_word' id='word_1_694' title='bbox 1648 5250 1793 5305; x_wconf 86' lang='lat' dir='ltr'><strong>nulla</strong></span> 
     </span>
    </p>
   </div>
   <div class='ocr_carea' id='block_1_98' title="bbox 230 5341 1798 5411">
    <p class='ocr_par' dir='ltr' id='par_1_98' title="bbox 230 5341 1798 5411">
     <span class='ocr_line' id='line_1_98' title="bbox 230 5341 1798 5411; baseline -0.002 -13"><span class='ocrx_word' id='word_1_695' title='bbox 230 5345 415 5400; x_wconf 84' lang='lat' dir='ltr'><strong>saltem</strong></span> <span class='ocrx_word' id='word_1_696' title='bbox 467 5354 708 5400; x_wconf 89' lang='lat' dir='ltr'><strong>tentante</strong></span> <span class='ocrx_word' id='word_1_697' title='bbox 760 5343 1008 5398; x_wconf 90' lang='lat' dir='ltr'><strong>utilitatis</strong></span> <span class='ocrx_word' id='word_1_698' title='bbox 1050 5343 1354 5403; x_wconf 88' lang='lat' dir='ltr'><strong>occasione,</strong></span> <span class='ocrx_word' id='word_1_699' title='bbox 1394 5341 1671 5411; x_wconf 87' lang='lat' dir='ltr'><strong>percipere</strong></span> <span class='ocrx_word' id='word_1_700' title='bbox 1719 5343 1798 5396; x_wconf 89' lang='lat' dir='ltr'><strong>di-</strong></span> 
     </span>
    </p>
   </div>
   <div class='ocr_carea' id='block_1_99' title="bbox 232 5433 1796 5508">
    <p class='ocr_par' dir='ltr' id='par_1_99' title="bbox 232 5433 1796 5508">
     <span class='ocr_line' id='line_1_99' title="bbox 232 5433 1796 5508; baseline -0.004 -16"><span class='ocrx_word' id='word_1_701' title='bbox 232 5449 481 5508; x_wconf 90' lang='lat' dir='ltr'><strong>gnantur.</strong></span> <span class='ocrx_word' id='word_1_702' title='bbox 510 5435 676 5494; x_wconf 83' lang='lat' dir='ltr'><strong>Porro</strong></span> <span class='ocrx_word' id='word_1_703' title='bbox 717 5451 878 5507; x_wconf 90' lang='lat' dir='ltr'><strong>super</strong></span> <span class='ocrx_word' id='word_1_704' title='bbox 906 5444 1112 5506; x_wconf 90' lang='lat' dir='ltr'><strong>petram</strong></span> <span class='ocrx_word' id='word_1_705' title='bbox 1139 5444 1200 5489; x_wconf 73' lang='lat' dir='ltr'><strong>et</strong></span> <span class='ocrx_word' id='word_1_706' title='bbox 1223 5435 1278 5489; x_wconf 92' lang='lat' dir='ltr'><strong>in</strong></span> <span class='ocrx_word' id='word_1_707' title='bbox 1321 5433 1490 5505; x_wconf 89' lang='lat' dir='ltr'><strong>spinis</strong></span> <span class='ocrx_word' id='word_1_708' title='bbox 1531 5434 1796 5488; x_wconf 89' lang='lat' dir='ltr'><strong>seminan-</strong></span> 
     </span>
    </p>
   </div>
   <div class='ocr_carea' id='block_1_100' title="bbox 234 5522 1795 5597">
    <p class='ocr_par' dir='ltr' id='par_1_100' title="bbox 234 5522 1795 5597">
     <span class='ocr_line' id='line_1_100' title="bbox 234 5522 1795 5597; baseline -0.002 -18"><span class='ocrx_word' id='word_1_709' title='bbox 234 5536 337 5591; x_wconf 91' lang='lat' dir='ltr'><strong>tur,</strong></span> <span class='ocrx_word' id='word_1_710' title='bbox 389 5527 482 5597; x_wconf 89' lang='lat' dir='ltr'><strong>qui</strong></span> <span class='ocrx_word' id='word_1_711' title='bbox 518 5527 742 5581; x_wconf 90' lang='lat' dir='ltr'><strong>audiunt</strong></span> <span class='ocrx_word' id='word_1_712' title='bbox 778 5525 989 5595; x_wconf 91' lang='lat' dir='ltr'><strong>quidem</strong></span> <span class='ocrx_word' id='word_1_713' title='bbox 1032 5532 1088 5578; x_wconf 91' lang='lat' dir='ltr'><strong>et</strong></span> <span class='ocrx_word' id='word_1_714' title='bbox 1134 5523 1420 5578; x_wconf 89' lang='lat' dir='ltr'><strong>utilitatem</strong></span> <span class='ocrx_word' id='word_1_715' title='bbox 1471 5522 1620 5577; x_wconf 83' lang='lat' dir='ltr'><strong>verbi</strong></span> <span class='ocrx_word' id='word_1_716' title='bbox 1672 5536 1795 5590; x_wconf 87' lang='lat' dir='ltr'><strong>pro-</strong></span> 
     </span>
    </p>
   </div>
   <div class='ocr_carea' id='block_1_101' title="bbox 234 5614 1793 5688">
    <p class='ocr_par' dir='ltr' id='par_1_101' title="bbox 234 5614 1793 5688">
     <span class='ocr_line' id='line_1_101' title="bbox 234 5614 1793 5688; baseline -0.003 -16"><span class='ocrx_word' id='word_1_717' title='bbox 234 5619 360 5674; x_wconf 89' lang='lat' dir='ltr'><strong>bant</strong></span> <span class='ocrx_word' id='word_1_718' title='bbox 383 5629 439 5675; x_wconf 87' lang='lat' dir='ltr'><strong>et</strong></span> <span class='ocrx_word' id='word_1_719' title='bbox 466 5619 787 5676; x_wconf 88' lang='lat' dir='ltr'><strong>desiderium</strong></span> <span class='ocrx_word' id='word_1_720' title='bbox 825 5623 1083 5688; x_wconf 91' lang='lat' dir='ltr'><strong>gustant,</strong></span> <span class='ocrx_word' id='word_1_721' title='bbox 1130 5614 1224 5670; x_wconf 91' lang='lat' dir='ltr'><strong>sed</strong></span> <span class='ocrx_word' id='word_1_722' title='bbox 1258 5629 1326 5670; x_wconf 92' lang='lat' dir='ltr'><strong>ne</strong></span> <span class='ocrx_word' id='word_1_723' title='bbox 1373 5614 1688 5685; x_wconf 88' lang='lat' dir='ltr'><strong>perveniant</strong></span> <span class='ocrx_word' id='word_1_724' title='bbox 1726 5614 1793 5668; x_wconf 89' lang='lat' dir='ltr'><strong>ad</strong></span> 
     </span>
    </p>
   </div>
   <div class='ocr_carea' id='block_1_102' title="bbox 237 5705 1793 5783">
    <p class='ocr_par' dir='ltr' id='par_1_102' title="bbox 237 5705 1793 5783">
     <span class='ocr_line' id='line_1_102' title="bbox 237 5705 1793 5783; baseline -0.004 -19"><span class='ocrx_word' id='word_1_725' title='bbox 237 5711 286 5765; x_wconf 92' lang='lat' dir='ltr'><strong>id</strong></span> <span class='ocrx_word' id='word_1_726' title='bbox 323 5712 466 5780; x_wconf 88' lang='lat' dir='ltr'><strong>quod</strong></span> <span class='ocrx_word' id='word_1_727' title='bbox 508 5713 743 5783; x_wconf 90' lang='lat' dir='ltr'><strong>gestiunt</strong></span> <span class='ocrx_word' id='word_1_728' title='bbox 793 5729 805 5764; x_wconf 92' lang='lat'>:</span> <span class='ocrx_word' id='word_1_729' title='bbox 859 5709 939 5763; x_wconf 87' lang='lat' dir='ltr'><strong>vel</strong></span> <span class='ocrx_word' id='word_1_730' title='bbox 990 5723 1090 5778; x_wconf 90' lang='lat' dir='ltr'><strong>per</strong></span> <span class='ocrx_word' id='word_1_731' title='bbox 1139 5708 1361 5763; x_wconf 88' lang='lat' dir='ltr'><strong>adversa</strong></span> <span class='ocrx_word' id='word_1_732' title='bbox 1411 5707 1680 5771; x_wconf 89' lang='lat' dir='ltr'><strong>terrendo,</strong></span> <span class='ocrx_word' id='word_1_733' title='bbox 1711 5705 1793 5759; x_wconf 86' lang='lat' dir='ltr'><strong>vel</strong></span> 
     </span>
    </p>
   </div>
   <div class='ocr_carea' id='block_1_103' title="bbox 235 5799 1793 5875">
    <p class='ocr_par' dir='ltr' id='par_1_103' title="bbox 235 5799 1793 5875">
     <span class='ocr_line' id='line_1_103' title="bbox 235 5799 1793 5875; baseline -0.004 -16"><span class='ocrx_word' id='word_1_734' title='bbox 235 5819 491 5875; x_wconf 87' lang='lat' dir='ltr'><strong>prospera</strong></span> <span class='ocrx_word' id='word_1_735' title='bbox 544 5803 862 5860; x_wconf 86' lang='lat' dir='ltr'><strong>blandiendo</strong></span> <span class='ocrx_word' id='word_1_736' title='bbox 905 5802 1198 5859; x_wconf 82' lang='lat' dir='ltr'><strong>retardant.</strong></span> <span class='ocrx_word' id='word_1_737' title='bbox 1236 5799 1328 5857; x_wconf 87' lang='lat' dir='ltr'><strong>llis</strong></span> <span class='ocrx_word' id='word_1_738' title='bbox 1368 5799 1539 5855; x_wconf 80' lang='lat' dir='ltr'><strong>tribus</strong></span> <span class='ocrx_word' id='word_1_739' title='bbox 1579 5799 1793 5870; x_wconf 78' lang='lat' dir='ltr'><strong>generi-</strong></span> 
     </span>
    </p>
   </div>
   <div class='ocr_carea' id='block_1_104' title="bbox 1963 4699 3462 4781">
    <p class='ocr_par' dir='ltr' id='par_1_104' title="bbox 1963 4699 3462 4781">
     <span class='ocr_line' id='line_1_104' title="bbox 1963 4699 3462 4781; baseline -0.003 -23"><span class='ocrx_word' id='word_1_740' title='bbox 1963 4702 2130 4781; x_wconf 73' lang='lat' dir='ltr'><strong>Vens.</strong></span> <span class='ocrx_word' id='word_1_741' title='bbox 2151 4701 2242 4758; x_wconf 64' lang='lat'><strong>24.</strong></span> <span class='ocrx_word' id='word_1_742' title='bbox 2264 4733 2334 4744; x_wconf 92' lang='lat'><strong><em>—</em></strong></span> <span class='ocrx_word' id='word_1_743' title='bbox 2355 4701 2424 4757; x_wconf 83' lang='lat' dir='ltr'><strong>Et</strong></span> <span class='ocrx_word' id='word_1_744' title='bbox 2453 4701 2700 4767; x_wconf 83' lang='lat' dir='ltr'><strong>cessavit,</strong></span> <span class='ocrx_word' id='word_1_745' title='bbox 2725 4710 2774 4756; x_wconf 83' lang='lat' dir='ltr'><strong>et</strong></span> <span class='ocrx_word' id='word_1_746' title='bbox 2801 4700 2943 4771; x_wconf 80' lang='lat' dir='ltr'><strong>facta</strong></span> <span class='ocrx_word' id='word_1_747' title='bbox 2972 4709 3048 4755; x_wconf 88' lang='lat' dir='ltr'><strong>est</strong></span> <span class='ocrx_word' id='word_1_748' title='bbox 3090 4699 3462 4771; x_wconf 78' lang='lat' dir='ltr'><strong>tranquillitas.</strong></span> 
     </span>
    </p>
   </div>
   <div class='ocr_carea' id='block_1_105' title="bbox 1894 4790 3465 4866">
    <p class='ocr_par' dir='ltr' id='par_1_105' title="bbox 1894 4790 3465 4866">
     <span class='ocr_line' id='line_1_105' title="bbox 1894 4790 3465 4866; baseline -0.002 -17"><span class='ocrx_word' id='word_1_749' title='bbox 1894 4792 2032 4851; x_wconf 83' lang='lat' dir='ltr'><strong>Nota</strong></span> <span class='ocrx_word' id='word_1_750' title='bbox 2072 4793 2213 4866; x_wconf 88' lang='lat' dir='ltr'><strong>quod</strong></span> <span class='ocrx_word' id='word_1_751' title='bbox 2239 4792 2416 4848; x_wconf 90' lang='lat' dir='ltr'><strong>omnis</strong></span> <span class='ocrx_word' id='word_1_752' title='bbox 2453 4799 2702 4855; x_wconf 87' lang='lat' dir='ltr'><strong>creatura</strong></span> <span class='ocrx_word' id='word_1_753' title='bbox 2743 4791 2908 4846; x_wconf 89' lang='lat' dir='ltr'><strong>sentit</strong></span> <span class='ocrx_word' id='word_1_754' title='bbox 2935 4790 3266 4847; x_wconf 88' lang='lat' dir='ltr'><strong>Creatorem.</strong></span> <span class='ocrx_word' id='word_1_755' title='bbox 3293 4790 3465 4862; x_wconf 83' lang='lat' dir='ltr'><strong>Impe-</strong></span> 
     </span>
    </p>
   </div>
   <div class='ocr_carea' id='block_1_106' title="bbox 1893 4881 3466 4954">
    <p class='ocr_par' dir='ltr' id='par_1_106' title="bbox 1893 4881 3466 4954">
     <span class='ocr_line' id='line_1_106' title="bbox 1893 4881 3466 4954; baseline -0.003 -13"><span class='ocrx_word' id='word_1_756' title='bbox 1893 4893 1999 4951; x_wconf 90' lang='lat' dir='ltr'><strong>rat,</strong></span> <span class='ocrx_word' id='word_1_757' title='bbox 2027 4885 2292 4954; x_wconf 88' lang='lat' dir='ltr'><strong>increpat,</strong></span> <span class='ocrx_word' id='word_1_758' title='bbox 2322 4883 2559 4940; x_wconf 90' lang='lat' dir='ltr'><strong>sentiunt</strong></span> <span class='ocrx_word' id='word_1_759' title='bbox 2585 4881 2958 4951; x_wconf 87' lang='lat' dir='ltr'><strong>imperantem,</strong></span> <span class='ocrx_word' id='word_1_760' title='bbox 2983 4897 3087 4937; x_wconf 92' lang='lat' dir='ltr'><strong>non</strong></span> <span class='ocrx_word' id='word_1_761' title='bbox 3111 4882 3254 4953; x_wconf 89' lang='lat' dir='ltr'><strong>quod</strong></span> <span class='ocrx_word' id='word_1_762' title='bbox 3274 4894 3466 4938; x_wconf 87' lang='lat' dir='ltr'><strong>secun-</strong></span> 
     </span>
    </p>
   </div>
   <div class='ocr_carea' id='block_1_107' title="bbox 1898 4969 3469 5044">
    <p class='ocr_par' dir='ltr' id='par_1_107' title="bbox 1898 4969 3469 5044">
     <span class='ocr_line' id='line_1_107' title="bbox 1898 4969 3469 5044; baseline -0.004 -13"><span class='ocrx_word' id='word_1_763' title='bbox 1898 4975 2025 5031; x_wconf 89' lang='lat' dir='ltr'><strong>dum</strong></span> <span class='ocrx_word' id='word_1_764' title='bbox 2047 4973 2296 5033; x_wconf 83' lang='lat' dir='ltr'><strong>haeresim</strong></span> <span class='ocrx_word' id='word_1_765' title='bbox 2341 4971 2696 5044; x_wconf 89' lang='lat' dir='ltr'><strong>quorumdam</strong></span> <span class='ocrx_word' id='word_1_766' title='bbox 2724 4970 2831 5026; x_wconf 91' lang='lat' dir='ltr'><strong>sint</strong></span> <span class='ocrx_word' id='word_1_767' title='bbox 2873 4971 3196 5036; x_wconf 87' lang='lat' dir='ltr'><strong>animantia,</strong></span> <span class='ocrx_word' id='word_1_768' title='bbox 3229 4969 3323 5026; x_wconf 90' lang='lat' dir='ltr'><strong>sed</strong></span> <span class='ocrx_word' id='word_1_769' title='bbox 3355 4987 3469 5026; x_wconf 87' lang='lat' dir='ltr'><strong>ma-</strong></span> 
     </span>
    </p>
   </div>
   <div class='ocr_carea' id='block_1_108' title="bbox 1893 5063 3474 5138">
    <p class='ocr_par' dir='ltr' id='par_1_108' title="bbox 1893 5063 3474 5138">
     <span class='ocr_line' id='line_1_108' title="bbox 1893 5063 3474 5138; baseline -0.003 -15"><span class='ocrx_word' id='word_1_770' title='bbox 1893 5067 2078 5138; x_wconf 90' lang='lat' dir='ltr'><strong>jestati</strong></span> <span class='ocrx_word' id='word_1_771' title='bbox 2102 5066 2398 5124; x_wconf 89' lang='lat' dir='ltr'><strong>conditoris</strong></span> <span class='ocrx_word' id='word_1_772' title='bbox 2424 5074 2548 5121; x_wconf 89' lang='lat' dir='ltr'><strong>sunt</strong></span> <span class='ocrx_word' id='word_1_773' title='bbox 2576 5063 2847 5121; x_wconf 90' lang='lat' dir='ltr'><strong>sensibilia</strong></span> <span class='ocrx_word' id='word_1_774' title='bbox 2869 5105 2882 5130; x_wconf 94' lang='lat'><strong>,</strong></span> <span class='ocrx_word' id='word_1_775' title='bbox 2913 5079 3032 5136; x_wconf 75' lang='lat' dir='ltr'><strong>qua:</strong></span> <span class='ocrx_word' id='word_1_776' title='bbox 3062 5065 3199 5135; x_wconf 89' lang='lat' dir='ltr'><strong>apud</strong></span> <span class='ocrx_word' id='word_1_777' title='bbox 3225 5078 3321 5119; x_wconf 92' lang='lat' dir='ltr'><strong>nos</strong></span> <span class='ocrx_word' id='word_1_778' title='bbox 3345 5074 3474 5138; x_wconf 87' lang='lat' dir='ltr'><strong>sunt</strong></span> 
     </span>
    </p>
   </div>
   <div class='ocr_carea' id='block_1_109' title="bbox 1898 5158 3166 5216">
    <p class='ocr_par' dir='ltr' id='par_1_109' title="bbox 1898 5158 3166 5216">
     <span class='ocr_line' id='line_1_109' title="bbox 1898 5158 3166 5216; baseline -0.004 -2"><span class='ocrx_word' id='word_1_779' title='bbox 1898 5158 2246 5216; x_wconf 89' lang='lat' dir='ltr'><strong>insensibilia.</strong></span> <span class='ocrx_word' id='word_1_780' title='bbox 3157 5158 3166 5162; x_wconf 80' lang='grc'><em>’</em></span> 
     </span>
    </p>
   </div>
   <div class='ocr_carea' id='block_1_110' title="bbox 1971 5247 3467 5327">
    <p class='ocr_par' dir='ltr' id='par_1_110' title="bbox 1971 5247 3467 5327">
     <span class='ocr_line' id='line_1_110' title="bbox 1971 5247 3467 5327; baseline -0.003 -21"><span class='ocrx_word' id='word_1_781' title='bbox 1971 5251 2133 5306; x_wconf 74' lang='lat' dir='ltr'><strong>Vens.</strong></span> <span class='ocrx_word' id='word_1_782' title='bbox 2161 5248 2517 5304; x_wconf 77' lang='lat' dir='ltr'><strong>25.—Mirati</strong></span> <span class='ocrx_word' id='word_1_783' title='bbox 2545 5257 2662 5303; x_wconf 84' lang='lat' dir='ltr'><strong>sunt</strong></span> <span class='ocrx_word' id='word_1_784' title='bbox 2682 5248 2761 5327; x_wconf 80' lang='lat' dir='ltr'><strong>ad</strong></span> <span class='ocrx_word' id='word_1_785' title='bbox 2795 5250 3029 5316; x_wconf 73' lang='lat' dir='ltr'><strong>inuicem.</strong></span> <span class='ocrx_word' id='word_1_786' title='bbox 3054 5247 3169 5302; x_wconf 86' lang='lat' dir='ltr'><strong>Non</strong></span> <span class='ocrx_word' id='word_1_787' title='bbox 3200 5247 3467 5318; x_wconf 89' lang='lat' dir='ltr'><strong>discipuli,</strong></span> 
     </span>
    </p>
   </div>
   <div class='ocr_carea' id='block_1_111' title="bbox 1902 5335 3473 5409">
    <p class='ocr_par' dir='ltr' id='par_1_111' title="bbox 1902 5335 3473 5409">
     <span class='ocr_line' id='line_1_111' title="bbox 1902 5335 3473 5409; baseline -0.004 -12"><span class='ocrx_word' id='word_1_788' title='bbox 1902 5341 1995 5397; x_wconf 90' lang='lat' dir='ltr'><strong>sed</strong></span> <span class='ocrx_word' id='word_1_789' title='bbox 2025 5351 2202 5396; x_wconf 74' lang='lat' dir='ltr'><strong>nauta:</strong></span> <span class='ocrx_word' id='word_1_790' title='bbox 2238 5350 2293 5396; x_wconf 91' lang='lat' dir='ltr'><strong>et</strong></span> <span class='ocrx_word' id='word_1_791' title='bbox 2337 5339 2425 5394; x_wconf 90' lang='lat' dir='ltr'><strong>alii</strong></span> <span class='ocrx_word' id='word_1_792' title='bbox 2453 5339 2540 5409; x_wconf 91' lang='lat' dir='ltr'><strong>qui</strong></span> <span class='ocrx_word' id='word_1_793' title='bbox 2572 5340 2623 5393; x_wconf 93' lang='lat' dir='ltr'><strong>in</strong></span> <span class='ocrx_word' id='word_1_794' title='bbox 2655 5339 2778 5393; x_wconf 88' lang='lat' dir='ltr'><strong>navi</strong></span> <span class='ocrx_word' id='word_1_795' title='bbox 2817 5349 2973 5394; x_wconf 91' lang='lat' dir='ltr'><strong>erant</strong></span> <span class='ocrx_word' id='word_1_796' title='bbox 3001 5339 3286 5394; x_wconf 89' lang='lat' dir='ltr'><strong>mirantur.</strong></span> <span class='ocrx_word' id='word_1_797' title='bbox 3317 5335 3473 5392; x_wconf 88' lang='lat' dir='ltr'><strong>Unde</strong></span> 
     </span>
    </p>
   </div>
   <div class='ocr_carea' id='block_1_112' title="bbox 1904 5426 3469 5504">
    <p class='ocr_par' dir='ltr' id='par_1_112' title="bbox 1904 5426 3469 5504">
     <span class='ocr_line' id='line_1_112' title="bbox 1904 5426 3469 5504; baseline -0.006 -17"><span class='ocrx_word' id='word_1_798' title='bbox 1904 5431 2185 5504; x_wconf 65' lang='lat' dir='ltr'><strong>Matthaaus</strong></span> <span class='ocrx_word' id='word_1_799' title='bbox 2215 5449 2226 5484; x_wconf 93' lang='lat'><strong>:</strong></span> <span class='ocrx_word' id='word_1_800' title='bbox 2263 5427 2434 5482; x_wconf 80' lang='lat' dir='ltr'><strong>Porro</strong></span> <span class='ocrx_word' id='word_1_801' title='bbox 2462 5429 2695 5482; x_wconf 77' lang='lat' dir='ltr'><strong>homines</strong></span> <span class='ocrx_word' id='word_1_802' title='bbox 2720 5426 2797 5481; x_wconf 87' lang='lat' dir='ltr'><strong>illi</strong></span> <span class='ocrx_word' id='word_1_803' title='bbox 2829 5429 3006 5497; x_wconf 86' lang='lat' dir='ltr'><strong>mirati</strong></span> <span class='ocrx_word' id='word_1_804' title='bbox 3036 5439 3180 5496; x_wconf 78' lang='lat' dir='ltr'><strong>sunt,</strong></span> <span class='ocrx_word' id='word_1_805' title='bbox 3209 5427 3469 5480; x_wconf 83' lang='lat' dir='ltr'><strong>dicentes:</strong></span> 
     </span>
    </p>
   </div>
   <div class='ocr_carea' id='block_1_113' title="bbox 1907 5514 3472 5591">
    <p class='ocr_par' dir='ltr' id='par_1_113' title="bbox 1907 5514 3472 5591">
     <span class='ocr_line' id='line_1_113' title="bbox 1907 5514 3472 5591; baseline -0.004 -16"><span class='ocrx_word' id='word_1_806' title='bbox 1907 5519 2090 5588; x_wconf 81' lang='lat' dir='ltr'><strong>Qualis</strong></span> <span class='ocrx_word' id='word_1_807' title='bbox 2127 5529 2202 5574; x_wconf 79' lang='lat' dir='ltr'><strong>est</strong></span> <span class='ocrx_word' id='word_1_808' title='bbox 2235 5519 2361 5572; x_wconf 84' lang='lat' dir='ltr'><strong>hic?</strong></span> <span class='ocrx_word' id='word_1_809' title='bbox 2389 5515 2603 5589; x_wconf 79' lang='lat' dir='ltr'><strong>(Matth.</strong></span> <span class='ocrx_word' id='word_1_810' title='bbox 2636 5517 2776 5591; x_wconf 88' lang='lat' dir='ltr'><strong>vm.)</strong></span> <span class='ocrx_word' id='word_1_811' title='bbox 2805 5517 2956 5588; x_wconf 85' lang='lat' dir='ltr'><strong>Quod</strong></span> <span class='ocrx_word' id='word_1_812' title='bbox 2987 5518 3029 5572; x_wconf 93' lang='lat' dir='ltr'><strong>si</strong></span> <span class='ocrx_word' id='word_1_813' title='bbox 3071 5515 3361 5586; x_wconf 87' lang='lat' dir='ltr'><strong>discipulos</strong></span> <span class='ocrx_word' id='word_1_814' title='bbox 3389 5514 3472 5568; x_wconf 80' lang='lat' dir='ltr'><strong>di-</strong></span> 
     </span>
    </p>
   </div>
   <div class='ocr_carea' id='block_1_114' title="bbox 1903 5601 3474 5680">
    <p class='ocr_par' dir='ltr' id='par_1_114' title="bbox 1903 5601 3474 5680">
     <span class='ocr_line' id='line_1_114' title="bbox 1903 5601 3474 5680; baseline -0.006 -12"><span class='ocrx_word' id='word_1_815' title='bbox 1903 5615 2074 5668; x_wconf 87' lang='lat' dir='ltr'><strong>cimus</strong></span> <span class='ocrx_word' id='word_1_816' title='bbox 2106 5612 2330 5667; x_wconf 84' lang='lat' dir='ltr'><strong>miratos</strong></span> <span class='ocrx_word' id='word_1_817' title='bbox 2370 5611 2556 5678; x_wconf 77' lang='lat' dir='ltr'><strong>luisse,</strong></span> <span class='ocrx_word' id='word_1_818' title='bbox 2585 5611 2778 5666; x_wconf 91' lang='lat' dir='ltr'><strong>merito</strong></span> <span class='ocrx_word' id='word_1_819' title='bbox 2815 5605 2889 5665; x_wconf 83' lang='lat' dir='ltr'><strong>et</strong></span> <span class='ocrx_word' id='word_1_820' title='bbox 2913 5601 3015 5680; x_wconf 84' lang='lat' dir='ltr'><strong>ipsi</strong></span> <span class='ocrx_word' id='word_1_821' title='bbox 3065 5609 3310 5664; x_wconf 88' lang='lat' dir='ltr'><strong>homines</strong></span> <span class='ocrx_word' id='word_1_822' title='bbox 3349 5615 3474 5659; x_wconf 82' lang='lat' dir='ltr'><strong>sunt</strong></span> 
     </span>
    </p>
   </div>
   <div class='ocr_carea' id='block_1_115' title="bbox 1904 5702 3301 5772">
    <p class='ocr_par' dir='ltr' id='par_1_115' title="bbox 1904 5702 3301 5772">
     <span class='ocr_line' id='line_1_115' title="bbox 1904 5702 3301 5772; baseline -0.003 -15"><span class='ocrx_word' id='word_1_823' title='bbox 1904 5702 2172 5772; x_wconf 87' lang='lat' dir='ltr'><strong>appellati.</strong></span> <span class='ocrx_word' id='word_1_824' title='bbox 3299 5737 3301 5740; x_wconf 55' lang='grc' dir='ltr'><strong><em>ι</em></strong></span> 
     </span>
    </p>
   </div>
   <div class='ocr_carea' id='block_1_116' title="bbox 1971 5783 3473 5864">
    <p class='ocr_par' dir='ltr' id='par_1_116' title="bbox 1971 5783 3473 5864">
     <span class='ocr_line' id='line_1_116' title="bbox 1971 5783 3473 5864; baseline -0.007 -16"><span class='ocrx_word' id='word_1_825' title='bbox 1971 5794 2051 5848; x_wconf 81' lang='lat' dir='ltr'><strong>Ad</strong></span> <span class='ocrx_word' id='word_1_826' title='bbox 2086 5793 2341 5864; x_wconf 79' lang='lat' dir='ltr'><strong>regionem</strong></span> <span class='ocrx_word' id='word_1_827' title='bbox 2373 5790 2770 5848; x_wconf 79' lang='lat' dir='ltr'><strong>Gerasenorum.</strong></span> <span class='ocrx_word' id='word_1_828' title='bbox 2804 5790 3005 5846; x_wconf 77' lang='lat' dir='ltr'><strong>Gerasa</strong></span> <span class='ocrx_word' id='word_1_829' title='bbox 3041 5788 3231 5844; x_wconf 73' lang='lat' dir='ltr'><strong>civitas</strong></span> <span class='ocrx_word' id='word_1_830' title='bbox 3261 5783 3473 5839; x_wconf 72' lang='lat' dir='ltr'><strong>Arabia:</strong></span> 
     </span>
    </p>
   </div>
  </div>
