3960 6336
530 365 637 422 275
1033 363 1426 421 WALAFRIDI
1465 362 1714 422 STRABI
1746 360 1949 420 FULD.
1990 360 2116 421 M03

2215 361 2349 422 DPP.
2392 362 2575 420 PARS
2605 363 2646 419 l.
2682 393 2752 404 —-
2789 362 3245 425 THEOLOGICA.
3650 375 3737 431 276

528 483 683 553 juxta
710 475 947 540 montem
976 479 1181 539 Galaad
1210 479 1265 535 in
1289 480 1433 535 tribu
1463 479 1732 547 Manasse,
1765 495 1874 536 non
1893 479 2051 551 longe
2076 494 2109 534 a
2138 485 2189 544 Α
2214 481 2522 551 regreditur
2545 481 2673 550 quia
2696 496 2803 537 non
2822 482 3076 553 dignatur
3100 496 3293 538 curare
3321 483 3530 550 invitos,
3553 485 3638 540 sed
3655 488 3741 544 cito

486 594 497 603 ι
533 580 726 644 stagno
755 570 1076 634 Tiberiadis,
1106 567 1379 639 signiﬁcat
1423 577 1613 640 gentes
1645 560 1780 640 quas
1818 576 1943 640 post
1988 583 2113 639 pas-
2216 571 2418 627 deserit
2449 570 2716 639 inﬁrmos,
2747 571 2947 642 quibus
2979 571 3137 632 oneri
3158 572 3307 628 videt
3330 586 3607 630 essesusm
3632 591 3743 646 prai-

531 664 744 720 sionem
777 671 834 720 et
856 662 1311 718 resurrectionem
1334 660 1594 718 Dominus
1614 676 1712 733 per
1733 661 2115 733 praedicatores
2212 661 2468 719 sentiam.
3418 720 3431 729 τ

534 753 795 820 visitavit,
821 753 962 810 unde
981 751 1185 810 Gerasa
1212 752 1325 809 sive
1344 751 1570 824 Gergesi
1592 752 1846 815 colonum
1868 750 2110 821 ejiciens,
2285 756 2451 821 Vsus.
2481 755 2653 813 39.—
2676 753 2807 815 Redi
2835 755 2891 810 in
2919 756 3154 822 domum,
3185 762 3292 810 etc.
3320 752 3627 826 Aliegorice.
3640 756 3745 815 Post

538 845 595 900 id
622 852 709 900 est
732 842 1003 901 diabolum
1033 857 1063 897 a
1094 857 1203 914 quo
1230 843 1383 912 prius
1416 841 1754 903 incolebatur
1787 841 1877 904 vel,
1906 841 2112 905 advena
2215 845 2591 905 remissionem
2618 853 2964 916 peccatorum
3011 844 3343 901 redeundum
3381 853 3465 900 est
3494 845 3547 900 in
3582 847 3744 903 bonam

536 935 925 1006 propinquans,
956 934 1049 1005 qui
1079 934 1245 1004 longe
1262 943 1383 989 erat
1411 936 1467 990 in
1497 943 1759 1004 tempore.
2216 936 2623 1001 conscientiam,
2646 943 2700 991 et
2725 935 3068 991 serviendum
3091 934 3397 1006 Evangelia,
3413 944 3622 1006 propter
3639 938 3746 995 alio-

609 1025 776 1083 Vens.
802 1027 894 1082 27.
920 1057 990 1066 -—
1016 1025 1085 1082 In
1111 1028 1477 1082 monumentis.
1509 1025 1645 1094 Quid
1674 1026 1820 1081 aliud
1846 1033 1972 1081 sunt
2000 1039 2119 1095 per-
2216 1046 2338 1086 rum
2367 1032 2530 1085 etiam
2559 1029 2788 1086 salutem
2807 1069 2829 1095 ,
2852 1038 2917 1084 ut
2940 1028 3137 1085 deinde
3164 1044 3288 1085 eum
3323 1028 3534 1099 Christo
3571 1032 3748 1101 requie-

2218 1130 2357 1187 scat,
2379 1137 2447 1177 ne
2470 1136 2592 1178 eum
2611 1121 2722 1192 jam
2750 1134 2920 1190 prope
2939 1118 3054 1173 vult
3078 1133 3199 1175 esse
3223 1134 3350 1175 eum
3367 1118 3591 1184 Christo,
3615 1121 3750 1192 negti.

2217 1222 2309 1285 gat
2329 1212 2643 1285 mysterium
2658 1212 3055 1284 praedicationis
3066 1212 3520 1267 accommodatum
3533 1210 3748 1269 fraternae

2219 1306 2527 1361 liberationi
2547 1345 2563 1371 ,
2599 1305 2741 1359 unde
2773 1303 3098 1376 Apostolus:
3129 1303 3302 1374 Cupio.
3328 1302 3566 1370 dissolvi,
3591 1313 3636 1358 et
3662 1320 3750 1360 esse

2220 1412 2338 1450 cum
2367 1394 2574 1451 Christo
2602 1392 2822 1466 (Philip.
2848 1394 2913 1466 ι),
2948 1394 3124 1449 multo
3141 1393 3333 1451 melius
3351 1434 3368 1461 ,
3390 1409 3589 1449 name
3606 1402 3749 1449 mum

2217 1487 2283 1543 in.
2303 1504 2469 1542 carne.
2484 1488 2836 1543 necessarium
2864 1497 3083 1559 propter
3102 1504 3213 1541 vos»

2290 1581 2455 1635 Vsus.
2491 1579 2580 1635 45.
2607 1578 2769 1633 -Ῑη
2806 1579 3053 1637 medicos.
3085 1577 3310 1644 Medici,
3357 1577 3638 1643 daemones,
3676 1577 3749 1647 qui

2217 1671 2370 1741 quasi
2401 1670 2737 1726 consulentes
2774 1669 3116 1734 hominibus,
3158 1683 3259 1739 pro
3293 1668 3405 1725 Deo
3434 1682 3493 1724 se
3525 1667 3621 1724 coli
3654 1667 3755 1724 etiw

545 1113 777 1171 ﬁdorum
816 1130 1065 1187 corpora,
1094 1116 1197 1171 nisi
1236 1117 1481 1186 quaedam
1529 1115 1906 1172 defunctorum
1934 1114 2117 1186 sepul-

536 1223 653 1275 cra,
679 1209 736 1264 in
764 1207 959 1279 quibus
986 1223 1091 1264 non
1117 1209 1362 1267 habitant
1389 1209 1483 1263 Dei
1510 1208 1709 1264 verba?

611 1303 775 1360 Vsus.
796 1304 888 1361 28.
913 1303 1132 1358 —Jesu
1174 1301 1283 1358 Fili
1330 1302 1445 1357 Dei.
1489 1302 1652 1358 Arius
1689 1299 1965 1358 contendit
1999 1312 2122 1355 esse

537 1405 876 1462 creaturam,
923 1410 1085 1467 quem
1144 1388 1353 1451 daemon
1411 1393 1700 1450 conﬁtetur
1754 1408 1874 1449 esse
1923 1390 2118 1447 Filium

538 1485 653 1540 Dei.
690 1484 860 1541 Judaei
907 1485 1091 1543 dicunt
1116 1503 1133 1539 :-
1159 1483 1227 1554 In
1276 1484 1508 1555 principe
1562 1484 1943 1541 dwmoniorum
1980 1468 2120 1551 ejicit

535 1574 818 1641 daemonia,
844 1588 1007 1646 quem
1027 1574 1292 1631 daemonia
1316 1581 1519 1646 negant
1540 1573 1745 1644 aliquid
1772 1587 1955 1629 secum
1979 1587 2123 1626 como

538 1679 701 1720 mune
744 1665 964 1723 habere.
1009 1665 1361 1723 Tomentum
1409 1674 1494 1722 est
1523 1664 1723 1727 diaboli
1772 1664 1842 1720 ab
1887 1664 2120 1719 hominis

538 1756 759 1814 laesione
778 1772 1010 1823 cessare,
1036 1767 1092 1814 et
1121 1767 1378 1828 quantum
1409 1758 1612 1814 diutius
1635 1758 1970 1829 possederat,
2000 1764 2120 1811 tan-

539 1856 655 1903 tum
678 1847 947 1907 difﬁcilius
974 1850 1217 1907 dimittit.
1246 1850 1443 1906 Caveat
1479 1866 1612 1923 ergo
1640 1828 1847 1921 aliquis
1891 1850 2050 1906 laesus
2084 1865 2114 1904 a
2146 1828 2191 1888 Β

541 1938 792 2007 diabolo,
833 1948 891 1998 ut
923 1941 1031 1997 cito
1059 1942 1177 2013 ejus
1219 1942 1400 2013 iugum
1447 1942 1755 2013 dirumpat,
1789 1942 1916 2012 quia
1964 1948 2116 1996 tanto

538 2029 749 2087 facilius
776 2040 984 2102 quanto.
1007 2032 1167 2088 cit-ius
1194 2032 1312 2102 ejus
1336 2034 1633 2089 dominium
1660 2034 1915 2089 evitatur.

609 2120 773 2178 Vens.
794 2122 978 2184 29.—
1004 2122 1340 2179 Vinciebatur
1378 2125 1594 2180 catenis.
1621 2124 1836 2180 Catena:
1877 2132 1932 2178 et
1970 2137 2117 2178 com-

538 2210 722 2281 pedes,
754 2212 904 2269 durae
922 2222 977 2270 et
1002 2230 1203 2285 graves
1216 2224 1340 2270 sunt
1365 2215 1603 2287 gentium
1625 2215 1795 2287 leges,
1819 2214 2035 2284 quibus,
2061 2222 2116 2268 et
2138 2270 2156 2285 ε

539 2302 595 2356 in
618 2317 806 2358 eorum
828 2304 1101 2373 republica
1131 2305 1524 2361 cohibebantur
1542 2314 1782 2377 peccata.
1814 2303 1909 2361 His
1935 2315 2115 2360 tamen

538 2389 747 2462 legibus
778 2392 985 2463 ruptis,
1015 2394 1082 2449 ad
1110 2410 1175 2449 ea
1204 2393 1408 2450 scelera
1437 2394 1733 2464 cupiditate
1760 2388 2112 2458 ducebantur,

540 2494 661 2549 qua:
692 2479 977 2550 vulgarem
995 2483 1442 2538 consuetudinem
1469 2484 1823 2539 excedebant.

613 2568 771 2626 Vens.
797 2572 885 2628 50.
906 2604 980 2615 -
1012 2573 1150 2640 Quia
1170 2575 1493 2631 intraverunt
1514 2577 1775 2631 daemonia
1799 2574 1984 2642 multa,
2006 2584 2114 2635 etc.

542 2657 705 2716 Multa
732 2662 992 2719 daemonia
1018 2680 1137 2742 quae
1163 2682 1329 2720 unum
1368 2674 1656 2738 premunt,
1678 2666 1895 2739 signant
1919 2666 2116 2745 multos

544 2752 725 2810 cultus
741 2754 1058 2812 idololatriae
1085 2757 1142 2812 in
1167 2773 1275 2813 uno
1301 2760 1541 2828 gentium
1585 2759 1802 2830 populo.
1849 2760 1891 2813 E
1924 2767 2113 2815 contra

544 2842 777 2900 dicitur:
808 2844 1166 2905 Multitudinis
1214 2848 1533 2904 credentium
1581 2858 1695 2904 erat
1738 2867 1829 2905 eor
1870 2866 2033 2904 unum
2065 2860 2115 2905 et

546 2932 725 2988 anima
773 2949 883 2990 una
921 2932 1058 3006 (Aet.
1084 2934 1180 3007 ιν).
1206 2935 1359 2992 Unde
1380 2938 1516 2992 bene
1541 2938 1596 2993 in
1631 2937 1910 3009 Babylone
1936 2939 2115 2994 unitas

542 3022 843 3093 linguarum
871 3024 1065 3090 scissa,
1095 3025 1150 3080 in
1176 3024 1473 3081 Jerusalem
1503 3036 1586 3082 est
1612 3028 1864 3088 adunata.

620 3110 777 3167 Vsus.
802 3112 898 3174 51..
921 3144 993 3155 —
1016 3113 1088 3168 Et
1117 3114 1392 3185 rogabant.
1418 3114 1685 3195 Sciebant.
1710 3115 1982 3172 daemones
2017 3131 2114 3187 per

551 3202 841 3259 adventum
866 3204 1080 3265 Domini
1109 3221 1169 3262 se
1190 3206 1478 3277 aliquando
1500 3208 1554 3268 in
1585 3209 1839 3279 abyssum
1870 3222 2115 3278 mergen-

549 3293 815 3354 dosrnon
844 3295 947 3368 ipsi
974 3294 1152 3355 fututa
1190 3298 1632 3371 prmdivinantes,
1680 3299 1777 3358 sed
1823 3300 2107 3373 propheta-

549 3402 669 3442 rum
697 3388 764 3444 de
792 3404 852 3445 se
874 3388 1016 3446 dicta
1046 3391 1363 3448 recolentes.

620 3477 781 3536 Vnus.
815 3481 905 3536 32.
932 3513 1003 3523 —
1025 3481 1166 3538 Grex
1189 3500 1484 3553 porcorum.
1514 3482 1673 3540 Porci
1696 3495 1824 3539 sunt
1871 3482 2119 3540 homines

545 3570 701 3626 vocis.
713 3579 770 3627 et
788 3572 1014 3635 rationis
1042 3582 1326 3644 expertes,
1360 3573 1641 3630 lutulentis
1668 3573 1880 3630 actibus
1916 3574 2115 3641 dediti,

545 3660 604 3715 in
652 3670 836 3718 monte
884 3663 1148 3735 superbia:
1191 3672 1497 3736 pascentes.
1546 3664 1615 3722 Et
1658 3664 1761 3721 nisi
1799 3664 1921 3735 quis
1967 3679 2119 3721 more

547 3752 698 3823 porci
726 3753 943 3820 vixerit,
976 3754 1222 3813 diabolus
1251 3755 1309 3812 in
1337 3770 1403 3812 eo
1425 3762 1746 3827 potestatem
1765 3770 1873 3811 non
1897 3755 2117 3827 accipit,

546 3841 632 3897 vel
658 3842 728 3898 ad
750 3844 1084 3915 probandum
1113 3854 1343 3913 tantum,
1364 3862 1471 3903 non
1494 3854 1674 3904 autem
1698 3848 1767 3904 ad
1785 3847 2118 3919 perdendum

548 3932 764 4003 accipit.

621 4018 780 4081 Vens.
806 4024 895 4082 54.
911 4057 988 4078 -.
1005 4023 1348 4101 Fugerunt'et
1370 4032 1734 4087 nuntiaverunt
1753 4032 1809 4086 in
1835 4031 2116 4098 civitatem,

544 4118 593 4164 et
617 4110 672 4167 in
697 4112 866 4171 villas.
908 4114 1158 4174 Pastores
1190 4117 1473 4191 fugerunt,
1498 4121 1626 4191 quia
1673 4135 1773 4177 nec
1814 4120 2116 4192 philosophi

544 4204 783 4270 gentium
802 4246 822 4274 ,
847 4222 948 4264 nec
968 4208 1239 4280 principes
1265 4209 1562 4283 Synagogae
1602 4212 1954 4283 pereuntibus
1994 4226 2119 4281 pes-

545 4304 670 4351 sunt
698 4296 947 4356 conferre
978 4300 1331 4364 medicinam,
1363 4312 1421 4356 et
1457 4302 1584 4358 licet
1626 4301 1991 4358 Christianam
2028 4301 2115 4357 fu-

544 4386 695 4457 giant
725 4386 896 4459 legem
917 4428 939 4454 ,
958 4390 1251 4464 potentiam
1284 4400 1462 4449 tamen
1488 4393 1607 4464 ejus
1630 4393 1892 4462 stupendo
1930 4402 1982 4450 et
2010 4393 2109 4450 mi-

547 4477 719 4534 rando
740 4479 1054 4550 praedicant.

2140 4520 2193 4581 D

2219 1770 2374 1833 gunt,
2405 1761 2600 1832 quibus
2621 1759 2882 1816 servierat
2906 1758 3201 1829 gentilitas.

2289 1849 2453 1913 Vnus.
2488 1849 2580 1902 Μ.
2614 1878 2686 1888 —
2708 1845 2895 1918 Tetigit
2929 1846 3212 1917 fimbriam.
3255 1844 3545 1901 Fimbriam
3580 1844 3747 1915 tangit,

2218 1940 2309 2010 qui
2343 1937 2740 1995 [incarnationis
2768 1937 3023 2009 mysteria
3068 1936 3309 2008 perfecte
3339 1945 3485 1993 amat
3500 1944 3554 1991 et
3576 1935 3748 1997 credit,

2216 2033 2390 2089 donec
2424 2032 2492 2087 ad
2529 2031 2734 2101 majora
2764 2029 3026 2100 capienda
3062 2031 3365 2101 perveniat.
3399 2028 3456 2085 Si
3491 2028 3751 2085 considere-

2216 2139 2337 2178 mus
2363 2129 2563 2192 quanta
2586 2121 2659 2184 sit
2682 2120 2816 2176 ﬁdes
2838 2128 3024 2176 nostra
3043 2160 3059 2187 ,
3088 2128 3144 2175 et
3174 2120 3532 2190 intelligamus
3556 2125 3750 2188 quantus

2216 2216 2289 2270 sit
2313 2214 2485 2270 Filius
2510 2213 2627 2279 Dei,
2656 2213 2907 2270 videmus
2926 2212 3083 2283 quia,
3097 2214 3497 2282 comparatione
3515 2210 3640 2282 ejus,
3658 2209 3749 2263 ﬁm-

2214 2306 2387 2362 briam
2417 2306 3113 2377 tantummodotangimns,
3131 2306 3475 2376 superiorem.
3493 2303 3749 2361 vestimenti

2215 2395 2335 2467 ejus
2362 2404 2573 2468 partem
2600 2396 2889 2466 nequimus
2920 2398 3206 2468 attingere.

2287 2487 2355 2541 Et
2383 2487 2670 2557 confestim,
2703 2495 2811 2542 etc.
2842 2485 3214 2543 Suscitaturus
3241 2495 3515 2543 mortuam
3532 2485 3672 2542 rediit
3690 2483 3746 2538 ad

2216 2577 2376 2633 ﬁdem
2411 2577 2738 2641 faciendam,
2770 2576 2922 2647 prius
2944 2585 3104 2649 curat
3126 2577 3544 2633 bemorroidam.
3568 2574 3647 2631 Sic
3661 2572 3749 2629 Eli-

2217 2670 2407 2727 sabeth
2467 2669 2673 2726 sterilis
2721 2669 2968 2740 paritura
3025 2668 3301 2725 indicatur
3354 2678 3415 2724 ut
3463 2659 3748 2738 conceptum

2216 2760 2369 2832 virgo
2406 2759 2684 2815 credatur.

2286 2870 2449 2926 Vsus.
2473 2870 2562 2933 45.
2586 2902 2658 2911 —
2682 2870 2811 2937 Quis
2835 2881 2931 2927 est.
2953 2872 3070 2928 Non
3094 2872 3288 2943 quaerit
3319 2880 3381 2928 ut
3406 2872 3641 2931 doceatur
3656 2880 3749 2939 qua

2215 2963 2442 3030 nesciat,
2468 2961 2564 3019 sed
2593 2972 2653 3018 ut
2681 2962 2818 3018 ﬁdes
2844 2963 3092 3020 mulieris
3117 2973 3397 3044 appareat.

2287 3072 2453 3137 erns.
2482 3069 2571 3126 46.
2594 3102 2665 3114 -ο
2689 3069 2836 3126 Nam
2858 3081 2904 3127 et
2925 3089 3017 3144 ego
3039 3073 3173 3129 novi.
3191 3071 3310 3126 Non
3336 3073 3466 3128 latet
3481 3069 3744 3142 quicunque

2140 3177 2185 3240 ρ
2218 3162 2423 3236 tangit:
2457 3161 2600 3216 Deus
2624 3176 2734 3219 non
2768 3160 2973 3233 indiget
3000 3161 3171 3217 oeulis
3203 3170 3263 3216 ut
3299 3162 3510 3226 videat,
3536 3173 3627 3214 nec
3660 3170 3750 3212 cor-

2215 3253 2475 3326 poraliter
2504 3253 2691 3318 sentit,
2718 3251 2813 3307 sed
2858 3252 2911 3306 in
2962 3268 3021 3308 se
3065 3253 3228 3308 habet
3279 3253 3629 3325 cognitionem
3664 3261 3752 3303 om-

2214 3344 2385 3400 nium.
2414 3342 2592 3399 Etiam
2620 3342 2794 3399 virtus
2823 3358 2941 3414 qua:
2967 3343 3290 3414 propitiatur
3322 3344 3566 3400 omnibus
3596 3336 3753 3410 iniqui-

2218 3436 2425 3497 tatibus
2441 3437 2669 3504 nostris,
2691 3444 2745 3493 et
2778 3445 2932 3491 sanat
2956 3452 3146 3493 omnes
3177 3435 3521 3493 inﬁrmitates
3549 3442 3752 3494 nostras.

2216 3542 2321 3583 non
2352 3542 2421 3587 ex
2441 3528 2615 3593 nobis,
2650 3527 2746 3587 sed
2766 3543 2839 3607 ei:~
2857 3527 2969 3584 Deo
2993 3528 3129 3589 exit.

2286 3636 2461 3703 Vens.
2496 3637 2678 3694 47.-
2711 3637 2909 3697 Videtis
2952 3649 3126 3695 autem
3172 3638 3390 3697 mulier.
3434 3637 3555 3701 Haec
3597 3630 3754 3692 mulier

2216 3731 2520 3787 verecunda
2555 3729 2825 3789 ﬁmbriam
2854 3732 3048 3803 tangit,
3070 3732 3251 3788 ﬁdelis
3269 3733 3523 3798 accessit,
3543 3726 3753 3798 religiosa

2217 3823 2485 3880 credidit:
2523 3823 2742 3894 sapiens
2792 3838 2851 3880 se
2901 3836 3020 3883 esse
3064 3831 3309 3879 sanatam
3361 3821 3662 3895 cognoscit:
3694 3812 3755 3871 sic

2215 3910 2369 3988 plebs
2392 3916 2631 3988 gentium
2670 3931 2792 3986 qua:
2827 3915 2938 3971 Deo
2982 3917 3251 3983 credidit,
3271 3924 3551 3987 peccatum
3580 3905 3756 3968 erubuit

2216 4014 2278 4063 ut
2303 4006 2612 4072 desereret,
2650 4006 2812 4063 ﬁdem
2839 4005 3032 4063 detulit
3066 4016 3126 4062 nt
3159 4007 3434 4075 crederet,
3458 4001 3755 4062 devotionem

2217 4095 2462 4151 exhibuit
2496 4103 2556 4150 ut
2587 4102 2831 4166 rogaret,
2858 4094 3177 4165 sapientiam
3220 4093 3402 4155 induit
3424 4102 3484 4149 ut
3512 4090 3755 4148 sanitatem

2218 4201 2371 4242 suam
2398 4194 2453 4241 et
2480 4185 2599 4256 ipsa
2623 4185 2882 4251 sentiret,
2906 4180 3155 4239 ﬁduciam
3195 4186 3428 4256 sumpsit
3456 4191 3514 4241 ut
3537 4180 3758 4237 fateretur

2217 4278 2360 4349 quod
2388 4276 2737 4348 prmripiebat
2762 4276 3020 4332 alienum.

2287 4388 2453 4445 Vens.
2478 4388 2570 4444 31.
2624 4420 2695 4429 —-
2722 4387 2937 4445 Putrem
2961 4389 3171 4460 puella.
3200 4391 3367 4445 Pater
3387 4387 3593 4461 puellae,
3616 4388 3757 4475 θωμιξ

2218 4482 2494 4539 doctorum
2538 4479 2688 4550 legis,
2718 4478 2927 4536 scilicet
2967 4480 3171 4537 Scriba:
3208 4487 3265 4536 et
3303 4476 3592 4539 Pharisaei,
3621 4470 3759 4543 quisi

617 4568 890 4644 νειιεηὸὄ.
917 4601 988 4612 ——
1019 4570 1272 4627 Eaierunt
1313 4581 1485 4629 autem
1533 4574 1701 4633 videre
1742 4576 1881 4647 quod
1918 4577 2115 4647 factum
2141 4558 2192 4581 ν
2218 4572 2441 4631 credere
2493 4570 2765 4635 voluerint
2817 4558 2983 4628 etiam
3031 4572 3272 4643 subjecta
3319 4569 3597 4644 Synagoga
3637 4561 3756 4620 salt"!

545 4669 643 4727 est,
670 4669 719 4715 et
744 4646 989 4720 venerunt
1013 4662 1081 4716 ad
1095 4662 1299 4729 Iesum,
1321 4674 1368 4717 et
1392 4663 1691 4719 invenerunt
1714 4646 2111 4732 hominem,etc.

548 4750 829 4822 Signiﬁcat
872 4751 1270 4812 multitudinem
1324 4769 1421 4815 sua
1469 4764 1695 4817 venusta
1729 4755 1839 4810 vita
1882 4756 2114 4812 delecta-

549 4850 690 4907 tam,
735 4841 1007 4903 honorare
1036 4845 1286 4915 quidem,
1332 4845 1429 4901 sed
1474 4845 1615 4901 nolle
1656 4847 1767 4918 pati
1801 4847 2113 4918 religionem

547 4929 933 5000 Christianam,
956 4934 1081 4990 dum
1106 4936 1292 4992 dicunt
1318 4938 1460 5006 quod
1486 4953 1607 4993 eam
1631 4937 1856 5009 implere
1872 4954 1977 4993 non
1998 4953 2117 5007 pos-

546 5028 691 5076 sunt.
706 5021 972 5079 Mirantur
993 5032 1049 5079 et
1069 5023 1277 5084 ﬁdelem
1305 5026 1563 5098 populum
1587 5042 1618 5082 a
1641 5027 1869 5098 pristina
1892 5042 2115 5083 conver-

549 5113 761 5170 satione
783 5124 1053 5182 sanatum,
1083 5123 1138 5171 et
1167 5118 1355 5172 sedere
1383 5117 1450 5173 ad
1478 5117 1644 5188 pedes
1666 5117 1900 5183 Domini,
1931 5117 1985 5172 id
2012 5125 2114 5184 est,

552 5218 686 5260 sano
713 5205 909 5261 mentis
926 5206 1174 5262 examine
1206 5208 1426 5279 vestigia
1457 5207 1753 5264 Salvatoris
1777 5223 1897 5279 quae
1922 5223 2119 5279 sequa-

552 5304 642 5350 tur
669 5296 886 5366 intueri,
914 5306 969 5355 et
997 5300 1254 5359 vestitum
1276 5300 1475 5357 studiis
1494 5300 1753 5356 virtutum
1772 5341 1787 5366 ,
1818 5315 1939 5370 quae
1961 5299 2117 5356 dece-

551 5394 677 5459 ptus
710 5390 985 5447 amiserat.

626 5475 786 5533 Vsus.
817 5479 906 5534 37.
935 5511 1005 5521 —
1031 5480 1101 5535 Et
1138 5490 1466 5552 rogauerunt.
1517 5481 1732 5538 Conscii
1776 5480 2112 5552 fragilitatis,

550 5568 837 5638 prasentia
858 5567 1068 5624 Domini
1084 5584 1144 5624 se
1165 5569 1413 5642 indignos
1429 5571 1693 5642 iudicant,
1724 5587 1828 5627 non
1843 5570 2117 5640 capientes

549 5660 771 5716 verbum
792 5659 908 5725 Dei,
940 5668 994 5716 et
1021 5661 1076 5715 in
1108 5660 1262 5715 ﬁrma
1286 5670 1465 5717 mente
1485 5664 1693 5733 pondus
1718 5662 1989 5732 sapientia:
2010 5678 2115 5717 non

551 5754 907 5822 sustinentes,
953 5765 1005 5811 et
1051 5754 1171 5812 ideo
1200 5754 1399 5811 diutius
1438 5756 1692 5813 molestus
1723 5771 1829 5814 non
1859 5754 1957 5812 fuit
1978 5796 1992 5823 ,
2023 5755 2116 5813 sed

2217 4666 2342 4723 erit.

2289 4755 2452 4811 Vens.
2497 4755 2587 4811 52.
2621 4786 2695 4796 —
2721 4753 2945 4809 Flebant
2985 4763 3178 4809 autem.
3211 4752 3373 4814 Fient
3411 4751 3503 4824 qui
3542 4749 3755 4819 5111³80-

2214 4862 2339 4918 gam
2369 4862 2399 4901 a
2422 4847 2551 4911 Deo,
2577 4846 2671 4916 qui
2696 4844 2809 4899 vita
2837 4852 2940 4908 est,
2972 4844 3155 4899 vident
3193 4842 3426 4903 alienam
3470 4847 3527 4897 et
3566 4834 3755 4892 dolent.

2218 4952 2319 4993 nec
2365 4936 2597 5007 amplius
2641 4948 2802 5005 posse
2846 4932 3111 4989 viviﬁcari
3166 4939 3390 5003 putant.
3441 4937 3497 4985 et
3544 4925 3628 4982 illa
3662 4932 3758 4991 qua

2219 5032 2399 5102 sponsi
2418 5030 2757 5102 praesentiam
2789 5045 2897 5100 qua
2933 5028 3115 5082 vivere
3159 5026 3364 5092 debet,
3398 5022 3607 5081 amisit.
3630 5009 3755 5086 quasi

2216 5129 2361 5185 inter
2399 5126 2714 5196 plangentes
2761 5133 2980 5180 mortua
3026 5123 3247 5193 jacens,
3305 5135 3407 5175 nec
3453 5118 3555 5172 hoc
3610 5112 3755 5181 ipsum

2218 5217 2435 5288 quidem
2494 5231 2665 5285 quare
2728 5211 3357 5286 plangatur,'intellig~it.
3410 5206 3587 5263 Nolite
3635 5201 3752 5272 ﬁere.

2218 5306 2410 5361 Fleant
2445 5312 2688 5360 mortuos
2724 5318 2883 5367 suos,
2924 5303 3016 5373 qui
3058 5307 3251 5370 putant
3286 5308 3557 5360 mortuos,
3690 5291 3756 5380 ξεί

2226 5394 2360 5449 ﬁdes
2391 5391 2803 5448 resurrectionis
2831 5406 2938 5446 non
2966 5397 3051 5445 est
3081 5403 3226 5444 mors
3244 5428 3260 5454 ,
3290 5384 3383 5443 sed
3413 5398 3538 5455 Spes
3568 5376 3754 5448 quietis.

2228 5484 2352 5539 Non
2388 5494 2466 5539 est
2495 5492 2701 5537 mortua
2719 5522 2735 5549 ,
2776 5491 2883 5538 etc.
2913 5480 3121 5536 Mortua
3163 5487 3249 5535 est
3279 5476 3452 5549 puella
3482 5465 3756 5559 hominibus

2224 5574 2318 5645 qui
2351 5575 2612 5631 suscitare
2642 5590 2747 5628 non
2776 5579 3038 5643 possunt:
3068 5585 3173 5626 non
3209 5569 3346 5631 Deo,
3377 5564 3462 5619 cui
3501 5560 3669 5615 anima
3690 5565 3755 5604 vt-

2227 5666 2322 5729 vit,
2352 5672 2407 5719 et
2429 5680 2556 5718 caro
2576 5663 2887 5718 suscitando
2909 5660 3155 5730 quiescit.

2297 5752 2455 5810 Vnus.
2486 5754 2572 5808 55.
2604 5783 2665 5791 ——
2693 5750 3032 5815 Deridebant,
3064 5756 3167 5805 etc.
3200 5744 3386 5802 Merito
3408 5734 3602 5798 exclusi
3629 5732 3755 5806 sunt,
