3960 6336
271 387 382 444 277

1270 384 1533 445 GLOSSA
1575 380 1970 442 ORDINARIA.
2008 411 2077 423 -—
2113 378 2366 437 EVANG.
2409 380 2563 439 LUC.

3421 381 3525 438 278

269 503 367 572 qui
393 502 636 558 deridere
659 517 816 572 quam
840 501 1062 558 credere
1100 499 1399 566 malebant,
1426 498 1631 571 indigni
1662 497 1844 553 videre
1872 498 1921 559 Δ
1946 495 2110 550 etiam
2133 496 2178 552 si
2209 495 2449 566 indigent
2491 502 2770 552 curantur.
2801 495 2870 551 Et
2895 504 3018 552 nota
3037 537 3051 562 ,
3081 495 3204 567 quia
3237 505 3521 568 postquam

271 594 686 649 resurrectionis
710 595 1049 649 miraculum.

344 683 508 740 Vens.
534 684 623 738 54.
652 715 720 725 -
746 683 943 739 Tenens
977 700 1211 738 manum.
1237 682 1408 738 Tenet
1431 696 1648 737 manum
1666 721 1682 747 ,
1720 679 1847 750 quia

270 775 380 831 nisi
409 790 600 830 manus
635 775 943 830 Iudaeorum
985 774 1129 847 (qua!
1169 775 1431 846 sanguine
1466 771 1658 844 plena)
1697 771 1848 842 prius

269 865 476 921 fuerint
494 865 783 930 mundataz,
799 864 1077 936 Synagoga
1097 881 1203 930 non
1223 872 1424 935 surget.
1443 852 1650 925 Puella,
1663 875 1845 930 surge.

265 957 529 1027 Quisquis
555 972 587 1012 a
615 967 790 1013 morte
810 958 1023 1029 animae,
1054 972 1084 1011 a
1109 955 1570 1017 Christomanum
1593 953 1695 1008 sibi
1718 967 1848 1007 con-

267 1048 506 1102 fortante
539 1049 827 1119 resipiscit,
861 1063 892 1103 a
923 1048 1170 1108 sordibus
1189 1047 1449 1104 vitiorum
1481 1046 1844 1102 debetexsur-

268 1147 436 1203 gere,
464 1143 520 1190 et
545 1134 708 1206 (sicut
740 1135 950 1190 Marcus
982 1135 1163 1206 ait)-in
1195 1135 1350 1191 bonis
1381 1135 1634 1204 operibus
1663 1133 1846 1188 ambu-

267 1223 403 1289 lare,
432 1232 488 1280 et
515 1225 722 1281 calcati
750 1241 888 1295 pane
913 1241 1134 1290 necesse
1156 1234 1238 1281 est
1258 1234 1316 1284 ut
1345 1241 1469 1281 mox
1503 1223 1846 1291 satietur,,id

262 1323 375 1380 est,
402 1317 552 1371 verbi
581 1316 676 1371 Dei
702 1325 760 1372 et
785 1318 993 1381 altaris.

339 1403 502 1458 Vens.
526 1403 620 1471 56,.
643 1435 713 1445 —
737 1405 937 1471 Quibus
976 1408 1237 1478 pracepit.
1273 1406 1426 1463 Sicut
1451 1407 1666 1478 publica
1702 1423 1844 1465 noxa

264 1493 482 1562 publico
500 1504 623 1566 eget
643 1499 903 1563 remedio,
934 1499 1006 1553 ita
1035 1499 1171 1558 levia
1196 1508 1415 1570 peccata
1452 1500 1642 1556 leviori
1672 1508 1727 1556 et
1758 1517 1845 1557 se-

262 1593 419 1641 creta
441 1598 644 1656 queunt
663 1587 826 1644 deleri
851 1590 1186 1660 paenitentia.
1219 1590 1372 1646 Unde
1393 1591 1568 1662 puella
1598 1592 1652 1648 in
1675 1592 1838 1649 domo

258 1671 472 1741 iacens,
506 1677 694 1745 paucis
718 1679 938 1752 arbitris
965 1680 1227 1751 exsurgit,
1244 1681 1560 1762 eisdemque
1582 1697 1650 1740 ne
1672 1683 1838 1747 mira-

260 1764 446 1831 culum
467 1765 752 1846 vulgarent
777 1769 1140 1831 interdicitur.

872 1921 1101 1980 CAPUT
1139 1923 1230 1978 IX.

336 2046 499 2104 Vens.
526 2048 576 2102 l.
598 2079 668 2089 —
685 2048 990 2108 Convocatis
1018 2064 1190 2108 autem
1217 2053 1394 2110 Iesus.
1432 2055 1702 2112 Concessa
1732 2056 1842 2126 pri-

261 2151 412 2197 mum
432 2146 698 2207 potestate
714 2140 986 2212 signorum
1009 2145 1295 2202 mittuntur
1313 2148 1605 2217 praedicare
1621 2163 1842 2220 regnum

264 2224 362 2279 Dei
387 2265 403 2290 ,
432 2235 492 2280 ut
517 2229 870 2299 magnitudini
911 2235 1298 2303 promissorum
1347 2247 1634 2293 attestetur
1676 2239 1839 2294 etiam

266 2315 581 2385 magnitudo
627 2317 930 2386 factorum,
969 2332 1025 2378 et
1058 2323 1215 2379 ﬁdem
1263 2327 1443 2382 verbis
1487 2329 1638 2382 daret
1667 2329 1840 2385 virtus

259 2411 503 2471 ostensa,
535 2414 592 2461 ct
615 2422 752 2468 nova
788 2409 1033 2467 facerent
1066 2415 1157 2482 qui
1187 2430 1324 2469 nova
1350 2418 1720 2486 praedicarent.

335 2493 499 2550 Vens.
535 2494 588 2550 5.
613 2526 685 2572 τ-
711 2497 860 2552 Niltil
881 2501 1124 2556 tuleritis.
1156 2503 1214 2558 In
1243 2505 1422 2561 Marco
1444 2507 1658 2579 legitur,
1684 2519 1738 2562 ut
1761 2511 1838 2563 ui-

260 2583 339 2638 Ιιὶι
365 2584 602 2643 tollerent
621 2591 677 2644 in
701 2591 783 2645 via
805 2592 904 2646 nisi
931 2593 1130 2664 virgam
1162 2605 1366 2651 tantum
1391 2598 1581 2670 (Marc.
1608 2599 1705 2671 vr).
1732 2602 1835 2656 Sed

260 2675 540 2741 sciendqu
562 2687 663 2744 est,
690 2681 816 2750 quia
848 2691 1134 2753 utrumque
1177 2697 1502 2758 praeceptum
1543 2699 1626 2744 est
1667 2707 1695 2746 a
1732 2692 1834 2746 Do-

1949 585 2186 657 perl'ecta
2213 595 2297 642 est
2323 587 2526 642 mentio
2554 586 2819 656 passionis
2845 586 3102 652 Joannis,
3131 587 3376 644 Christus
3397 584 3522 642 retia

1948 675 2043 741 cit,
2066 675 2191 745 quia
2220 683 2342 745 post
2367 674 2636 730 delectum
2682 675 2815 746 legis
2837 714 2851 741 ,
2880 677 3222 746 evangelicus
3255 678 3408 733 cibus
3437 677 3520 732 in-

1948 767 2100 836 cipit.
2135 766 2376 836 Denique
2403 774 2687 837 postquam
2724 775 2910 822 curata
2937 775 3022 825 est
3065 768 3258 824 mulier
3281 783 3402 837 quae
3429 783 3521 839 ge-

1947 866 2056 915 stat
2081 859 2308 930 ﬁguram
2333 858 2606 923 Ecclesiae,
2633 867 2998 929 et'postquam
3027 859 3254 930 apostoli
3282 860 3350 914 ad
3376 875 3516 930 prte-

1947 953 2234 1008 dicandum
2256 960 2382 1008 sunt
2401 951 2574 1016 missi,
2599 950 2659 1006 lit
2685 952 2888 1005 mentio
2908 951 3242 1018 reiectionis,
3267 952 3394 1022 qula
3422 966 3519 1022 per

1946 1042 2214 1115 apostolos
2238 1043 2292 1100 in
2323 1042 2560 1099 Ecclesia
2582 1057 2709 1098 vera
2731 1041 2954 1097 refectio
2983 1042 3062 1096 ﬁt.

2016 1138 2178 1192 Vens.
2205 1137 2291 1192 ll;
2315 1166 2380 1180 --
2397 1135 2601 1193 Secuta:
2616 1145 2737 1191 sunt
2763 1135 2943 1189 illum-
2962 1134 3079 1190 Non
3102 1134 3384 1203 iumentis,
3407 1150 3517 1189 non

1946 1227 2240 1292 vehiculis,
2275 1227 2369 1283 sed
2397 1227 2618 1296 proprio
2661 1226 2843 1280 labore
2881 1226 3072 1295 pedum
3097 1267 3136 1290 ,,
3163 1234 3223 1280 ut
3267 1227 3517 1282 ardorem

1945 1319 2143 1375 mentis
2185 1319 2553 1374 ostenderent.
2603 1317 2857 1372 Sanabat.
2891 1316 3058 1373 Nemo
3097 1318 3276 1373 cibum
3315 1317 3517 1374 Christi

1945 1412 2140 1482 accipit
2165 1411 2267 1466 nisi
2287 1419 2453 1465 “antea
2484 1418 2706 1465 sanatus
2755 1407 2950 1472 fuerit,
2981 1409 3110 1478 quia
3163 1418 3283 1478 post
3327 1409 3518 1463 remis-

1945 1499 2148 1555 sionem
2175 1508 2517 1568 peccatorum
2549 1497 2802 1552 tribuitur
2830 1497 3082 1551 alimonia
3104 1495 3361 1551 ctelestis.

2016 1591 2182 1645 Vens.
2222 1587 2544 1644 12.——Dies
2591 1598 2764 1643 autem
2811 1595 3051 1656 mperat.
3101 1585 3374 1640 Declinata
3431 1586 3516 1641 die

1942 1681 2145 1746 reﬁcit,
2190 1681 2315 1750 quia
2359 1680 2446 1736 vel
2485 1680 2590 1734 ﬁne
2627 1679 2946 1736 saeculorum
2982 1680 3402 1750 pr0pinquante,
3433 1680 3516 1733 vel

1941 1786 2067 1831 cum
2115 1769 2194 1826 sol
2234 1769 2456 1838 iustitiae
2497 1769 2789 1834 occubuit,
2847 1784 2878 1823 a
2932 1769 3198 1839 spirituali
3244 1769 3385 1824 fame
3426 1785 3516 1824 su-

1869 1839 1912 1897 Β
1945 1882 2067 1922 mus
2109 1866 2322 1922 salvati.
2365 1867 2432 1922 Et
2476 1873 2605 1922 nota
2645 1865 2888 1922 ordinem
2922 1864 3167 1935 mysterii
3196 1878 3211 1918 :
3241 1865 3390 1933 prius
3418 1879 3514 1933 per

1945 1955 2318 2012 remissionem
2363 1964 2706 2026 peccatorum
2751 1954 3066 2009 vulneribus
3111 1953 3375 2008 medicina
3424 1954 3516 2007 tri.

1943 2043 2161 2110 buitur,
2211 2052 2396 2116 postea
2453 2044 2710 2100 alimonia
2769 2057 2968 2099 mensa:
3015 2041 3252 2098 ctelestis
3306 2057 3510 2113 expen-

1943 2132 2110 2187 ditur.

2011 2223 2175 2278 Vens.
2230 2221 2317 2277 l3.
2345 2255 2417 2265 —
2455 2222 2576 2278 Nisi
2629 2223 2783 2293 forte.
2839 2221 3083 2277 Nondum
3139 2221 3512 2277 intellexerant

1940 2315 2164 2384 apostoli
2194 2314 2352 2371 ﬁdem
2382 2316 2564 2387 populi
2591 2315 2866 2372 credentis
2907 2329 3014 2370 non
3057 2328 3178 2370 esse
3228 2314 3468 2370 venalem
3493 2355 3508 2379 ,

1938 2409 2033 2464 sed
2061 2418 2323 2464 noverant
2345 2425 2444 2465 nos
2477 2410 2657 2480 potius
2702 2423 2822 2464 esse
2870 2404 3210 2463 redimendos
3248 2420 3344 2476 per
3384 2422 3510 2464 suas

1937 2515 2091 2556 escas
2121 2500 2402 2570 gratuitas.

2006 2589 2172 2644 Vens.
2204 2589 2382 2644 l4.—
2405 2587 2644 2659 Quinque
2695 2587 2880 2642 millia.
2928 2587 3032 2642 Per
3067 2587 3304 2658 quinque
3343 2586 3507 2641 millia

1936 2679 2328 2751 signiﬁcantur,
2352 2680 2442 2750 qui
2472 2680 2526 2734 in
2549 2679 2790 2734 sazculari
2821 2679 2994 2734 adhuc
3017 2679 3202 2734 habitu
3233 2692 3331 2748 per
3352 2678 3508 2746 quin-

260 2765 431 2832 mino,
453 2775 511 2822 ut
535 2770 667 2831 nihil
698 2772 802 2828 nisi
834 2775 1039 2846 virgam
1071 2776 1298 2844 ferrent,
1333 2788 1472 2839 etut
1494 2797 1594 2837 nec
1623 2783 1831 2855 virgam
1933 2784 2037 2838 (Ιυθ
2060 2783 2249 2823 sensus
2270 2768 2510 2838 οοτροτίε
2529 2768 2890 2823 exterioribus
2909 2782 3030 2836 (ιιιω
3051 2766 3350 2837 Ροεείάθηιν
3371 2767 3508 2821 bene

254 2854 486 2912 ferrent.
510 2859 626 2916 Non
649 2861 791 2918 ferre
813 2865 1040 2937 virgam,
1067 2879 1152 2923 est
1176 2885 1283 2924 non
1307 2885 1426 2926 esse
1455 2854 1742 2930 sollicitum
1762 2875 1826 2931 de

1941 2861 2009 2915 uti
2035 2869 2320 2915 noverunt.
2356 2859 2457 2926 Qui
2485 2860 2720 2929 quinque
2747 2860 2971 2930 panibus
3001 2859 3243 2923 aluntur,
3283 2859 3406 2928 quia
3434 2867 3506 2914 ta'

257 2947 344 3009 his
378 2955 824 3018 quanecessaria
849 2966 974 3022 sunt
998 2958 1675 3030 humantesustentationi,
1703 2967 1826 3036 quia

1941 2950 2010 3006 les
2038 2965 2257 3006 necesse
2281 2957 2364 3007 est
2387 2949 2650 3022 legalibus
2675 2949 2851 3005 adhuc
2878 2951 3159 3020 przeceptis
3188 2949 3416 3013 institui,
3451 2957 3508 3004 et

255 3038 372 3104 haec
398 3038 663 3106 debentur
691 3046 1133 3113 prmdicatoribus
1168 3052 1237 3116 at,
1281 3051 1366 3107 his
1400 3055 1595 3123 quibus
1629 3058 1827 3126 ρτωάί,
1931 3041 2088 3112 legali
2119 3043 2310 3097 timore
2334 3041 2636 3112 comprimi.
2664 3040 2797 3096 Nam
2825 3041 2916 3110 qui
2953 3040 3152 3128 mundo
3179 3040 3388 3110 integre
3423 3054 3507 3094 re-

251 3135 414 3192 cant,
458 3131 675 3197 quando
721 3132 838 3186 sine
881 3136 1134 3190 scandalo
1178 3149 1399 3208 possunt
1448 3142 1638 3210 accipi.
1687 3142 1826 3198 Nihil
1845 3177 1898 3241 C
1930 3136 2178 3190 nuntiant
2201 3145 2255 3191 et
2277 3144 2509 3207 quatuor
2537 3146 2660 3191 sunt
2697 3135 2860 3190 millia
2899 3146 3117 3206 propter
3140 3133 3504 3206 evangelicam

251 3214 399 3241 In-..“
429 3216 532 3241 ..ἕλε
565 3218 764 3241 --ξ---.μ
853 3233 922 3241 -,.
1010 3225 1044 3241 ,ο
1089 3226 1140 3241 ιιι
1298 3236 1308 3241 -
1382 3236 1392 3241 -
1444 3238 1451 3241 ,
1629 3232 1640 3241 .
1685 3233 1696 3241 .
1789 3234 1823 3241 --
1947 3227 1962 3241 ι
2035 3235 2046 3241 -
2086 3226 2099 3238 ο
2329 3237 2340 3241 _
2487 3235 2498 3241 -
2745 3228 2777 3241 η
2931 3228 2979 3241 ο.
3083 3235 3096 3241 -
3272 3227 3338 3241 ...ι
3454 3228 3467 3240 ο

133 3211 144 3217 ’
248 3214 400 3282 terre
427 3216 534 3284 nisi
565 3218 805 3291 virgam,
845 3233 929 3278 est
972 3225 1048 3290 uti
1088 3226 1176 3292 illa
1222 3236 1489 3297 potestate
1524 3232 1827 3302 accipiendi
1849 3211 1898 3241 υ
1931 3226 2262 3292 doctrinam,
2291 3237 2348 3282 et
2385 3235 2590 3297 septem
2634 3228 2894 3297 panibus,
2929 3228 2981 3282 id
3019 3235 3132 3293 est,
3171 3227 3502 3299 septiformis

248 3307 562 3374 necessaria
589 3323 708 3378 qua-
737 3311 860 3364 data
887 3322 969 3368 est
1002 3315 1468 3384 praedicatoribus.
1499 3319 1645 3374 Duas
1685 3323 1826 3375 tuni—
1927 3315 2150 3385 spiritus
2174 3315 2492 3371 reﬁciuntur
2517 3316 2710 3386 gratia-

251 3411 364 3449 cas.
390 3394 627 3465 Simplex
647 3401 1031 3466 vestimentum
1062 3413 1148 3460 est
1179 3407 1440 3476 quidquid
1477 3419 1559 3464 est
1586 3425 1826 3467 necessa-

249 3488 390 3543 rium
419 3489 576 3559 alicui
615 3496 912 3554 secundum
947 3499 1263 3574 qualitatem
1293 3501 1392 3558 loci
1432 3503 1818 3575 veltemporis.

248 3579 455 3651 Duplex
481 3592 564 3640 est
581 3625 596 3650 ,
623 3587 767 3656 quod
801 3587 940 3644 ultra
969 3592 1352 3647 necessitatem
1374 3602 1476 3649 est.
1500 3590 1821 3668 Allegorice,

247 3669 305 3725 in
333 3670 538 3751 duabus
575 3676 788 3741 tunicis,
825 3678 1198 3749 duplicitatem
1227 3683 1497 3752 prohibet.

321 3760 482 3818 Vens.
511 3763 568 3818 4.
593 3794 666 3805 -
689 3766 774 3820 lbi
810 3779 1029 3824 manete.
1060 3769 1136 3829 Ne
1163 3775 1459 3830 excursetis
1498 3791 1599 3846 per
1634 3779 1822 3836 domos

242 3860 304 3904 et
332 3850 650 3910 inviolabilis
675 3856 893 3926 hospitii
913 3858 1036 3927 jura
1063 3863 1304 3927 mutetis.
1339 3863 1491 3920 Unde
1517 3869 1816 3924 secundum

246 3938 584 4008 Matthzcum,
625 3944 816 4002 domus
862 3948 916 4003 iu
962 3964 1070 4019 qua
1119 3966 1340 4007 manere
1389 3954 1623 4010 debeant
1671 3958 1820 4028 prius
1865 3963 1872 3968 ’

239 4030 488 4102 eligenda
527 4043 644 4102 est,
692 4045 750 4091 ut
793 4040 1035 4094 mutandi
1073 4041 1291 4112 hospitii
1332 4046 1624 4106 necessitas
1666 4047 1816 4107 aufe-

245 4129 425 4176 ratur.

316 4211 481 4269 Vens.
512 4214 564 4270 5.
587 4247 659 4258 -—
680 4217 1168 4294 Pulverem.pedum
1190 4234 1494 4286 vestrorum.
1525 4227 1707 4287 Pulvis
1725 4245 1818 4288 ex-

237 4305 448 4370 cutitur
472 4307 526 4363 in
557 4311 919 4368 testimonium
951 4313 1151 4370 laboris
1173 4315 1253 4371 sui
1280 4319 1423 4386 quod
1445 4319 1670 4389 ingressi
1693 4331 1818 4377 sunt

240 4393 301 4447 in
334 4394 604 4457 civitatem
623 4439 638 4463 ,
677 4410 731 4454 et
766 4418 934 4472 usque
961 4404 1028 4458 ad
1059 4404 1180 4467 illos
1203 4407 1518 4476 prredicatio
1546 4413 1812 4480 pervenit.

1995 3405 2158 3460 Vens.
2179 3405 2266 3459 l5.
2281 3405 2430 3460 --Et
2448 3406 2768 3461 discumbere
2794 3422 2989 3461 omnes.
3009 3406 3315 3463 Secundum
3333 3409 3498 3463 alium

1923 3493 2306 3564 evangelistam
2352 3496 2588 3568 quinque
2629 3497 2796 3552 millia
2839 3511 3002 3568 super
3038 3497 3220 3553 fenum
3257 3499 3494 3554 discum-

1923 3585 2076 3652 bunt,
2103 3587 2230 3657 quia
2258 3587 2333 3643 illi
2361 3589 2556 3659 quibus
2577 3589 2753 3645 adhuc
2777 3597 2902 3646 sunt
2937 3591 3243 3662 corporales
3272 3607 3460 3647 sensus
3481 3633 3496 3656 ,

1922 3675 2234 3733 melioribus
2255 3677 2608 3742 delectantur.
2637 3679 2822 3736 Omnis
2837 3682 2974 3735 enim
2994 3697 3118 3736 caro
3139 3681 3335 3752 fenum.
3359 3682 3498 3749 Qua-

1921 3775 2046 3824 tuor
2070 3769 2234 3824 millia
2257 3785 2421 3840 super
2450 3779 2649 3826 terram
2673 3773 3031 3839 recumbunt,
3077 3772 3197 3842 plus
3225 3782 3308 3828 est
3346 3773 3491 3829 enim

1923 3867 2078 3922 terra,
2100 3872 2346 3928 premere
2373 3875 2533 3930 quam
2557 3877 2720 3930 super
2749 3860 2872 3916 leno
2891 3860 3095 3928 jacere.

1993 3951 2154 4006 Vens.
2202 3952 2679 4008 16.—Distribuit
2725 3953 2994 4023 discipulis
3044 3956 3171 4008 suis.
3228 3947 3494 4010 Provocat

1922 4043 2191 4113 apostolos
2240 4044 2306 4098 ad
2354 4042 2668 4098 fractioncm
2711 4043 2892 4112 panis,
2921 4051 2980 4097 ut
3010 4043 3116 4100 illis
3147 4059 3252 4099 non
3291 4045 3490 4100 habere

1921 4132 2246 4188 testantibus
2307 4133 2616 4204 magnitudo
2670 4133 2808 4204 signi
2861 4134 3040 4188 notior
3089 4133 3203 4189 ﬁat.
3252 4136 3491 4190 insinuat

1920 4224 2062 4294 quod
2103 4239 2200 4294 per
2227 4237 2413 4278 eorum
2460 4223 2782 4290 doctrinam,
2827 4221 3012 4294 jejuna
3058 4225 3220 4281 corda
3255 4227 3492 4295 quotidie

1921 4320 2047 4372 sunt
2085 4313 2368 4383 pascendo.
2405 4363 2407 4365 .
2570 4325 2573 4328 ·

2010 4403 2175 4462 Vens.
2203 4405 2290 4460 l7.
2316 4403 2462 4460 —Et
2497 4407 2720 4460 saturati
2775 4416 2914 4461 sunt.
2965 4406 3118 4474 Quod
3159 4408 3489 4464 manducans

242 4481 372 4592 Vel,
417 4489 706 4555 excutitur,
742 4501 800 4545 ut
846 4493 979 4546 nihil
998 4552 1006 4560 _
1020 4495 1088 4550 ab
1117 4496 1196 4550 eis
1223 4497 1492 4566 accipiant
1522 4501 1614 4570 qui
1642 4501 1816 4571 Evan-
1842 4531 1895 4592 Β
1918 4498 2147 4570 populus
2175 4499 2420 4564 satiatur,
2454 4499 2721 4569 signiﬁcat
2750 4499 2943 4555 famem
2983 4501 3036 4556 iu
3072 4511 3388 4572 perpetuum
3415 4504 3484 4558 ab

235 4575 439 4644 gelium
478 4590 815 4649 spreverunt,
841 4598 940 4638 nec
965 4584 1132 4638 etiam
1160 4588 1470 4642 necessaria
1493 4589 1637 4645 vitae.

311 4667 487 4728 Vens.
514 4671 568 4725 8.
591 4701 646 4712 -
677 4672 907 4738 Joannes
948 4676 1196 4735 surrexit.
1224 4675 1323 4742 Qui
1348 4676 1632 4746 Joannem,
1667 4680 1817 4750 cujus

234 4756 444 4827 nullum
472 4760 690 4830 signum
718 4764 996 4831 viderant,
1025 4766 1387 4822 resurrexisse
1412 4767 1694 4836 dicebant,
1717 4787 1816 4842 per

229 4861 504 4913 summam
553 4851 809 4921 malitiam
859 4853 1042 4910 Jesum
1092 4856 1455 4912 resurrexisse
1511 4859 1810 4934 negabant,

228 4936 404 5002 multa
448 4941 712 5011 mirabilia
757 4959 918 5014 Opera
968 4947 1246 5014 viderant,
1275 4947 1328 5016 in
1361 4947 1514 5018 cujus
1553 4952 1804 5020 passione

228 5028 404 5082 multa
439 5030 680 5087 miranda
715 5035 1070 5106 contigerant.

305 5119 467 5176 Vens.
516 5120 1101 5186 lO..-—-Narraverunt.
1147 5125 1379 5185 Narrant
1425 5129 1652 5201 apostoli
1696 5131 1802 5188 Do-

228 5207 383 5278 mino
405 5224 526 5278 quae
547 5209 796 5282 fecerint,
820 5223 875 5268 et
908 5216 1174 5285 quomodo
1200 5217 1498 5286 docuerint,
1531 5223 1800 5290 quomodo

224 5297 464 5355 Joannes
486 5299 615 5362 dum
658 5302 758 5372 ipsi
800 5304 1053 5367 docerent
1089 5322 1280 5376 passus
1315 5308 1403 5362 sit.
1435 5308 1586 5366 Unde
1619 5313 1800 5383 sequi-

225 5402 344 5448 tur:
373 5394 442 5448 Et
471 5401 767 5467 assumptis.
795 5398 910 5454 Non
940 5401 1148 5466 otiosis,
1175 5417 1279 5458 non
1309 5403 1363 5458 in
1393 5404 1611 5462 civitate
1659 5406 1802 5479 Syn-

225 5499 435 5556 agogae,
468 5486 518 5542 id
545 5497 651 5554 est,
679 5490 954 5545 saecularis
986 5491 1263 5562 dignitatis
1290 5495 1676 5564 residentibus,
1705 5501 1800 5556 sed

224 5572 372 5628 inter
400 5577 616 5632 deserta
641 5577 914 5635 Christum
947 5581 1307 5649 quaerentibus
1341 5585 1579 5642 caelestis
1613 5590 1801 5659 gratia:

223 5662 482 5722 alimonia
529 5668 850 5740 impertitur.
910 5671 1008 5738 Qui
1055 5672 1199 5726 enim
1255 5689 1360 5729 non
1407 5674 1720 5744 fastidiunt,
1769 5696 1797 5734 a

223 5755 444 5816 Christo
472 5762 852 5832 suscipiuntur,
884 5771 937 5818 ct
966 5764 1312 5834 spiritualitcr
1333 5775 1385 5823 et
1418 5771 1794 5840 corporaliter,

1920 4590 2105 4657 electis
2133 4591 2516 4660 repellendam,
2545 4592 2670 4662 quia
2717 4608 2822 4647 non
2851 4593 3054 4647 esuriet
3080 4594 3170 4662 qui
3212 4596 3489 4663 acceperit

1918 4680 2118 4736 Christi
2169 4681 2370 4736 cibum.
2411 4681 2562 4748 Quod
2595 4684 2819 4751 apostoli
2865 4684 3198 4747 ministrant,
3246 4681 3483 4738 futuram

1917 4772 2233 4828 divisionem
2268 4773 2528 4829 Dominici
2575 4776 2818 4844 corporis
2845 4784 2899 4828 ct
2937 4775 3213 4845 sanguinis
3241 4788 3483 4847 pronun-

1916 4862 2032 4918 tiat.
2068 4861 2289 4933 Cophini
2317 4864 2609 4919 duodecim.
2638 4864 2747 4920 Cur
2773 4866 3009 4934 quinque
3037 4865 3270 4922 millibus
3309 4865 3482 4921 homi-

1914 4969 2041 5008 num
2078 4954 2198 5024 plus
2233 4955 2514 5019 redundat,
2561 4966 2791 5024 quatuor
2830 4955 3062 5009 millibus
3093 4956 3270 5012 minus
3291 4957 3316 5009 ?
3339 4955 3475 5023 Quia

1911 5056 2142 5115 quatuor
2177 5045 2342 5100 millia
2385 5047 2560 5102 triduo
2589 5063 2710 5102 cum
2750 5046 2962 5102 Christo
2992 5047 3228 5126 luet-rint,
3255 5059 3310 5104 et
3352 5049 3472 5105 ideo
3523 5093 3528 5100 .

1913 5137 2140 5206 amplius
2166 5136 2400 5192 caelestis
2428 5138 2605 5209 pabuli
2634 5147 2967 5209 receperunt.

1984 5227 2149 5282 Vens.
2180 5227 2434 5282 l8.—Et
2461 5228 2658 5298 factum
2689 5239 2783 5284 est.
2830 5228 2959 5286 Post
2997 5230 3312 5286 miraculum
3353 5246 3474 5287 cum
3514 5305 3522 5311 _

1912 5318 2082 5375 turba:
2105 5318 2302 5375 vellent
2328 5333 2449 5375 eum
2481 5319 2660 5376 facere
2692 5335 2892 5392 regem,
2931 5322 3152 5378 dimissa
3185 5323 3359 5386 turba,
3393 5323 3475 5376 fu-

1909 5409 1988 5480 git
2022 5417 2076 5463 et
2105 5409 2344 5464 ascendit
2380 5409 2432 5464 in
2465 5418 2700 5465 montem
2729 5411 2873 5466 solus
2901 5427 3078 5478 orare,
3105 5420 3161 5466 et
3184 5422 3473 5481 antequam

1911 5498 2153 5568 discipuli
2203 5499 2558 5555 ascenderent
2605 5501 2657 5555 in
2698 5502 3024 5568 naviculam,
3073 5503 3302 5558 aderant
3346 5516 3468 5557 cum

1909 5592 2045 5662 ipso.
2092 5589 2210 5662 Ipse
2238 5599 2416 5646 autem
2447 5593 2591 5649 solus
2636 5604 2757 5650 orat
2786 5595 3024 5650 Patrem.
3063 5595 3293 5651 Possunt
3328 5596 3472 5649 enim

1908 5682 2079 5738 sancti
2113 5681 2216 5738 ﬁde
2252 5690 2307 5737 et
2349 5698 2532 5739 amore
2582 5685 2806 5742 Domino
2834 5687 3102 5759 conjungi,
3135 5697 3190 5743 et
3213 5700 3334 5742 eum
3378 5686 3472 5740 ho-

1907 5773 2141 5830 minibus
2168 5773 2603 5832 est'ellentiorem
2652 5776 2868 5843 intueri,
2901 5787 2954 5834 et
3001 5779 3466 5834 conversationem
