3960 6336
556 321 662 378 279

1090 323 1478 385 WALAFRIDI
1519 329 1767 390 STRABI
1806 334 2007 396 FULD.
2050 336 2218 399 ΜΘΝ.
2260 344 2408 401 OPP.
2449 348 2628 406 PARS
2664 351 2704 406 l.
2744 383 2813 395 --
2851 353 3302 415 THEOLOGICA.
3659 375 3745 432 230

562 436 680 504 ejus
708 435 763 490 in
778 450 956 543 carne
972 437 1229 543 passibus
1273 440 1592 543 humilitatis
1628 445 1903 543 subsequi,
1932 447 2027 502 sed
2040 448 2131 543 in-
2156 453 2205 515 Δ
2233 459 2505 524 promittit
2548 463 2758 533 aliquos
2797 467 2864 522 de
2896 468 3176 540 discipulis
3225 472 3432 530 visuros
3476 458 3741 543 dilationem

558 524 1059 596 comprehensibilia
1107 535 1349 596 paterna:
1395 533 1677 599 positionis
1724 550 1919 590 arcana
1973 536 2125 599 solus

556 624 824 687 penetrat,
851 625 906 672 et
937 617 1084 672 solus
1110 619 1253 688 quod
1290 623 1551 678 orandum
1579 625 1748 690 novit,
1793 634 1932 681 orat.
1986 627 2124 683 Cum

560 711 835 782 discipulis
869 720 1048 767 autem
1103 728 1212 769 non
1264 718 1534 785 reperitur
1575 735 1780 787 orasse,
1834 723 1931 778 sed
1976 724 2125 780 solus

553 803 821 867 obsecrat,
851 804 976 872 quia
1014 805 1108 860 Dei
1136 808 1416 862 consilium
1450 810 1682 868 humana
1710 815 1876 871 corda
1902 832 2009 872 non
2032 833 2125 873 ca-

498 955 503 959 _
554 892 724 959 piunt,
778 909 879 949 nec
925 895 1206 965 quisquam
1261 907 1438 968 potest
1483 902 1801 960 interiorum
1850 907 2124 980 particeps

554 995 672 1035 esse
701 996 823 1036 cum
851 982 1087 1038 Christo.
1141 982 1305 1049 Quem
1332 1004 1412 1042 me
1439 989 1618 1045 dicunt
1647 1009 1756 1048 esse
1782 993 1990 1050 turbae?
2016 995 2118 1050 Ex-

551 1069 857 1138 ploraturus
887 1071 1045 1127 ﬁdem
1084 1072 1489 1143 discipulorum,
1529 1079 1680 1149 prius
1712 1083 1856 1152 vulgi
1897 1091 2118 1143 senten-

551 1157 682 1210 tiam
714 1158 959 1227 inquirit,
1012 1173 1080 1214 ne
1106 1163 1470 1229 apestolorum
1508 1166 1641 1224 ﬁdes
1681 1169 1893 1224 ﬁrmata
1930 1170 2115 1226 videa-

549 1256 637 1300 tur
666 1247 872 1318 vulgari
906 1250 1175 1319 opinione,
1209 1255 1299 1309 sed
1340 1258 1581 1313 veritatis
1605 1260 1898 1329 agnitione.
1928 1261 2118 1318 Merito

549 1339 718 1394 turba:
752 1341 1097 1397 nominantur
1138 1358 1256 1412 quae
1280 1344 1519 1402 diversas
1554 1348 1620 1403 de
1663 1350 1888 1405 Domino
1934 1350 2117 1407 ferunt

545 1429 865 1495 sententias,
899 1445 1130 1499 quorum
1175 1449 1353 1490 sermo
1377 1445 1431 1489 et
1477 1453 1669 1494 sensus
1716 1438 1984 1497 instabilis
2031 1452 2118 1499 est

472 1516 475 1518 ’
544 1527 599 1572 et
634 1534 817 1590 vagus,
849 1535 881 1575 a
911 1520 1108 1590 quibus
1148 1538 1276 1578 suos
1300 1525 1634 1598 distinguens
1662 1528 1739 1584 ait
1766 1549 1779 1560 ο
1817 1528 1918 1585 Vos
1940 1542 2115 1597 autem

541 1625 691 1677 quem
713 1625 795 1664 me
818 1627 929 1666 esse
962 1611 1135 1667 dicitis
1158 1614 1184 1667 Ρ

613 1696 778 1754 Vsus.
804 1699 1239 1761 19.—Joannem
1261 1704 1569 1777 Baptistam.
1602 1708 1796 1779 Opinio
1823 1712 1886 1766 de
1905 1710 2113 1766 Joanne

540 1787 662 1843 ideo
681 1786 818 1846 forte
844 1800 981 1857 erat,
1010 1793 1137 1863 quia
1169 1795 1220 1849 in
1250 1806 1406 1853 utero
1431 1800 1622 1856 matris
1644 1803 1869 1872 positus,
1898 1804 2107 1859 Domini
2140 1787 2183 1846 Β

540 1882 884 1947 praesentiam
932 1884 1223 1941 sentiebat.
1265 1888 1338 1943 De
1369 1889 1506 1956 Elia,
1542 1893 1687 1960 quia.
1717 1903 1908 1964 raptus
1943 1904 2026 1949 est
2055 1895 2111 1949 in

541 1970 758 2038 omium,
807 1984 862 2032 et
904 1985 1171 2041 venturus
1210 1982 1466 2043 creditur.
1501 1984 1578 2040 De
1598 1984 1853 2054 Jeremia,
1898 1988 2025 2058 quia
2056 1988 2111 2043 in

539 2064 730 2118 matris
759 2072 913 2122 utero
951 2068 1320 2127 sanetiﬁcatus
1344 2081 1446 2128 est.

610 2154 773 2211 Vens.
795 2156 977 2217 20..—.
999 2157 1103 2215 Vos
1131 2171 1324 2225 autem.
1350 2163 1451 2231 Qui
1480 2174 1677 2223 tractat
1705 2168 1867 2224 debet
1891 2167 2111 2234 audien-

540 2243 671 2297 tium
695 2245 1047 2307 considerare
1064 2263 1344 2318 personas,
1365 2268 1433 2313 ne
1455 2253 1606 2323 prius
1629 2256 1924 2312 irrideatur
1943 2272 2108 2328 quam

536 2331 808 2394 audiatur.
855 2331 1120 2402 Christum
1149 2337 1264 2404 Dei,
1295 2340 1620 2412 Complexus
1662 2354 1746 2401 est
1782 2347 1983 2411 omnia,
2017 2348 2108 2417 qui

542 2432 597 2476 et
649 2432 897 2481 naturam
945 2438 1000 2483 et
1044 2444 1237 2485 nomen
1285 2435 1567 2502 expressit.
1609 2434 1668 2489 lu
1701 2436 1916 2497 nomine
1963 2438 2108 2491 enim

540 2511 749 2574 Christi
782 2526 841 2583 et
863 2518 1164 2576 divinitatis
1192 2532 1249 2577 et
1289 2523 1680 2587 incarnationis
1706 2535 1790 2582 est
1831 2527 2109 2596 expressio

535 2612 590 2659 et
647 2605 779 2663 ﬁdes
845 2610 1131 2678 passionis.
1188 2600 1487 2668 llaareticus
1518 2615 1619 2670 etsi
1666 2630 1861 2671 nomen
1909 2614 2108 2671 Christi

537 2711 647 2752 non
688 2708 851 2769 negat
886 2698 1161 2756 Christum
1210 2712 1385 2771 tamen
1420 2714 1599 2774 negat,
1634 2706 1727 2777 qui
1774 2720 1881 2773 non
1929 2707 2108 2762 omnia

538 2802 658 2856 quae
685 2787 887 2845 Christi
912 2800 1039 2847 sunt
1068 2793 1376 2863 conﬁtetur.
1448 2832 1451 2837 ι

609 2882 771 2939 Vens.
803 2884 892 2940 21.
914 2884 1251 2959 -Ρνιεσερὶι
1281 2906 1364 2957 ne,
1392 2898 1497 2945 etc.
1534 2889 1698 2948 Jubet
1723 2900 1905 2948 tacere
1941 2894 2106 2948 disci-

540 2973 696 3043 pulos
723 2983 784 3029 ut
821 2975 973 3031 fallat
1011 2976 1308 3048 principem
1360 2981 1564 3044 mundi,
1600 2988 1655 3037 et
1685 2990 1746 3036 ut
1774 2982 2005 3037 declinet
2024 2982 2108 3053 ja-

533 3063 1022 3131 ctantiam,doceat
1049 3068 1425 3126 humilitatem.
1459 3069 1632 3127 Simul
1656 3088 1724 3129 ne
1746 3073 1922 3129 adhuc
1950 3075 2107 3129 rudes

2226 545 2478 641 Ecclesiae
2504 563 2790 623 antequam
2815 572 2913 626 per
2946 569 3173 615 mortem
3197 563 3449 619 recedant
3465 564 3530 622 de
3552 575 3739 641 mundo,

2225 643 2288 691 ut
2311 638 2367 692 in
2400 644 2648 709 praesenti
2676 656 2866 717 contra
2893 650 3077 705 mundi
3121 651 3346 722 gloriam
3372 657 3544 725 erecti,
3562 638 3740 725 certius

2224 728 2512 788 credantur
2534 733 2590 790 in
2615 735 2754 792 cmlo
2777 740 3072 808 regnaturi.

2292 840 2456 897 Vens.
2482 843 2572 900 28.
2587 845 2795 904 —-Post
2819 850 2930 906 haec
2953 854 3127 909 verba.
3152 856 3258 911 Alii
3287 858 3375 929 qui
3403 875 3493 916 sex
3513 863 3619 921 dies
3640 876 3738 926 tan-

2221 940 2335 987 tum
2372 945 2659 992 numerant
2683 948 2806 1009 post
2842 956 2937 997 sex
2971 953 3157 1001 aetates
3198 949 3383 1005 szeculi
3414 955 3652 1010 sanetisa
3674 958 3741 1014 la-

2219 1023 2351 1080 bore
2400 1029 2789 1097 quiescendum
2832 1031 3064 1102 signant.
3115 1034 3288 1092 Lucas
3324 1039 3417 1107 qui
3450 1049 3507 1095 et
3542 1045 3740 1112 primum

2219 1127 2329 1182 quo
2347 1120 2699 1187 promittitur,
2724 1130 2783 1176 et
2806 1121 3050 1177 ultimum
3082 1141 3191 1194 quo
3220 1130 3496 1195 promissio
3520 1133 3736 1205 impletur

2218 1219 2588 1276 connumerat,
2623 1220 2811 1267 octava
2840 1213 3016 1268 innuit
3047 1219 3449 1288 resurgendum.
3481 1222 3603 1278 Nam
3625 1228 3739 1282 sicut

2215 1293 2461 1353 Christus
2498 1307 2620 1368 post
2657 1311 2865 1356 sextam
2901 1303 3107 1358 sabbati
3135 1320 3240 1374 qua
3268 1322 3480 1363 crucem
3509 1315 3736 1379 ascendit,

2216 1391 2272 1437 et
2306 1393 2427 1452 post
2467 1388 2751 1457 septimam
2786 1390 3018 1456 sabbati,
3049 1409 3152 1463 qua
3182 1395 3236 1449 in
3282 1396 3521 1466 sepulcro
3544 1402 3732 1469 quievit.

2215 1483 2402 1529 octava
2441 1475 2528 1532 die
2557 1481 2851 1534 resurrexit
2873 1482 2997 1537 τίείς
3020 1498 3118 1537 nos
3138 1494 3261 1553 post
3281 1502 3376 1541 sex
3400 1490 3568 1544 saeculi
3590 1500 3746 1551 anates

2213 1566 2409 1635 quibus
2436 1584 2533 1638 pro
2567 1569 2795 1626 Domino
2824 1568 3075 1643 ‘patimur
3099 1583 3155 1630 et
3199 1576 3519 1645 laboramus,
3554 1589 3607 1636 et
3639 1593 3738 1651 post

2214 1659 2496 1729 septimam
2524 1661 2721 1732 quietis
2747 1665 3046 1720 animarum
3069 1682 3190 1737 qum
3215 1667 3428 1724 interim
3455 1672 3507 1725 iu
3533 1672 3627 1726 alia
3650 1673 3740 1727 vita

2214 1750 2437 1820 geritur,
2494 1761 2686 1808 octava
2733 1763 2890 1810 aetate
2938 1773 3294 1830 resurgemus.
3354 1763 3630 1833 Assumpsit
3657 1761 3743 1816 Pe-

2213 1848 2370 1895 trum.
2419 1843 2550 1898 Tres
2587 1854 2792 1900 tantum
2839 1848 2986 1914 dicit,
3022 1851 3146 1915 quia
3198 1853 3349 1906 multi
3394 1855 3575 1919 vocati,
3618 1854 3745 1923 pauci

2208 1928 2358 1985 electi
2388 1931 2601 2003 (Matth.
2631 1935 2748 2006 xx),
2783 1932 2839 1991 et
2886 1938 2978 2007 qui
3024 1938 3182 1994 ﬁdem
3229 1940 3508 1996 Trinitatis
3552 1941 3740 1996 inviola-

2210 2029 2318 2075 tam
2361 2031 2599 2089 servant,
2639 2033 2841 2080 aeterna
2880 2038 3158 2083 merentur
3186 2030 3394 2085 visione
3428 2031 3606 2088 ltetari.
3650 2030 3743 2087 Scit

2208 2111 2522 2166 meritorum
2553 2114 2797 2184 cognitor
2841 2117 3191 2187 perfectiores
3224 2119 3389 2177 fuisse
3424 2122 3624 2191 eteteris
3651 2130 3742 2176 tres

2208 2202 2496 2270 apostolos.
2523 2203 2748 2274 Signant
2767 2206 2886 2263 illos
2911 2210 3011 2278 qui
3033 2211 3234 2265 habent
3259 2211 3441 2278 ﬁdem,
3467 2227 3623 2282 spem,
3645 2212 3745 2266 chao

2210 2289 2446 2345 ritatem.
2486 2290 2582 2347 Vel
2625 2308 2724 2363 per
2752 2294 2992 2363 Petrum,
3025 2300 3293 2369 praepositi
3335 2301 3451 2357 sive
3488 2298 3741 2371 coniugati.

2208 2394 2305 2448 per
2328 2380 2585 2437 Iacobum
2615 2387 2941 2453 pmnitentes
2962 2388 3047 2445 vel
3069 2392 3329 2455 actualns,
3373 2407 3470 2463 per
3491 2390 3740 2454 Joannem,

2208 2470 2444 2541 virgines
2475 2473 2556 2528 vel
2587 2475 2832 2531 theorici.

2217 2617 2220 2620 ~
2317 2583 2478 2639 Vens.
2512 2585 2783 2642 29.—Et
2830 2591 3002 2659 factus
3053 2604 3146 2648 est.
3191 2592 3614 2667 Transﬁguratus
3655 2608 3740 2649 non

2210 2674 2565 2730 substantiam
2607 2693 2749 2735 vera:
2793 2684 2973 2738 carnis
3022 2685 3223 2750 amisit,
3267 2688 3366 2741 sed
3410 2686 3634 2758 gloriam,
3673 2682 3742 2736 vel

2210 2777 2320 2819 suae
2359 2767 2444 2821 vel
2484 2779 2682 2824 nostrae
2730 2775 3138 2831 resurrectionis
3186 2779 3443 2843 ostendit,
3479 2777 3565 2847 qui
3599 2774 3742 2846 qualis

2213 2863 2341 2910 tunc
2361 2859 2635 2927 apostolis,
2667 2861 2787 2917 talis
2824 2872 2945 2933 post
2973 2864 3230 2935 judicium
3260 2868 3474 2923 cunctis
3498 2863 3740 2936 apparebit

2210 2947 2416 3004 electis.
2466 2949 2600 3004 Nam
2647 2952 2699 3006 in
2733 2953 2845 3024 ipso
2885 2953 3088 3024 judicio
3125 2966 3182 3010 et
3228 2957 3389 3013 bonis
3433 2967 3486 3013 et
3521 2954 3740 3010 malisin

2210 3036 2381 3092 forma
2411 3041 2551 3095 servi
2592 3044 2867 3112 apparebit
2903 3055 2962 3100 ut
3004 3047 3218 3101 vide'ant
3246 3049 3298 3102 in
3337 3063 3499 3118 quem
3533 3060 3739 3119 pupuge-

628 3123 928 3224 ίιηρωεειί
971 3123 1930 3234 summanassias;
1952 3123 2109 3220 an;
2135 3123 2181 3184 ο
2214 3129 2470 3239 τιεειιλβς
2499 3136 2736 3239 etiam.
2959 3138 3147 3239 vssws
3184 3139 3401 3239 Donni

533 3249 991 3318 opprimerentur.

622 3340 782 3398 Vsus.
824 3343 914 3400 25.
938 3345 1240 3404 —Dicebat
1285 3358 1478 3409 autem.
1528 3350 1658 3419 Qum
1694 3351 1763 3407 ad
1812 3350 1970 3408 ﬁdem
2008 3352 2114 3408 Do-

532 3432 744 3487 miuieze
809 3435 1105 3492 nativitatis
1152 3439 1237 3494 vel
1305 3442 1575 3510 passionis
1638 3442 1924 3513 pertinent.
1984 3444 2113 3499 solis

531 3536 775 3581 seorsum
795 3526 1072 3597 discipulis
1101 3530 1327 3597 aperuit,
1359 3534 1451 3587 sed
1479 3534 1594 3595 haec
1614 3534 1680 3593 ad
1703 3542 1911 3595 cmues.
1945 3534 2113 3588 Abne-

528 3624 615 3681 get
638 3617 988 3687 semetipsum.
1037 3619 1151 3675 Nisi
1182 3622 1305 3691 quis
1346 3640 1374 3677 a
1419 3625 1594 3695 seipse
1609 3625 1839 3690 deﬁciat,
1881 3628 1949 3683 ad
1985 3641 2109 3685 eum

533 3707 623 3773 qui
663 3721 823 3776 super
844 3724 905 3764 se
928 3718 1012 3765 est
1035 3726 1141 3767 non
1166 3714 1555 3785 appropinquat
1588 3733 1603 3770 :
1633 3725 1687 3770 et
1714 3718 2006 3783 novitatem
2040 3717 2108 3771 ad

533 3808 694 3862 quam
715 3805 960 3864 vocatur,
996 3814 1103 3855 non
1129 3802 1499 3870 apprehendit,
1525 3804 1625 3858 nisi
1652 3814 1849 3860 mactet
1869 3813 2107 3860 vetusta-

533 3896 664 3951 tem,
696 3885 749 3940 in
773 3900 879 3956 qua
917 3898 1076 3946 natus
1102 3889 1231 3957 fuit;
1262 3901 1455 3948 etcum
1486 3902 1663 3950 cessat
1689 3909 1720 3949 a
1747 3896 1889 3951 vitiis
1915 3896 2104 3966 exqui-

532 3983 620 4030 rat
642 3976 807 4032 etiam
839 3978 1085 4046 virtutes,
1115 3982 1633 4054 undegubjungitur
1661 4001 1675 4038 :

603 4066 766 4124 Vsus.
794 4070 968 4126 24.--
985 4071 1261 4145 Numqui.
1287 4073 1502 4146 (Gaza)
1530 4074 1683 4132 Sicut
1707 4076 2103 4146 persecutionis

536 4166 777 4230 tempore
819 4163 1071 4231 ponenda
1113 4172 1195 4239 est
1223 4165 1422 4231 anima,
1460 4166 1531 4227 ita
1563 4166 1618 4221 in
1648 4181 1781 4237 pace
1809 4164 2103 4237 frangenda

528 4258 655 4303 sunt
707 4250 973 4306 desideria
1019 4260 1257 4317 terrena,
1312 4265 1372 4308 ut
1415 4264 1619 4325 quanto
1664 4257 1876 4321 videtur
1929 4257 2093 4329 homo

530 4341 793 4405 securior,
816 4348 968 4397 tanto
995 4343 1068 4402 sit
1097 4344 1167 4398 ad
1192 4345 1281 4399 sui
1302 4347 1600 4402 custodiam
1630 4345 1931 4403 sollicitior.

602 4432 765 4487 Vnus.
794 4432 1139 4489 ﬁli—Hunc
1170 4435 1311 4504 ﬁlius
1361 4438 1605 4501 hominis.
1638 4436 1754 4505 Non
1794 4438 1987 4496 suﬁicit
2032 4440 2096 4494 ad

528 4524 900 4594 probationem
930 4525 1055 4581 ﬁdei
1082 4541 1179 4581 vox
1204 4526 1574 4596 professionis,
1603 4545 1763 4600 quam
1800 4531 2038 4590 defendit
2066 4548 2097 4585 a

535 4616 855 4673 verecundia
891 4618 1154 4687 professio
1183 4619 1569 4689 generalitatis.

599 4703 761 4761 Vens.
792 4706 880 4760 27.
904 4738 973 4747 -
988 4707 1163 4778 Aliqui
1184 4709 1271 4762 llic
1291 4718 1505 4764 stantes.
1534 4709 1635 4778 Qui
1665 4719 1773 4767 stat
1792 4726 1917 4768 cum
1936 4711 2094 4769 Chri-

528 4804 614 4850 sto
655 4810 761 4851 non
804 4805 985 4866 gustat
1030 4806 1279 4864 mortem,
1331 4800 1458 4870 quia
1502 4816 1603 4857 nec
1647 4810 1861 4858 tenuem
1905 4796 2105 4861 mortis

527 4893 740 4941 aeterna:
767 4902 985 4942 sensum
1031 4888 1265 4954 habebit,
1309 4890 1400 4960 qui
1446 4889 1645 4955 Christi
1679 4893 1948 4949 consortia
1981 4910 2094 4949 me—

527 4974 714 5040 ruerit,
740 4974 826 5030 eui
858 4990 956 5032 nec
979 4976 1034 5030 in
1064 4985 1236 5035 morte
1266 4978 1672 5049 interrumpitur
1697 4981 1830 5037 ordo
1853 4982 2087 5045 vivendi.

535 5065 708 5119 Donec
740 5064 945 5120 videant
987 5083 1221 5137 regnum.
1264 5069 1400 5138 Quia
1434 5070 1661 5127 arduum
1693 5080 1814 5127 erat
1855 5073 2091 5129 animam

524 5154 799 5223 periculis,
827 5169 1025 5225 corpus
1048 5158 1207 5215 morti
1254 5158 1465 5225 offerre,
1492 5170 1762 5223 sustentat
1799 5162 2087 5219 inﬁrmita-

529 5252 635 5296 tem
663 5244 908 5299 humanze
940 5245 1137 5300 mentis
1175 5250 1606 5306 remuneratione
1630 5252 1995 5322 praesentium,
2025 5268 2092 5308 ne

526 5332 804 5405 frangatur
830 5334 1203 5406 desperatione
1233 5338 1315 5394 vel
1344 5340 1518 5397 taedio.
1549 5338 1676 5397 Visa
1715 5342 1861 5409 enim
1888 5348 2089 5398 aeterna

526 5426 710 5497 gloria,
741 5428 845 5485 etsi
874 5431 1103 5486 transitu
1140 5437 1195 5486 et
1225 5431 1294 5486 ad
1315 5432 1478 5489 breve
1513 5443 1865 5500 momentum,
1907 5433 2091 5491 fortio-

526 5535 619 5577 res
665 5528 845 5578 tamen
881 5530 1070 5579 contra
1112 5524 1297 5579 mundi
1335 5525 1557 5582 adversa
1600 5525 1914 5583 redduntur.
1946 5526 2089 5601 Pro-

533 5615 696 5670 mittit
733 5615 914 5687 itaque
941 5614 1172 5671 futuram
1216 5616 1438 5688 gloriam
1469 5620 1522 5673 in
1554 5620 1784 5675 transitu
1804 5618 2084 5678 videndam

526 5704 580 5762 in
610 5712 771 5772 terra,
818 5714 876 5760 ut
920 5707 1120 5763 certius
1169 5707 1220 5764 in
1262 5709 1397 5765 ccelo
1443 5719 1686 5783 speretur
1734 5720 1953 5767 mterna.
1992 5713 2085 5770 Vel

2215 3222 2305 3290 qui
2335 3221 2608 3279 Christum
2647 3225 2954 3282 induerunt.
2987 3228 3116 3295 Quae
3142 3229 3306 3284 vestis
3354 3232 3572 3286 Domino
3592 3229 3639 3282 in
3657 3235 3743 3280 ter-

2216 3314 2290 3368 ris
2323 3316 2651 3371 consistente
2688 3317 3044 3388 despicabilis,
3091 3329 3146 3374 et
3175 3321 3407 3375 aliorum
3437 3319 3619 3393 similis
3649 3317 3742 3370 visa

2213 3414 2318 3471 est,
2359 3409 2450 3462 sed
2499 3408 2725 3464 Domino
2763 3420 3001 3466 montem
3049 3416 3380 3480 ascendente
3428 3414 3603 3486 fulget,
3642 3410 3743 3480 quia

2214 3496 2445 3550 nondum
2471 3500 2711 3568 apparuit
2749 3501 2875 3570 quid
2909 3502 3123 3568 erimus,
3154 3504 3243 3557 sed
3274 3504 3488 3558 tandem
3511 3502 3685 3558 similes
3707 3500 3744 3554 ei

2211 3586 2425 3652 erimus,
2457 3589 2664 3658 quando
2699 3591 2978 3647 videbimus
3013 3609 3129 3647 eum
3162 3595 3316 3648 sicuti
3341 3606 3440 3650 est.
3484 3593 3579 3650 γει
3611 3590 3744 3646 γεδιὶ-

2212 3685 2390 3730 menta
2430 3678 2575 3732 verbi
2610 3694 2883 3737 sermones
2924 3693 3050 3737 sunt
3094 3682 3519 3755 Scripturarum,
3551 3692 3601 3738 et
3625 3696 3745 3751 quit?-

2212 3766 2334 3820 dam
2384 3767 2694 3824 indumenta
2738 3772 2904 3826 divini
2959 3774 3279 3829 intellectus.
3323 3774 3465 3843 Quia
3499 3776 3630 3831 sicut
3660 3770 3744 3825 illis

2212 3858 2466 3925 apostolis
2496 3860 2547 3913 in
2574 3860 2741 3917 altera
2771 3864 2949 3932 specie
2974 3866 3223 3934 apparuit
3252 3866 3371 3935 ipse
3397 3876 3453 3923 et
3480 3866 3633 3922 vestis
3649 3863 3744 3932 ejus

2209 3948 2440 4015 refulsit,
2495 3952 2565 4006 ita
2607 3962 2659 4008 et
2704 3956 2876 4010 oculis
2915 3958 3113 4012 mentis
3169 3967 3271 4013 tua:
3308 3957 3427 4027 jam
3471 3958 3742 4016 divinarum

2206 4047 2397 4096 Sensus
2433 4041 2656 4098 albescit
2681 4043 2985 4102 lectionem.

2293 4152 2455 4210 Vens.
2492 4154 2581 4208 50.
2607 4137 2831 4211 -—'Ecce
2875 4159 2980 4212 duo
3019 4161 3133 4213 viri.
3179 4159 3489 4217 Notandum
3516 4154 3616 4223 est,
3655 4169 3743 4210 non

2207 4256 2432 4312 corpora
2461 4243 2546 4298 vel
2574 4245 2781 4301 animas
2820 4246 2950 4301 Eliae
2970 4248 3054 4302 vel
3096 4247 3263 4321 Moysi
3296 4250 3628 4320 apparuisse,
3668 4241 3745 4297 sed

2205 4347 2271 4389 ex
2311 4332 2488 4403 aliqua
2531 4334 2771 4406 subjecta
2828 4346 3075 4392 creatura
3116 4339 3201 4394 illa
3252 4355 3485 4409 corpora
3543 4337 3743 4392 formata

2204 4422 2369 4479 fuisse
2405 4442 2417 4477 :
2452 4434 2630 4497 potest
2660 4426 2821 4481 etiam
2851 4428 2998 4482 credi
3036 4429 3276 4499 angelico
3321 4428 3619 4483 ministerio
3638 4421 3745 4478 illud

2202 4512 2401 4569 factum
2427 4530 2567 4581 esse,
2595 4524 2653 4569 ut
2679 4517 2852 4590 angeli
2894 4534 3080 4573 eorum
3122 4535 3381 4590 personas
3413 4520 3741 4574 assumerent.

2201 4603 2440 4660 Mortuus
2467 4615 2522 4660 et
2560 4607 2711 4662 vivus
2742 4618 3019 4679 apparent.
3053 4618 3111 4663 ut
3142 4611 3449 4682 signiﬁcent
3495 4608 3742 4665 Christum

2200 4694 2519 4753 moriturum
2565 4704 2621 4751 et
2652 4706 2775 4767 post
2817 4698 3103 4763 victurum,
3135 4709 3189 4754 et
3221 4709 3278 4754 ut
3302 4699 3551 4755 vivamus
3598 4693 3736 4769 Chri-

2199 4794 2303 4852 sto,
2317 4795 2371 4841 et
2395 4787 2689 4857 moriamur
2714 4789 2929 4845 mundo.
2961 4790 3134 4850 Etiam
3162 4790 3419 4861 apostolis
3444 4790 3539 4844 dat
3560 4787 3745 4856 signum

2199 4877 2267 4933 de
2292 4878 2448 4943 coelo,
2475 4886 2535 4932 ut
2574 4879 2707 4935 ﬁdes
2739 4894 2925 4936 eorum
2967 4891 3246 4951 augeatur.
3279 4880 3389 4938 Sed
3428 4878 3619 4936 scribis
3645 4884 3744 4929 teu-

2200 4968 2437 5024 tantibus
2476 4969 2606 5025 dare
2630 4970 2817 5036 noluit,
2851 4979 2911 5026 ut
2948 4972 3345 5033 indurarentur.
3392 4971 3560 5026 Erant
3597 4975 3744 5022 autem

2202 5055 2431 5127 Moyses,
2457 5068 2507 5113 et
2546 5058 2696 5126 Elius
2724 5060 2837 5115 visi.
2883 5061 2987 5116 Per
3032 5061 3271 5137 Moysen,
3315 5058 3742 5124 infernales;pel'

2199 5146 2393 5213 Etiam,
2421 5149 2699 5217 caelestes;
2728 5166 2825 5222 per
2852 5153 3121 5225 apostolos
3141 5193 3155 5219 ,
3196 5159 3487 5207 terrestres
3518 5148 3587 5205 ad
3622 5140 3745 5218 judi-

2198 5238 2340 5292 cium
2371 5240 2583 5294 venturi
2610 5239 2995 5313 signiﬁcantur.

2270 5347 2435 5404 Vens.
2466 5349 2554 5406 51.
2587 5382 2657 5391 -
2685 5340 2930 5407 Dicebant
2965 5371 3250 5413 excessum.
3302 5353 3550 5426 Moyses,
3596 5349 3644 5407 id
3679 5351 3747 5401 est

2196 5437 2492 5507 legislator,
2538 5447 2594 5495 et
2634 5439 2776 5497 Elias
2813 5443 3197 5512 prophetarum
3237 5444 3469 5499 eximius
3510 5440 3744 5511 apparent

2195 5543 2320 5585 cum
2349 5529 2533 5595 verbo,
2567 5539 2628 5586 ut
2654 5532 2943 5588 ostendant
2972 5534 3143 5602 ipsum
3175 5548 3295 5590 esse
3323 5534 3416 5603 qui
3450 5533 3654 5589 locutus
3678 5529 3749 5579 est

2194 5620 2250 5674 in
2280 5618 2399 5691 lege
2428 5630 2483 5675 et
2509 5622 2816 5695 praphetis,
2862 5633 2918 5681 et
2946 5639 3105 5693 quem
3132 5622 3217 5678 lex
3247 5636 3301 5679 et
3329 5623 3606 5694 prophetae
3636 5629 3746 5686 pro-

2195 5710 2473 5768 miserunt.
2512 5712 2611 5779 Qui
2642 5729 2745 5768 non
2771 5714 2821 5769 in
2845 5713 3062 5784 inﬁmis,
3086 5717 3179 5771 sed
3208 5716 3261 5771 in
3287 5722 3467 5771 monte
3490 5710 3588 5769 γἰεί
3617 5710 3743 5767 sunt.
