3960 6336
242 387 350 444 281

1210 393 1478 451 GLOSSA
1518 389 1921 450 ORDINARIA.
1961 419 2034 432 —-
2066 389 2319 449 EVANG.
2364 392 2517 450 LUC.

3394 395 3501 452 282

244 503 376 574 quia
400 501 499 557 soli
522 511 700 558 mente
719 504 916 560 excelsi
941 504 1276 575 inajestatem
1298 508 1612 577 Scriptum,
1637 503 1824 577 quaiin
1853 505 1905 564 Α
1928 503 2233 560 ἱιιὶιιιιινθα.
2276 506 2336 561 In
2368 516 2549 563 monte
2578 517 2725 573 orat,
2758 509 2943 574 docet,
2986 497 3323 578 maiestatem
3349 522 3503 563 suam

246 592 482 648 Domino
507 592 723 661 impleta
751 602 853 660 est,
879 597 1230 667 perspiciunt.

322 689 488 744 Vsus.
522 688 698 744 52.—
726 688 942 745 σταυαεὶ
966 701 1114 755 erant
1139 710 1340 748 somno.
1375 693 1578 749 Somno
1604 689 1830 762 gravan-

249 785 363 841 tur,
393 777 520 846 quia
555 777 840 847 splendore
876 780 1434 851 incomprehensibilis
1461 780 1678 854 dei-tatis
1708 793 1830 850 pre-

245 869 418 922 mitur
438 883 630 923 sensus
652 869 871 924 humani
896 871 1158 940 corporis.
1184 870 1281 926 Vel
1304 886 1492 926 somno
1513 879 1824 941 gravantur,

246 968 311 1012 ut
342 960 756 1024 resurrectionis
785 961 1011 1031 gloriam
1054 972 1174 1032 post
1210 963 1453 1032 corporis
1482 963 1715 1033 quietem
1741 961 1824 1015 vi-

244 1050 459 1114 derent,
490 1058 545 1105 et
567 1051 736 1105 sancti
767 1066 833 1107 eo
860 1053 1044 1108 verius
1075 1054 1413 1124 majestatem
1443 1054 1654 1108 Domini
1682 1052 1828 1107 vide-

239 1146 412 1211 bunt,
448 1158 555 1213 quo
590 1145 770 1199 carnis
799 1160 909 1201 sua:
938 1147 990 1200 in
1036 1162 1140 1218 qua
1178 1157 1405 1211 mortem
1440 1147 1684 1213 vicerant
1725 1145 1826 1199 im-

240 1232 576 1290 mortalitate
602 1235 933 1305 gaudebunt.
984 1236 1137 1304 Tunc
1168 1236 1383 1308 Moysen
1417 1245 1471 1291 et
1500 1236 1673 1290 Ellam
1698 1249 1820 1306 spe-

237 1323 564 1393 culabantur
606 1326 660 1380 in
705 1326 905 1396 gloria,
942 1330 1068 1397 quia
1102 1329 1292 1383 melius
1343 1327 1647 1397 intelligent
1690 1342 1824 1397 quo-

235 1415 400 1469 modo
429 1431 589 1469 unum
620 1418 727 1470 iota
754 1428 844 1470 aut
874 1434 1008 1485 unus
1037 1435 1171 1488 apex
1206 1435 1309 1471 non
1341 1419 1626 1489 praeteribit
1653 1435 1686 1471 a
1714 1417 1824 1486 lege

232 1502 454 1576 (Matth.
478 1504 555 1576 v),
585 1515 641 1560 et
666 1506 935 1575 quomodo
960 1508 1219 1575 Dominus
1252 1507 1423 1578 legem
1455 1516 1511 1575 et
1534 1506 1824 1578 prophetas

230 1610 342 1650 non
370 1596 623 1661 solverit,
656 1596 749 1652 sed
775 1596 1168 1669 adimpleverit.

303 1683 473 1740 Vens.
500 1686 673 1741 55.--
700 1686 904 1741 Bonum
935 1698 1011 1750 est
1043 1705 1135 1743 nos
1160 1689 1245 1742 hic
1272 1706 1407 1745 esse.
1433 1687 1533 1755 Qui
1565 1688 1635 1745 ad
1663 1703 1817 1742 mon-

228 1786 362 1833 tana
392 1779 782 1834 conscenderat
819 1794 925 1833 non
955 1780 1069 1847 vult
1107 1780 1176 1834 ad
1219 1788 1431 1836 terrena
1462 1780 1816 1841 descendere,

1936 599 2301 661 demonstrat,
2339 598 2517 654 Patris
2543 615 2729 654 vocem
2766 599 3023 670 apostolis
3050 598 3243 668 aperit,
3279 599 3500 654 descen-

1931 686 2067 743 dens
2097 703 2127 742 a
2168 690 2322 744 turba
2355 690 2653 761 excipitur,
2698 690 3021 745 miserorum
3063 689 3190 744 lletu
3232 688 3497 760 pulsatur,

1931 780 2264 836 inﬁdelitatis
2280 789 2501 852 peccata
2518 782 2824 851 exprobrat,
2843 781 3014 836 malos
3027 781 3250 851 spiritus
3260 778 3498 849 expellit.

2001 871 2164 925 Vens.
2192 870 2362 926 59.——
2379 868 2446 923 Et
2467 887 2581 925 ecce
2599 870 2812 941 spiritus
2833 870 3189 941 apprehendit.
3218 869 3500 924 Mattheus

1930 964 2245 1031 lunaticum,
2278 965 2491 1021 Marcus
2521 967 2742 1021 surdum
2771 973 2827 1020 et
2855 973 3060 1020 mutum
3097 965 3370 1020 describit.
3415 962 3499 1019 Si-

1929 1055 2150 1126 gniﬁcat
2178 1065 2355 1110 autem
2387 1055 2506 1110 illos
2534 1055 2624 1126 qui
2657 1062 2716 1108 ut
2746 1054 2869 1107 luna
2901 1060 3193 1117 mutantur,
3225 1066 3497 1123 nunquam

1928 1146 1981 1201 in
2011 1147 2199 1201 eodem
2237 1154 2381 1201 statu
2411 1153 2711 1209 manentes,
2744 1145 2834 1200 sed
2863 1160 2961 1214 per
2987 1144 3195 1199 diversa
3224 1143 3354 1197 vitia
3381 1156 3500 1197 cre-

1927 1244 2088 1289 scunt
2114 1244 2168 1289 et
2194 1235 2543 1300 decrescunt,
2587 1236 2677 1305 qui
2712 1248 2814 1289 nec
2840 1234 2997 1289 ﬁdem
3023 1234 3369 1298 conﬁtentur,
3397 1244 3499 1285 nec

1927 1327 2096 1395 ipsius
2125 1327 2247 1381 fidei
2276 1327 2465 1382 audire
2489 1327 2675 1382 volunt
2700 1341 3025 1382 sermonem.

1959 1407 1967 1413 ”
1996 1414 2158 1474 Vens.
2192 1418 2281 1473 42.
2310 1450 2380 1459 -
2409 1418 2477 1472 Et
2506 1436 2623 1473 cum
2652 1417 2933 1472 accederet.
2977 1416 3112 1470 Dum
3138 1429 3272 1485 puer
3299 1413 3365 1467 ad
3394 1411 3498 1467 Do-

1925 1511 2130 1582 minum
2159 1509 2387 1574 accedit,
2415 1509 2651 1575 eliditur,
2683 1508 2807 1577 quia
2838 1505 3084 1562 conversi
3114 1505 3181 1561 ad
3208 1504 3494 1559 Dominum

1922 1602 2240 1673 plerumque
2269 1617 2299 1656 a
2331 1602 2594 1657 daemonio
2620 1601 2839 1673 gravius
2860 1599 3164 1670 pulsantur,
3205 1607 3262 1651 ut
3302 1595 3385 1650 vel
3429 1595 3497 1650 ad

1921 1684 2053 1748 vitia
2084 1691 2431 1757 reducantur,
2463 1692 2549 1747 vel
2580 1693 2648 1748 de
2684 1707 2779 1747 sua
2809 1690 3126 1761 expulsione
3155 1687 3399 1743 diabolus
3437 1699 3497 1740 se

1923 1786 2177 1841 vindicet.
2212 1785 2367 1840 Sicut
2393 1785 2446 1839 in
2477 1784 2741 1855 principio
2762 1783 3034 1838 nascentis
3053 1770 3307 1837 Ecclesia:
3327 1780 3494 1834 multa
3590 1796 3608 1813 ο

225 1871 324 1926 sed
352 1885 569 1940 semper
596 1870 649 1924 in
679 1870 896 1925 sublimi
926 1846 1299 1941 perseverare,
1337 1879 1394 1926 et
1425 1880 1511 1928 est
1536 1871 1731 1927 Petrus
1757 1871 1812 1924 in
1847 1846 1891 1905 Β
1921 1884 1973 1931 et
1994 1876 2174 1946 gravia
2196 1876 2444 1947 opposuit
2465 1846 2759 1931 certamina
2786 1874 2889 1929 illis
2909 1888 3043 1945 quos
3066 1888 3162 1928 suo
3185 1888 3347 1943 regno
3368 1872 3497 1925 sub-

225 1975 460 2028 persona
493 1958 906 2029 ingredientium
944 1976 1167 2031 regnum
1198 1960 1315 2016 Dei.
1362 1960 1570 2015 Bonum
1607 1971 1683 2014 est
1719 1977 1812 2014 nos

224 2051 314 2104 hic
341 2066 472 2104 esse.
504 2050 708 2105 Bonum
755 2062 837 2106 est
864 2051 916 2105 in
945 2067 1111 2122 regno
1140 2051 1235 2107 Dei
1265 2067 1405 2107 esse.
1436 2052 1600 2120 Quasi
1628 2051 1809 2106 dicat:

223 2143 336 2199 Nos
366 2143 468 2198 soli
504 2144 605 2197 hac
642 2143 760 2199 luce
796 2144 1058 2209 fruemur,
1104 2160 1211 2199 non
1249 2144 1415 2200 Judzei
1457 2144 1648 2199 invidi.
1685 2141 1809 2197 Tria

222 2235 583 2290 tabernacula.
649 2237 707 2293 1d
752 2244 835 2293 est
861 2279 876 2301 ,
926 2238 1126 2303 verba,
1176 2239 1566 2313 cogitationes,
1620 2252 1803 2308 opera.

226 2324 403 2380 Unum
438 2326 626 2397 Moysi.
659 2328 938 2395 Quomodo
966 2339 1196 2384 noscunt
1223 2344 1358 2399 quos
1393 2338 1550 2383 antea
1590 2344 1695 2383 non
1725 2330 1807 2382 vi-

224 2417 469 2471 derunt?
502 2419 607 2473 Per
636 2418 973 2491 maiestatem
1007 2435 1169 2491 super
1194 2436 1289 2476 eos
1312 2420 1639 2484 venientem,
1670 2420 1813 2473 sicut

225 2510 285 2574 in
330 2509 508 2565 futura
561 2499 960 2568 resurrectione
1013 2512 1386 2582 unusquisque
1435 2511 1667 2565 alterum
1714 2526 1808 2565 co—

222 2612 467 2671 gnoscet,
493 2612 549 2658 et
577 2604 885 2667 desiderata
912 2605 965 2661 in
994 2604 1165 2665 altero
1187 2588 1329 2658 alter
1357 2618 1455 2675 per
1483 2603 1807 2658 charitatem

223 2692 508 2764 intelliget.

296 2784 458 2839 Vens.
489 2769 673 2839 54.9-
706 2785 875 2842 Facta
905 2796 981 2842 est
1010 2788 1200 2853 nubes,
1248 2796 1295 2840 et
1338 2787 1665 2849 obumbravit
1697 2802 1804 2839 eos.

222 2875 340 2930 Etsi
367 2876 560 2931 Petrus
609 2893 675 2933 ex
705 2880 1017 2955 infirmitate
1048 2881 1283 2949 ignorat,
1307 2880 1483 2950 placet
1512 2889 1688 2933 tamen
1716 2879 1810 2931 ob-

221 2965 400 3035 sequii
446 2967 678 3022 devotio.
740 2969 892 3024 Unde
939 2977 997 3025 et
1041 2969 1211 3024 nubes
1258 2969 1586 3041 obumbrat,
1634 2968 1803 3022 divini

219 3058 461 3131 Spiritus
489 3068 574 3114 est
595 3060 697 3114 ista
721 3062 1062 3116 obumbratio
1091 3077 1209 3138 qum
1238 3076 1344 3115 non
1373 3060 1570 3130 caligat
1595 3058 1804 3123 affecti-

217 3150 320 3206 bus
349 3153 662 3215 hominum,
704 3150 795 3207 sed
830 3152 1033 3207 revelat
1061 3137 1272 3207 oeculta
1292 3192 1308 3216 ,
1350 3137 1502 3220 cujus
1529 3151 1805 3219 perfectus

1920 1966 2060 2021 trahi
2090 1967 2324 2023 videbat.

1991 2054 2152 2111 Vens.
2180 2055 2356 2110 43.—
2383 2054 2452 2110 Et
2478 2057 2778 2127 increpavit.
2812 2054 2926 2109 Non
2959 2069 3094 2125 puer
3118 2053 3224 2107 vim
3256 2052 3490 2123 patiens,

1914 2142 2007 2206 Sed
2038 2147 2285 2203 diabolus
2308 2149 2418 2203 vim
2452 2148 2688 2203 inferens
2716 2147 3047 2217 increpatur,
3081 2145 3204 2214 quia
3240 2143 3330 2212 qui
3369 2156 3495 2211 pec-

1912 2245 2124 2292 cantem
2156 2236 2273 2292 vult
2304 2236 2520 2301 sanare,
2552 2238 2741 2292 vitium
2773 2238 2930 2292 debet
2963 2248 3193 2304 arguere
3224 2240 3279 2287 et
3312 2231 3493 2300 depel-

1912 2326 2043 2386 lere.
2074 2327 2168 2382 sed
2204 2328 2476 2383 hominem
2506 2328 2738 2383 amando
2766 2327 3009 2383 refovere
3035 2327 3205 2381 donec
3238 2332 3488 2381 sanatum

1912 2418 2283 2489 spiritualibus
2311 2420 2502 2474 reddat
2527 2419 2772 2489 patribus
2798 2417 3073 2473 Ecclesiae.

1984 2509 2151 2564 Vens.
2180 2509 2267 2562 44.
2285 2539 2355 2551 ——
2384 2509 2571 2564 Ponite
2600 2527 2707 2564 vos.
2744 2510 2853 2564 Vos
2881 2510 2971 2579 qui
2998 2524 3120 2564 meo
3147 2504 3493 2577 discipulatui

1911 2599 2230 2664 adhrcretis,
2270 2597 2463 2668 quibus
2500 2613 2695 2653 arcana
2735 2613 2852 2652 mea
2891 2596 3229 2652 manifestius
3264 2595 3491 2666 aperui,

1909 2690 2133 2760 pretiosi
2150 2691 2433 2759 sanguinis
2451 2706 2561 2761 quo
2580 2691 2811 2746 mundus
2834 2690 3177 2745 redimendus
3200 2697 3304 2753 est,
3327 2703 3490 2742 even-

1911 2790 2023 2835 tum
2064 2791 2245 2836 mente
2284 2784 2584 2846 recoudite,
2634 2782 2759 2836 dum
2806 2781 2989 2836 czeteri
3036 2781 3306 2834 mirantur
3334 2786 3485 2832 tanta
3558 2836 3563 2841 ἢ

1910 2872 2050 2927 facta
2085 2872 2281 2927 divinae
2321 2873 2643 2927 altitudinis.
2696 2870 2963 2925 Futurum
3004 2879 3079 2924 est
3121 2879 3176 2922 ut
3223 2868 3486 2922 trudatur.

1905 2965 2053 3021 Inter
2080 2965 2345 3036 magualia
2373 2966 2630 3035 potenti-.r
2667 2964 2863 3019 divina:
2900 2963 3096 3032 smpius
3133 2960 3358 3029 replicat
3391 2958 3489 3013 ab-

1903 3056 2045 3127 jecta
2075 3056 2345 3125 passionis
2376 3056 2650 3118 humanae,
2692 3068 2758 3107 ne
2795 3051 2972 3107 subito
2999 3050 3221 3105 veniens
3252 3056 3488 3114 terreat,

1911 3147 2003 3201 sed
2032 3146 2200 3200 levius
2229 3145 2429 3199 feratur
2454 3146 2818 3215 praecogitata.

218 3197 319 3206 ην
705 3197 795 3207 νη..
833 3197 1033 3207 ww.--
1064 3197 1308 3216 www,
1353 3197 1501 3220 νη..-
1532 3197 1801 3219 reuss-“
1913 3197 2002 3201 ἡ---
2389 3197 2395 3198 ,
2455 3197 2470 3215 ,
2756 3197 2759 3198 ν

216 3242 527 3297 ostenditur
554 3242 734 3296 audita
759 3257 888 3297 voce
916 3243 1174 3298 dicentis:
1204 3241 1307 3295 llic
1333 3252 1407 3296 est
1436 3240 1607 3295 Filius
1634 3257 1798 3305 meus.
1833 3197 1880 3259 Ο
1981 3236 2143 3291 Vens.
2168 3234 2338 3288 45.-—
2359 3235 2421 3287 At
2446 3235 2523 3288 illi
2547 3234 2875 3303 ignorabant.
2906 3232 3033 3287 Haec
3054 3230 3354 3303 ignorantia
3374 3244 3483 3285 non

214 3332 356 3399 Quia
387 3332 666 3387 materiale
694 3333 942 3404 quaesivit
979 3333 1386 3388 tabernaculum
1408 3373 1423 3397 ,
1455 3332 1615 3387 nubis
1645 3346 1803 3387 acce-

216 3428 297 3496 pit
331 3427 810 3492 obumbraculum,
843 3439 905 3483 ut
929 3428 1103 3483 discat
1135 3428 1186 3483 in
1219 3428 1616 3485 resurrectione
1636 3467 1652 3491 ,
1694 3441 1803 3481 non

217 3514 482 3586 regimine
514 3516 826 3581 domorum,
872 3517 967 3572 sed
1000 3517 1238 3587 Spiritus
1279 3517 1452 3572 sancti
1481 3516 1650 3587 gloria
1676 3531 1802 3570 sau-

215 3617 335 3662 ctus
363 3624 483 3663 esse
506 3609 883 3680 protegendos.
936 3610 1002 3663 Et
1034 3612 1353 3664 timuerunt.
1389 3609 1625 3674 Timent,
1671 3609 1800 3678 quia

215 3697 454 3752 humana
496 3697 758 3767 fragilitas
797 3698 1146 3767 conspectum
1189 3698 1410 3766 majoris
1448 3697 1631 3769 gloria:
1658 3697 1802 3753 ferre

215 3804 325 3843 non
368 3788 634 3855 sustinet,
681 3797 737 3844 et
778 3800 981 3859 quanto
1025 3790 1146 3859 quis
1188 3790 1449 3859 ampliora
1490 3788 1800 3861 quaesierit,

214 3887 370 3932 tanto
416 3878 585 3949 magis
627 3878 695 3949 ad
732 3878 998 3934 inferiora
1044 3879 1347 3945 collabitur,
1398 3878 1443 3934 si
1488 3894 1796 3935 mensuram

213 3984 371 4024 suam
416 3969 768 4039 ignoraverit.
1642 3990 1647 3993 ι

285 4060 453 4118 Vens.
490 4061 577 4117 36.
603 4093 671 4102 --
707 4060 773 4115 Et
801 4080 917 4117 vox.
960 4061 1076 4119 Vox
1114 4061 1293 4117 Patris
1326 4060 1545 4119 Petrum
1583 4060 1797 4117 sublato

213 4160 428 4207 terrore
454 4152 612 4209 docet
632 4154 935 4208 veritatem.
973 4155 1038 4209 Et
1066 4165 1192 4209 nota
1215 4155 1378 4223 quod,
1408 4154 1548 4209 sicut
1569 4153 1788 4209 Domine

211 4244 509 4317 baptizato,
539 4243 618 4299 sic
653 4253 708 4299 et
747 4245 1129 4315 transﬁgurata
1164 4245 1480 4316 mysterium
1511 4245 1796 4299 Trinitatis

212 4333 545 4398 declaratur,
588 4335 710 4404 quia
738 4334 960 4403 gloriam
994 4352 1155 4405 (liram
1188 4336 1241 4390 in
1270 4335 1597 4406 baptismate
1624 4334 1797 4391 conﬁ-

214 4436 415 4491 temur,
449 4426 502 4479 in
532 4428 928 4483 resurrectione
954 4428 1271 4483 videbimus.
1324 4428 1558 4498 Spiritus
1600 4429 1654 4482 in
1700 4442 1796 4489 co-

1909 3334 2018 3381 tam
2061 3328 2126 3381 dc
2174 3326 2457 3391 tarditate,
2506 3341 2667 3396 quam
2706 3326 2773 3379 de
2816 3340 3000 3379 amore
3046 3324 3307 3389 nascitur,
3357 3323 3484 3393 quia

1908 3415 2087 3470 adhuc
2129 3414 2405 3480 carnales,
2450 3422 2505 3470 et
2550 3414 2793 3484 mysterii
2837 3414 3013 3468 crucis
3056 3412 3281 3483 ignari,
3322 3427 3483 3482 quem

1910 3506 2077 3562 Deum
2116 3515 2515 3575 cognoverunt,
2556 3506 2879 3561 moriturum
2915 3505 3137 3561 credere
3175 3513 3479 3575 nequeunt,

1906 3599 1999 3653 sed
2027 3599 2166 3653 sicut
2193 3613 2290 3668 per
2317 3597 2516 3668 ﬁguras
2543 3597 2849 3668 loquentem
2880 3596 3065 3650 audire
3096 3595 3374 3659 solebant,
3400 3595 3480 3651 sic

1903 3689 2064 3742 etiam
2090 3690 2232 3757 quod
2259 3688 2326 3743 de
2353 3703 2450 3743 sua
2484 3688 2772 3743 traditione
2813 3686 3150 3756 loquebatur,
3186 3684 3482 3757 ﬁguraliter

1904 3779 2046 3834 aliud
2071 3778 2375 3849 signiﬁcare
2399 3780 2679 3851 putabant.

1974 3868 2133 3925 Vens.
2154 3870 2243 3925 46.
2258 3901 2332 3911 -
2345 3870 2566 3926 Intravit
2591 3881 2762 3927 eadem
2789 3874 3051 3943 cogitatio.
3075 3873 3213 3941 Quia
3232 3873 3480 3928 viderant

1857 4014 1867 4019 -
1902 3960 2120 4017 Petrum
2147 3970 2203 4015 et
2224 3960 2482 4019 Jacome
2511 3972 2568 4018 et
2589 3963 2852 4019 Joannem
2887 3964 2939 4017 in
2969 3971 3202 4018 montem
3232 3977 3478 4017 seorsum

1902 4052 2108 4110 ductos.
2141 4063 2520 4123 secretumque
2549 4054 2766 4123 aliquod
2795 4053 2875 4108 eis
2899 4069 3019 4108 esse
3047 4052 3320 4108 traditum.
3373 4051 3480 4108 Sed

1899 4158 1956 4200 et
1984 4142 2144 4197 Petro
2174 4157 2424 4198 superius
2465 4143 2645 4197 claves
2686 4143 2835 4213 regni
2883 4142 3146 4198 caelorum
3187 4156 3308 4198 esse
3347 4157 3479 4214 pro-

1901 4237 2117 4301 missas,
2157 4234 2566 4305 Ecclesiamque
2602 4250 2765 4306 super
2791 4250 2913 4290 eum
2952 4250 3073 4291 esse
3106 4233 3478 4290 aediﬁcandam

1902 4326 2002 4380 rati
2031 4333 2189 4390 sunt;
2221 4324 2337 4389 vel,
2366 4326 2499 4381 istos
2528 4333 2638 4380 tres
2663 4325 2893 4389 czeteris,
2922 4324 3042 4391 vel,
3073 4324 3322 4379 omnibus
3349 4339 3481 4394 apo-

1899 4420 2053 4476 stolis
2089 4419 2309 4476 Petrum
2352 4435 2476 4476 esse
2514 4419 2835 4489 przelatum:
2883 4419 2966 4474 vel
3010 4418 3136 4490 quia
3184 4418 3240 4473 in
3288 4416 3478 4473 tributi

204 4517 419 4583 lumba,
444 4517 533 4573 hic
568 4519 624 4573 in
665 4520 807 4573 nube
848 4519 1057 4585 lucida,
1100 4521 1225 4589 quia
1254 4521 1345 4588 qui
1376 4535 1519 4578 nunc
1561 4519 1792 4590 simplici

1920 4510 2170 4565 solutione
2198 4511 2415 4566 Petrum
2445 4510 2545 4581 ipsi
2576 4511 2802 4567 Domino
2830 4509 3169 4580 puriﬁcatam
3199 4510 3479 4574 viderant,

212 4611 382 4664 corde
423 4609 580 4664 ﬁdem
619 4621 828 4675 servat,
873 4619 1000 4667 tunc
1032 4620 1217 4682 aperta
1250 4611 1369 4666 luce
1393 4612 1620 4672 visionis
1655 4627 1791 4671 con-

212 4700 565 4770 templabitur
590 4702 733 4771 quod
763 4701 1011 4767 credidit,
1043 4702 1270 4773 ipsaque
1298 4716 1405 4777 qua
1436 4701 1794 4766 illustrabitur

210 4791 389 4864 gratia
414 4831 430 4858 ,
482 4801 812 4863 protegetur.
863 4791 1110 4850 Im'entus
1150 4801 1226 4848 est
1263 4791 1417 4847 Iesus
1455 4792 1618 4853 solus.
1672 4792 1791 4849 Non

210 4882 397 4946 Elias,
438 4898 545 4937 non
585 4882 830 4955 Moyses,
873 4884 967 4939 sed
998 4897 1163 4954 quem,
1191 4882 1364 4942 solum
1393 4883 1619 4960 videtis,
1666 4883 1796 4939 huic

211 4969 486 5041 ﬁgendum
513 4978 597 5026 est
624 4971 1028 5027 tabernaculum
1059 4973 1112 5027 in
1142 4973 1324 5028 corde.
1360 4972 1637 5035 Recedunt
1664 4989 1794 5046 ergo

211 5059 292 5113 illi
320 5059 413 5114 ubi
440 5057 699 5116 Dominus
739 5061 903 5132 erepit
931 5061 1234 5134 designari,
1275 5077 1343 5119 ne
1381 5064 1450 5119 ad
1478 5079 1665 5122 servos
1690 5081 1796 5122 vox

211 5147 396 5203 Patris
421 5150 583 5205 missa
611 5160 847 5222 putetur.

291 5234 450 5294 vm.
481 5240 662 5294 57.—
693 5239 917 5296 Factum
963 5252 1038 5297 est
1084 5253 1259 5298 autent
1304 5244 1361 5299 in
1401 5245 1635 5315 sequenti
1672 5246 1796 5315 die,

209 5327 645 5383 descendentibus
672 5329 778 5385 illis
807 5330 872 5385 de
900 5339 1092 5386 mante.
1150 5331 1256 5387 Pro
1281 5333 1543 5404 qualitate
1574 5336 1795 5392 merito-

209 5434 357 5483 rum,
383 5420 625 5489 quotidie
640 5421 897 5477 Dominus
920 5422 1040 5479 aliis
1063 5423 1326 5490 ascendit,
1350 5424 1477 5481 dum
1498 5425 1792 5496 perfectos,

210 5524 447 5579 quorum
468 5513 805 5569 conversatio
824 5513 878 5569 in
898 5515 1051 5571 melis
1071 5526 1173 5581 est.
1191 5516 1475 5573 sublimius
1491 5519 1799 5576 extollendo

210 5600 501 5668 gloriﬁcat,
524 5602 670 5659 etde
694 5605 912 5661 aeternis
943 5605 1166 5662 instruit
1188 5616 1242 5662 et
1263 5607 1420 5663 docet
1439 5624 1559 5680 qua:
1582 5625 1613 5663 a
1640 5610 1796 5667 turba

210 5705 322 5744 non
354 5691 529 5746 audiri
558 5694 792 5750 valeant.
827 5696 963 5753 Aliis
989 5700 1285 5765 descendit,
1313 5699 1441 5755 dum
1474 5709 1719 5757 terrenos
1744 5713 1800 5759 et

212 5780 536 5852 incipientes
562 5784 829 5841 confortat
864 5795 917 5841 et
956 5789 1110 5844 docet
1151 5798 1202 5844 et
1246 5790 1494 5862 castigat.
1550 5789 1795 5848 Occurrit

1901 4603 2076 4673 ipsum
2135 4604 2346 4659 caeteris
2400 4603 2799 4674 prafereudum
2861 4603 3288 4658 arbitrabantur.
3369 4602 3477 4658 Sed

1901 4692 2178 4749 sciendum
2204 4703 2288 4750 est
2312 4695 2468 4750 istam
2498 4696 2851 4766 qumstionem
2889 4701 2945 4749 et
2979 4701 3107 4749 ante
3132 4693 3392 4749 tributum
3421 4701 3480 4748 et

1898 4793 2023 4857 post
2050 4785 2308 4840 tributum
2335 4784 2566 4842 solutum
2593 4802 2714 4841 esse
2741 4785 2962 4840 factam.

1972 4875 2140 4932 Vens.
2172 4876 2261 4932 48.
2304 4906 2374 4917 -
2422 4875 2732 4948 Quicunque
2768 4877 3049 4946 susceperit
3089 4892 3329 4947 puerum.
3378 4874 3477 4932 Vel

1900 4967 2254 5038 simpliciter:
2288 4984 2555 5039 pauperes
2580 4967 2781 5023 Christi
2810 4969 2878 5023 ab
2904 4969 2991 5023 his
3018 4969 3109 5040 qui
3141 4969 3331 5025 volunt
3356 4986 3479 5028 esse

1904 5055 2156 5126 majores,
2201 5072 2299 5127 pro
2341 5056 2457 5125 ejus
2494 5059 2649 5113 docet
2681 5072 2802 5113 esse
2839 5058 3046 5114 honore
3082 5060 3474 5129 suscipiendos.

1905 5148 2000 5206 Vel
2028 5147 2281 5219 parvulos
2309 5147 2514 5203 malitia
2543 5149 2698 5203 docet
2721 5163 2862 5216 esse,
2887 5158 2947 5204 ut
2973 5150 3196 5223 puerilis
3221 5150 3477 5207 innocen-

1904 5241 1991 5299 tia:
2035 5240 2429 5312 simplicitatem
2467 5250 2828 5308 conservent,
2877 5250 2937 5297 ut
2984 5238 3215 5298 formam
3256 5243 3477 5299 virtutis

1904 5350 2066 5405 quam
2097 5343 2288 5389 natura
2327 5334 2463 5391 duce
2495 5350 2629 5406 puer
2654 5334 2942 5399 observat,
2988 5335 3091 5405 ipsi
3135 5348 3234 5405 pro
3258 5334 3478 5390 nomine

1905 5425 2105 5484 Christi
2137 5435 2431 5493 sequantur
2456 5442 2523 5483 ex
2553 5422 2836 5481 industria.
2885 5422 2973 5482 Me
2997 5427 3196 5497 recipit.
3225 5425 3327 5494 Qui
3357 5427 3480 5481 imi-

1902 5528 2135 5574 tatorem
2177 5517 2386 5573 Christi
2425 5517 2646 5589 recipit,
2692 5516 2968 5574 Christum
3008 5518 3236 5590 recipit,
3286 5526 3341 5573 et
3383 5519 3475 5588 qui

1901 5612 2187 5684 imaginem
2215 5611 2310 5667 Dei
2336 5610 2546 5682 recipit,
2564 5608 2741 5667 .Dcum
2769 5611 2977 5681 recipit.

1971 5701 2134 5758 Vsus.
2163 5700 2335 5757 49.—
2359 5703 2589 5758 Joannes
2611 5704 2760 5757 dixit.
2793 5701 3028 5759 Joannes
3056 5702 3279 5772 diligens
3307 5699 3475 5754 Demn

1902 5802 1956 5851 ct
1986 5809 2015 5848 a
2045 5792 2271 5848 Domino
2292 5792 2537 5860 dilectus,
2564 5788 2955 5851 excludendum
2979 5799 3132 5861 putat
3157 5806 3187 5846 a
3212 5788 3475 5846 beneﬁcio
