3960 6336
507 335 614 392 283

1006 332 1396 387 WALAFRIDI
1433 330 1677 386 STRABI
1715 328 1917 384 FULD.
1957 327 2120 384 MON.
2161 327 2313 383 ΟΡΡ.
2353 330 2532 385 PARS
2567 331 2606 385 l.
2647 362 2716 372 —
2754 331 3208 389 THEOLOGICA.

3643 336 3745 393 εει

508 443 599 512 qui
643 457 746 497 non
794 449 973 497 utatur
1001 441 1278 511 obsequio,
1323 439 1442 495 ideo
1485 439 1708 496 docetur
1737 439 2005 493 neminem
2045 451 2075 490 a
2107 439 2152 497 A
2183 439 2274 492 lict
2297 440 2398 494 illis
2420 442 2510 510 qui
2533 441 2676 497 nulla
2703 443 2929 500 utilitate
2953 459 3092 514 saepe
3114 444 3293 501 visitat
3317 445 3508 502 domos
3531 461 3745 504 suorum

512 532 653 588 bono
679 532 820 600 quod
856 547 919 586 es
954 539 1103 600 parte
1140 530 1336 594 habet,
1370 545 1490 585 esse
1521 527 1847 591 arcendum,
1885 525 1978 581 sed
2011 525 2079 579 ad

508 623 613 679 hoc
649 622 826 692 potius
855 621 998 691 quod
1028 619 1264 674 nondum
1303 619 1466 674 habet
1499 633 1620 674 esse
1656 615 2075 688 provocandum.

509 712 670 768 Tales
692 711 854 768 etiam
883 713 953 765 ob
977 709 1206 764 aliorum
1235 709 1465 762 salutem
1503 706 1820 762 admittendi
1853 720 2080 760 censen-

508 809 616 856 tur.
646 801 812 872 Igitur
839 800 892 854 in
921 799 1190 854 haereticis
1217 799 1302 852 vel
1339 799 1392 852 in
1431 798 1590 854 malis
1617 797 1894 852 catholicis
1918 836 1934 859 ,
1972 811 2079 851 non

507 898 846 945 sacramenta
876 888 1181 943 communia
1213 889 1267 941 in
1295 889 1490 956 quibus
1517 887 1796 943 nobiscum
1826 894 1982 952 sunt,
2025 897 2081 943 et

504 982 786 1037 adversum
816 996 914 1036 nos
939 996 1045 1036 non
1076 989 1233 1046 sunt,
1267 981 1361 1036 sed
1388 981 1703 1036 divisionem
1731 979 1849 1049 paci
1877 978 2076 1032 verita-

506 1072 653 1140 tique
675 1072 1027 1135 contrariam,
1058 1087 1163 1141 qua
1192 1072 1476 1126 adversum
1507 1085 1604 1124 nos
1634 1077 1782 1134 sunt,
1814 1075 1869 1123 et
1899 1066 2080 1122 Domi-

504 1175 633 1217 uum
655 1177 761 1218 non
784 1171 1080 1233 sequuntur
1100 1162 1403 1228 nobiscum,
1427 1159 1683 1216 detestari
1708 1167 1764 1214 et
1789 1159 2078 1228 prohibere

501 1251 782 1306 debemus.

576 1338 738 1394 Vens.
770 1341 858 1395 50.
880 1370 950 1380 -
978 1339 1157 1394 Nolite
1184 1340 1472 1410 pro/libere.
1504 1338 1607 1404 Qui
1637 1340 1792 1394 enim.
1843 1337 1959 1393 Non
1994 1354 2082 1394 res

501 1433 853 1502 prehenditur
875 1431 1118 1488 Joannes
1139 1434 1264 1501 quia
1293 1448 1477 1488 amore
1505 1433 1763 1497 faciebat,
1795 1433 1890 1488 sed
1918 1434 2076 1488 doce-

505 1533 593 1576 tur
616 1533 675 1578 ut
702 1525 908 1578 noverit
943 1524 1276 1578 infirmorum
1311 1539 1432 1579 esse
1458 1524 1840 1594 ﬁrmorumque
1865 1523 2070 1579 distan-

501 1615 656 1679 tiam,
685 1616 808 1685 quia
849 1617 1125 1679 Dominus,
1170 1617 1270 1671 etsi
1309 1625 1619 1672 rcmunerat
1661 1615 1931 1682 fortiores,
1967 1631 2091 1680 non

501 1705 737 1761 excludit
763 1705 1023 1761 infirmos.

573 1794 731 1850 Vens.
761 1795 849 1850 54.
876 1826 947 1836 —
986 1797 1222 1860 Domine,
1255 1797 1346 1852 vis.
1399 1797 1584 1868 (θεν.)
1618 1795 1854 1868 Apostoli
1897 1798 2073 1854 adhuc
2102 1779 2148 1838 Β

500 1885 661 1942 rudes
697 1897 753 1942 et
787 1889 1002 1943 modum
1031 1889 1336 1944 vindicandi
1378 1891 1713 1960 ignorantes,
1743 1899 1870 1956 etc.,
1911 1908 2072 1962 usque

496 1977 566 2031 ad
600 1977 718 2032 talis
743 1986 984 2047 potestas
1012 1981 1217 2034 sanctis
1243 1982 1371 2036 viris
1399 1997 1429 2034 a
1457 1982 1568 2036 Deo
1593 1982 1782 2038 collata
1810 1991 1910 2039 est.

567 2067 802 2122 Dicimus
829 2078 886 2122 ut
911 2069 1046 2139 ignis
1075 2069 1350 2125 descendat
1379 2073 1444 2126 de
1470 2072 1614 2128 caelo.
1657 2072 1738 2128 Ad
1767 2088 2072 2130 sermonem

497 2155 721 2212 istorum
769 2157 909 2230 ignis
937 2159 1003 2213 de
1033 2160 1169 2215 ccelo
1207 2163 1593 2228 descenderet,
1643 2164 1769 2234 quia
1813 2176 1938 2220 sunt
1977 2165 2073 2221 lilii

496 2249 741 2305 tonitrui.
780 2249 847 2304 Et
877 2261 1146 2305 consumat
1177 2252 1342 2307 illos?
1390 2253 1460 2308 Et
1489 2271 1763 2311 conversus
1793 2257 2073 2327 increpavit

495 2336 612 2392 illos
637 2348 684 2392 et
713 2339 868 2393 dixit.
920 2339 978 2394 ln
1025 2339 1377 2416 similitudine
1420 2342 1578 2408 Elim,
1626 2345 1719 2415 qui
1761 2353 1817 2400 et
1855 2347 2068 2416 propria

497 2445 658 2485 manu
695 2440 750 2486 et
786 2431 908 2503 igne
934 2433 1190 2488 divinitus
1227 2434 1916 2508 impetrato,.presbyteros
1944 2439 2074 2494 Baal.

493 2529 667 2576 morte
688 2520 886 2577 alfecit.
915 2523 982 2576 Et
1001 2523 1053 2577 in
1075 2523 1175 2580 hoc
1196 2525 1336 2593 quod
1359 2527 1585 2596 apostoli
1607 2537 1926 2598 potestatem
1948 2530 2071 2586 talis

491 2613 768 2683 prophetae
804 2615 904 2670 sibi
935 2626 1296 2684 praesumunt,
1335 2619 1638 2676 ostenditur
1664 2621 1718 2676 in
1747 2621 1877 2692 ipsis
1904 2621 2072 2678 fuisse

494 2706 747 2760 meritum
775 2707 1180 2776 prophetarum.

565 2797 783 2869 (Anam)
822 2797 939 2853 Non
967 2809 1196 2869 peccant
1223 2803 1478 2871 apostoli,
1511 2803 1602 2873 qui
1633 2803 1804 2876 legem
1836 2819 2069 2874 sequun-

495 2894 599 2952 tur,
630 2896 760 2954 etc.,
810 2905 970 2960 usque
1007 2891 1076 2944 ad
1103 2891 1395 2946 vindictam
1441 2908 1549 2949 non
1593 2895 1787 2965 quaerit
1825 2896 1916 2966 qui
1963 2912 2068 2953 non

495 2980 668 3035 timet.

569 3069 728 3125 Vens.
759 3070 847 3126 55.
884 3099 960 3116 —
1006 3069 1235 3128 Nescitis
1282 3075 1432 3145 cujus
1465 3077 1676 3147 spiritus
1713 3079 1854 3136 estis.
1905 3079 2068 3151 Cujus

2178 544 2314 598 quas
2341 530 2761 602 dereliquerunt.

2795 664 3022 722 CAPUT
3059 666 3127 721 Χ.

2248 795 2410 852 Vens.
2447 799 2496 852 l.
2519 829 2589 839 —
2618 797 2742 852 Post
2768 800 2880 854 Iure
2904 808 3099 864 autem,
3127 806 3231 856 etc.
3282 797 3462 871 (Ben.)
3512 798 3662 856 Sicut
3693 802 3744 856 in

2176 890 2434 958 apostolis
2451 898 2553 954 est,
2571 889 2740 945 forma
2764 891 3306 961 episcoporum,etc.,
3334 909 3496 962 usque
3517 893 3588 946 ad
3611 892 3748 948 sicut

2177 978 2255 1032 sol
2302 979 2606 1032 triduanum
2647 995 2760 1035 sua
2799 980 2933 1036 lucis
2970 981 3228 1036 ambitum
3270 996 3366 1051 per
3409 981 3747 1053 septuaginta

2176 1067 2312 1122 duas
2337 1068 2499 1123 horas
2523 1068 2734 1124 ellicere
2761 1069 2920 1125 solet.

2209 1187 2224 1208 .
2247 1157 2390 1212 Misit
2420 1158 2538 1214 illos
2567 1161 2731 1214 binos.
2782 1160 2886 1215 Per
2915 1162 3017 1216 hoc
3042 1163 3180 1232 quod
3228 1163 3382 1219 binos
3416 1163 3617 1229 mittit,
3668 1165 3748 1220 in-

2177 1250 2357 1303 nuitur
2374 1249 2516 1320 quod
2543 1265 2702 1305 nemo
2726 1251 3122 1320 praedicationis
3143 1253 3374 1310 oﬂicium
3400 1256 3557 1310 debet
3582 1257 3748 1312 susci-

2174 1356 2324 1411 pere,
2349 1343 2438 1410 qui
2465 1358 2593 1414 erga
2620 1343 2785 1398 alium
2812 1345 3131 1400 charitatem
3159 1362 3263 1400 non
3293 1346 3473 1404 habet.
3508 1347 3607 1402 Vel
3633 1347 3746 1404 bini

2177 1432 2796 1499 mittuntur,,seeundum
2821 1437 2964 1505 quod
2992 1437 3115 1492 bina
3145 1438 3398 1492 animalia
3428 1439 3590 1494 missa
3623 1449 3752 1495 sunt

2177 1522 2229 1576 in
2253 1538 2457 1586 arcam,
2487 1525 2536 1578 id
2567 1533 2650 1579 est
2676 1527 2946 1582 masculus
2971 1536 3026 1582 et
3053 1527 3572 1594 feminatimmunda
3597 1531 3751 1600 prius

2176 1611 2229 1666 in
2255 1612 2459 1668 carnali
2485 1617 2854 1684 generatione,
2878 1617 2970 1673 sed
2998 1619 3248 1673 mundata
3279 1618 3536 1675 Ecclesia:
3562 1634 3748 1676 sacra-

2174 1714 2357 1761 mento
2380 1721 2478 1775 per
2497 1707 2826 1778 spiritualem
2856 1709 3086 1780 gratiam
3114 1710 3169 1766 in
3196 1711 3580 1784 discipulorum
3610 1729 3751 1784 prm-

2176 1795 2466 1853 dicatione.

2246 1888 2409 1943 Vens.
2441 1887 2495 1941 2.
2521 1919 2590 1929 —
2627 1888 2812 1945 Messis
2834 1891 3043 1962 quidem
3083 1892 3270 1958 multa,
3299 1893 3527 1963 operarii
3570 1903 3776 1949 autem.

2171 1981 2345 2050 pauci.
2381 1979 2586 2044 Messis,
2617 1983 2773 2036 turba
2796 1983 3154 2048 credentium,
3181 1984 3409 2052 operarii
3435 1985 3671 2053 apostoli
3699 1995 3758 2039 et

2173 2084 2434 2138 sequaces
2461 2085 2668 2126 eorum.
2717 2072 2784 2127 Et
2811 2073 2938 2129 licet
2967 2075 3158 2130 messis
3184 2076 3348 2130 verbo
3375 2075 3472 2130 Dei
3501 2076 3573 2130 sit
3599 2087 3774 2141 sata“

2177 2169 2354 2216 tamen
2379 2161 2602 2218 cultura:
2629 2162 2867 2220 laborem
2897 2173 2950 2221 et
2975 2166 3262 2221 sollicitum
3289 2182 3486 2222 munus
3505 2169 3753 2237 operarii

2173 2251 2424 2320 requirit,
2453 2268 2520 2308 ne
2546 2268 2672 2310 aves
2699 2255 2818 2310 οωιί
2846 2271 3029 2326 sparsa
3056 2255 3260 2311 semina
3290 2257 3572 2326 dissipent.

2243 2341 2404 2397 Vens.
2437 2342 2490 2396 5.
2521 2373 2592 2382 —-
2629 2341 2778 2400 Sicut
2820 2361 2981 2416 agnos
3021 2347 3157 2400 inter
3185 2345 3351 2415 lupos.
3405 2347 3559 2402 Sicut
3587 2348 3752 2420 lupus

2171 2430 2383 2496 ovibus,
2431 2430 2508 2486 sic
2552 2431 2839 2488 haereticus
2873 2433 3160 2489 insidiatur
3187 2434 3452 2490 fidelibus.
3503 2437 3569 2491 Et
3605 2438 3752 2492 sicut

2172 2523 2328 2594 lupus
2351 2524 2492 2580 ovile
2517 2525 2768 2580 circumit
2791 2535 2965 2590 nocte,
2990 2543 3096 2582 non
3120 2528 3321 2581 audens
3348 2528 3570 2594 intrare,
3595 2529 3753 2586 canis

2172 2629 2418 2670 somnum
2445 2617 2679 2684 pastoris
2704 2616 3004 2672 absentiam
3032 2617 3115 2673 vel
3144 2617 3416 2685 desidiam-
3435 2618 3759 2687 explorans.

2171 2706 2250 2761 sic
2290 2707 2576 2762 haereticus
2613 2717 2770 2764 nocte
2800 2723 2910 2762 suae
2943 2709 3405 2779 interpretationis
3435 2707 3619 2763 fideles
3651 2709 3751 2764 de-

2172 2797 2352 2868 cipere
2379 2807 2605 2853 conatur
2629 2799 2925 2856 Ecclesiam
2956 2817 3062 2856 non
3102 2802 3336 2863 intrans,
3369 2811 3612 2872 pastores
3644 2801 3753 2856 Ec-

2171 2889 2350 2945 clesia:
2375 2889 2460 2944 vel
2482 2890 2676 2958 vitare,
2708 2892 2795 2949 vel
2821 2907 3035 2958 necare,
3064 2892 3149 2947 vel
3175 2893 3228 2947 in
3256 2893 3500 2950 exsilium
3533 2893 3755 2948 mittere

2171 2985 2464 3039 contendit.
2511 2985 2694 3056 Lupus
2722 2995 2914 3040 natura
2943 2986 3188 3055 corporis
3220 2986 3452 3057 rigidus,
3500 2999 3556 3040 se
3590 2983 3752 3041 infle-

2172 3080 2320 3127 ctere
2346 3071 2503 3129 facile
2539 3089 2646 3128 non
2679 3082 2893 3144 potest,
2940 3075 3018 3130 sic
3059 3076 3344 3130 haereticus
3387 3075 3780 3130 intentionem

494 3160 683 3231 spiritu
713 3162 910 3233 signati
940 3163 1092 3230 estis,
1127 3163 1282 3234 cujus
1309 3175 1426 3222 acta
1458 3167 1742 3225 imitamini
1759 3211 1773 3235 ,
1811 3188 1952 3228 nunc
1978 3130 2069 3244 pic
2093 3130 2144 3196 ο
2172 3163 2292 3218 duri
2318 3165 2498 3220 cordis
2521 3179 2628 3220 non
2655 3165 2792 3225 solet
2817 3165 2887 3220 ab
2911 3181 3097 3221 errore
3124 3180 3400 3221 revocare.

493 3254 852 3320 consulentes,
883 3257 977 3312 sed
1005 3257 1058 3311 in
1086 3255 1267 3313 futuro
1287 3258 1431 3329 juste
1449 3261 1773 3330 iudicantes.

566 3346 730 3400 Vens.
758 3345 845 3402 56.
871 3377 942 3388 —
971 3345 1144 3402 Filius
1175 3349 1398 3405 hominis
1428 3369 1532 3406 non
1559 3354 1692 3407 venit
1719 3355 1923 3410 animas
1950 3372 2070 3426 per-

495 3437 637 3502 dere,
666 3437 756 3491 sed
783 3437 1005 3503 salvare,
1029 3446 1134 3493 etc.
1175 3439 1422 3496 Perfecta
1445 3441 1618 3496 virtus
1642 3458 1745 3497 non
1773 3445 1934 3500 habet
1956 3453 2069 3500 stu-

495 3526 645 3580 dium
675 3525 922 3592 ultionis,
944 3543 1044 3583 nec
1069 3527 1176 3582 ulla
1203 3539 1285 3584 est
1314 3530 1620 3598 iracundia,
1661 3533 1751 3588 ubi
1778 3542 1863 3590 est
1888 3535 2070 3592 chari-

495 3615 622 3669 tatis
647 3613 954 3684 plenitudo.

565 3705 743 3776 (Bern)
776 3705 893 3761 Non
935 3723 1150 3778 semper
1177 3708 1229 3763 in
1257 3724 1352 3766 eos
1389 3711 1479 3781 qui
1518 3723 1747 3782 peccant
1783 3716 2069 3782 estvindig

495 3795 748 3862 candum,
788 3805 918 3864 etc.,
967 3816 1130 3870 usque
1178 3801 1247 3854 ad
1299 3817 1330 3856 a
1375 3805 1572 3873 quibus
1617 3805 1721 3862 hoc
1769 3805 1886 3862 loco
1923 3802 2070 3879 ignis

497 3897 734 3944 arcetur.

568 3979 732 4036 Vens.
771 3981 861 4036 57.
899 4013 968 4024 —
1009 3983 1156 4038 Dixit
1195 3987 1426 4057 quidam.
1474 3988 1598 4061 (lo.)
1648 3990 1752 4046 Iste
1794 3991 2070 4059 signorum

499 4075 863 4145 magnitudine
887 4085 1064 4131 motus
1081 4077 1194 4132 vult
1216 4080 1388 4150 sequi,
1404 4090 1535 4147 etc.,
1565 4099 1724 4153 usque
1743 4085 1813 4137 ad
1839 4094 1893 4138 et
1917 4085 2074 4141 finxit

496 4167 810 4238 obsequium
851 4169 1137 4241 discipuli,
1189 4187 1310 4241 qua:
1355 4171 1499 4229 fictio
1539 4191 1638 4245 per
1672 4177 1881 4246 vulpem
1930 4177 2070 4249 figu-

500 4269 672 4315 ratur.

569 4351 730 4404 Vens.
758 4350 920 4406 58.—
933 4348 1120 4420 Vulpes
1147 4351 1321 4420 foveas
1348 4354 1557 4408 habent.
1587 4355 1705 4424 (10.)
1735 4356 1927 4425 Vulpes
1955 4359 2074 4414 auia

2243 3255 2403 3312 Vens.
2435 3255 2488 3310 4.
2521 3285 2594 3296 -
2635 3255 2816 3311 Nolite
2859 3273 2980 3326 ergo
3025 3265 3234 3325 portare
3273 3254 3554 3310 sacculum.
3584 3272 3759 3323 neque

2169 3360 2368 3414 peram.
2403 3344 2574 3399 Tanta
2601 3344 2944 3415 prtedicatori
2971 3343 3131 3399 debet
3157 3359 3276 3398 esse
3305 3342 3499 3398 fiducia
3529 3342 3580 3395 in
3609 3341 3758 3405 Deo.

2169 3442 2229 3488 ut
2251 3435 2529 3504 praesentis
2551 3435 2674 3490 vitte
2699 3443 2944 3505 sumptus
2968 3434 3069 3490 etsi
3097 3450 3203 3487 non
3230 3432 3538 3504 praevideat,
3563 3439 3759 3486 tamen

2171 3522 2272 3580 sibi
2301 3539 2408 3578 non
2437 3523 2744 3581 defecturos
2774 3524 3078 3579 certissime
3109 3525 3276 3586 sciat,
3314 3538 3381 3578 ne
3408 3523 3541 3577 dum
3577 3536 3759 3577 occuo

2170 3623 2329 3686 patur
2357 3631 2510 3671 mens
2540 3616 2605 3670 ad
2637 3615 2950 3686 temporalia
2969 3656 2984 3680 ,
3027 3614 3204 3669 minus
3235 3615 3486 3683 prmdicet
3517 3621 3757 3667 aeterna.

2172 3705 2448 3761 Neminem
2473 3723 2566 3778 per
2589 3709 2726 3762 viam
2751 3705 3124 3761 salutaveritis.
3150 3706 3432 3761 Festinare
3449 3704 3598 3772 jubet
3616 3721 3762 3760 cou-

2172 3797 2410 3862 tendere,
2435 3812 2502 3852 ne
2522 3797 2747 3868 alicujus
2775 3796 2920 3852 obvii
2947 3795 3380 3851 confabulatione
3406 3792 3658 3849 reﬂectan
3669 3805 3763 3849 tur

2169 3888 2237 3942 ab
2276 3887 2515 3966 injuncto
2553 3889 2765 3944 itinere.
2814 3887 2924 3944 Nec
2957 3889 3273 3958 εἰηιριῐείιει·
3311 3889 3427 3942 ait:
3473 3887 3763 3942 Neminem

2169 3981 2520 4036 salutaverilis
2549 3997 2669 4036 cum
2699 3981 2769 4043 sit
2794 3997 2922 4034 usus
2949 3979 3300 4034 humanitatis
3328 3977 3462 4032 alius
3485 3975 3660 4032 saluta
3673 3995 3762 4042 re,

2170 4073 2262 4126 sed
2291 4072 2525 4136 addidit,
2572 4073 2625 4128 in
2665 4072 2778 4136 ria,
2819 4073 2943 4140 quia
2974 4085 3082 4124 non
3111 4067 3450 4124 salutationis
3482 4065 3764 4123 sedulitas

2170 4162 2427 4228 aufertur,
2455 4164 2548 4226 sed
2570 4161 2905 4216 obstaculum
2931 4160 3276 4231 impedienda:
3298 4157 3598 4214 devotionis
3616 4159 3763 4214 abo-

2171 4251 2332 4316 letur,
2358 4262 2420 4307 ut
2445 4251 2658 4322 quando
2683 4251 2864 4306 divina
2893 4251 3232 4315 mandantur,
3257 4247 3526 4318 paulisper
3555 4264 3764 4318 seque-

2171 4352 2412 4399 strentur
2436 4344 2689 4398 humana.

501 4442 609 4496 mal
638 4441 797 4497 fallax
817 4482 832 4505 ,
878 4441 1088 4497 insidiis
1117 4442 1406 4507 intentum,
1437 4445 1652 4514 rapinas
1681 4444 1886 4503 fraudis
1911 4465 2070 4504 exer-
2097 4478 2148 4539 υ
2244 4435 2408 4539 V5.35-
2438 4436 2491 4488 7-
2514 4465 2584 4539 :-
2616 4435 2679 4488 Ῐη
2707 4435 2888 4488 eadem
2916 4443 3094 4537 αιξίθηι
3131 4433 3307 4486 domo-
3438 4447 3540 4503 Pax
3568 4441 3762 4539 *εει-ττι

499 4547 647 4594 cens,
677 4532 840 4587 etiam
871 4531 1009 4586 inter
1036 4532 1149 4600 ipsa
1177 4532 1454 4586 hominum
1483 4533 1712 4602 hospitia
1743 4535 1990 4593 habitans
2017 4538 2070 4593 in

501 4623 709 4679 foveis:
744 4624 819 4678 ita
849 4622 1134 4678 haereticus
1162 4622 1378 4678 domum
1409 4622 1530 4677 fidei
1572 4639 1677 4678 non
1714 4624 1914 4682 habens
1939 4628 2073 4684 alios

505 4714 556 4768 in
585 4729 736 4768 suam
764 4712 1004 4766 fraudem
1036 4713 1201 4767 trahit
1224 4722 1281 4767 et
1305 4728 1335 4766 a
1365 4711 1470 4768 fide
1492 4713 1720 4770 seducit.

576 4802 739 4856 Vens.
769 4801 860 4856 59.
884 4831 950 4842 --
989 4801 1073 4856 Ait
1104 4811 1279 4856 autem
1307 4803 1375 4856 ad
1405 4802 1650 4858 alterum.
1703 4803 1933 4862 Attende
1968 4807 2072 4863 Do-

504 4892 709 4947 minum
739 4907 844 4946 non
880 4891 1066 4962 culpas
1095 4903 1473 4960 aspernatum,
1519 4896 1615 4952 sed
1659 4896 1904 4963 fraudes,
1948 4899 2074 4968 quia

504 4982 598 5053 qui
652 4981 954 5050 repudiavit
1001 4979 1439 5047 fraudulentum,
1493 4985 1648 5057 elegit
1699 4985 2074 5054 innocentem,

507 5073 603 5127 sed
637 5088 759 5127 eum
798 5070 950 5140 cujus
987 5081 1195 5142 patrem
1231 5073 1435 5128 sciebat
1466 5085 1768 5142 mortuum,
1803 5076 1949 5130 illum
1979 5091 2075 5146 pa-

509 5177 644 5218 trem
687 5164 754 5218 de
795 5178 903 5232 quo
947 5162 1184 5218 dicitur:
1219 5162 1534 5219 Obliviscere
1559 5164 1770 5218 domum
1806 5166 1970 5235 patris
1999 5168 2078 5221 tui

509 5254 681 5326 (Psal.
710 5254 878 5324 κων),
909 5264 1016 5310 etc.

580 5345 740 5401 Vens.
773 5344 860 5400 60.
881 5376 952 5386 —
980 5344 1103 5400 Sine
1133 5355 1186 5400 ut
1222 5348 1433 5402 mortui.
1475 5347 1653 5420 (Ben.)
1684 5349 1924 5421 Mystice.
1957 5348 2073 5405 Non

513 5445 794 5494 revocatur
822 5437 890 5491 ab
917 5435 1089 5491 ollicio
1126 5437 1294 5507 patris
1331 5439 1492 5505 filius,
1517 5449 1647 5506 etc.,
1683 5457 1843 5510 usque
1869 5441 1936 5494 ad
1965 5442 2077 5496 dia-

511 5528 614 5582 boli
643 5527 893 5596 perlidias
922 5528 973 5583 in
1001 5543 1058 5583 se
1083 5528 1310 5597 sepelire
1339 5546 1443 5584 non
1469 5531 1645 5587 debet.

583 5617 743 5674 Vens.
775 5619 859 5673 6|.
884 5650 951 5658 -—
999 5618 1317 5673 Renuntiare
1347 5620 1446 5673 his.
1504 5621 1563 5676 Si
1589 5621 1879 5691 discipulus
1911 5622 2075 5677 Deum

512 5721 792 5766 secuturus
813 5711 1071 5783 arguitur,
1092 5711 1232 5780 quod
1257 5712 1561 5768 renuntiare
1585 5712 1761 5769 domui
1785 5712 1928 5778 velit,
1948 5716 2074 5770 quid

2179 4527 2450 4596 recipitur,
2496 4526 2716 4598 dignum
2753 4535 2836 4580 est
2874 4533 2930 4580 ut
2971 4525 3022 4579 in
3061 4539 3125 4578 ea
3164 4523 3460 4585 maneatis,
3509 4523 3765 4578 carnalia

2177 4620 2441 4689 stipendia
2468 4619 2535 4675 ab
2559 4620 2638 4674 eis
2661 4619 3009 4689 accipientes,
3028 4618 3224 4687 quibus
3250 4616 3493 4672 cmlestia
3523 4615 3761 4674 oﬂ‘ertis.

2179 4713 2318 4768 Ecce
2345 4713 2437 4782 qui
2464 4727 2682 4768 saccum
2727 4720 2782 4767 et
2823 4725 3008 4780 peram
3048 4711 3358 4780 prohibuit,
3401 4719 3646 4780 sumptus
3693 4729 3758 4766 es

2179 4805 2561 4874 praedicatione
2595 4802 2870 4866 concedit,
2916 4801 2996 4856 sic
3025 4810 3202 4856 tamen
3241 4809 3298 4854 ut
3330 4801 3513 4856 oblato
3541 4802 3665 4856 cibo
3708 4811 3765 4857 ct

2178 4903 2307 4968 potu
2339 4894 2449 4950 sint
2473 4894 2730 4950 contenti.
2774 4891 3001 4947 Manete.
3035 4891 3148 4946 Non
3179 4900 3261 4946 est
3287 4892 3352 4946 de
3383 4892 3543 4946 domo
3572 4893 3622 4946 in
3652 4894 3762 4947 do-

2180 5000 2488 5057 mumvaga
2524 4984 2780 5039 facilitate
2817 4983 3258 5054 demigrandum,
3304 4991 3363 5036 ut
3407 4982 3460 5036 in
3501 4983 3761 5052 hospitali

2180 5091 2364 5132 amore
2393 5082 2636 5129 servetur
2666 5072 2967 5128 constantia
2986 5111 3000 5134 ,
3049 5087 3118 5126 ne
3147 5071 3342 5125 coalita
3375 5069 3630 5124 amicitia:
3662 5086 3763 5125 ne-

2179 5165 2451 5222 cessitudo
2497 5162 2653 5218 facile
2700 5161 3018 5217 resolvatur.
3073 5161 3273 5231 Dignus
3302 5169 3376 5213 est
3405 5160 3566 5214 enim.
3619 5159 3756 5214 Nota

2180 5254 2319 5327 quod
2349 5254 2437 5309 uni
2469 5253 2617 5324 operi
2653 5252 3062 5322 praedicatorum
3093 5252 3210 5306 dum
3247 5250 3525 5304 mercedes
3556 5250 3759 5304 deben-

2181 5357 2269 5402 tur
2293 5364 2306 5400 :
2341 5361 2445 5401 una
2476 5345 2528 5398 in
2552 5344 2656 5405 via,
2685 5359 2802 5414 quae
2828 5358 2927 5398 nos
2951 5342 3005 5397 in
3031 5341 3215 5398 labore
3241 5349 3536 5406 sustentat;
3568 5339 3675 5396 alia
3700 5342 3758 5396 in

2181 5437 2378 5509 patria,
2404 5450 2524 5505 qua:
2550 5449 2648 5489 nos
2675 5434 2725 5487 in
2754 5431 3152 5488 resurrectione
3182 5441 3509 5487 remunerat.

2252 5529 2416 5584 Vens.
2439 5530 2490 5584 8.
2509 5559 2577 5568 —
2599 5525 2666 5580 Et
2696 5528 2748 5579 in
2775 5544 3136 5596 quamcunque
3164 5528 3442 5581 civitatem.
3471 5526 3759 5597 Descripta

2183 5623 2397 5678 diverso
2438 5619 2628 5674 domus
2669 5619 2921 5688 hospitio,
2968 5617 3096 5688 quid
3140 5619 3300 5672 etiam
3347 5617 3400 5670 in
3443 5615 3760 5671 civitatibus

2183 5727 2341 5780 agere
2399 5709 2628 5766 debeant
2694 5709 2883 5773 docet,
2947 5709 3050 5780 piis
3089 5709 3315 5772 scilicet,
3387 5707 3438 5763 in
3503 5708 3759 5763 omnibus
