3960 6336
213 394 325 452 285

1204 392 1469 450 CLOSSA
1505 390 1897 449 ORDINARIA.
1938 417 2005 428 —-
2044 387 2294 444 EVANC.
2337 389 2495 446 LUC.

3353 392 3458 449 286

212 506 655 573 communicare,
705 507 772 563 ab
819 507 1104 578 impiorum
1151 523 1245 578 per
1289 507 1469 561 omnia
1517 505 1776 561 societate
1804 501 2235 563 Amationezut
2253 502 2395 557 unde
2416 502 2488 556 illi
2511 503 2821 558 ceciderunt
2840 503 3238 570 sublevati,isti
3260 520 3454 560 ascen-

480 687 565 742 li.
589 717 662 726 —
687 684 863 741 Etiam
891 686 1169 758 pulverem.
1217 685 1497 741 Pulverem
1530 691 1786 740 excutere

205 777 401 848 jubet:
429 777 514 832 vel
541 777 610 832 ad
635 779 1080 834 contestationem
1115 778 1309 833 terreni
1353 778 1582 843 laboris,
1623 792 1783 848 quem

211 886 315 942 pro
343 870 450 926 illis
482 869 716 925 inaniter
742 880 1122 940 susceperunt;
1156 871 1240 926 vel
1277 878 1338 926 ut
1373 871 1660 926 ostendant
1693 885 1785 925 us-

211 977 322 1032 que
368 962 502 1016 adeo
539 975 597 1016 se
633 963 700 1016 ab
730 961 863 1030 ipsis
909 962 1043 1020 nihil
1091 969 1364 1016 terrenum
1401 976 1674 1031 quaerere,
1723 971 1783 1016 ut

210 1051 378 1108 etiam
419 1049 638 1120 pulvere
676 1051 743 1105 de
781 1059 926 1105 terra
972 1064 1158 1106 eorum
1206 1065 1312 1106 non
1357 1051 1459 1105 sibi
1507 1051 1798 1120 patiantur.

209 1143 510 1198 adhaerere.

283 1233 452 1290 Vsus.
481 1232 570 1287 12.
593 1263 667 1273 -
695 1231 832 1298 Quia
862 1231 1104 1288 Sodomis
1131 1233 1186 1285 in
1208 1231 1294 1285 die
1322 1230 1435 1285 illa.
1470 1230 1785 1295 Sodomita},

209 1322 314 1379 etsi
355 1323 410 1377 in
440 1322 591 1376 vitiis
623 1322 971 1385 exardebant,
1003 1329 1060 1375 et
1101 1321 1456 1390 inhospitales
1485 1328 1670 1381 erant,
1703 1327 1784 1373 ta-

209 1427 338 1469 men
381 1413 520 1483 apud
560 1412 678 1471 illos
712 1411 840 1466 nulli
878 1412 1117 1481 hospites
1145 1412 1278 1466 tales
1304 1411 1491 1481 quales
1521 1411 1658 1480 apud
1690 1409 1783 1464 Ju-

210 1504 358 1558 dzeos
383 1502 688 1572 prophetae,
736 1501 922 1571 quales
953 1501 1177 1570 apostoli
1212 1500 1409 1570 reperti
1451 1507 1594 1554 sunt.
1644 1498 1782 1553 Loth

209 1595 356 1651 inter
396 1610 489 1650 eos
530 1594 632 1650 etsi
669 1592 884 1662 justus,
929 1609 1034 1648 non
1098 1601 1275 1648 tamen
1323 1592 1526 1661 aliquid
1561 1590 1778 1656 docuit,

208 1685 357 1740 nulla
387 1685 539 1756 signa
568 1683 714 1740 fecit.
765 1684 833 1740 Et
871 1683 991 1738 idco
1028 1684 1111 1740 cui
1148 1681 1371 1736 multum
1399 1681 1648 1736 donatum
1683 1689 1776 1746 est,

208 1773 435 1829 multum
461 1773 526 1827 ab
551 1789 611 1827 eo
640 1773 918 1843 quwritur,
942 1781 990 1827 et
1017 1781 1245 1843 potentes
1271 1779 1500 1841 potenter
1525 1779 1779 1824 tomento

209 1865 484 1934 patientur
507 1860 658 1933 (Sap.
682 1862 779 1932 vt).

283 1951 447 2006 Vsus.
495 1952 581 2006 15.
607 1983 676 1992 —
704 1951 794 2007 Yte
820 1953 934 2017 tibi,
959 1951 1254 2012 Corozaim.
1289 1951 1589 2016 Corozaim,
1619 1952 1782 2008 Beth-

208 2043 388 2108 saida,
415 2043 814 2114 Capharnaum,
851 2052 906 2098 et
927 2043 1184 2114 Tyberias
1209 2045 1452 2100 civitates
1482 2052 1606 2100 sunt
1636 2044 1782 2100 Gali-

209 2136 343 2200 lea,
386 2139 439 2190 in
470 2136 651 2192 littore
688 2135 789 2191 laci
815 2135 1176 2197 ,Genesareth.
1220 2135 1330 2192 Has
1364 2137 1568 2208 plangit
1604 2137 1783 2192 Domi-

209 2242 335 2292 nus,
363 2227 488 2297 quia
518 2234 642 2296 post
668 2235 818 2288 tanta
847 2225 1102 2282 miracula
1138 2234 1192 2281 et
1217 2227 1444 2281 virtutes
1472 2242 1577 2282 non
1608 2228 1790 2298 pleni;

210 2325 433 2372 tuerunt
461 2333 475 2370 :
501 2323 556 2370 et
581 2323 707 2371 sunt
737 2316 947 2386 pejores
974 2315 1285 2386 gentilibus,
1315 2316 1556 2373 naturale
1585 2317 1785 2371 solum-

210 2409 374 2464 modo
405 2408 495 2478 jus
538 2408 960 2477 dissipantibus,
997 2409 1123 2478 quia
1162 2417 1286 2478 post
1332 2410 1610 2480 descriptae
1652 2410 1784 2480 legis

210 2510 595 2570 contemptum,
642 2499 836 2554 Filium
882 2515 1103 2574 quoque
1133 2502 1230 2556 Dei
1270 2501 1618 2568 conculcare,
1666 2518 1786 2572 gra-

210 2593 450 2662 tiamque
490 2592 686 2664 ingrati
728 2607 984 2666 spernere
1015 2607 1120 2647 non
1159 2594 1471 2652 timuerunt.
1515 2593 1580 2647 Et
1617 2595 1789 2648 cinere

209 2683 464 2738 sedentes.
518 2683 736 2754 lmpleta
782 2685 1027 2740 videmus
1080 2684 1240 2739 verba
1283 2673 1578 2740 Salvatoris
1603 2724 1619 2749 ,
1660 2685 1791 2755 quia

209 2789 336 2830 cum
367 2774 469 2829 illae
495 2774 743 2834 civitates
780 2776 1065 2846 praedicata,
1102 2775 1328 2831 Domino
1370 2784 1633 2846 prasente
1671 2791 1787 2832 cre-

209 2866 340 2922 dere
371 2866 675 2932 noluerunt,
705 2867 879 2939 Tyrus
915 2880 970 2924 et
1000 2867 1165 2925 Sidon
1195 2868 1321 2922 olim
1358 2868 1573 2922 fuerunt
1599 2868 1788 2923 amicae

210 2957 382 3011 David
415 2965 470 3011 et
499 2957 791 3023 Salomoni,
823 2967 878 3012 et
898 2967 1088 3028 postea
1115 2959 1602 3030 evangelizantibus
1631 2958 1787 3014 Chri-

209 3048 281 3103 sti
312 3048 607 3118 discipulis,
639 3049 827 3104 devote
865 3050 1022 3104 lidem
1059 3058 1424 3120 susceperunt.
1486 3051 1664 3119 Quare
1693 3065 1784 3104 au-

211 3145 320 3192 tem
359 3137 432 3192 sit
461 3137 805 3205 praedicatum
831 3153 935 3192 non
962 3139 1282 3204 credituris,
1312 3148 1364 3194 et
1389 3155 1494 3194 non
1520 3140 1781 3210 pradica-

209 3238 325 3284 tum
357 3226 666 3292 credituris,
696 3228 842 3282 novit
869 3229 956 3284 ille
977 3230 1067 3300 qui
1089 3230 1268 3284 omnia
1299 3230 1466 3284 novit.

276 3318 451 3374 Vsus.
511 3319 594 3374 16.
634 3349 704 3361 --
743 3320 846 3386 Qui
897 3338 982 3376 vos
1025 3323 1173 3376 audit
1215 3338 1296 3376 me
1348 3323 1515 3376 audit.
1581 3323 1636 3377 ln
1686 3338 1785 3377 au-

208 3409 407 3466 diendo
472 3408 555 3467 vel
614 3411 917 3480 spernendo
983 3411 1259 3482 Evangelii
1323 3413 1730 3482 praedicatorem
1768 3454 1788 3479 ,

211 3499 442 3570 quisque
484 3499 622 3559 sciat
675 3516 732 3555 se
782 3515 887 3554 non
938 3500 1069 3556 viles
1113 3515 1414 3571 personas,
1472 3503 1565 3557 sed
1611 3502 1785 3574 ipsum

1886 592 2015 647 dant
2041 592 2324 648 humiliati.
2357 593 2590 648 Gaudete
2612 603 2807 648 autem.
2839 593 2897 648 Si
2926 595 3046 663 quis
3071 596 3309 651 cmlestia
3338 596 3456 652 sive

1885 684 2162 739 terrestria
2189 699 2349 753 opera
2380 687 2626 755 gesserit,
2649 700 2745 755 per
2767 685 2882 739 haec
2907 687 3060 755 quasi
3087 687 3278 742 litteris
3301 689 3458 744 ador-

1883 778 2043 825 natus
2067 770 2204 841 apud
2236 772 2331 827 Dei
2358 773 2674 827 memoriam
2703 773 3030 828 aaternaliter
3060 783 3144 828 est
3177 775 3384 832 allixus.

1953 862 2117 918 Vitas.
2159 861 2341 916 2L—
2369 861 2437 917 In
2483 864 2595 933 ipsa
2643 864 2793 918 hora.
2835 862 2968 918 Cum
3014 863 3081 917 de
3123 865 3460 934 subjectione

1883 952 2280 1008 immundorum
2327 951 2630 1021 spirituum.
2679 953 2745 1006 de
2793 951 3102 1007 nominibus
3139 953 3354 1022 scriptis
3404 955 3460 1010 in

1881 1041 2019 1096 coelo
2070 1040 2396 1110 loqueretur,
2445 1041 2682 1094 ostendit
2733 1057 2828 1110 per
2861 1042 2989 1110 quid
3024 1043 3138 1098 haec
3175 1052 3325 1098 tanta
3356 1044 3463 1100 cel-

1881 1133 2058 1188 situdo
2091 1134 2216 1187 (lata
2254 1133 2326 1187 sit
2366 1133 2692 1197 hominibus,
2727 1133 2932 1187 scilicet
2965 1149 3059 1202 per
3099 1136 3456 1191 humilitatem

1882 1223 2002 1278 ﬁdei
2047 1222 2385 1278 Christiana.
2448 1223 2716 1291 Conﬁteor
2761 1223 2897 1288 tibi,
2954 1224 3189 1280 Domine.
3243 1226 3460 1283 Gratias

1881 1330 2002 1386 ago,
2049 1315 2172 1384 quia
2215 1315 2473 1384 apostolis
2510 1315 2770 1369 adventus
2819 1317 2918 1370 mei
2963 1318 3222 1387 aperuisti
3268 1333 3458 1373 sacra-

1881 1413 2059 1460 menta
2094 1445 2110 1470 ,
2168 1419 2287 1474 qua:
2349 1404 2598 1474 ignorant
2655 1404 2846 1459 scribae
2901 1414 2955 1460 et
2999 1405 3300 1472 Pharisaei,
3359 1408 3454 1478 qui

1881 1499 1984 1554 sibi
2034 1500 2304 1568 sapientes
2350 1499 2616 1553 videntur.
2650 1498 2907 1554 Revelasti
2955 1516 3039 1554 ea.
3087 1499 3203 1554 Non
3240 1501 3336 1566 ait,
3377 1501 3460 1556 in-

1880 1587 2200 1657 sipientibus
2242 1595 2297 1643 et
2334 1588 2633 1650 hebetibus,
2679 1589 2774 1643 sed
2817 1589 3074 1658 parvulis,
3120 1591 3173 1645 id
3221 1602 3304 1646 est
3354 1591 3458 1644 hu-

1881 1678 2097 1733 milibus
2127 1686 2258 1755 ,.ut
2313 1679 2505 1747 probet
2551 1692 2610 1732 se
2654 1687 2916 1734 tumorem
2963 1679 3247 1735 damnasse
3276 1719 3293 1746 ,
3344 1694 3456 1734 non

1882 1785 2125 1824 acumen.
2188 1768 2327 1835 Quia
2363 1770 2458 1823 sic.
2513 1769 2630 1824 Non
2679 1771 2940 1825 rationem
2994 1771 3169 1826 reddit
3213 1787 3310 1826 cur
3357 1771 3458 1826 hos

1813 1846 2050 1932 Belegit
2077 1900 2092 1924 ,
2135 1860 2254 1915 illos
2307 1860 2677 1929 reprobaverit
2708 1899 2722 1924 ,
2763 1861 2857 1916 sed
2907 1860 2986 1916 sic
3041 1861 3150 1916 Deo
3204 1861 3460 1931 placitum

1885 1951 2032 2008 dicit.
2073 1951 2132 2006 ln
2179 1965 2288 2020 quo
2329 1950 2622 2019 accipimus
2663 1950 2964 2019 exemplum
3012 1950 3348 2018 humilitatis,
3389 1966 3458 2006 ne

1885 2054 2088 2100 temere
2137 2045 2492 2101 discutiamus
2542 2045 2612 2100 de
2650 2047 2898 2114 supernis
2945 2047 3202 2102 consiliis.

1957 2136 2154 2192 Omnia.
2196 2139 2344 2202 mihi,
2395 2147 2500 2192 etc.
2555 2137 2938 2192 Commendata
2992 2139 3317 2206 humilitate,
3361 2155 3460 2210 per

1884 2243 2044 2298 quam
2082 2230 2144 2282 ad
2185 2228 2344 2283 ﬁdem
2378 2229 2593 2285 venitur
2616 2270 2631 2294 ,
2668 2229 2890 2299 pulchre
2926 2230 2993 2284 de
3028 2229 3141 2300 ipsa
3176 2231 3279 2285 ﬁde
3309 2231 3460 2286 locus

1884 2320 2221 2374 connectitur
2252 2359 2267 2384 ,
2314 2334 2438 2374 cum
2492 2319 2673 2375 omnia
2725 2320 2830 2375 sibi
2881 2321 3075 2375 tradita
3125 2319 3297 2387 dicit,
3351 2336 3460 2376 non

1884 2409 2148 2467 elementa
2203 2425 2322 2480 qum
2376 2410 2490 2478 ipse
2540 2410 2745 2464 creavit
2771 2451 2785 2474 ,
2840 2411 2934 2465 sed
2993 2411 3112 2466 illos
3163 2411 3412 2482 parvulos
3444 2451 3461 2477 ,

1885 2499 2082 2569 quibus
2121 2499 2288 2552 Pater
2327 2509 2663 2555 sacramenta
2699 2500 2819 2555 Filii
2857 2501 3130 2556 revelavit.
3188 2501 3320 2556 Cum
3360 2518 3462 2557 au-

1885 2589 1968 2644 dis
2017 2589 2220 2652 omnia,
2274 2589 2524 2656 agnoscis
2569 2590 3026 2659 omnipotentem,
3083 2606 3190 2644 non
3244 2591 3460 2647 decolo-

1888 2694 2027 2743 rem,
2077 2693 2184 2732 non
2231 2678 2552 2748 degenerem
2602 2679 2795 2734 Patris.
2851 2678 2984 2733 Cum
3039 2680 3191 2735 audis
3241 2680 3458 2746 tradita,

1887 2769 2160 2824 conﬁteris
2222 2767 2418 2822 Filium
2491 2768 2576 2823 cui
2646 2783 2743 2838 per
2794 2777 3040 2823 naturam
3099 2772 3257 2824 unius
3321 2771 3449 2826 sub»

1886 2861 2097 2916 stantize
2142 2861 2322 2916 omnia
2373 2861 2494 2930 jure
2545 2869 2670 2916 sunt
2719 2861 2959 2932 propria,
3011 2876 3119 2916 non
3169 2863 3314 2917 dono
3353 2862 3462 2918 col-

1888 2954 1995 3008 lata
2045 2968 2142 3024 per
2195 2954 2446 3025 gratiam.

1962 3042 2124 3098 Vsus.
2170 3043 2260 3097 24.
2283 3042 2528 3108 —Quod
2563 3041 2716 3096 multi
2747 3048 3029 3113 prophetas.
3080 3042 3362 3114 Propheta:
3405 3050 3460 3097 et

1881 3134 2009 3204 justi
2042 3151 2070 3188 a
2099 3134 2253 3201 longe
2285 3134 2496 3188 Domini
2526 3134 2751 3202 gloriam
2789 3134 3039 3188 viderunt
3062 3149 3160 3202 per
3185 3133 3459 3203 speculum

1889 3229 2027 3286 etin
2067 3229 2382 3298 aenigmate;
2426 3227 2519 3281 sed
2561 3225 2784 3296 apostoli
2822 3233 3138 3295 praesentem
3177 3225 3459 3279 Dominum

1890 3321 2164 3381 habentes,
2199 3327 2254 3374 et
2280 3320 2345 3373 ab
2367 3319 2482 3389 ipso
2511 3333 2630 3388 quae
2653 3317 2899 3372 volebant
2918 3317 3339 3387 interrogantes,
3354 3331 3466 3374 non

1889 3427 1986 3483 per
2011 3411 2226 3482 angelos
2255 3411 2337 3465 vel
2368 3411 2546 3464 varias
2572 3410 2835 3464 visionum
2865 3408 3070 3478 species
3105 3408 3462 3465 docebantur.

1961 3501 2124 3558 Vsus.
2178 3501 2268 3556 25.
2306 3529 2376 3541 -—
2409 3501 2752 3571 Legisperitus
2802 3501 3046 3554 surrexit.
3082 3497 3241 3570 Legis
3274 3501 3462 3556 doctor

212 3589 546 3644 Salvatorem
600 3604 856 3660 spernere
911 3589 992 3646 vel
1052 3591 1238 3646 audire
1269 3632 1284 3656 ,
1335 3591 1462 3661 quia
1519 3592 1576 3647 in
1620 3593 1785 3648 disci-
1888 3591 1981 3660 qui
2027 3591 2143 3645 sine
2193 3591 2296 3645 tide
2339 3590 2391 3644 in
2437 3590 2554 3658 lege
2579 3589 2814 3660 jacebat,
2855 3589 3028 3659 surgit
3071 3597 3133 3644 ut
3171 3598 3320 3645 stet:
3352 3598 3463 3646 stat

210 3679 338 3751 pulo
386 3677 639 3748 magister
688 3678 941 3745 auditur,
999 3687 1057 3735 et
1107 3679 1161 3734 in
1215 3679 1351 3735 Filio
1406 3678 1566 3736 Pater
1614 3681 1785 3736 bono-
1889 3681 2014 3736 dum
2057 3683 2368 3753 magistrum
2414 3689 2591 3747 vocat,
2634 3681 2729 3738 sed
2770 3690 2824 3736 et
2861 3681 3052 3736 stando
3093 3688 3262 3736 tentat
3291 3681 3456 3737 Deum

210 3776 382 3824 ratur.
1889 3774 2115 3828 tacendo
2149 3774 2290 3842 quod
2329 3781 2466 3827 erat.

292 3858 450 3913 Vsus.
493 3858 584 3919 l7.
601 3855 934 3925 --υοιιιὲηει
947 3857 1122 3911 etiam.
1173 3856 1316 3914 Bene
1345 3858 1670 3914 conﬁtentur
1695 3859 1788 3914 de-
1960 3863 2122 3917 Vsus.
2149 3863 2238 3917 27.
2255 3861 2436 3917 ——Ille
2461 3861 2771 3933 respondens
2795 3861 2948 3917 dixit.
2980 3861 3124 3918 Dixit
3152 3864 3294 3934 quod
3318 3861 3462 3934 lege-

210 3946 448 4002 ferentes
480 3947 739 4002 honorem
772 3947 976 4001 nomini
1007 3946 1208 4002 Christi
1241 3965 1254 4002 :
1286 3948 1381 4003 sed
1414 3949 1540 4018 quia
1575 3949 1787 4003 inﬁrma
1888 3964 1995 4018 rat,
2033 3953 2126 4008 sed
2173 3968 2277 4007 non
2313 3952 2550 4022 implevit
2592 3953 2734 4021 quod
2771 3953 3032 4021 scriptum
3063 3962 3200 4018 erat,
3245 3953 3369 4021 quia
3403 3952 3456 4006 in

211 4035 393 4091 adhuc
434 4034 563 4100 ﬁde,
604 4035 837 4114 gaudent
877 4035 930 4090 in
971 4035 1285 4100 virtutibus,
1315 4044 1372 4092 et
1409 4038 1475 4091 de
1512 4037 1786 4107 signorum
1886 4042 2170 4114 praesentia
2203 4041 2433 4096 habebat
2459 4043 2743 4096 Dominum
2769 4057 2929 4109 quem
2963 4042 3185 4112 diligere
3210 4040 3456 4104 debebat,

209 4124 523 4194 ορθι-αιὶοηθ
555 4125 870 4190 eﬂ‘enmtur,
903 4125 1148 4195 exemplo
1183 4134 1473 4192 terrentur,
1505 4135 1560 4181 et
1588 4128 1655 4181 ad
1689 4129 1788 4182 hu-
1887 4135 1980 4191 sed
2007 4135 2150 4187 hunc
2180 4130 2513 4200 magistrum,
2545 4146 2650 4184 non
2681 4131 2864 4193 Deum,
2897 4137 3071 4184 vocat.

210 4214 496 4271 militatem
535 4223 875 4271 revocantur.
910 4213 1044 4282 Quia
1074 4216 1119 4272 si
1158 4217 1398 4272 diabolus
1439 4226 1660 4293 prepter
1698 4233 1790 4276 su-
1959 4223 2122 4278 Vsus.
2158 4221 2246 4276 29.
2271 4251 2340 4261 —
2361 4219 2460 4274 Ille
2480 4230 2651 4275 autem
2675 4219 2869 4276 volens.
2906 4219 3268 4290 Legisperitus
3292 4227 3350 4272 ut
3371 4233 3456 4274 sa-

210 4307 455 4378 perbiam
483 4307 549 4362 de
575 4306 713 4368 ctelo
741 4315 826 4362 est
854 4307 1256 4379 prtecipitatus,
1284 4309 1454 4364 multo
1493 4310 1668 4380 magis
1699 4312 1786 4366 isti
1887 4315 2096 4385 pienter
2116 4313 2457 4383 respondisse
2478 4313 2687 4369 dicatur
2709 4353 2724 4379 ,
2754 4313 2988 4382 primum
3013 4326 3072 4366 se
3101 4311 3235 4382 legis
3259 4308 3459 4365 fatetur

211 4399 282 4454 de
303 4406 449 4453 terra
473 4398 625 4464 editi,
653 4399 699 4452 si
729 4399 1126 4469 superbierunt,
1154 4401 1595 4455 humiliabuntur.

1896 4407 2135 4478 ignorare
2179 4405 2526 4468 mandatum,
2571 4404 2696 4473 quia
2743 4402 3014 4460 humiliari
3065 4416 3361 4463 recusans,
3405 4410 3463 4455 et

288 4491 450 4547 Vsus.
475 4491 560 4548 l9.
585 4521 658 4532 —
677 4489 848 4562 Supra
867 4502 1125 4561 serpentes
1149 4502 1195 4546 et
1218 4495 1531 4562 scorpiones.
1558 4494 1788 4563 Serpen-
1815 4543 1864 4566 η
1889 4497 2120 4566 seipsum
2148 4496 2444 4566 justificare
2471 4496 2658 4551 volens
2676 4536 2693 4562 ,
2719 4511 2916 4551 arcana
2943 4511 3048 4551 non
3072 4502 3249 4566 potest
3280 4493 3463 4549 videro

212 4598 298 4646 tes
331 4598 458 4644 sunt
485 4589 610 4643 mali
651 4589 894 4643 homines
922 4587 1006 4641 vel
1037 4589 1307 4642 daamones
1339 4589 1430 4657 qui
1471 4589 1788 4644 inchoandis
1813 4587 1863 4604 ν
1889 4603 2011 4660 quae
2040 4588 2344 4644 revelantur
2372 4589 2605 4659 parvulis
2625 4587 2856 4652 Christi;
2885 4588 2970 4644 cui
2997 4588 3243 4643 Christus
3271 4587 3344 4642 ita
3369 4601 3457 4642 rc»

211 4682 501 4738 virtutibus
521 4695 724 4736 venena
749 4694 928 4749 pravae
944 4679 1307 4747 persuasionis
1326 4679 1603 4748 objiciunt.
1628 4679 1789 4734 Scor-
1889 4693 2144 4749 sponsum
2185 4687 2464 4750 temperat,
2507 4688 2566 4733 ut
2601 4687 2656 4734 et
2689 4680 2864 4735 omnis
2903 4679 2993 4748 qui
3031 4677 3457 4733 misericordiam

210 4775 434 4847 piones,
461 4773 551 4843 qui
577 4770 1026 4828 consummandas
1055 4770 1280 4825 virtutes
1306 4772 1374 4825 ad
1407 4771 1566 4826 linem
1595 4773 1788 4828 vitiare
1887 4768 2019 4825 facit
2063 4769 2340 4840 proximus
2379 4769 2722 4840 intelligatur,
2777 4779 2831 4824 et
2875 4768 3178 4838 specialiter
3215 4767 3331 4836 ipse
3363 4767 3459 4822 Dei

210 4868 561 4926 contendunt.
1886 4862 2057 4918 Filius
2089 4862 2182 4931 qui
2216 4861 2370 4917 nobis
2407 4877 2503 4930 per
2539 4861 2926 4916 humanitatem
2975 4858 3248 4928 proximus
3287 4857 3462 4913 factus

284 4957 451 5012 Vsus.
501 4956 590 5011 ει).
613 4986 685 4996 -—
709 4955 886 5009 Nolite
940 4954 1167 5024 gaudere
1197 4994 1211 5017 ,
1265 4954 1389 5024 quia
1425 4955 1640 5022 spiritus
1695 4973 1784 5012 vo-
1887 4960 1971 5009 est
1997 4953 2326 5022 designetur.
2380 4949 2511 5016 Quis
2540 4960 2615 5005 est
2646 4967 2808 5006 meus.
2853 4948 3020 5004 Nemo
3044 4948 3338 5018 proximior
3363 4949 3461 5002 ho-

211 5053 334 5116 bis,
383 5057 488 5104 etc.
549 5046 716 5102 Malos
765 5045 986 5116 spiritus
1043 5043 1238 5112 ejicere
1282 5054 1338 5099 et
1379 5045 1511 5101 alias
1558 5048 1787 5104 virtutes

211 5143 417 5205 facere,
466 5138 904 5208 aliquandonon
949 5143 1034 5192 est
1085 5137 1333 5192 meritum
1379 5136 1524 5192 illius
1567 5139 1659 5210 qui
1697 5139 1785 5195 illa

211 5240 492 5304 Operatur,
541 5231 635 5286 sed
689 5229 954 5284 invocatio
1000 5228 1231 5283 nominis
1276 5227 1475 5284 Christi
1524 5229 1628 5286 hoc
1677 5233 1788 5303 agit

212 5324 286 5379 ad
339 5323 838 5379 condemnationem
879 5336 1064 5376 eorum
1116 5321 1208 5389 qui
1252 5320 1502 5375 invocant
1537 5363 1551 5388 ,
1601 5325 1681 5378 vel
1718 5326 1785 5381 ad

212 5413 506 5471 utilitatem
552 5426 739 5468 eorum
779 5411 870 5481 qui
911 5410 1094 5464 vident
1140 5418 1194 5465 et
1232 5410 1495 5466 audiunt:
1530 5414 1618 5469 ubi
1660 5414 1786 5471 licet

214 5507 466 5564 homines
509 5505 808 5576 despiciant
853 5504 1006 5573 signa
1053 5501 1348 5568 facientes,
1387 5502 1556 5558 Deum
1607 5513 1784 5562 tamen

213 5599 505 5661 honorant,
563 5595 631 5650 ad
679 5594 831 5664 cujus
883 5592 1276 5646 invocationem
1322 5592 1580 5648 miracula
1627 5594 1781 5650 ﬁunt.

215 5686 475 5742 Prohibet
501 5685 732 5755 gaudere
769 5685 833 5738 de
872 5680 1240 5736 bumiliatiune
1278 5680 1495 5745 diaboli,
1531 5684 1622 5754 qui
1663 5700 1784 5754 pro-

218 5787 337 5850 pter
365 5776 671 5849 superbiam
701 5775 909 5841 cecidit,
942 5773 1033 5830 sed
1065 5773 1329 5843 gaudeant
1371 5775 1436 5828 de
1475 5791 1568 5830 sua
1615 5776 1781 5832 subli-

1887 5042 2017 5097 mini
2041 5057 2203 5112 quam
2241 5042 2402 5105 Deus,
2434 5041 2524 5109 qui
2565 5041 2888 5094 intrinsecus
2917 5048 2972 5094 et
2995 5039 3331 5094 extrinsecus
3369 5054 3462 5094 no-

1886 5131 1985 5199 vit,
2019 5141 2075 5186 et
2109 5132 2290 5187 omnia
2327 5146 2518 5188 curare
2551 5139 2746 5200 potest,
2795 5130 2886 5185 sed
2931 5130 3107 5185 omnis
3152 5129 3459 5185 incredulus

1885 5229 1970 5284 vel
2023 5237 2256 5283 tentator
2309 5242 2410 5283 nec
2455 5226 2623 5282 Deum
2684 5239 2785 5282 nec
2838 5225 3108 5281 hominem
3155 5223 3459 5294 proximum

1887 5322 2068 5376 habet.

1961 5411 2129 5465 Homo
2158 5410 2393 5481 quidam,
2437 5419 2543 5465 etc.
2590 5407 2771 5480 (Auu.)
2818 5408 2988 5464 llomo
3025 5409 3128 5464 iste
3165 5407 3336 5462 Adam
3375 5406 3458 5462 in-

1884 5501 2141 5572 telligitur
2168 5501 2220 5556 in
2243 5515 2438 5571 genere
2457 5499 2708 5564 humano,
2728 5507 2858 5563 etc.,
2882 5515 3044 5570 usque
3071 5497 3140 5552 ad
3161 5497 3458 5567 proximior

1885 5598 1985 5653 fuit
2009 5614 2173 5669 quam
2206 5599 2456 5652 sacerdos
2481 5597 2563 5652 vel
2589 5597 2772 5652 Levita
2801 5595 3039 5667 ejusdem
3075 5594 3268 5666 gentis.

1958 5690 2122 5745 Vsus.
2162 5689 2250 5744 5|.
2277 5718 2345 5729 —
2373 5689 2572 5742 Accidit
2622 5697 2838 5752 autent,
2885 5695 2987 5742 etc.
3047 5682 3311 5741 Sacerdos
3359 5681 3452 5736 Dci

1885 5782 2054 5852 legem
2093 5778 2374 5834 annuntiat
2404 5793 2417 5832 :
2449 5778 2722 5835 descendit
2749 5777 2960 5849 quidem
2993 5776 3075 5832 lex
3105 5789 3200 5844 per
3231 5772 3450 5842 Moysen
