3960 6336
514 387 618 443 287

1013 390 1397 448 WALAFRlDl
1439 393 1679 450 STRABI
1720 396 1917 451 FULD.
1961 393 2120 449 MON.
2164 394 2326 450 OPP.‘
2353 398 2529 454 PARS
2569 400 2609 454 Ι.
2651 432 2719 441 -
2757 401 3210 458 THEOLOGICA.

3648 401 3750 459 288

462 501 479 517 ‘
517 498 570 552 in
600 501 879 564 mundum,
901 508 955 554 et
985 500 1180 554 nullam
1206 501 1488 556 sanitatem
1515 504 1741 558 contulit
1764 505 2083 572 huiusmodi.
2114 507 2163 564 Α
2193 507 2331 576 (qua:
2348 509 2479 564 duas
2500 511 2636 566 vitas
2659 512 2981 582 significant)
3015 513 3216 568 iiiducit
3237 513 3521 567 Dominum
3543 527 3750 578 orasse,

520 589 804 644 Descendit
833 589 1038 654 Levita,
1082 590 1170 658 qui
1212 599 1396 661 typum
1422 594 1654 648 ostendit
1687 595 2087 664 prophetarum,

519 680 613 734 sed
635 689 692 735 et
717 681 805 735 hic
834 681 1035 734 nullum
1063 691 1232 744 sanat,
1265 684 1391 751 quia
1416 684 1499 738 lex
1528 695 1744 754 peccata
1773 687 1968 756 arguit,
1999 690 2091 742 sed

516 773 832 842 pertransit,
864 773 987 842 quia
1022 772 1408 842 indulgentiam
1437 790 1544 830 non
1572 776 1814 845 largitur.

541 879 550 888 ’
587 863 752 917 Vsus.
798 861 887 916 53.
913 861 1371 916 —.Misericordia
1405 873 1595 918 motus.
1656 864 1767 920 Hoc
1811 865 1878 920 de
1917 879 2092 921 sacer-

517 953 640 1007 dote
672 960 728 1007 et
766 951 952 1005 Levita
988 965 1094 1005 non
1132 959 1218 1006 est
1259 951 1492 1018 dictum,
1525 953 1650 1022 quia
1684 955 1769 1008 lex
1795 970 1902 1009 non
1931 955 2093 1011 habet

517 1039 970 1105 misericordiam,
1013 1039 1107 1093 sed
1138 1040 1398 1108 judicium
1435 1049 1487 1094 et
1526 1041 1838 1096 vindictam.

589 1133 746 1187 Vens.
790 1131 877 1185 54.
900 1131 1150 1185 —Duxit
1183 1133 1237 1184 in
1266 1131 1548 1186 stabulum.
1580 1132 1695 1187 Non
1731 1134 1971 1198 domum,
1995 1133 2090 1189 sed

514 1221 787 1277 stabulum
809 1228 986 1284 vocat,
1009 1235 1116 1288 quo
1145 1222 1356 1275 nomine
1379 1222 1624 1276 miserias
1639 1263 1652 1287 ,
1681 1232 1738 1278 et
1766 1224 1964 1278 fetores
1992 1225 2082 1278 hu-

506 1311 597 1380 jus
617 1313 738 1366 vitae
761 1313 959 1382 signat,
982 1301 1230 1368 ne'homo
1251 1313 1302 1367 in
1323 1313 1424 1368 hoc
1444 1314 1632 1369 exsilio
1654 1322 1904 1386 tanquam
1927 1317 1981 1370 in
2001 1332 2091 1386 pa-

516 1404 614 1457 tria
649 1404 898 1473 gaudeat.

587 1495 750 1549 Vens.
795 1495 885 1548 57.
907 1524 975 1538 -
997 1494 1101 1560 Qui
1139 1494 1278 1563 fecit.
1317 1494 1576 1566 Cognatio
1605 1512 1709 1550 non
1745 1495 1873 1550 facit
1900 1497 2086 1566 proxi-

515 1601 685 1648 mum,
716 1585 807 1640 sed
833 1585 1220 1648 misericordia,
1248 1601 1367 1654 quae
1388 1587 1758 1640 misericordia
1790 1595 1874 1641 est
1897 1603 2088 1643 secun-

517 1678 643 1731 dum
677 1686 942 1730 naturam.
1000 1676 1142 1730 Nihil
1186 1678 1326 1731 enim
1370 1686 1478 1730 tam
1514 1678 1804 1733 secundum
1839 1689 2084 1734 naturam

515 1782 676 1836 quam
721 1777 922 1821 naturae
947 1766 1136 1835 juvare
1173 1775 1501 1822 consortem.

2191 611 2246 656 et
2288 604 2577 674 discipulos
2617 608 2680 661 ad
2712 610 2971 662 orandum
3003 607 3483 676 informasse,quia
3503 616 3559 662 et
3580 611 3753 663 oratio

2191 707 2353 761 quam
2376 693 2559 749 docuit
2585 701 2862 766 utriusque
2888 698 3010 752 vita:
3053 698 3108 752 in
3157 713 3217 752 se
3263 697 3502 752 continet
3549 708 3751 768 myste-

2192 779 2354 846 rium,
2376 791 2430 837 et
2468 784 2702 852 ipsarum
2735 785 2994 855 perfectio
3017 788 3248 840 vitarem
3275 802 3381 840 non
3423 787 3626 841 nostris
3671 788 3756 840 vi-

2191 868 2361 935 ribus,
2399 872 2494 926 sed
2520 873 2770 941 precibus
2791 883 2873 928 est
2896 876 3206 930 obtinenda.
3235 875 3301 929 Ut
3347 878 3583 930 cessavit.
3629 876 3754 931 Ideo

2191 975 2332 1029 saepe
2356 960 2604 1017 Salvator
2625 978 2786 1018 orans
2819 966 3104 1030 inducitur,
3133 975 3191 1018 ut
3216 965 3504 1036 discipulos
3535 967 3600 1020 ad
3633 982 3758 1021 ora-

2194 1052 2354 1106 tionis
2375 1054 2606 1107 studium
2634 1055 2868 1108 inducat.
2899 1055 3050 1111 Unde
3074 1057 3220 1111 finita
3250 1057 3518 1122 oratione,
3537 1073 3569 1112 a
3591 1058 3756 1113 disci-

2189 1141 2329 1212 pulis
2351 1143 2681 1205 sciscitatur,
2715 1153 2772 1198 ut
2802 1146 2992 1200 doceat
3023 1146 3255 1215 qualiter
3284 1146 3516 1202 debeant
3573 1163 3751 1202 orare.

2261 1229 2422 1287 Vens.
2451 1233 2503 1286 5-.
2526 1264 2598 1274 —
2617 1234 2744 1298 Quis
2768 1245 2988 1290 vestrum
3009 1235 3160 1290 habet
3185 1236 3427 1289 anticum.
3451 1236 3748 1307 Postquam

2192 1319 2417 1375 formam
2452 1323 2711 1378 orationis
2757 1326 3064 1394 rogantibus
3099 1326 3394 1395 proposuit,
3438 1326 3758 1382 instantiam

2188 1412 2352 1466 etiam
2406 1421 2460 1466 et
2503 1413 2857 1482 frequentiam
2907 1415 3094 1469 orandi
3141 1415 3244 1470 illis
3293 1417 3538 1487 injungit,
3564 1428 3758 1472 utnon

2188 1500 2360 1554 solum
2388 1501 2594 1566 diebus,
2632 1504 2722 1558 sed
2759 1505 2921 1558 etiam
2949 1503 3194 1560 noctibus
3237 1506 3410 1559 oratio
3455 1505 3757 1572 deferatur,

2188 1594 2278 1660 qui
2314 1593 2456 1647 enim
2483 1595 2662 1649 media
2692 1605 2845 1649 nocte
2891 1610 3056 1662 panes
3101 1597 3168 1651 ab
3211 1597 3384 1651 amico
3422 1599 3578 1666 petit,
3604 1606 3661 1652 et
3703 1599 3782 1653 in.

2185 1681 2398 1750 petendi
2427 1683 2720 1737 intentione
2745 1685 3003 1752 persistit,
3040 1699 3150 1738 non
3174 1684 3456 1739 fraudatur
3489 1701 3682 1741 orans.

2260 1771 2422 1825 Vens.
2449 1772 2500 1824 7.
2525 1801 2596 1812 —
2637 1771 2763 1839 Noli
2796 1773 2942 1828 milii.
2995 1773 3111 1828 Non
3157 1773 3333 1828 aufert
3381 1791 3529 1846 spem
3587 1777 3758 1847 impe-

585 1859 745 1912 Vens.
793 1858 878 1912 38.
912 1889 982 1898 -—
1009 1857 1232 1912 Factum
1267 1868 1361 1920 est,
1401 1859 1546 1923 dum,
1585 1867 1690 1914 etc.
1740 1859 1932 1914 l-labito
1972 1876 2084 1915 ser—
2114 1847 2170 1904 Β
2189 1862 2388 1926 trandi,
2411 1863 2502 1916 sed
2533 1863 2902 1917 vehementius
2927 1865 3171 1919 accendit
3193 1865 3515 1920 desiderium
3539 1870 3758 1934 orandi,

511 1961 668 2022 mone
697 1948 761 2002 de
781 1947 1068 2002 dilectione
1090 1947 1182 2002 Dei
1209 1956 1262 2001 ct
1288 1948 1539 2016 proximi,
1564 1949 1880 2018 supponitur
1902 1965 2084 2004 exem-

508 2038 654 2106 plum
687 2039 962 2108 utriusque
991 2039 1312 2102 dilectionis,
1347 2053 1450 2093 non
1496 2048 1604 2092 tam
1643 2040 1696 2093 in
1741 2040 1854 2095 solo
1893 2043 2079 2106 verbo,

508 2145 670 2198 quam
699 2130 750 2182 in
775 2130 952 2198 operis
977 2130 1321 2184 exhibitione.
1359 2129 1459 2184 Per
1497 2130 1628 2185 istas
1657 2131 1800 2185 enim
1830 2132 1963 2186 duas
1994 2148 2082 2187 so-

510 2233 682 2282 rores,
710 2219 825 2271 duai
867 2218 1236 2287 significantur
1276 2219 1398 2272 vit-.e
1437 2219 1758 2288 spirituales.
1808 2221 1909 2275 Per
1947 2222 2085 2276 Mar-

513 2308 679 2372 tham,
705 2307 956 2375 operibus
979 2317 1192 2360 actuosa
1218 2308 1445 2372 devotio,
1477 2324 1579 2377 qua
1605 2309 1851 2378 proximo
1875 2312 1926 2364 in
1955 2313 2084 2366 cha-

510 2401 668 2454 ritate
697 2401 983 2455 sociamur.
1035 2399 1135 2453 Per
1163 2400 1381 2453 Mariam
1407 2401 1652 2471 religiosa
1686 2404 1881 2457 mentis
1909 2404 2083 2458 inten-

511 2493 585 2546 tio
605 2493 656 2545 in
681 2491 776 2546 Dei
798 2493 980 2556 verbo,
1005 2508 1109 2560 qua
1133 2492 1183 2544 in
1210 2492 1300 2544 Dei
1323 2507 1504 2546 amore
1521 2495 1878 2564 suspiramus.‘
1897 2494 2082 2550 Activa

506 2597 698 2651 panem
727 2582 808 2635 vel
836 2583 1166 2650 corporalem
1208 2582 1497 2644 esurienti,
1532 2583 1613 2637 vel
1643 2582 1900 2638 doctrina:
1935 2589 2083 2656 igno-

508 2673 646 2726 ranti
680 2671 883 2734 tribuit,
914 2682 1182 2726 errantem
1218 2672 1458 2741 corrigit,
1491 2670 1778 2740 superbum
1807 2675 1873 2728 ad
1904 2675 2079 2729 itumi-

507 2763 710 2816 litatcm
744 2773 979 2825 revocat,
1011 2777 1130 2831 qua:
1177 2761 1399 2829 singulis
1431 2762 1718 2829 expediant
1756 2763 2032 2833 dispensat
2064 2785 2076 2820 :

507 2851 954 2921 contemplativa,
999 2851 1312 2905 charitatcm
1357 2851 1450 2904 Dei
1497 2861 1551 2905 ct
1588 2853 1818 2922 proximi
1866 2857 2079 2922 retinet,

507 2946 600 3001 sed
629 2945 695 2999 ab
729 2944 983 2998 exteriori
1009 2943 1217 2997 actione
1246 2943 1504 3011 quiescit,
1537 2945 1636 2998 soli
1665 2947 1957 3004 conditoris
1991 2949 2081 3002 de-

506 3037 705 3091 siderio
735 3036 978 3099 itthznt‘ct,
1009 3043 1064 3089 et
1099 3035 1320 3089 calcatis
1349 3036 1596 3089 omnibus
1624 3037 1769 3092 euris
1805 3039 1872 3092 ad
1901 3039 2080 3093 viden-

507 3128 630 3181 dum
681 3126 874 3181 faciem
915 3124 1186 3180 Creatoris
1224 3125 1534 3188 inardescit,
1580 3127 1943 3183 et'dcsiderat
1990 3129 2082 3183 mi-

2187 1961 2403 2004 ostensa
2423 1949 2731 2007 dillicultate
2754 1955 3136 2022 consequendi.
3161 1955 3283 2009 Jam
3306 1957 3513 2011 ostium.
3541 1957 3756 2014 Ostium

2185 2044 2328 2111 quod
2347 2043 2553 2098 Paulus
2589 2044 2690 2098 sibi
2725 2046 2920 2114 aperiri
2946 2046 3078 2114 petit
3101 2047 3168 2099 ad
3193 2046 3518 2114 loquendum
3545 2059 3761 2119 mystea

2188 2133 2324 2186 rium
2354 2132 2578 2199 Christi,
2609 2143 2663 2188 ct
2693 2135 2832 2202 quod
2880 2135 3117 2190 Joannes
3166 2135 3265 2191 sibi
3307 2145 3554 2204 apertum
3597 2138 3757 2202 vidit,

2187 2223 2533 2292 intelligentia
2562 2233 2646 2279 est
2689 2225 2852 2279 divini
2883 2226 3166 2289 sermonis,
3200 2227 3342 2296 quod
3377 2234 3460 2282 cst
3508 2228 3758 2284 clausura

2188 2325 2426 2386 tempore
2464 2315 2621 2369 famis
2646 2317 2792 2371 verbi
2826 2318 2943 2381 Dei,
2974 2333 3096 2372 cum
3140 2317 3489 2388 intelligentia
3521 2334 3630 2373 non
3661 2320 3760 2374 da-

2189 2415 2292 2459 tur.
2322 2406 2385 2459 Et
2415 2406 2586 2474 pueri,
2622 2406 2792 2470 idest,
2820 2406 2893 2461 illi
2920 2407 3011 2475 qui
3034 2406 3398 2477 evangelicum
3427 2407 3757 2476 sapientiam

2185 2506 2440 2566 tanquam
2463 2512 2655 2566 panem
2680 2504 2966 2567 erogantes
2999 2498 3292 2566 perorbem
3323 2505 3591 2569 terrarum
3617 2511 3773 2565 pra:-~

2183 2586 2527 2650 dicaverunt,
2543 2587 2654 2656 jam
2689 2601 2810 2641 cum
2847 2587 3068 2641 Domino
3088 2587 3291 2660 suntin
3318 2595 3519 2642 aeterna
3549 2588 3758 2657 quiete,

2183 2685 2237 2734 et
2262 2685 2436 2730 tamen
2472 2677 2678 2732 orando
2705 2676 2955 2742 eflicitur,
2981 2686 3038 2732 ut
3077 2691 3239 2735 orans
3283 2677 3514 2747 accipiat
3544 2677 3762 2734 intelle-

2184 2777 2328 2822 ctum
2358 2768 2425 2822 ab
2455 2768 2569 2837 ipso
2594 2766 2834 2833 Domino,
2859 2768 3072 2823 etiamsi
3100 2767 3266 2826 homo.
3290 2769 3427 2822 desit
3453 2785 3551 2838 per
3587 2785 3780 2840 quem.

2184 2859 2466 2925 sapientia,
2491 2859 2828 2927 praedicetur.
2883 2859 3004 2912 Non
3031 2875 3240 2929 possum
3269 2876 3496 2929 surgere.
3531 2861 3758 2930 (Auum)

2182 2947 2350 3002 Nemo
2385 2949 2535 3002 timet
2571 2964 2637 3003 ne
2662 2950 2859 3005 excitet
2882 2951 3256 3013 dormientem,
3288 2965 3448 3019 quem
3480 2949 3583 3005 scit
3611 2965 3762 3006 sem-

2182 3055 2456 3110 perorare
2489 3040 2818 3111 vigilantem.

2254 3129 2416 3186 Vens.
2449 3131 2822 3201 8.—Propter
2849 3132 3226 3201 improbitatem
3261 3141 3431 3187 tamen
3468 3134 3606 3204 ejus,
3642 3142 3754 3190 etc.

506 3221 643 3274 sccri
688 3219 932 3289 supernis
967 3218 1191 3283 civibus,
1221 3219 1287 3274 de
1315 3227 1512 3273 azterua
1556 3220 1606 3289 in
1647 3233 1931 3292 conspectu
1973 3224 2078 3278 Do-
2109 3205 2150 3264 C
2185 3221 2359 3275 Mulae
2380 3231 2503 3275 sunt
2525 3222 2756 3286 insidiw,
2789 3233 2842 3277 et
2880 3223 3060 3292 gravis
3094 3224 3336 3292 corporis
3358 3239 3602 3290 somnus,
3625 3228 3775 3296 quia.

506 3313 638 3367 mini
674 3315 1075 3382 incorruptione
1110 3313 1480 3383 gaudentibus.
1538 3314 1610 3369 In
1653 3315 1862 3370 (tantum
1903 3334 2074 3371 suam.

504 3404 741 3458 lntrantc
768 3403 891 3458 Jesu
917 3403 970 3457 in
999 3403 1235 3466 domum,
1263 3404 1375 3457 vita
1427 3405 1629 3474 iniqua,
1659 3406 1758 3459 etsi
1793 3406 2078 3476 aliquando

504 3500 697 3565 fuerat,
723 3500 951 3570 aufugit,
974 3508 1255 3554 remanent
1278 3500 1396 3554 dure
1426 3501 1546 3554 vita:
1575 3501 1904 3565 innocentes,
1937 3501 2080 3557 labo-

506 3592 647 3646 riosa
666 3600 720 3645 et
741 3591 933 3656 otiosa,
962 3591 1102 3644 inter
1124 3605 1218 3645 eas
1241 3591 1447 3645 medius
1476 3601 1559 3645 est
1585 3593 1706 3661 ipse
1727 3593 1842 3646 fmus
1864 3595 2004 3647 vitam

580 3677 734 3732 Vens.
767 3679 854 3732 59.
886 3707 957 3718 ——
981 3677 1177 3733 Sedens
1199 3694 1364 3732 secus.
1391 3677 1601 3744 Quanto
1626 3680 1882 3735 humilius
1904 3683 2076 3748 sedet,

505 3778 656 3824 tanto
690 3769 919 3838 amplius
944 3769 1105 3824 cadit.
1158 3769 1310 3838 Aqua
1341 3769 1561 3823 confluit
1591 3771 1660 3824 ad
1683 3773 1976 3826 convallem
2011 3775 2078 3828 de

507 3859 811 3914 tumoribus
846 3859 1020 3913 collis.
1069 3858 1234 3912 Maria
1279 3858 1447 3922 sedet,
1497 3859 1618 3927 Quia
1667 3862 2076 3931 contemplativa

504 3950 711 4019 pacatis
752 3951 1000 4005 vitiorum
1043 3949 1374 4013 tumultibus,
1423 3958 1602 4019 optata
1629 3951 1740 4021 jam
1782 3952 1836 4006 in
1863 3953 2081 4009 Christo

506 4040 700 4095 mentis
728 4040 906 4110 quiete
936 4038 1150 4095 fruitur.
1189 4039 1395 4094 Martha
1421 4048 1546 4105 stat,
1575 4041 1700 4110 quia
1727 4043 1900 4098 activa
1932 4043 2078 4099 labo-

505 4133 650 4188 riosa
681 4133 906 4188 desudat
936 4133 986 4186 in
1019 4132 1333 4186 certamine.

572 4225 734 4280 Vens.
786 4224 876 4279 40.
911 4255 981 4266 -—
1011 4223 1220 4277 Martha
1263 4234 1455 4278 autem.
1511 4225 1719 4281 lntenta
1752 4237 1869 4282 erat
1909 4228 2077 4285 Maria

502 4314 771 4384 quomodo
799 4322 1109 4382 pasceretur
1135 4328 1166 4366 a
1196 4314 1442 4380 Domino,
1466 4315 1670 4370 intenta
1690 4327 1806 4370 erat
1833 4318 2074 4376 Martha:

503 4405 772 4472 quomodo
813 4412 1056 4471 pasceret
1081 4403 1364 4458 Dominum
1399 4423 1412 4458 :
1441 4407 1557 4461 haec
1592 4408 1894 4463 convivium
1922 4417 2078 4479 parat

504 4495 750 4560 Domino,
781 4496 833 4548 in
863 4495 1110 4550 convivio
1137 4495 1346 4551 Domini
1377 4496 1465 4550 illa
1492 4497 1604 4566 jam
1620 4498 1967 4568 jucundatur.

577 4582 741 4639 Vsus.
768 4584 858 4638 41.
887 4614 958 4627 -
986 4583 1054 4638 Et
1083 4585 1414 4654 respondens.
1441 4583 1609 4641 Maria
1633 4601 1740 4642 non
1765 4589 2076 4658 respondet,

503 4675 599 4730 sed
636 4691 854 4732 causam
884 4691 1035 4731 suam
1072 4685 1327 4746 tanquam
1363 4678 1537 4733 otiosa
1574 4680 1862 4734 committit
1887 4679 2077 4749 judici.

506 4772 562 4828 Si
602 4772 748 4827 enim
788 4780 1005 4842 pararet
1040 4772 1397 4842 respondendi
1435 4788 1742 4829 sermonem
1783 4775 2081 4831 remitteret

507 4861 754 4917 audiendi
809 4863 1180 4917 intentionem.
1240 4862 1487 4928 Martha,
1535 4862 1768 4918 Martha.
1812 4863 2081 4935 Repetitio

507 4953 761 5008 indicium
789 4963 871 5010 est
893 4955 1214 5021 dilectionis,
1246 4955 1325 5012 vel
1361 4956 1500 5012 forte
1525 4956 1803 5012 monendus
1831 4957 2082 5012 intentio-

505 5044 612 5105 nis.
643 5053 703 5098 ut
725 5045 936 5100 audiret
962 5047 1237 5102 attentius.

581 5134 741 5188 Vsus.
781 5134 868 5188 ιε.
897 5165 971 5176 --
1000 5133 1169 5189 Porro
1197 5152 1357 5189 unum
1397 5145 1492 5190 est.
1539 5135 1877 5207 Prazponitnr
1913 5151 2079 5192 unum

511 5223 715 5279 multis.
745 5223 860 5279 Non
889 5224 1032 5280 enim
1061 5240 1092 5278 a
1119 5225 1304 5280 multis
1324 5241 1510 5290 unum,
1540 5227 1632 5280 sed
1660 5227 1826 5280 multa
1851 5228 1920 5281 ab
1947 5242 2078 5290 uno,

505 5326 559 5370 et
589 5326 762 5372 tamen
785 5317 949 5372 multa
968 5327 1094 5373 sunt
1114 5319 1418 5373 necessaria
1443 5317 1870 5384 tendentibusIad
1893 5334 2078 5373 unum.

509 5405 681 5460 Maria
707 5407 1103 5476 Optimam.Nou
1128 5407 1532 5478 reprehenditur
1554 5421 1680 5477 pars
1703 5407 1942 5472 Marthae,
1958 5409 2083 5478 quia

504 5507 562 5554 ct
588 5499 702 5568 ipsa
730 5499 892 5563 bona,
929 5499 1022 5554 sed
1053 5499 1302 5554 laudatur
1326 5513 1452 5567 pars
1497 5497 1694 5562 Mariae,
1743 5510 1863 5566 quae
1915 5514 2084 5568 quare

505 5590 575 5645 sit
600 5589 824 5660 optima,
861 5589 1212 5647 subinfertur.

1119 5678 1345 5735 CAPUT
1383 5677 1470 5732 XI.

519 5801 524 5806 ο
580 5771 739 5829 Vsus.
778 5774 826 5828 l.
878 5772 998 5826 —Et
1023 5770 1218 5842 factum
1242 5779 1335 5825 est.
1374 5769 1501 5826 Post
1529 5768 1804 5826 historiam
1833 5785 2078 5826 sor0'um

2103 4553 2156 4613 D

2185 3313 2227 3364 si
2254 3313 2485 3372 dormire
2509 3327 2658 3367 mens
2684 3313 2888 3383 incipit,
2905 3315 3139 3384 vigorem
3164 3331 3273 3369 sua:
3295 3315 3509 3370 virtutis
3528 3317 3755 3374 amittit.

2184 3402 2370 3455 Excita
2396 3418 2522 3472 ergo
2546 3418 2789 3460 somnum
2817 3414 2986 3470 tuum,
3013 3414 3070 3457 nt
3098 3405 3277 3474 pulses
3297 3404 3496 3466 Christi
3524 3409 3754 3473 ostium,

2184 3504 2242 3551 ut
2261 3509 2382 3548 cum
2409 3495 2696 3555 intraveris
2717 3497 3032 3566 aperiantur
3050 3498 3143 3554 tibi
3167 3499 3407 3556 thesauri
3428 3499 3758 3566 absconditi,

2183 3590 2238 3636 et
2263 3584 2528 3642 tenebrosi
2553 3585 2604 3638 in
2626 3586 2841 3641 Christo
2878 3585 3025 3642 Jesu.
3675 3592 3678 3594 ⁷

2253 3672 2417 3734 Vens.
2451 3676 2503 3730 9.
2541 3705 2612 3727 .—
2659 3674 2828 3735 Petite
2870 3685 2916 3731 et
2933 3727 2946 3735 ,,
2966 3676 3181 3734 dabitur
3223 3677 3391 3733 nobis.
3444 3675 3503 3732 Si
3546 3677 3782 3743 amicus,

2182 3762 2344 3818 homo
2367 3764 2559 3834 surgit,
2582 3773 2636 3819 et
2661 3764 2752 3818 dat
2778 3781 2885 3819 non
2915 3766 3293 3830 amicitia,‘sed
3329 3766 3488 3821 taedio
3514 3768 3772 3838 compul-,

2181 3871 2289 3917 sus,
2305 3865 2508 3924 quanto
2537 3857 2707 3926 magis
2733 3856 2824 3911 dat
2849 3857 2988 3912 Deus
3014 3857 3106 3926 qui
3130 3858 3246 3912 sine
3278 3858 3434 3913 tzedio
3453 3857 3761 3928 largissime

2137 3935 2145 3941 ’
2181 3944 2345 3999 donat
2367 3945 2508 4013 quod
2529 3946 2742 4014 petitur.
2787 3945 2866 4000 Ne
2885 3961 3014 4016 ergo
3033 3947 3258 4003 animus
3287 3946 3355 4002 ab
3377 3947 3581 4006 erroris
3608 3949 3768 4004 vani-.

2182 4044 2290 4090 tate
2318 4051 2608 4091 conversus
2627 4037 2892 4105 spirituali
2920 4038 3098 4107 inopia
3129 4038 3328 4092 diutius
3359 4040 3622 4109 tabescat,
3650 4055 3758 4108 pe-

2181 4136 2356 4183 tamus
2393 4129 2578 4198 epulas
2602 4129 2774 4193 verbi,
2795 4144 3101 4197 quzcramus
3128 4130 3360 4184 amicum
3384 4130 3477 4198 qui
3501 4131 3612 4194 det,
3637 4131 3760 4198 pul-
3843 4127 3845 4129 ’

2179 4234 2361 4274 scmus
2391 4220 2589 4285 ostium
2640 4219 2731 4274 ubi
2781 4224 3067 4276 servantur
3111 4221 3444 4275 abscondita.
3504 4219 3761 4290 Magnam

2179 4309 2322 4363 enim
2363 4323 2511 4379 spem
2551 4309 2757 4375 tribuit,
2806 4311 2896 4378 qui
2951 4310 3316 4381 promittendo
3376 4325 3485 4365 non
3529 4309 3758 4379 decipit.

2181 4399 2363 4455 Omnis
2381 4401 2515 4454 enim
2541 4402 2631 4471 qui
2656 4404 2780 4471 petit
2796 4404 3005 4472 accipit.
3029 4403 3174 4472 Opus
3199 4410 3285 4458 est
3317 4403 3764 4472 perseverantia,

2179 4501 2239 4546 ut
2271 4507 2690 4562 consequamur.
2723 4495 2875 4561 Quod
2905 4495 2950 4549 si
2973 4495 3176 4565 petenti
3208 4495 3397 4563 datur,
3419 4503 3475 4550 et
3505 4511 3762 4566 quzerens

2181 4584 2402 4650 invenit,
2426 4592 2481 4640 et
2507 4584 2740 4656 pulsanti
2762 4587 3019 4656 aperitur.
3047 4586 3134 4642 cui
3158 4600 3422 4655 ergo__n0tt
3462 4585 3654 4652 datur,
3703 4597 3768 4642 et

2181 4676 2272 4746 qui
2323 4691 2431 4732 non
2473 4675 2698 4738 invenit,
2718 4685 2772 4730 et
2800 4677 2888 4731 cui
2926 4691 3033 4735 nou
3056 4677 3336 4746 aperitur,
3361 4684 3583 4745 apparet
3610 4677 3762 4746 quod

2181 4784 2288 4824 non
2309 4769 2446 4824 bene
2468 4768 2761 4837 quatsierit,
2791 4768 3002 4838 petierit
3029 4777 3083 4825 et
3119 4768 3434 4838 pulsaverit.

2257 4860 2423 4915 Vsus.
2458 4859 2544 4913 10.
2572 4889 2643 4899 -—
2679 4858 2910 4925 Qua'rite
2933 4869 2979 4914 et
3002 4861 3290 4914 invenietis.
3342 4889 3415 4902 --
3464 4859 3636 4930 Prope
3675 4872 3766 4924 est,

2181 4947 2438 5003 Dominus
2455 4948 2696 5004 omnibus
2716 4948 3069 5010 invocantibus
3095 4965 3214 5004 eum
3243 4949 3303 5003 in
3329 4950 3566 5013 veritate,
3589 4958 3635 5002 et
3662 4965 3762 5008 ,ιιο-

2184 5038 2438 5093 luntatem
2464 5039 2756 5095 timentium
2781 5055 2834 5092 se
2857 5038 3013 5107 faciet
3048 5036 3220 5106 (Psal.
3249 5039 3419 5104 xuv),
3463 5038 3615 5101 Alios
3660 5040 3760 5106 qui

2184 5146 2294 5187 non
2318 5131 2395 5185 ita
2414 5138 2602 5199 petunt
2634 5130 2905 5201 redarguit
2932 5127 3168 5188 Jacobus
3197 5130 3382 5186 dicens
3419 5144 3434 5184 :
3465 5127 3652 5184 Petitis
3704 5140 3757 5182 et

2185 5238 2289 5276 non
2320 5221 2574 5292 accipitis,
2601 5237 2661 5274 eo
2713 5222 2851 5288 quod
2884 5221 3020 5275 male
3058 5223 3246 5290 petatis
3305 5219 3445 5291 (Jac.
3477 5222 3574 5292 tv),
3628 5221 3755 5290 quia

2184 5312 2540 5382 perseveratis
2571 5312 2622 5366 in
2651 5311 2904 5380 peccatis.

2259 5404 2421 5459 Vsus.
2456 5404 2542 5457 ll.
2573 5435 2644 5444 —-
2673 5402 2802 5468 Quis
2829 5414 2999 5458 autem
3018 5419 3083 5458 ea:
3113 5404 3253 5458 vobis
3287 5413 3482 5473 patrem
3508 5405 3638 5473 petit
3656 5422 3754 5476 pa-

2189 5513 2325 5560 nem,
2356 5496 2590 5567 nunquid
2621 5495 2868 5566 lapidem,
2914 5504 3018 5551 etc.
3083 5495 3264 5568 (Βεο.)
3308 5496 3548 5566 Mystice.
3591 5494 3756 5549 Panis

2186 5588 2364 5659 signat
2391 5587 2706 5642 charitatem
2731 5593 2946 5654 propter
2973 5584 3227 5653 majorem
3261 5585 3554 5654 appetitum
3584 5593 3641 5638 et
3663 5597 3753 5637 nc-

2185 5681 2480 5738 ccssarium
2507 5692 2682 5743 usum,
2707 5686 2836 5742 etc.,
2871 5693 3029 5747 usque
3055 5677 3122 5730 ad
3153 5677 3202 5731 in
3230 5692 3292 5732 ea
3321 5692 3439 5748 quae
3479 5684 3604 5730 ante
3628 5682 3753 5730 sunt

2184 5788 2244 5828 se
2268 5768 2535 5826 extendat.
3017 5760 3034 5773 '
