3960 6336
235 395 345 459 289

1190 387 1458 449 GLOSSA
1497 385 1898 447 ORDlNARIA.
1938 413 2009 426 --
2042 383 2296 441 EVANG.
2336 384 2491 442 LUC.

309 504 471 561 Vens.
524 503 612 560 l5.
653 532 723 545 -—
748 500 954 569 Quanto
979 500 1166 571 magis.
1204 499 1403 569 Aperta
1449 496 1800 568 mmparatio.
1829 496 1880 557 Α
1906 492 2051 549 nulla
2079 492 2283 550 malitia
2311 493 2603 551 artiﬁciosa
2648 493 2783 561 fuit,
2814 495 3078 552 sedebunt
3123 513 3279 569 super
3324 499 3474 556 sedes

234 593 297 651 Si
323 595 469 651 enim
488 593 651 649 homo
672 600 926 663 peccator
951 591 1126 646 adhuc
1146 589 1322 662 fragili
1344 603 1507 646 carne
1528 595 1805 660 gravatus,

234 685 548 757 petentibus
573 684 699 739 ﬁliis
734 682 1046 752 temporalia
1077 681 1208 736 dare
1236 695 1342 736 non
1369 680 1616 749 abnegat,
1638 678 1807 735 multo

234 773 411 847 magis
430 773 592 830 Pater
613 772 852 829 caelestis
871 772 994 828 ﬁliis
1021 786 1121 827 suo
1151 772 1345 828 timore
1367 778 1421 827 et
1454 784 1637 827 amore
1668 785 1808 840 pra:-

233 867 385 931 ditis,
415 880 521 920 non
560 863 864 922 deﬁcientia
885 863 1024 918 bona
1053 861 1278 933 largitur
1304 862 1360 916 in
1385 860 1556 916 caelis.

307 953 474 1009 Vens.
525 952 612 1007 ll.
638 983 709 994 —
735 948 803 1005 Et
830 961 942 1006 erat
963 950 1196 1022 ejiciens.
1244 948 1374 1005 Post
1406 948 1805 1020 praedicationis

234 1045 403 1101 verba
424 1058 544 1114 qua:
564 1042 857 1099 humilibus
883 1040 1162 1112 proposuit
1186 1041 1349 1096 etiam
1378 1039 1638 1096 miracula
1676 1054 1806 1111 ope-

236 1145 416 1201 ratur,
449 1143 511 1190 ut
538 1134 629 1204 qui
658 1132 970 1205 praedicanti
992 1146 1100 1187 non
1133 1131 1385 1197 credunt,
1413 1130 1546 1186 visis
1573 1129 1805 1186 miracu-

233 1225 303 1281 lis
339 1224 581 1280 credant.
613 1222 893 1278 Mattbazus
915 1224 1060 1280 hunc
1087 1221 1468 1278 dtemoniacum
1503 1221 1666 1276 etiam
1701 1235 1806 1278 cte-

231 1330 361 1371 eum
386 1315 552 1371 fuisse
581 1314 733 1370 dicit.
781 1312 841 1368 In
886 1327 996 1383 quo
1046 1310 1151 1367 tria
1199 1310 1457 1366 miracula
1506 1326 1537 1369 a
1576 1311 1803 1368 Domino

234 1410 406 1464 ﬁunt:
434 1408 598 1473 videt,
628 1406 885 1477 loquitur,
905 1420 935 1459 a
956 1406 1197 1461 daemone
1225 1403 1504 1459 liberatur.
1533 1402 1686 1470 Quod
1707 1418 1803 1459 au-

233 1510 346 1555 tem
369 1507 496 1554 tunc
524 1498 580 1553 in
598 1512 706 1559 uno
727 1496 1017 1552 carnaliter
1041 1493 1241 1550 factum
1266 1501 1370 1558 est,
1393 1492 1632 1563 quotidie
1660 1492 1720 1547 ﬁt
1745 1492 1801 1546 in

232 1589 586 1645 conversione
612 1587 870 1657 gentium,
894 1594 954 1640 ut
972 1585 1206 1657 primum
1259 1583 1483 1654 expulso
1537 1584 1795 1648 dtemone,

229 1687 290 1734 et
319 1679 468 1732 omni
493 1677 747 1748 spurcitia
779 1674 1116 1739 idololatriae,
1149 1674 1274 1730 lidei
1329 1674 1508 1728 lumen
1561 1672 1797 1739 videant,

232 1768 429 1824 deinde
457 1768 686 1823 tacentia
714 1767 866 1837 prius
888 1780 983 1820 ora
1008 1764 1075 1818 ad
1103 1764 1314 1819 laudem
1345 1764 1437 1818 Dei
1460 1764 1793 1818 laxarentur.

1904 582 2178 636 duodecim
2191 582 2495 653 judicantes
2513 583 2787 638 duodecim
2810 584 2975 639 tribus
2989 584 3179 640 Israel.
3205 586 3325 654 Vel,
3349 587 3480 656 ﬁlii,

1908 672 1966 730 id
1991 684 2093 740 est,
2118 675 2401 731 exorcistae
2431 674 2573 730 illius
2600 676 2794 746 gentis,
2822 677 2915 746 qui
2965 676 3212 732 invocato
3254 678 3475 735 nomine

1904 762 2117 818 Domini
2161 763 2432 820 daunones
2475 763 2829 834 expellebant.
2872 766 3037 832 Quasi
3074 767 3219 822 dicat
3252 785 3265 821 :
3301 765 3360 822 Si
3377 782 3475 824 ex-

1903 853 2078 925 pulsio
2106 854 2406 910 daemonum
2432 855 2487 909 in
2515 854 2643 920 illis,
2667 869 2774 910 non
2796 855 3008 911 diabolo
3032 857 3129 912 sed
3156 856 3266 913 Deo
3305 857 3473 928 depu-

1906 953 2068 1013 tatur,
2094 962 2194 1004 cur
2220 947 2363 1004 idem
2390 963 2526 1020 opus
2546 948 2601 1004 in
2628 963 2716 1005 me
2740 964 2849 1011 non
2867 950 3064 1008 habeat
3081 953 3326 1009 eamdem
3344 967 3475 1009 cauo

1903 1038 2055 1093 sam?
2077 1036 2207 1094 Ideo
2232 1039 2332 1109 ipsi
2342 1039 2548 1109 judices
2569 1040 2723 1094 uestri
2741 1049 2912 1096 erunt.
2937 1040 3054 1098 Non
3074 1050 3359 1112 potestate,
3375 1046 3470 1099 sed

1902 1130 2327 1201 comparatione,
2345 1129 2471 1184 dum
2506 1129 2583 1184 illi
2603 1128 2990 1200 expulsionem,
3008 1145 3116 1186 non
3140 1130 3354 1186 diabolo
3376 1131 3473 1187 sed

1903 1220 2016 1278 Deo
2047 1221 2343 1291 assignant.
2373 1220 2435 1276 Si
2466 1231 2661 1277 autem.
2684 1221 2849 1288 Quasi
2880 1222 3025 1278 dicat
3051 1236 3067 1276 :
3097 1222 3342 1294 Regnum
3384 1222 3472 1278 di-

1902 1311 2078 1367 visum
2107 1302 2251 1369 stare
2272 1328 2379 1368 non
2405 1320 2606 1383 potest,
2627 1312 2719 1367 sed
2753 1325 2976 1382 regnum
3021 1311 3236 1369 Satanae
3274 1321 3359 1370 est
3386 1314 3470 1369 di-

1901 1402 2096 1467 visum,
2129 1412 2190 1458 ut
2213 1419 2308 1460 vos
2327 1404 2528 1471 dicitis,
2557 1402 2699 1474 quod
2725 1401 2958 1460 Satanas
3006 1402 3174 1458 Satan
3216 1402 3471 1473 expellat,

1900 1509 2052 1566 ergo,
2078 1503 2184 1551 etc.

1977 1584 2136 1641 Vsus.
2166 1585 2522 1653 20.-—Porro,
2545 1588 2591 1641 si
2607 1588 2659 1642 in
2673 1586 2854 1657 digito.
2870 1586 3038 1643 Filius
3060 1586 3257 1643 dicitur
3279 1599 3472 1643 manus

1900 1676 1987 1732 vel
2014 1677 2292 1749 brachium
2314 1677 2522 1735 Patris:
2552 1676 2782 1748 Spiritus
2811 1688 3029 1736 sanctus
3048 1679 3246 1735 dicitur
3276 1678 3475 1749 digitus

1900 1775 2124 1844 propter
2149 1766 2507 1825 differentiam
2551 1769 2824 1824 variorum
2872 1771 3155 1835 donorum,
3203 1784 3323 1840 qua:
3374 1783 3473 1839 per

308 1858 469 1913 Vsus.
504 1856 590 1913 t5.
630 1855 780 1912 --In
808 1855 1112 1911 Beelzebub.
1138 1854 1331 1911 ,Ninus
1384 1869 1502 1920 rex,
1555 1854 1803 1908 conditor
1830 1841 1880 1904 Β
1910 1841 2172 1927 spiritum
2224 1870 2469 1915 sanctum
2523 1860 2830 1916 hominibus
2872 1860 3088 1926 dantur,
3128 1860 3270 1916 sicut
3320 1858 3472 1929 digiti

232 1948 449 2015 Ninive,
500 1948 628 2004 Belo
667 1948 805 2018 patri
852 1962 951 2003 suo
994 1955 1227 2002 statuam
1263 1946 1618 2010 consecravit,
1645 1946 1803 2014 eique

231 2038 447 2094 divinos
478 2038 707 2094 honores
735 2037 982 2099 instituit,
1013 2037 1165 2107 cujus
1213 2030 1489 2091 simulaCri
1543 2035 1800 2090 similitu-

233 2128 417 2183 dinem
447 2127 800 2197 suscipientes
827 2125 1062 2181 Chaldaei
1103 2125 1196 2180 Bel
1218 2124 1500 2180 vocabant.
1528 2123 1802 2180 Palmstini

238 2220 631 2290 suscipientes,
666 2218 793 2273 Baal
843 2219 1110 2285 dicebant,
1158 2218 1403 2273 Moabitae
1449 2217 1799 2288 Bcclphegor.

231 2309 406 2366 Judai
433 2319 608 2367 autem
637 2310 794 2366 unius
822 2310 916 2365 Dei
938 2311 1173 2367 cultores
1213 2318 1432 2382 propter
1474 2310 1799 2365 derisionem

232 2400 514 2473 gentilium
536 2399 834 2455 Beelzebub
859 2398 1215 2469 appellabant.
1246 2398 1376 2453 Baal
1404 2399 1549 2453 enim
1586 2399 1670 2452 vir
1715 2398 1800 2452 di-

233 2488 397 2553 citur,
422 2486 602 2543 Zebub
626 2500 829 2552 musca,
856 2486 979 2540 inde
1003 2485 1319 2551 Beelzebub,
1342 2486 1395 2541 id
1414 2494 1519 2550 est,
1550 2485 1632 2539 vir
1659 2500 1803 2540 mus-

231 2590 446 2641 carum,
468 2577 582 2631 sive
605 2575 809 2630 habens
842 2590 1076 2640 muscas,
1105 2581 1324 2645 propter
1361 2574 1547 2630 sordes
1568 2574 1797 2637 cruoris,

233 2668 329 2738 qui
356 2668 408 2722 in
437 2668 633 2739 templo
662 2669 778 2740 ejus
815 2666 1207 2722 immolabatur.
1260 2668 1591 2724 Asserebant
1635 2669 1799 2723 etiam

231 2753 407 2815 Judaei
433 2759 485 2813 in
519 2760 621 2814 hoc
648 2758 934 2821 simulacro
961 2758 1255 2828 principem
1285 2758 1674 2814 daemoniorum
1706 2762 1802 2814 ha-

234 2852 433 2916 bitare,
458 2867 553 2922 per
579 2850 730 2922 cujus
754 2859 1069 2921 potestatem
1092 2850 1342 2905 dicebant
1365 2848 1547 2905 Iesum
1595 2851 1796 2906 daemo-

233 2942 325 2997 nia
352 2943 571 3014 pellere.
1700 2988 1707 2999 ,

308 3031 472 3086 Vens.
506 3032 590 3087 l8.
629 3063 699 3073 —
744 3031 863 3102 Ipse
890 3042 1059 3087 autem
1102 3042 1157 3087 ut
1185 3032 1312 3087 vidit
1348 3033 1683 3104 cogitationes
1707 3050 1799 3088 eo-

232 3138 376 3175 rum.
409 3121 523 3176 Hoc
544 3122 643 3175 sibi
672 3122 942 3191 proprium
967 3122 1219 3177 Dominus
1245 3123 1570 3186 reservavit,
1602 3132 1661 3176 ut
1702 3138 1799 3177 co-

231 3212 528 3284 gitationes
555 3182 827 3264 intueatur
851 3218 907 3264 et
925 3210 1145 3279 judicet.
1172 3210 1452 3280 Proprium
1477 3182 1566 3265 est
1587 3209 1796 3266 Judieo-
1826 3182 1871 3245 ο

233 3316 359 3357 rum
388 3314 630 3370 quaerere
672 3300 847 3370 signa,
877 3304 1014 3356 unde
1041 3301 1238 3356 Paulus
1269 3318 1284 3355 :
1312 3301 1490 3356 Iudici
1518 3302 1668 3372 signa
1702 3319 1797 3372 pe-

232 3400 565 3460 tunt;gcntes
593 3389 899 3459 sapientiam
922 3389 973 3461 (Ι
1000 3388 1122 3444 Cor.
1152 3390 1212 3460 t).
1241 3391 1361 3460 Ipse
1382 3400 1553 3445 autent
1575 3402 1629 3445 ut
1654 3392 1796 3446 vidit.

231 3481 356 3537 Neu
384 3482 448 3536 ad
476 3481 658 3547 verba,
674 3480 768 3535 sed
793 3480 860 3534 ad
887 3480 1118 3551 cogitata
1142 3482 1426 3551 respondet
1454 3500 1466 3535 :
1498 3482 1550 3537 in
1573 3496 1681 3552 quo
1707 3483 1801 3539 dat

234 3556 728 3640 certum'potentiae
751 3584 861 3625 sua:
900 3570 1110 3640 signum
1139 3586 1243 3640 qua
1295 3579 1503 3626 secreta
1554 3572 1798 3627 cordium

236 3665 492 3720 rimatur.
522 3662 682 3718 Juxta
720 3653 955 3717 litteram
986 3670 1149 3731 patet,
1182 3664 1324 3732 quod
1365 3676 1525 3717 omne
1573 3677 1797 3733 regnum

235 3756 489 3820 solidum,
518 3762 573 3810 et
600 3754 813 3808 ﬁrmum
838 3753 884 3808 si
909 3767 1006 3822 per
1029 3762 1209 3822 partes
1230 3753 1501 3817 dividitur,
1526 3753 1578 3807 iu
1607 3753 1798 3808 solitu-

237 3848 420 3904 dinem
448 3847 726 3918 redigitur,
748 3853 1032 3900 vacuatum
1062 3847 1129 3900 ab
1161 3845 1566 3910 habitatoribus,
1604 3855 1659 3899 et
1700 3846 1799 3900 do-

236 3950 364 3993 mus
394 3948 550 4007 supra
577 3937 792 3992 domum
838 3935 995 3991 cadet
1032 3951 1152 3990 cum
1200 3936 1591 3991 habitatoribus
1642 3936 1801 3993 unius

237 4028 433 4083 domus
453 4029 519 4081 ab
547 4026 768 4083 alterius
809 4026 1002 4081 domus
1051 4025 1252 4080 familia
1299 4026 1381 4080 vel
1425 4028 1802 4096 opprimuntur

235 4119 329 4174 vel
357 4118 670 4189 puniuntur.
693 4116 811 4184 Quo
833 4125 1014 4171 autem
1039 4117 1153 4171 hinc
1180 4115 1530 4186 spiritualitcr
1559 4117 1799 4180 tendant,

234 4209 462 4278 exponit
488 4224 610 4265 cum
647 4206 937 4278 adiungit:
986 4206 1046 4262 Si
1070 4217 1241 4261 autem
1269 4216 1318 4260 et
1366 4208 1594 4261 Satanas
1622 4209 1675 4260 in
1723 4223 1802 4261 se-

234 4301 414 4371 ipsum
443 4300 638 4355 divisus
667 4307 762 4354 est.
787 4299 845 4353 Si
868 4314 988 4369 ego,
1021 4307 1072 4352 ut
1096 4313 1194 4353 vos
1238 4299 1437 4363 dicitis,
1467 4299 1518 4352 in
1558 4297 1801 4369 principe

237 4389 628 4448 daemoniorum
646 4390 806 4460 ejicio
834 4389 1126 4454 daemonia,
1156 4403 1285 4459 ergo
1329 4403 1553 4460 regnum
1604 4387 1800 4443 diaboli

236 4490 327 4538 est
356 4481 585 4535 divisum
614 4488 800 4535 contra
829 4492 911 4545 se,
937 4486 992 4534 et
1019 4478 1091 4532 ita
1137 4483 1375 4547 potestas
1420 4476 1638 4531 malitia:
1682 4475 1804 4545 ejus

236 4583 390 4629 stare
416 4587 524 4627 non
560 4578 750 4641 potest.
777 4570 835 4625 Si
876 4577 1054 4624 autem
1097 4569 1307 4624 daemon
1351 4566 1645 4623 daemonem
1694 4580 1803 4621 non

234 4668 422 4732 potest
446 4659 735 4730 expellere,
763 4656 901 4713 falso
932 4656 1109 4712 dicitis
1136 4670 1221 4709 me
1250 4654 1301 4708 in
1333 4654 1573 4725 principe
1599 4654 1805 4709 daemo-

239 4752 458 4806 niorum
480 4748 740 4804 daemonia
763 4746 978 4817 ejicere.
1009 4744 1069 4801 Si
1097 4758 1224 4799 vero
1248 4752 1424 4815 potest
1443 4743 1582 4798 sicut
1604 4742 1807 4823 dicitis,

237 4840 538 4913 prospicite
553 4839 724 4905 vobis,
752 4846 813 4892 ut
844 4837 910 4893 de
934 4851 1099 4908 regno
1123 4834 1241 4904 ejus
1280 4835 1425 4905 quod
1465 4833 1693 4888 divisum
1723 4841 1809 4888 est

246 4934 506 4999 exeatis,
565 4948 635 4989 ne
689 4933 743 4987 in
802 4930 956 4986 ruina
1016 4927 1137 4998 ejus
1186 4928 1387 4999 pariter
1440 4925 1805 4987 involvamini.

236 5032 300 5089 In
323 5046 432 5101 quo
453 5038 633 5086 autem
658 5027 917 5083 Dominus
940 5024 1118 5095 eiiciat
1140 5024 1501 5085 daemonesme
1519 5020 1808 5077 daemonio.

220 5138 365 5180 rum
397 5122 690 5192 principem
718 5119 1052 5184 existiment,
1075 5116 1355 5172 attendant
1380 5114 1521 5184 quod
1543 5112 1803 5182 sequitur.

320 5210 482 5265 Vens.
510 5209 597 5265 l9.
635 5239 693 5249 —
724 5208 781 5262 Si
811 5216 981 5261 autem
1005 5223 1098 5277 ego
1127 5207 1181 5260 in
1208 5202 1494 5257 Beelzebub
1516 5201 1667 5271 ejicio
1693 5201 1797 5254 dw-

238 5299 443 5363 monia,
466 5297 587 5366 filii.
612 5296 777 5352 Filios
819 5294 1124 5351 Iudaeorum
1172 5291 1440 5362 apostolos
1491 5299 1664 5355 vocat,
1712 5290 1806 5361 qui

241 5390 391 5444 inter
418 5387 523 5443 alia
547 5386 804 5442 miracula
831 5399 950 5455 quae
972 5399 1003 5438 a
1031 5381 1257 5438 Domino
1285 5379 1807 5450 acceperant,etiam

242 5481 519 5535 daemones
540 5476 826 5549 pellebant.
850 5474 1021 5542 Quam
1048 5472 1416 5545 expulsionem
1445 5486 1550 5525 non
1578 5468 1807 5538 diabolo,

242 5572 342 5629 sed
370 5572 485 5626 Deo
513 5568 890 5641 assignabant,
922 5568 1015 5638 qui
1065 5565 1165 5622 sibi
1212 5564 1414 5621 conscii
1473 5571 1631 5618 erant
1678 5561 1811 5617 nihil

243 5665 510 5721 malarum
534 5664 730 5717 artium
753 5676 784 5715 a
808 5661 1037 5719 Domino
1071 5661 1342 5717 didicisse.
1383 5659 1506 5729 ideo
1531 5658 1633 5729 ipsi
1660 5658 1810 5729 igno-

243 5755 373 5810 bilia
403 5751 900 5825 etcontemptibilia
954 5751 1135 5807 mundi
1178 5751 1460 5825 eligentes,
1508 5751 1560 5806 iu
1616 5750 1807 5820 quibus

1905 1949 2048 2003 inter
2076 1965 2135 2004 se
2161 1950 2379 2005 discreti
2413 1960 2536 2005 sunt
2567 1970 2579 2005 :
2606 1966 2704 2006 nec
2729 1951 2887 2006 noc'et
2914 1951 3255 2021 inaequalitas
3302 1964 3474 2007 mem-

1902 2039 2142 2095 brorum.
2174 2040 2324 2096 Licet
2343 2041 2486 2096 enim
2512 2041 2791 2096 brachium
2838 2041 3011 2111 majus
3050 2041 3124 2095 sit
3160 2040 3353 2109 digito,
3392 2049 3473 2093 ta-

1902 2143 2026 2184 men
2057 2130 2336 2185 brachium
2363 2146 2485 2186 cum
2509 2130 2677 2201 digito
2700 2145 2862 2185 unum
2888 2139 2972 2185 est
2992 2144 3209 2200 corpus.
3236 2128 3351 2185 Hoc
3391 2128 3474 2184 di-

1902 2224 2011 2295 gito
2034 2225 2237 2295 scripta
2258 2234 2342 2279 est
2365 2224 2452 2279 lex
2492 2224 2547 2278 in
2581 2223 2798 2279 tabulis.
2848 2223 3003 2278 Hunc
3059 2222 3286 2293 digitum
3331 2222 3474 2291 magi

1902 2311 2136 2368 confessi
2172 2321 2297 2368 sunt
2325 2312 2379 2367 in
2399 2311 2615 2382 Egyto.
2659 2308 2900 2381 Profecto
2929 2312 3178 2382 pervenit,
3221 2318 3354 2375 etc.,
3393 2326 3475 2365 re-

1901 2418 2078 2471 gnum.
2108 2402 2165 2457 ld
2194 2401 2598 2470 est,judiciaria
2633 2408 2874 2470 potestas
2914 2399 3056 2456 Dei:
3082 2415 3188 2471 qua
3232 2399 3403 2456 bonos
3441 2413 3472 2453 a

1900 2493 2057 2548 malis
2082 2500 2330 2549 secernet
2357 2494 2409 2546 in
2437 2493 2522 2547 die
2538 2490 2748 2560 iudicii.
2792 2490 2912 2558 Vel,
2956 2490 3215 2561 Regnum,
3263 2490 3319 2544 id
3367 2496 3472 2552 est,

1902 2597 2132 2651 superna
2160 2582 2453 2637 beatitudo.
2498 2581 2663 2648 Quasi
2709 2581 2895 2635 dicat:
2929 2578 2985 2634 Si
3032 2580 3087 2633 in
3124 2577 3326 2648 Spiritu
3375 2577 3472 2631 Dei

1902 2670 2058 2739 ejicio
2084 2672 2368 2737 daemonia,
2394 2671 2512 2726 sine
2537 2670 2699 2727 dubio
2732 2669 2917 2725 sciatis
2949 2669 3155 2724 aditum
3179 2667 3331 2738 regni
3354 2680 3470 2722 cm-

1901 2760 2055 2816 lestis
2084 2760 2411 2832 patefactum
2435 2760 2797 2853 credentibus.

1970 2853 2440 2909 \’sns.‘2l.—Cum
2467 2847 2614 2919 fortis
2644 2851 2853 2905 atrium.
2875 2850 3035 2918 Quasi
3062 2850 3206 2905 dicat
3239 2866 3250 2902 :
3282 2847 3340 2903 Si
3368 2863 3470 2919 ego

1900 2943 1954 2998 in
1976 2942 2297 3007 Beelzebub,
2311 2943 2451 2998 sicut
2472 2941 2671 3007 dicitis,
2690 2940 2940 3009 ejicerem
2962 2940 3243 3005 daemonia,
3270 2948 3395 2993 tunc
3415 2939 3472 2993 in

1900 3034 2079 3104 aliquo
2105 3035 2359 3103 operibus
2385 3032 2580 3087 diaboli
2610 3033 2986 3097 consentirem,
3017 3033 3111 3086 sed
3138 3030 3284 3087 nullo
3315 3031 3473 3085 modo

1902 3142 2022 3182 cum
2054 3126 2147 3181 illo
2170 3125 2470 3190 consentio,
2492 3125 2585 3178 sed
2612 3123 2786 3193 potius
2822 3123 2971 3179 illum
2998 3136 3257 3191 superare
3292 3128 3346 3174 et
3371 3119 3472 3188 eji-

1904 3229 2026 3270 cere
2054 3230 2085 3268 a
2109 3214 2245 3270 meis
2264 3213 2508 3267 ﬁdelibus
2531 3211 2743 3266 festino.
2756 3209 2887 3263 Cum
2909 3208 3173 3272 diabolus,
3197 3207 3367 3277 fortis.
3390 3206 3474 3260 Ad

1904 3305 2223 3369 nocendum,
2251 3314 2508 3367 armatus,
2544 3302 2727 3355 multis
2756 3300 3126 3371 spiritualibus
3166 3299 3420 3368 nequitiis
3454 3318 3468 3353 :

1903 3396 2148 3460 custodit,
2180 3396 2233 3450 in
2258 3410 2354 3449 sua
2376 3393 2655 3456 servitute,
2690 3393 2883 3445 atrium
2912 3405 3089 3454 suum,
3119 3389 3174 3444 id
3200 3399 3285 3442 est
3318 3404 3477 3443 mun-

1903 3486 2051 3551 dum,
2077 3485 2166 3555 qui
2196 3485 2250 3538 in
2281 3482 2515 3553 maligno
2541 3482 2746 3552 positus
2774 3489 2876 3543 est,
2925 3481 2981 3533 in
3027 3493 3133 3548 quo
3178 3493 3349 3547 usque
3403 3479 3474 3532 ad

1902 3575 2191 3630 adventum
2241 3573 2365 3628 Filii
2426 3573 2516 3628 Dei
2571 3571 2817 3626 diabolus
2871 3570 2988 3626 sine
3044 3570 3473 3626 contradictione

1858 3665 1861 3669 ⁴
1898 3666 2325 3738 principabatur,
2347 3673 2403 3719 et
2436 3664 2576 3719 male
2602 3673 2791 3733 pacato
2833 3663 3087 3719 utebatur
3138 3663 3367 3733 imperio
3415 3663 3472 3717 in

1902 3758 2152 3813 cordibus
2177 3755 2491 3811 infidelium.

1972 3845 2134 3899 Vsus.
2165 3842 2256 3898 22.
2279 3873 2348 3884 —
2370 3838 2426 3898 Si
2447 3853 2619 3897 autem
2643 3842 2849 3912 fortior.
2877 3842 3179 3899 Fortiorem
3201 3856 3261 3897 se
3289 3850 3470 3909 vocat,

1900 3935 1991 4005 qui
2023 3948 2126 3988 non
2152 3933 2403 3988 concordi
2430 3947 2561 4002 pace
2587 3939 2642 3985 et
2671 3932 3003 4001 operatione,
3021 3933 3160 3987 sicut
3180 3931 3480 3987 calumnia-

1900 4024 2118 4088 bantur,
2142 4023 2236 4078 sed
2261 4023 2466 4076 fortiori
2496 4023 2733 4091 potentia
2762 4022 2935 4090 ipsum
2952 4021 3162 4085 stravit,
3191 4022 3476 4077 mundum-

1900 4130 2005 4185 que
2025 4114 2092 4168 ab
2114 4114 2279 4181 ipsius
2300 4113 2665 4168 dominatione
2682 4112 2945 4166 liberavit.
2960 4111 3127 4164 Arma
3149 4110 3345 4167 diaboli
3358 4127 3478 4180 qua:

1903 4201 2144 4265 abstulit,
2167 4201 2503 4255 calidissima:
2527 4210 2652 4254 sunt
2679 4200 2931 4255 versutia:
2961 4200 3261 4269 spiritualis
3282 4201 3475 4269 nequi-

1905 4292 2008 4346 tiae.
2046 4290 2247 4361 Spolia,
2280 4299 2404 4345 sunt
2437 4292 2630 4344 anima:
2658 4292 2726 4345 ab
2763 4305 2829 4345 eo
2870 4289 3125 4360 deceptae,
3161 4304 3279 4361 quae
3304 4289 3478 4347 victor

1901 4381 2146 4459 Christus
2166 4383 2458 4447 distribuit,
2482 4383 2623 4453 quod
2650 4392 2733 4437 est
2756 4381 3044 4453 insignium
3064 4380 3476 4451 triumphantis,

1905 4479 2029 4549 quia
2051 4478 2305 4548 captivam
2329 4476 2520 4531 ducens
2540 4476 3061 4547 captivitatem,dedit
3091 4476 3230 4529 dona
3250 4474 3481 4528 homini-

1908 4572 2023 4636 bus,
2060 4569 2312 4641 quosdam
2362 4569 2569 4640 quidem
2623 4568 2906 4639 apostolos,
2953 4567 3086 4625 alios
3136 4565 3477 4637 evangelistas

1910 4660 2124 4735 (Ep/tes.
2151 4660 2248 4732 ιν).
2270 4669 2375 4715 etc.
2638 4659 2673 4689 ⁸

1981 4752 2143 4807 Vsus.
2174 4752 2265 4808 25.
2288 4783 2359 4792 —
2389 4750 2491 4818 Qui
2533 4768 2635 4806 non
2671 4761 2767 4815 est,
2791 4759 2897 4807 etc.
2925 4751 2994 4806 Et
3014 4764 3141 4806 vere
3164 4763 3327 4819 opera
3357 4762 3478 4805 mea

1909 4857 2016 4898 non
2036 4842 2362 4898 conveniunt
2388 4857 2508 4897 cum
2540 4841 2791 4912 operibus
2814 4840 3028 4897 Satanae
3044 4879 3060 4905 ,
3085 4838 3210 4907 quia
3237 4852 3336 4909 ego
3363 4836 3479 4907 ipse

1912 4932 1967 4986 in
1993 4931 2137 4986 nullo
2160 4931 2419 4986 convenio
2442 4946 2565 4985 cum
2597 4930 2687 4984 illo
2702 4970 2717 4995 ,
2739 4929 2832 4984 sed
2860 4928 3080 4984 omnino
3102 4926 3360 4981 contrarii
3388 4942 3480 4982 su-

1914 5038 2052 5087 mus,
2080 5022 2206 5093 quia
2234 5037 2335 5091 ego
2370 5021 2606 5084 humilis,
2631 5020 2911 5089 benignus,
2937 5019 3146 5073 animas
3166 5016 3350 5072 volens
3370 5015 3475 5070 sal—

1913 5128 2041 5169 vare
2073 5130 2087 5167 :
2120 5112 2207 5168 ille
2231 5112 2512 5183 superbus,
2537 5110 2746 5167 invidus
2766 5110 2911 5179 cupit
2938 5109 3180 5179 perdere.
3207 5107 3318 5179 Ego
3344 5122 3480 5178 pra:-

1914 5204 2183 5261 dicatione
2205 5217 2322 5258 mea
2349 5202 2577 5256 virtutes
2598 5215 2895 5272 congrege;
2933 5199 3021 5255 ille
3064 5200 3267 5269 spargit
3306 5205 3363 5252 ct
3394 5212 3477 5253 sc-

1911 5302 2068 5369 parat
2092 5295 2162 5350 ab
2190 5294 2393 5349 unitate
2421 5292 2694 5348 Ecclesiae.
2739 5289 2808 5345 Et
2847 5292 2935 5361 qui
2966 5306 3067 5345 non
3093 5290 3308 5360 colligit.
3353 5287 3478 5342 llaec

1914 5385 1981 5440 de
2008 5382 2256 5440 omnibus
2292 5382 2560 5438 haereticis
2592 5381 2674 5435 vel
2710 5381 3070 5438 schismaticis
3105 5397 3171 5436 ex
3211 5376 3477 5450 superﬂuo

1911 5484 2143 5547 possunt
2177 5472 2432 5545 intelligi,
2455 5472 2546 5544 qui
2577 5487 2767 5529 omnes
2813 5472 3173 5534 excluduntur
3223 5484 3255 5524 a
3311 5481 3477 5539 regno

1913 5568 2032 5623 Dei.

1984 5655 2147 5711 Vsus.
2172 5652 2261 5709 24.
2291 5683 2361 5694 —
2381 5652 2513 5708 Cant
2534 5652 2832 5709 immundus
2853 5649 3087 5721 spiritus.
3114 5646 3246 5713 Quia
3268 5643 3481 5699 subtra-

1913 5747 2042 5803 hitis
2057 5761 2152 5803 vos
2172 5761 2202 5801 a
2223 5759 2343 5802 meo
2358 5759 2542 5817 regno,
2558 5743 2911 5800 attribuentes
2923 5753 3084 5811 opera
3105 5750 3221 5791 mea
3246 5728 3477 5795 diabolo.

3360 386 3476 443 990
3577 446 3590 458 .
