  <div class='ocr_page' id='page_1' title='image "/cluster/home/n/w/nwhite01/storage/ocr_20150623/114/hvd.32044018909580/151.png"; bbox 0 0 3960 6336; ppageno 0'>
   <div class='ocr_carea' id='block_1_1' title="bbox 499 392 598 451">
    <p class='ocr_par' dir='ltr' id='par_1_1' title="bbox 499 392 598 451">
     <span class='ocr_line' id='line_1_1' title="bbox 499 392 598 451; baseline 0 0"><span class='ocrx_word' id='word_1_1' title='bbox 499 392 598 451; x_wconf 72' lang='grc'><strong>291</strong></span> 
     </span>
    </p>
   </div>
   <div class='ocr_carea' id='block_1_2' title="bbox 991 393 3212 452">
    <p class='ocr_par' dir='ltr' id='par_1_2' title="bbox 991 393 3212 452">
     <span class='ocr_line' id='line_1_2' title="bbox 991 393 3212 452; baseline -0.001 -1"><span class='ocrx_word' id='word_1_2' title='bbox 991 395 1381 451; x_wconf 80' lang='lat' dir='ltr'><strong>WALAFRIDI</strong></span> <span class='ocrx_word' id='word_1_3' title='bbox 1417 395 1662 452; x_wconf 76' lang='lat' dir='ltr'><strong>STRABI</strong></span> <span class='ocrx_word' id='word_1_4' title='bbox 1698 395 1899 452; x_wconf 83' lang='lat' dir='ltr'><strong>FULD.</strong></span> <span class='ocrx_word' id='word_1_5' title='bbox 1942 394 2107 452; x_wconf 81' lang='lat' dir='ltr'><strong>MON.</strong></span> <span class='ocrx_word' id='word_1_6' title='bbox 2149 394 2300 452; x_wconf 83' lang='lat' dir='ltr'><strong>OPP.</strong></span> <span class='ocrx_word' id='word_1_7' title='bbox 2342 394 2520 452; x_wconf 81' lang='lat' dir='ltr'><strong>PARS</strong></span> <span class='ocrx_word' id='word_1_8' title='bbox 2545 395 2600 451; x_wconf 56' lang='grc'><strong>’1.</strong></span> <span class='ocrx_word' id='word_1_9' title='bbox 2642 425 2712 436; x_wconf 89' lang='grc'><strong><em>-</em></strong></span> <span class='ocrx_word' id='word_1_10' title='bbox 2750 393 3212 452; x_wconf 79' lang='lat' dir='ltr'><strong>TIIEOLOGICA.</strong></span> 
     </span>
    </p>
   </div>
   <div class='ocr_carea' id='block_1_3' title="bbox 3652 394 3757 452">
    <p class='ocr_par' dir='ltr' id='par_1_3' title="bbox 3652 394 3757 452">
     <span class='ocr_line' id='line_1_3' title="bbox 3652 394 3757 452; baseline 0.019 -1"><span class='ocrx_word' id='word_1_11' title='bbox 3652 394 3757 452; x_wconf 69' lang='lat'><strong>292</strong></span> 
     </span>
    </p>
   </div>
   <div class='ocr_carea' id='block_1_4' title="bbox 502 505 3761 578">
    <p class='ocr_par' dir='ltr' id='par_1_4' title="bbox 502 505 3761 578">
     <span class='ocr_line' id='line_1_4' title="bbox 502 505 3761 578; baseline 0 -14"><span class='ocrx_word' id='word_1_12' title='bbox 502 510 625 564; x_wconf 86' lang='lat' dir='ltr'><strong>ideo</strong></span> <span class='ocrx_word' id='word_1_13' title='bbox 645 506 888 564; x_wconf 79' lang='lat' dir='ltr'><strong>diabolus</strong></span> <span class='ocrx_word' id='word_1_14' title='bbox 912 507 1118 562; x_wconf 80' lang='lat' dir='ltr'><strong>habitat</strong></span> <span class='ocrx_word' id='word_1_15' title='bbox 1145 507 1197 560; x_wconf 91' lang='lat' dir='ltr'><strong>in</strong></span> <span class='ocrx_word' id='word_1_16' title='bbox 1225 507 1622 571; x_wconf 88' lang='lat' dir='ltr'><strong>vobis,sicutin</strong></span> <span class='ocrx_word' id='word_1_17' title='bbox 1647 523 1745 562; x_wconf 89' lang='lat' dir='ltr'><strong>suo</strong></span> <span class='ocrx_word' id='word_1_18' title='bbox 1772 523 1936 576; x_wconf 89' lang='lat' dir='ltr'><strong>regno</strong></span> <span class='ocrx_word' id='word_1_19' title='bbox 1963 521 2084 577; x_wconf 86' lang='lat' dir='ltr'><strong>gra-</strong></span> <span class='ocrx_word' id='word_1_20' title='bbox 2114 511 2162 570; x_wconf 78' lang='grc' dir='ltr'>Α</span> <span class='ocrx_word' id='word_1_21' title='bbox 2259 505 2422 562; x_wconf 76' lang='lat' dir='ltr'><strong>Vens.</strong></span> <span class='ocrx_word' id='word_1_22' title='bbox 2450 507 2540 562; x_wconf 75' lang='lat'><strong>29.</strong></span> <span class='ocrx_word' id='word_1_23' title='bbox 2570 537 2641 550; x_wconf 88' lang='lat'><strong>—-</strong></span> <span class='ocrx_word' id='word_1_24' title='bbox 2668 507 2834 578; x_wconf 68' lang='lat' dir='ltr'><strong>Carpit</strong></span> <span class='ocrx_word' id='word_1_25' title='bbox 2864 507 3056 562; x_wconf 79' lang='lat' dir='ltr'><strong>dicere.</strong></span> <span class='ocrx_word' id='word_1_26' title='bbox 3093 505 3322 574; x_wconf 84' lang='lat' dir='ltr'><strong>Quidam</strong></span> <span class='ocrx_word' id='word_1_27' title='bbox 3359 506 3761 564; x_wconf 81' lang='lat' dir='ltr'><strong>ealumniaban—</strong></span> 
     </span>
    </p>
   </div>
   <div class='ocr_carea' id='block_1_5' title="bbox 503 595 2079 668">
    <p class='ocr_par' dir='ltr' id='par_1_5' title="bbox 503 595 2079 668">
     <span class='ocr_line' id='line_1_5' title="bbox 503 595 2079 668; baseline -0.001 -15"><span class='ocrx_word' id='word_1_28' title='bbox 503 601 793 668; x_wconf 84' lang='lat' dir='ltr'><strong>viusquam</strong></span> <span class='ocrx_word' id='word_1_29' title='bbox 822 599 873 652; x_wconf 93' lang='lat' dir='ltr'><strong>in</strong></span> <span class='ocrx_word' id='word_1_30' title='bbox 895 597 1180 666; x_wconf 91' lang='lat' dir='ltr'><strong>principio.</strong></span> <span class='ocrx_word' id='word_1_31' title='bbox 1206 595 1430 651; x_wconf 71' lang='lat' dir='ltr'><strong>Exierit.</strong></span> <span class='ocrx_word' id='word_1_32' title='bbox 1458 597 1638 652; x_wconf 82' lang='lat' dir='ltr'><strong>Exivit</strong></span> <span class='ocrx_word' id='word_1_33' title='bbox 1662 597 1902 653; x_wconf 82' lang='lat' dir='ltr'><strong>diabolus</strong></span> <span class='ocrx_word' id='word_1_34' title='bbox 1934 613 1962 651; x_wconf 91' lang='lat' dir='ltr'><strong>a</strong></span> <span class='ocrx_word' id='word_1_35' title='bbox 1987 597 2079 651; x_wconf 84' lang='lat' dir='ltr'><strong>Ju-</strong></span> 
     </span>
    </p>
   </div>
   <div class='ocr_carea' id='block_1_6' title="bbox 513 687 2079 759">
    <p class='ocr_par' dir='ltr' id='par_1_6' title="bbox 513 687 2079 759">
     <span class='ocr_line' id='line_1_6' title="bbox 513 687 2079 759; baseline -0.003 -13"><span class='ocrx_word' id='word_1_36' title='bbox 513 691 644 746; x_wconf 66' lang='lat' dir='ltr'><strong>daeis</strong></span> <span class='ocrx_word' id='word_1_37' title='bbox 659 732 672 755; x_wconf 93' lang='lat'><strong>,</strong></span> <span class='ocrx_word' id='word_1_38' title='bbox 697 689 910 759; x_wconf 83' lang='lat' dir='ltr'><strong>quando</strong></span> <span class='ocrx_word' id='word_1_39' title='bbox 932 687 1101 758; x_wconf 84' lang='lat' dir='ltr'><strong>legem</strong></span> <span class='ocrx_word' id='word_1_40' title='bbox 1124 696 1178 742; x_wconf 92' lang='lat' dir='ltr'><strong>et</strong></span> <span class='ocrx_word' id='word_1_41' title='bbox 1205 688 1405 743; x_wconf 91' lang='lat' dir='ltr'><strong>cultum</strong></span> <span class='ocrx_word' id='word_1_42' title='bbox 1434 690 1595 744; x_wconf 92' lang='lat' dir='ltr'><strong>unius</strong></span> <span class='ocrx_word' id='word_1_43' title='bbox 1613 689 1708 744; x_wconf 89' lang='lat' dir='ltr'><strong>Dei</strong></span> <span class='ocrx_word' id='word_1_44' title='bbox 1731 689 1958 759; x_wconf 88' lang='lat' dir='ltr'><strong>populus</strong></span> <span class='ocrx_word' id='word_1_45' title='bbox 1979 689 2079 744; x_wconf 90' lang='lat' dir='ltr'><strong>iste</strong></span> 
     </span>
    </p>
   </div>
   <div class='ocr_carea' id='block_1_7' title="bbox 511 776 2080 849">
    <p class='ocr_par' dir='ltr' id='par_1_7' title="bbox 511 776 2080 849">
     <span class='ocr_line' id='line_1_7' title="bbox 511 776 2080 849; baseline -0.002 -14"><span class='ocrx_word' id='word_1_46' title='bbox 511 779 774 848; x_wconf 89' lang='lat' dir='ltr'><strong>suscepit,</strong></span> <span class='ocrx_word' id='word_1_47' title='bbox 785 785 842 831; x_wconf 91' lang='lat' dir='ltr'><strong>et</strong></span> <span class='ocrx_word' id='word_1_48' title='bbox 863 776 1114 831; x_wconf 78' lang='lat' dir='ltr'><strong>transivit</strong></span> <span class='ocrx_word' id='word_1_49' title='bbox 1133 776 1198 830; x_wconf 91' lang='lat' dir='ltr'><strong>ad</strong></span> <span class='ocrx_word' id='word_1_50' title='bbox 1213 785 1398 848; x_wconf 80' lang='lat' dir='ltr'><strong>gentes</strong></span> <span class='ocrx_word' id='word_1_51' title='bbox 1412 793 1530 847; x_wconf 62' lang='lat' dir='ltr'><strong>qua:</strong></span> <span class='ocrx_word' id='word_1_52' title='bbox 1543 786 1697 833; x_wconf 90' lang='lat' dir='ltr'><strong>erant</strong></span> <span class='ocrx_word' id='word_1_53' title='bbox 1716 793 1744 832; x_wconf 93' lang='lat' dir='ltr'><strong>a</strong></span> <span class='ocrx_word' id='word_1_54' title='bbox 1759 777 2080 849; x_wconf 80' lang='lat' dir='ltr'><strong>pinguedine</strong></span> 
     </span>
    </p>
   </div>
   <div class='ocr_carea' id='block_1_8' title="bbox 506 867 2076 940">
    <p class='ocr_par' dir='ltr' id='par_1_8' title="bbox 506 867 2076 940">
     <span class='ocr_line' id='line_1_8' title="bbox 506 867 2076 940; baseline -0.003 -15"><span class='ocrx_word' id='word_1_55' title='bbox 506 870 739 940; x_wconf 83' lang='lat' dir='ltr'><strong>Spiritus</strong></span> <span class='ocrx_word' id='word_1_56' title='bbox 758 867 927 923; x_wconf 84' lang='lat' dir='ltr'><strong>sancti</strong></span> <span class='ocrx_word' id='word_1_57' title='bbox 949 875 1002 922; x_wconf 91' lang='lat' dir='ltr'><strong>et</strong></span> <span class='ocrx_word' id='word_1_58' title='bbox 1025 867 1312 922; x_wconf 87' lang='lat' dir='ltr'><strong>dilectione</strong></span> <span class='ocrx_word' id='word_1_59' title='bbox 1327 869 1558 937; x_wconf 82' lang='lat' dir='ltr'><strong>proximi</strong></span> <span class='ocrx_word' id='word_1_60' title='bbox 1586 869 1750 922; x_wconf 75' lang='lat' dir='ltr'><strong>arida:</strong></span> <span class='ocrx_word' id='word_1_61' title='bbox 1769 876 1823 923; x_wconf 90' lang='lat' dir='ltr'><strong>et</strong></span> <span class='ocrx_word' id='word_1_62' title='bbox 1843 867 2076 923; x_wconf 84' lang='lat' dir='ltr'><strong>steriles.</strong></span> 
     </span>
    </p>
   </div>
   <div class='ocr_carea' id='block_1_9' title="bbox 503 959 2078 1030">
    <p class='ocr_par' dir='ltr' id='par_1_9' title="bbox 503 959 2078 1030">
     <span class='ocr_line' id='line_1_9' title="bbox 503 959 2078 1030; baseline -0.003 -14"><span class='ocrx_word' id='word_1_63' title='bbox 503 962 561 1016; x_wconf 91' lang='lat' dir='ltr'><strong>ln</strong></span> <span class='ocrx_word' id='word_1_64' title='bbox 583 961 776 1030; x_wconf 89' lang='lat' dir='ltr'><strong>quibus</strong></span> <span class='ocrx_word' id='word_1_65' title='bbox 800 959 914 1028; x_wconf 90' lang='lat' dir='ltr'><strong>jam</strong></span> <span class='ocrx_word' id='word_1_66' title='bbox 935 974 1044 1013; x_wconf 93' lang='lat' dir='ltr'><strong>non</strong></span> <span class='ocrx_word' id='word_1_67' title='bbox 1063 959 1264 1014; x_wconf 87' lang='lat' dir='ltr'><strong>invenit</strong></span> <span class='ocrx_word' id='word_1_68' title='bbox 1284 960 1544 1028; x_wconf 79' lang='lat' dir='ltr'><strong>requiem,</strong></span> <span class='ocrx_word' id='word_1_69' title='bbox 1563 959 1685 1029; x_wconf 87' lang='lat' dir='ltr'><strong>quia</strong></span> <span class='ocrx_word' id='word_1_70' title='bbox 1711 959 1822 1028; x_wconf 90' lang='lat' dir='ltr'><strong>jam</strong></span> <span class='ocrx_word' id='word_1_71' title='bbox 1851 975 1879 1012; x_wconf 91' lang='lat' dir='ltr'><strong>a</strong></span> <span class='ocrx_word' id='word_1_72' title='bbox 1899 959 2078 1012; x_wconf 88' lang='lat' dir='ltr'><strong>cordi-</strong></span> 
     </span>
    </p>
   </div>
   <div class='ocr_carea' id='block_1_10' title="bbox 500 1050 2080 1122">
    <p class='ocr_par' dir='ltr' id='par_1_10' title="bbox 500 1050 2080 1122">
     <span class='ocr_line' id='line_1_10' title="bbox 500 1050 2080 1122; baseline -0.003 -15"><span class='ocrx_word' id='word_1_73' title='bbox 500 1054 605 1107; x_wconf 90' lang='lat' dir='ltr'><strong>bus</strong></span> <span class='ocrx_word' id='word_1_74' title='bbox 626 1051 864 1122; x_wconf 87' lang='lat' dir='ltr'><strong>gentium</strong></span> <span class='ocrx_word' id='word_1_75' title='bbox 897 1058 1143 1118; x_wconf 88' lang='lat' dir='ltr'><strong>suscepta</strong></span> <span class='ocrx_word' id='word_1_76' title='bbox 1174 1050 1278 1105; x_wconf 88' lang='lat' dir='ltr'><strong>ﬁde</strong></span> <span class='ocrx_word' id='word_1_77' title='bbox 1306 1051 1508 1104; x_wconf 84' lang='lat' dir='ltr'><strong>Christi</strong></span> <span class='ocrx_word' id='word_1_78' title='bbox 1537 1050 1841 1119; x_wconf 81' lang='lat' dir='ltr'><strong>expellitur,</strong></span> <span class='ocrx_word' id='word_1_79' title='bbox 1867 1051 2080 1120; x_wconf 82' lang='lat' dir='ltr'><strong>quando</strong></span> 
     </span>
    </p>
   </div>
   <div class='ocr_carea' id='block_1_11' title="bbox 506 1141 2080 1212">
    <p class='ocr_par' dir='ltr' id='par_1_11' title="bbox 506 1141 2080 1212">
     <span class='ocr_line' id='line_1_11' title="bbox 506 1141 2080 1212; baseline -0.001 -15"><span class='ocrx_word' id='word_1_80' title='bbox 506 1141 642 1197; x_wconf 88' lang='lat' dir='ltr'><strong>dicit</strong></span> <span class='ocrx_word' id='word_1_81' title='bbox 667 1156 683 1195; x_wconf 90' lang='lat'><strong>:</strong></span> <span class='ocrx_word' id='word_1_82' title='bbox 715 1141 975 1211; x_wconf 83' lang='lat' dir='ltr'><strong>Repetam</strong></span> <span class='ocrx_word' id='word_1_83' title='bbox 1003 1141 1742 1212; x_wconf 62' lang='lat' dir='ltr'><strong>Judaesquosantedimisi.</strong></span> <span class='ocrx_word' id='word_1_84' title='bbox 1772 1141 1841 1195; x_wconf 88' lang='lat' dir='ltr'><strong>Et</strong></span> <span class='ocrx_word' id='word_1_85' title='bbox 1877 1141 2080 1196; x_wconf 80' lang='lat' dir='ltr'><strong>invenit</strong></span> 
     </span>
    </p>
   </div>
   <div class='ocr_carea' id='block_1_12' title="bbox 505 1229 2080 1304">
    <p class='ocr_par' dir='ltr' id='par_1_12' title="bbox 505 1229 2080 1304">
     <span class='ocr_line' id='line_1_12' title="bbox 505 1229 2080 1304; baseline -0.002 -15"><span class='ocrx_word' id='word_1_86' title='bbox 505 1233 683 1304; x_wconf 80' lang='lat' dir='ltr'><strong>scopis</strong></span> <span class='ocrx_word' id='word_1_87' title='bbox 711 1232 1024 1286; x_wconf 90' lang='lat' dir='ltr'><strong>mundatam</strong></span> <span class='ocrx_word' id='word_1_88' title='bbox 1049 1231 1192 1286; x_wconf 89' lang='lat' dir='ltr'><strong>illam</strong></span> <span class='ocrx_word' id='word_1_89' title='bbox 1224 1232 1454 1301; x_wconf 88' lang='lat' dir='ltr'><strong>plebem,</strong></span> <span class='ocrx_word' id='word_1_90' title='bbox 1481 1232 1532 1286; x_wconf 92' lang='lat' dir='ltr'><strong>id</strong></span> <span class='ocrx_word' id='word_1_91' title='bbox 1559 1240 1641 1286; x_wconf 89' lang='lat' dir='ltr'><strong>est</strong></span> <span class='ocrx_word' id='word_1_92' title='bbox 1669 1229 1954 1300; x_wconf 84' lang='lat' dir='ltr'><strong>superﬁuis</strong></span> <span class='ocrx_word' id='word_1_93' title='bbox 1981 1232 2080 1286; x_wconf 90' lang='lat' dir='ltr'><strong>ob-</strong></span> 
     </span>
    </p>
   </div>
   <div class='ocr_carea' id='block_1_13' title="bbox 505 1321 2082 1392">
    <p class='ocr_par' dir='ltr' id='par_1_13' title="bbox 505 1321 2082 1392">
     <span class='ocr_line' id='line_1_13' title="bbox 505 1321 2082 1392; baseline -0.001 -14"><span class='ocrx_word' id='word_1_94' title='bbox 505 1321 902 1378; x_wconf 87' lang='lat' dir='ltr'><strong>servationibus</strong></span> <span class='ocrx_word' id='word_1_95' title='bbox 924 1322 1316 1376; x_wconf 63' lang='lat' dir='ltr'><strong>Pharisaeorum</strong></span> <span class='ocrx_word' id='word_1_96' title='bbox 1343 1331 1398 1378; x_wconf 89' lang='lat' dir='ltr'><strong>et</strong></span> <span class='ocrx_word' id='word_1_97' title='bbox 1429 1323 1762 1377; x_wconf 81' lang='lat' dir='ltr'><strong>caeremoniis</strong></span> <span class='ocrx_word' id='word_1_98' title='bbox 1791 1322 1942 1392; x_wconf 89' lang='lat' dir='ltr'><strong>legis,</strong></span> <span class='ocrx_word' id='word_1_99' title='bbox 1963 1337 2082 1391; x_wconf 72' lang='lat' dir='ltr'><strong>qua:</strong></span> 
     </span>
    </p>
   </div>
   <div class='ocr_carea' id='block_1_14' title="bbox 502 1409 2082 1481">
    <p class='ocr_par' dir='ltr' id='par_1_14' title="bbox 502 1409 2082 1481">
     <span class='ocr_line' id='line_1_14' title="bbox 502 1409 2082 1481; baseline -0.001 -15"><span class='ocrx_word' id='word_1_100' title='bbox 502 1409 612 1480; x_wconf 89' lang='lat' dir='ltr'><strong>jam</strong></span> <span class='ocrx_word' id='word_1_101' title='bbox 642 1411 775 1466; x_wconf 80' lang='lat' dir='ltr'><strong>nihil</strong></span> <span class='ocrx_word' id='word_1_102' title='bbox 823 1411 1005 1465; x_wconf 90' lang='lat' dir='ltr'><strong>valent</strong></span> <span class='ocrx_word' id='word_1_103' title='bbox 1038 1419 1160 1481; x_wconf 90' lang='lat' dir='ltr'><strong>post</strong></span> <span class='ocrx_word' id='word_1_104' title='bbox 1206 1411 1492 1465; x_wconf 84' lang='lat' dir='ltr'><strong>adventum</strong></span> <span class='ocrx_word' id='word_1_105' title='bbox 1535 1409 1755 1466; x_wconf 86' lang='lat' dir='ltr'><strong>Christi.</strong></span> <span class='ocrx_word' id='word_1_106' title='bbox 1785 1411 1852 1466; x_wconf 87' lang='lat' dir='ltr'><strong>Et</strong></span> <span class='ocrx_word' id='word_1_107' title='bbox 1896 1421 1955 1466; x_wconf 92' lang='lat' dir='ltr'><strong>ut</strong></span> <span class='ocrx_word' id='word_1_108' title='bbox 1992 1411 2082 1465; x_wconf 92' lang='lat' dir='ltr'><strong>ﬁr-</strong></span> 
     </span>
    </p>
   </div>
   <div class='ocr_carea' id='block_1_15' title="bbox 508 1501 2083 1571">
    <p class='ocr_par' dir='ltr' id='par_1_15' title="bbox 508 1501 2083 1571">
     <span class='ocr_line' id='line_1_15' title="bbox 508 1501 2083 1571; baseline -0.001 -15"><span class='ocrx_word' id='word_1_109' title='bbox 508 1503 649 1556; x_wconf 91' lang='lat' dir='ltr'><strong>mius</strong></span> <span class='ocrx_word' id='word_1_110' title='bbox 674 1501 962 1571; x_wconf 90' lang='lat' dir='ltr'><strong>possideat,</strong></span> <span class='ocrx_word' id='word_1_111' title='bbox 989 1501 1216 1556; x_wconf 83' lang='lat' dir='ltr'><strong>assumit</strong></span> <span class='ocrx_word' id='word_1_112' title='bbox 1240 1501 1649 1556; x_wconf 84' lang='lat' dir='ltr'><strong>universitatem</strong></span> <span class='ocrx_word' id='word_1_113' title='bbox 1672 1503 1998 1556; x_wconf 83' lang='lat' dir='ltr'><strong>daemonum.</strong></span> <span class='ocrx_word' id='word_1_114' title='bbox 2017 1501 2083 1555; x_wconf 88' lang='lat' dir='ltr'><strong>Et</strong></span> 
     </span>
    </p>
   </div>
   <div class='ocr_carea' id='block_1_16' title="bbox 510 1591 2084 1661">
    <p class='ocr_par' dir='ltr' id='par_1_16' title="bbox 510 1591 2084 1661">
     <span class='ocr_line' id='line_1_16' title="bbox 510 1591 2084 1661; baseline -0.002 -12"><span class='ocrx_word' id='word_1_115' title='bbox 510 1593 672 1649; x_wconf 89' lang='lat' dir='ltr'><strong>modo</strong></span> <span class='ocrx_word' id='word_1_116' title='bbox 693 1593 988 1649; x_wconf 87' lang='lat' dir='ltr'><strong>deteriores</strong></span> <span class='ocrx_word' id='word_1_117' title='bbox 1009 1592 1263 1648; x_wconf 82' lang='lat' dir='ltr'><strong>lsraelitae</strong></span> <span class='ocrx_word' id='word_1_118' title='bbox 1293 1600 1449 1656; x_wconf 86' lang='lat' dir='ltr'><strong>sunt,</strong></span> <span class='ocrx_word' id='word_1_119' title='bbox 1474 1591 1905 1661; x_wconf 89' lang='lat' dir='ltr'><strong>blasphemantes</strong></span> <span class='ocrx_word' id='word_1_120' title='bbox 1928 1591 2084 1646; x_wconf 88' lang='lat' dir='ltr'><strong>Chri-</strong></span> 
     </span>
    </p>
   </div>
   <div class='ocr_carea' id='block_1_17' title="bbox 514 1681 2083 1753">
    <p class='ocr_par' dir='ltr' id='par_1_17' title="bbox 514 1681 2083 1753">
     <span class='ocr_line' id='line_1_17' title="bbox 514 1681 2083 1753; baseline -0.004 -12"><span class='ocrx_word' id='word_1_121' title='bbox 514 1693 658 1742; x_wconf 85' lang='lat' dir='ltr'><strong>stum</strong></span> <span class='ocrx_word' id='word_1_122' title='bbox 689 1685 746 1739; x_wconf 92' lang='lat' dir='ltr'><strong>iu</strong></span> <span class='ocrx_word' id='word_1_123' title='bbox 773 1685 885 1740; x_wconf 88' lang='lat' dir='ltr'><strong>suis</strong></span> <span class='ocrx_word' id='word_1_124' title='bbox 908 1683 1316 1747; x_wconf 89' lang='lat' dir='ltr'><strong>conventiculis,</strong></span> <span class='ocrx_word' id='word_1_125' title='bbox 1343 1685 1524 1753; x_wconf 81' lang='lat' dir='ltr'><strong>&#39;quam</strong></span> <span class='ocrx_word' id='word_1_126' title='bbox 1571 1681 1698 1736; x_wconf 91' lang='lat' dir='ltr'><strong>olim</strong></span> <span class='ocrx_word' id='word_1_127' title='bbox 1749 1681 1978 1736; x_wconf 78' lang='lat' dir='ltr'><strong>fuissent</strong></span> <span class='ocrx_word' id='word_1_128' title='bbox 2027 1681 2083 1735; x_wconf 92' lang='lat' dir='ltr'><strong>in</strong></span> 
     </span>
    </p>
   </div>
   <div class='ocr_carea' id='block_1_18' title="bbox 511 1769 2086 1848">
    <p class='ocr_par' dir='ltr' id='par_1_18' title="bbox 511 1769 2086 1848">
     <span class='ocr_line' id='line_1_18' title="bbox 511 1769 2086 1848; baseline -0.004 -18"><span class='ocrx_word' id='word_1_129' title='bbox 511 1775 746 1848; x_wconf 66' lang='lat' dir='ltr'><strong>Egypto</strong></span> <span class='ocrx_word' id='word_1_130' title='bbox 791 1783 916 1830; x_wconf 87' lang='lat' dir='ltr'><strong>ante</strong></span> <span class='ocrx_word' id='word_1_131' title='bbox 943 1774 1267 1844; x_wconf 85' lang='lat' dir='ltr'><strong>&#39;perceptam</strong></span> <span class='ocrx_word' id='word_1_132' title='bbox 1317 1773 1528 1844; x_wconf 80' lang='lat' dir='ltr'><strong>legem,</strong></span> <span class='ocrx_word' id='word_1_133' title='bbox 1573 1771 1697 1842; x_wconf 90' lang='lat' dir='ltr'><strong>quia</strong></span> <span class='ocrx_word' id='word_1_134' title='bbox 1750 1769 1924 1839; x_wconf 87' lang='lat' dir='ltr'><strong>major</strong></span> <span class='ocrx_word' id='word_1_135' title='bbox 1965 1769 2086 1824; x_wconf 88' lang='lat' dir='ltr'><strong>inli-</strong></span> 
     </span>
    </p>
   </div>
   <div class='ocr_carea' id='block_1_19' title="bbox 2184 600 3737 672">
    <p class='ocr_par' dir='ltr' id='par_1_19' title="bbox 2184 600 3737 672">
     <span class='ocr_line' id='line_1_19' title="bbox 2184 600 3737 672; baseline 0.003 -18"><span class='ocrx_word' id='word_1_136' title='bbox 2184 608 2276 654; x_wconf 88' lang='lat' dir='ltr'><strong>tur</strong></span> <span class='ocrx_word' id='word_1_137' title='bbox 2299 616 2462 670; x_wconf 85' lang='lat' dir='ltr'><strong>opera</strong></span> <span class='ocrx_word' id='word_1_138' title='bbox 2491 601 2608 671; x_wconf 89' lang='lat' dir='ltr'><strong>ejus</strong></span> <span class='ocrx_word' id='word_1_139' title='bbox 2625 643 2639 666; x_wconf 91' lang='lat'><strong>,</strong></span> <span class='ocrx_word' id='word_1_140' title='bbox 2665 602 2858 672; x_wconf 88' lang='lat' dir='ltr'><strong>quibus</strong></span> <span class='ocrx_word' id='word_1_141' title='bbox 2884 601 3162 671; x_wconf 88' lang='lat' dir='ltr'><strong>hucusque</strong></span> <span class='ocrx_word' id='word_1_142' title='bbox 3187 600 3484 671; x_wconf 87' lang='lat' dir='ltr'><strong>respondit.</strong></span> <span class='ocrx_word' id='word_1_143' title='bbox 3512 601 3619 656; x_wconf 81' lang='lat' dir='ltr'><strong>Alii</strong></span> <span class='ocrx_word' id='word_1_144' title='bbox 3649 611 3737 658; x_wconf 90' lang='lat' dir='ltr'><strong>ten</strong></span> 
     </span>
    </p>
   </div>
   <div class='ocr_carea' id='block_1_20' title="bbox 2184 689 3760 760">
    <p class='ocr_par' dir='ltr' id='par_1_20' title="bbox 2184 689 3760 760">
     <span class='ocr_line' id='line_1_20' title="bbox 2184 689 3760 760; baseline 0.002 -16"><span class='ocrx_word' id='word_1_145' title='bbox 2184 696 2394 754; x_wconf 88' lang='lat' dir='ltr'><strong>tantes,</strong></span> <span class='ocrx_word' id='word_1_146' title='bbox 2432 689 2645 760; x_wconf 85' lang='lat' dir='ltr'><strong>signum</strong></span> <span class='ocrx_word' id='word_1_147' title='bbox 2683 690 2994 759; x_wconf 82' lang='lat' dir='ltr'><strong>quaerebant</strong></span> <span class='ocrx_word' id='word_1_148' title='bbox 3025 691 3091 744; x_wconf 89' lang='lat' dir='ltr'><strong>de</strong></span> <span class='ocrx_word' id='word_1_149' title='bbox 3117 689 3284 754; x_wconf 72' lang='lat' dir='ltr'><strong>caelo,</strong></span> <span class='ocrx_word' id='word_1_150' title='bbox 3326 699 3382 744; x_wconf 90' lang='lat' dir='ltr'><strong>et</strong></span> <span class='ocrx_word' id='word_1_151' title='bbox 3413 689 3515 744; x_wconf 86' lang='lat' dir='ltr'><strong>illis</strong></span> <span class='ocrx_word' id='word_1_152' title='bbox 3547 690 3640 745; x_wconf 87' lang='lat' dir='ltr'><strong>hic</strong></span> <span class='ocrx_word' id='word_1_153' title='bbox 3680 706 3760 747; x_wconf 86' lang='lat' dir='ltr'><strong>re-</strong></span> 
     </span>
    </p>
   </div>
   <div class='ocr_carea' id='block_1_21' title="bbox 2183 777 3755 850">
    <p class='ocr_par' dir='ltr' id='par_1_21' title="bbox 2183 777 3755 850">
     <span class='ocr_line' id='line_1_21' title="bbox 2183 777 3755 850; baseline 0.002 -16"><span class='ocrx_word' id='word_1_154' title='bbox 2183 780 2428 848; x_wconf 86' lang='lat' dir='ltr'><strong>spondet.</strong></span> <span class='ocrx_word' id='word_1_155' title='bbox 2449 777 2667 850; x_wconf 83' lang='lat' dir='ltr'><strong>Signum</strong></span> <span class='ocrx_word' id='word_1_156' title='bbox 2690 783 2938 850; x_wconf 75' lang='lat' dir='ltr'><strong>quaeritet</strong></span> <span class='ocrx_word' id='word_1_157' title='bbox 2959 780 3164 850; x_wconf 86' lang='lat' dir='ltr'><strong>signum</strong></span> <span class='ocrx_word' id='word_1_158' title='bbox 3188 797 3291 834; x_wconf 89' lang='lat' dir='ltr'><strong>non</strong></span> <span class='ocrx_word' id='word_1_159' title='bbox 3305 779 3516 834; x_wconf 76' lang='lat' dir='ltr'><strong>dabitur</strong></span> <span class='ocrx_word' id='word_1_160' title='bbox 3527 780 3632 845; x_wconf 88' lang='lat' dir='ltr'><strong>illi,</strong></span> <span class='ocrx_word' id='word_1_161' title='bbox 3655 789 3755 837; x_wconf 80' lang='lat' dir='ltr'><strong>etc.</strong></span> 
     </span>
    </p>
   </div>
   <div class='ocr_carea' id='block_1_22' title="bbox 2183 869 3759 942">
    <p class='ocr_par' dir='ltr' id='par_1_22' title="bbox 2183 869 3759 942">
     <span class='ocr_line' id='line_1_22' title="bbox 2183 869 3759 942; baseline 0.001 -18"><span class='ocrx_word' id='word_1_162' title='bbox 2183 869 2469 940; x_wconf 88' lang='lat' dir='ltr'><strong>Discipulis</strong></span> <span class='ocrx_word' id='word_1_163' title='bbox 2506 870 2715 941; x_wconf 90' lang='lat' dir='ltr'><strong>signum</strong></span> <span class='ocrx_word' id='word_1_164' title='bbox 2748 871 2895 925; x_wconf 89' lang='lat' dir='ltr'><strong>dedit</strong></span> <span class='ocrx_word' id='word_1_165' title='bbox 2920 871 3250 936; x_wconf 88' lang='lat' dir='ltr'><strong>divinitatis,</strong></span> <span class='ocrx_word' id='word_1_166' title='bbox 3278 879 3332 925; x_wconf 89' lang='lat' dir='ltr'><strong>et</strong></span> <span class='ocrx_word' id='word_1_167' title='bbox 3355 869 3506 942; x_wconf 90' lang='lat' dir='ltr'><strong>prius</strong></span> <span class='ocrx_word' id='word_1_168' title='bbox 3538 871 3759 925; x_wconf 83' lang='lat' dir='ltr'><strong>transﬁ-</strong></span> 
     </span>
    </p>
   </div>
   <div class='ocr_carea' id='block_1_23' title="bbox 2182 959 3760 1030">
    <p class='ocr_par' dir='ltr' id='par_1_23' title="bbox 2182 959 3760 1030">
     <span class='ocr_line' id='line_1_23' title="bbox 2182 959 3760 1030; baseline 0.003 -19"><span class='ocrx_word' id='word_1_169' title='bbox 2182 967 2404 1030; x_wconf 81' lang='lat' dir='ltr'><strong>guratns</strong></span> <span class='ocrx_word' id='word_1_170' title='bbox 2438 960 2490 1013; x_wconf 85' lang='lat' dir='ltr'><strong>in</strong></span> <span class='ocrx_word' id='word_1_171' title='bbox 2526 969 2737 1024; x_wconf 90' lang='lat' dir='ltr'><strong>monte,</strong></span> <span class='ocrx_word' id='word_1_172' title='bbox 2771 969 2826 1014; x_wconf 90' lang='lat' dir='ltr'><strong>et</strong></span> <span class='ocrx_word' id='word_1_173' title='bbox 2854 967 3043 1030; x_wconf 91' lang='lat' dir='ltr'><strong>postea</strong></span> <span class='ocrx_word' id='word_1_174' title='bbox 3075 960 3209 1030; x_wconf 86' lang='lat' dir='ltr'><strong>ipsis</strong></span> <span class='ocrx_word' id='word_1_175' title='bbox 3237 959 3542 1014; x_wconf 89' lang='lat' dir='ltr'><strong>videntibus</strong></span> <span class='ocrx_word' id='word_1_176' title='bbox 3581 960 3760 1016; x_wconf 88' lang='lat' dir='ltr'><strong>suble-</strong></span> 
     </span>
    </p>
   </div>
   <div class='ocr_carea' id='block_1_24' title="bbox 2182 1050 3761 1130">
    <p class='ocr_par' dir='ltr' id='par_1_24' title="bbox 2182 1050 3761 1130">
     <span class='ocr_line' id='line_1_24' title="bbox 2182 1050 3761 1130; baseline 0.002 -26"><span class='ocrx_word' id='word_1_177' title='bbox 2182 1060 2338 1106; x_wconf 90' lang='lat' dir='ltr'><strong>vatus</strong></span> <span class='ocrx_word' id='word_1_178' title='bbox 2385 1052 2438 1105; x_wconf 93' lang='lat' dir='ltr'><strong>in</strong></span> <span class='ocrx_word' id='word_1_179' title='bbox 2487 1053 2708 1106; x_wconf 87' lang='lat' dir='ltr'><strong>coelum.</strong></span> <span class='ocrx_word' id='word_1_180' title='bbox 2757 1051 2862 1108; x_wconf 90' lang='lat' dir='ltr'><strong>Sed</strong></span> <span class='ocrx_word' id='word_1_181' title='bbox 2893 1052 3182 1130; x_wconf 89' lang='lat' dir='ltr'><strong>incredulis</strong></span> <span class='ocrx_word' id='word_1_182' title='bbox 3211 1052 3277 1107; x_wconf 89' lang='lat' dir='ltr'><strong>de</strong></span> <span class='ocrx_word' id='word_1_183' title='bbox 3305 1050 3545 1107; x_wconf 89' lang='lat' dir='ltr'><strong>inferiori</strong></span> <span class='ocrx_word' id='word_1_184' title='bbox 3573 1052 3761 1107; x_wconf 86' lang='lat' dir='ltr'><strong>huma-</strong></span> 
     </span>
    </p>
   </div>
   <div class='ocr_carea' id='block_1_25' title="bbox 2183 1129 2661 1211">
    <p class='ocr_par' dir='ltr' id='par_1_25' title="bbox 2183 1129 2661 1211">
     <span class='ocr_line' id='line_1_25' title="bbox 2183 1129 2661 1211; baseline 0 -17"><span class='ocrx_word' id='word_1_185' title='bbox 2183 1141 2365 1195; x_wconf 89' lang='lat' dir='ltr'><strong>nitatis</strong></span> <span class='ocrx_word' id='word_1_186' title='bbox 2389 1129 2661 1211; x_wconf 69' lang='lat' dir='ltr'><strong>passione.</strong></span> 
     </span>
    </p>
   </div>
   <div class='ocr_carea' id='block_1_26' title="bbox 2252 1228 3761 1302">
    <p class='ocr_par' dir='ltr' id='par_1_26' title="bbox 2252 1228 3761 1302">
     <span class='ocr_line' id='line_1_26' title="bbox 2252 1228 3761 1302; baseline 0.003 -19"><span class='ocrx_word' id='word_1_187' title='bbox 2252 1228 2414 1286; x_wconf 73' lang='lat' dir='ltr'><strong>Vens.</strong></span> <span class='ocrx_word' id='word_1_188' title='bbox 2440 1232 2530 1286; x_wconf 82' lang='grc'><strong>51.</strong></span> <span class='ocrx_word' id='word_1_189' title='bbox 2547 1261 2617 1271; x_wconf 93' lang='grc'><strong><em>-</em></strong></span> <span class='ocrx_word' id='word_1_190' title='bbox 2639 1231 2839 1302; x_wconf 85' lang='lat' dir='ltr'><strong>Regina</strong></span> <span class='ocrx_word' id='word_1_191' title='bbox 2863 1231 3032 1285; x_wconf 79' lang='lat' dir='ltr'><strong>austri</strong></span> <span class='ocrx_word' id='word_1_192' title='bbox 3058 1240 3256 1302; x_wconf 78' lang='lat' dir='ltr'><strong>surget.</strong></span> <span class='ocrx_word' id='word_1_193' title='bbox 3283 1230 3382 1286; x_wconf 78' lang='lat' dir='ltr'><strong>llic</strong></span> <span class='ocrx_word' id='word_1_194' title='bbox 3407 1231 3761 1288; x_wconf 83' lang='lat' dir='ltr'><strong>condemnata</strong></span> 
     </span>
    </p>
   </div>
   <div class='ocr_carea' id='block_1_27' title="bbox 2182 1319 3761 1393">
    <p class='ocr_par' dir='ltr' id='par_1_27' title="bbox 2182 1319 3761 1393">
     <span class='ocr_line' id='line_1_27' title="bbox 2182 1319 3761 1393; baseline 0.001 -19"><span class='ocrx_word' id='word_1_195' title='bbox 2182 1319 2336 1390; x_wconf 88' lang='lat' dir='ltr'><strong>plebe</strong></span> <span class='ocrx_word' id='word_1_196' title='bbox 2372 1320 2677 1376; x_wconf 62' lang='lat' dir='ltr'><strong>Judazorum</strong></span> <span class='ocrx_word' id='word_1_197' title='bbox 2698 1362 2712 1385; x_wconf 92' lang='lat'><strong>,</strong></span> <span class='ocrx_word' id='word_1_198' title='bbox 2767 1321 3028 1377; x_wconf 69' lang='lat' dir='ltr'><strong>Ecclesim</strong></span> <span class='ocrx_word' id='word_1_199' title='bbox 3074 1322 3390 1392; x_wconf 87' lang='lat' dir='ltr'><strong>mysterium</strong></span> <span class='ocrx_word' id='word_1_200' title='bbox 3420 1323 3761 1393; x_wconf 83' lang='lat' dir='ltr'><strong>exprimitur,</strong></span> 
     </span>
    </p>
   </div>
   <div class='ocr_carea' id='block_1_28' title="bbox 2183 1409 3761 1483">
    <p class='ocr_par' dir='ltr' id='par_1_28' title="bbox 2183 1409 3761 1483">
     <span class='ocr_line' id='line_1_28' title="bbox 2183 1409 3761 1483; baseline 0.004 -20"><span class='ocrx_word' id='word_1_201' title='bbox 2183 1423 2302 1478; x_wconf 75' lang='lat' dir='ltr'><strong>quae</strong></span> <span class='ocrx_word' id='word_1_202' title='bbox 2339 1410 2392 1464; x_wconf 93' lang='lat' dir='ltr'><strong>iu</strong></span> <span class='ocrx_word' id='word_1_203' title='bbox 2425 1409 2677 1466; x_wconf 85' lang='lat' dir='ltr'><strong>Ninivitis</strong></span> <span class='ocrx_word' id='word_1_204' title='bbox 2720 1427 2818 1481; x_wconf 89' lang='lat' dir='ltr'><strong>per</strong></span> <span class='ocrx_word' id='word_1_205' title='bbox 2857 1413 3234 1481; x_wconf 74' lang='lat' dir='ltr'><strong>paenitentiam</strong></span> <span class='ocrx_word' id='word_1_206' title='bbox 3285 1412 3445 1483; x_wconf 78' lang='lat' dir='ltr'><strong>(qua:</strong></span> <span class='ocrx_word' id='word_1_207' title='bbox 3481 1423 3761 1482; x_wconf 88' lang='lat' dir='ltr'><strong>peccatum</strong></span> 
     </span>
    </p>
   </div>
   <div class='ocr_carea' id='block_1_29' title="bbox 2184 1499 3761 1573">
    <p class='ocr_par' dir='ltr' id='par_1_29' title="bbox 2184 1499 3761 1573">
     <span class='ocr_line' id='line_1_29' title="bbox 2184 1499 3761 1573; baseline 0.002 -18"><span class='ocrx_word' id='word_1_208' title='bbox 2184 1499 2401 1573; x_wconf 89' lang='lat' dir='ltr'><strong>abolet)</strong></span> <span class='ocrx_word' id='word_1_209' title='bbox 2445 1501 2736 1571; x_wconf 62' lang='lat' dir='ltr'><strong>iuregina</strong></span> <span class='ocrx_word' id='word_1_210' title='bbox 2779 1503 2950 1557; x_wconf 89' lang='lat' dir='ltr'><strong>austri</strong></span> <span class='ocrx_word' id='word_1_211' title='bbox 2996 1503 3237 1558; x_wconf 88' lang='lat' dir='ltr'><strong>studium</strong></span> <span class='ocrx_word' id='word_1_212' title='bbox 3277 1503 3642 1573; x_wconf 73' lang='lat' dir='ltr'><strong>percipienda:</strong></span> <span class='ocrx_word' id='word_1_213' title='bbox 3680 1520 3761 1560; x_wconf 87' lang='lat' dir='ltr'><strong>sa-</strong></span> 
     </span>
    </p>
   </div>
   <div class='ocr_carea' id='block_1_30' title="bbox 2183 1588 3762 1662">
    <p class='ocr_par' dir='ltr' id='par_1_30' title="bbox 2183 1588 3762 1662">
     <span class='ocr_line' id='line_1_30' title="bbox 2183 1588 3762 1662; baseline 0.004 -20"><span class='ocrx_word' id='word_1_214' title='bbox 2183 1588 2405 1659; x_wconf 64' lang='lat' dir='ltr'><strong>pientiae</strong></span> <span class='ocrx_word' id='word_1_215' title='bbox 2438 1588 2590 1660; x_wconf 64' lang='lat' dir='ltr'><strong>(quae</strong></span> <span class='ocrx_word' id='word_1_216' title='bbox 2614 1598 2895 1660; x_wconf 87' lang='lat' dir='ltr'><strong>peceatum</strong></span> <span class='ocrx_word' id='word_1_217' title='bbox 2924 1591 3119 1662; x_wconf 82' lang='lat' dir='ltr'><strong>cavet)</strong></span> <span class='ocrx_word' id='word_1_218' title='bbox 3149 1593 3215 1646; x_wconf 88' lang='lat' dir='ltr'><strong>de</strong></span> <span class='ocrx_word' id='word_1_219' title='bbox 3245 1592 3371 1648; x_wconf 89' lang='lat' dir='ltr'><strong>totis</strong></span> <span class='ocrx_word' id='word_1_220' title='bbox 3400 1593 3599 1649; x_wconf 88' lang='lat' dir='ltr'><strong>ﬁnibus</strong></span> <span class='ocrx_word' id='word_1_221' title='bbox 3624 1595 3762 1649; x_wconf 87' lang='lat' dir='ltr'><strong>orbis</strong></span> 
     </span>
    </p>
   </div>
   <div class='ocr_carea' id='block_1_31' title="bbox 2183 1681 3760 1753">
    <p class='ocr_par' dir='ltr' id='par_1_31' title="bbox 2183 1681 3760 1753">
     <span class='ocr_line' id='line_1_31' title="bbox 2183 1681 3760 1753; baseline 0.003 -19"><span class='ocrx_word' id='word_1_222' title='bbox 2183 1688 2561 1750; x_wconf 83' lang='lat' dir='ltr'><strong>congregatur,</strong></span> <span class='ocrx_word' id='word_1_223' title='bbox 2600 1689 2660 1736; x_wconf 91' lang='lat' dir='ltr'><strong>ut</strong></span> <span class='ocrx_word' id='word_1_224' title='bbox 2699 1681 2810 1735; x_wconf 90' lang='lat' dir='ltr'><strong>veri</strong></span> <span class='ocrx_word' id='word_1_225' title='bbox 2854 1681 3072 1736; x_wconf 74' lang='lat' dir='ltr'><strong>Pacifici</strong></span> <span class='ocrx_word' id='word_1_226' title='bbox 3115 1684 3278 1738; x_wconf 87' lang='lat' dir='ltr'><strong>verba</strong></span> <span class='ocrx_word' id='word_1_227' title='bbox 3327 1692 3644 1753; x_wconf 87' lang='lat' dir='ltr'><strong>cognoscat.</strong></span> <span class='ocrx_word' id='word_1_228' title='bbox 3689 1685 3760 1740; x_wconf 74' lang='lat' dir='ltr'><strong>Ex</strong></span> 
     </span>
    </p>
   </div>
   <div class='ocr_carea' id='block_1_32' title="bbox 2192 1769 3760 1842">
    <p class='ocr_par' dir='ltr' id='par_1_32' title="bbox 2192 1769 3760 1842">
     <span class='ocr_line' id='line_1_32' title="bbox 2192 1769 3760 1842; baseline 0.004 -18"><span class='ocrx_word' id='word_1_229' title='bbox 2192 1769 2402 1824; x_wconf 91' lang='lat' dir='ltr'><strong>duobus</strong></span> <span class='ocrx_word' id='word_1_230' title='bbox 2440 1771 2585 1825; x_wconf 89' lang='lat' dir='ltr'><strong>enim</strong></span> <span class='ocrx_word' id='word_1_231' title='bbox 2621 1779 2835 1826; x_wconf 89' lang='lat' dir='ltr'><strong>constat</strong></span> <span class='ocrx_word' id='word_1_232' title='bbox 2874 1771 3119 1826; x_wconf 87' lang='lat' dir='ltr'><strong>Ecclesia</strong></span> <span class='ocrx_word' id='word_1_233' title='bbox 3141 1813 3156 1837; x_wconf 93' lang='lat'><strong>,</strong></span> <span class='ocrx_word' id='word_1_234' title='bbox 3185 1781 3244 1826; x_wconf 90' lang='lat' dir='ltr'><strong>ut</strong></span> <span class='ocrx_word' id='word_1_235' title='bbox 3283 1781 3376 1827; x_wconf 91' lang='lat' dir='ltr'><strong>aut</strong></span> <span class='ocrx_word' id='word_1_236' title='bbox 3417 1788 3649 1842; x_wconf 84' lang='lat' dir='ltr'><strong>peccare</strong></span> <span class='ocrx_word' id='word_1_237' title='bbox 3675 1777 3760 1831; x_wconf 87' lang='lat' dir='ltr'><strong>de-</strong></span> 
     </span>
    </p>
   </div>
   <div class='ocr_carea' id='block_1_33' title="bbox 508 1853 3767 1938">
    <p class='ocr_par' dir='ltr' id='par_1_33' title="bbox 508 1853 3767 1938">
     <span class='ocr_line' id='line_1_33' title="bbox 508 1853 3767 1938; baseline 0 -16"><span class='ocrx_word' id='word_1_238' title='bbox 508 1867 702 1923; x_wconf 87' lang='lat' dir='ltr'><strong>delitas</strong></span> <span class='ocrx_word' id='word_1_239' title='bbox 726 1875 809 1922; x_wconf 89' lang='lat' dir='ltr'><strong>est</strong></span> <span class='ocrx_word' id='word_1_240' title='bbox 832 1865 1133 1922; x_wconf 88' lang='lat' dir='ltr'><strong>venientem</strong></span> <span class='ocrx_word' id='word_1_241' title='bbox 1165 1880 1270 1919; x_wconf 91' lang='lat' dir='ltr'><strong>non</strong></span> <span class='ocrx_word' id='word_1_242' title='bbox 1292 1864 1777 1934; x_wconf 89' lang='lat' dir='ltr'><strong>suscipere,quam</strong></span> <span class='ocrx_word' id='word_1_243' title='bbox 1801 1869 2086 1916; x_wconf 89' lang='lat' dir='ltr'><strong>venturum</strong></span> <span class='ocrx_word' id='word_1_244' title='bbox 2114 1853 2162 1913; x_wconf 87' lang='lat' dir='ltr'><strong>B</strong></span> <span class='ocrx_word' id='word_1_245' title='bbox 2190 1858 2383 1925; x_wconf 91' lang='lat' dir='ltr'><strong>sistas,</strong></span> <span class='ocrx_word' id='word_1_246' title='bbox 2430 1867 2521 1913; x_wconf 88' lang='lat' dir='ltr'><strong>aut</strong></span> <span class='ocrx_word' id='word_1_247' title='bbox 2565 1875 2790 1930; x_wconf 89' lang='lat' dir='ltr'><strong>peccare</strong></span> <span class='ocrx_word' id='word_1_248' title='bbox 2833 1863 3064 1916; x_wconf 90' lang='lat' dir='ltr'><strong>nescias.</strong></span> <span class='ocrx_word' id='word_1_249' title='bbox 3115 1861 3181 1916; x_wconf 84' lang='lat' dir='ltr'><strong>In</strong></span> <span class='ocrx_word' id='word_1_250' title='bbox 3212 1863 3437 1932; x_wconf 86' lang='lat' dir='ltr'><strong>judicio.</strong></span> <span class='ocrx_word' id='word_1_251' title='bbox 3471 1862 3594 1920; x_wconf 85' lang='lat' dir='ltr'><strong>Non</strong></span> <span class='ocrx_word' id='word_1_252' title='bbox 3625 1867 3767 1938; x_wconf 18' lang='lat' dir='ltr'><strong>mille,</strong></span> 
     </span>
    </p>
   </div>
   <div class='ocr_carea' id='block_1_34' title="bbox 518 1959 905 2014">
    <p class='ocr_par' dir='ltr' id='par_1_34' title="bbox 518 1959 905 2014">
     <span class='ocr_line' id='line_1_34' title="bbox 518 1959 905 2014; baseline -0.008 -1"><span class='ocrx_word' id='word_1_253' title='bbox 518 1973 624 2013; x_wconf 89' lang='lat' dir='ltr'><strong>non</strong></span> <span class='ocrx_word' id='word_1_254' title='bbox 662 1959 905 2014; x_wconf 85' lang='lat' dir='ltr'><strong>credere.</strong></span> 
     </span>
    </p>
   </div>
   <div class='ocr_carea' id='block_1_35' title="bbox 585 2044 2092 2118">
    <p class='ocr_par' dir='ltr' id='par_1_35' title="bbox 585 2044 2092 2118">
     <span class='ocr_line' id='line_1_35' title="bbox 585 2044 2092 2118; baseline -0.001 -15"><span class='ocrx_word' id='word_1_255' title='bbox 585 2047 835 2114; x_wconf 66' lang='lat' dir='ltr'><strong>Querens</strong></span> <span class='ocrx_word' id='word_1_256' title='bbox 863 2047 1090 2118; x_wconf 84' lang='lat' dir='ltr'><strong>requiem</strong></span> <span class='ocrx_word' id='word_1_257' title='bbox 1110 2055 1160 2101; x_wconf 87' lang='lat' dir='ltr'><strong>et</strong></span> <span class='ocrx_word' id='word_1_258' title='bbox 1183 2063 1288 2100; x_wconf 89' lang='lat' dir='ltr'><strong>non</strong></span> <span class='ocrx_word' id='word_1_259' title='bbox 1310 2045 1528 2100; x_wconf 79' lang='lat' dir='ltr'><strong>invenit.</strong></span> <span class='ocrx_word' id='word_1_260' title='bbox 1553 2044 1689 2116; x_wconf 84' lang='lat' dir='ltr'><strong>Quia</strong></span> <span class='ocrx_word' id='word_1_261' title='bbox 1715 2046 1805 2117; x_wconf 91' lang='lat' dir='ltr'><strong>qui</strong></span> <span class='ocrx_word' id='word_1_262' title='bbox 1832 2047 1884 2102; x_wconf 94' lang='lat' dir='ltr'><strong>in</strong></span> <span class='ocrx_word' id='word_1_263' title='bbox 1909 2045 2092 2116; x_wconf 88' lang='lat' dir='ltr'><strong>pravis</strong></span> 
     </span>
    </p>
   </div>
   <div class='ocr_carea' id='block_1_36' title="bbox 511 2137 2087 2210">
    <p class='ocr_par' dir='ltr' id='par_1_36' title="bbox 511 2137 2087 2210">
     <span class='ocr_line' id='line_1_36' title="bbox 511 2137 2087 2210; baseline -0.001 -15"><span class='ocrx_word' id='word_1_264' title='bbox 511 2139 931 2210; x_wconf 85' lang='lat' dir='ltr'><strong>cogitationibus</strong></span> <span class='ocrx_word' id='word_1_265' title='bbox 957 2145 1013 2194; x_wconf 90' lang='lat' dir='ltr'><strong>et</strong></span> <span class='ocrx_word' id='word_1_266' title='bbox 1040 2138 1250 2192; x_wconf 91' lang='lat' dir='ltr'><strong>actibus</strong></span> <span class='ocrx_word' id='word_1_267' title='bbox 1277 2137 1540 2206; x_wconf 90' lang='lat' dir='ltr'><strong>pascitur,</strong></span> <span class='ocrx_word' id='word_1_268' title='bbox 1571 2137 1624 2190; x_wconf 92' lang='lat' dir='ltr'><strong>in</strong></span> <span class='ocrx_word' id='word_1_269' title='bbox 1654 2137 1924 2192; x_wconf 87' lang='lat' dir='ltr'><strong>mentibus</strong></span> <span class='ocrx_word' id='word_1_270' title='bbox 1954 2137 2087 2194; x_wconf 87' lang='lat' dir='ltr'><strong>ﬁde-</strong></span> 
     </span>
    </p>
   </div>
   <div class='ocr_carea' id='block_1_37' title="bbox 509 2229 2090 2300">
    <p class='ocr_par' dir='ltr' id='par_1_37' title="bbox 509 2229 2090 2300">
     <span class='ocr_line' id='line_1_37' title="bbox 509 2229 2090 2300; baseline -0.001 -15"><span class='ocrx_word' id='word_1_271' title='bbox 509 2230 640 2286; x_wconf 87' lang='lat' dir='ltr'><strong>lium</strong></span> <span class='ocrx_word' id='word_1_272' title='bbox 671 2231 850 2286; x_wconf 88' lang='lat' dir='ltr'><strong>omnia</strong></span> <span class='ocrx_word' id='word_1_273' title='bbox 880 2245 976 2285; x_wconf 88' lang='lat' dir='ltr'><strong>sua</strong></span> <span class='ocrx_word' id='word_1_274' title='bbox 1005 2236 1333 2284; x_wconf 89' lang='lat' dir='ltr'><strong>tentamenta</strong></span> <span class='ocrx_word' id='word_1_275' title='bbox 1365 2243 1579 2285; x_wconf 87' lang='lat' dir='ltr'><strong>cessare</strong></span> <span class='ocrx_word' id='word_1_276' title='bbox 1605 2230 1904 2300; x_wconf 89' lang='lat' dir='ltr'><strong>perpendit.</strong></span> <span class='ocrx_word' id='word_1_277' title='bbox 1939 2229 2090 2284; x_wconf 89' lang='lat' dir='ltr'><strong>Tunc</strong></span> 
     </span>
    </p>
   </div>
   <div class='ocr_carea' id='block_1_38' title="bbox 511 2317 2091 2377">
    <p class='ocr_par' dir='ltr' id='par_1_38' title="bbox 511 2317 2091 2377">
     <span class='ocr_line' id='line_1_38' title="bbox 511 2317 2091 2377; baseline -0.003 0"><span class='ocrx_word' id='word_1_278' title='bbox 511 2321 643 2377; x_wconf 87' lang='lat' dir='ltr'><strong>dicit</strong></span> <span class='ocrx_word' id='word_1_279' title='bbox 666 2339 678 2374; x_wconf 90' lang='lat'><strong>:</strong></span> <span class='ocrx_word' id='word_1_280' title='bbox 703 2319 951 2375; x_wconf 78' lang='lat' dir='ltr'><strong>Revertar</strong></span> <span class='ocrx_word' id='word_1_281' title='bbox 969 2321 1024 2374; x_wconf 89' lang='lat' dir='ltr'><strong>in</strong></span> <span class='ocrx_word' id='word_1_282' title='bbox 1049 2318 1260 2374; x_wconf 87' lang='lat' dir='ltr'><strong>domum</strong></span> <span class='ocrx_word' id='word_1_283' title='bbox 1286 2335 1455 2372; x_wconf 87' lang='lat' dir='ltr'><strong>meam</strong></span> <span class='ocrx_word' id='word_1_284' title='bbox 1478 2319 1616 2372; x_wconf 86' lang='lat' dir='ltr'><strong>unde</strong></span> <span class='ocrx_word' id='word_1_285' title='bbox 1641 2319 1796 2373; x_wconf 77' lang='lat' dir='ltr'><strong>exivi.</strong></span> <span class='ocrx_word' id='word_1_286' title='bbox 1823 2317 2091 2373; x_wconf 83' lang='lat' dir='ltr'><strong>Revertar</strong></span> 
     </span>
    </p>
   </div>
   <div class='ocr_carea' id='block_1_39' title="bbox 512 2409 2090 2480">
    <p class='ocr_par' dir='ltr' id='par_1_39' title="bbox 512 2409 2090 2480">
     <span class='ocr_line' id='line_1_39' title="bbox 512 2409 2090 2480; baseline -0.003 -12"><span class='ocrx_word' id='word_1_287' title='bbox 512 2413 581 2469; x_wconf 90' lang='lat' dir='ltr'><strong>ad</strong></span> <span class='ocrx_word' id='word_1_288' title='bbox 632 2412 775 2468; x_wconf 91' lang='lat' dir='ltr'><strong>illius</strong></span> <span class='ocrx_word' id='word_1_289' title='bbox 823 2410 1239 2475; x_wconf 89' lang='lat' dir='ltr'><strong>conscientiam,</strong></span> <span class='ocrx_word' id='word_1_290' title='bbox 1288 2410 1433 2465; x_wconf 89' lang='lat' dir='ltr'><strong>unde</strong></span> <span class='ocrx_word' id='word_1_291' title='bbox 1478 2409 1533 2464; x_wconf 93' lang='lat' dir='ltr'><strong>in</strong></span> <span class='ocrx_word' id='word_1_292' title='bbox 1577 2409 1843 2480; x_wconf 87' lang='lat' dir='ltr'><strong>baptismo</strong></span> <span class='ocrx_word' id='word_1_293' title='bbox 1885 2409 2090 2480; x_wconf 89' lang='lat' dir='ltr'><strong>ejectus</strong></span> 
     </span>
    </p>
   </div>
   <div class='ocr_carea' id='block_1_40' title="bbox 510 2499 2088 2572">
    <p class='ocr_par' dir='ltr' id='par_1_40' title="bbox 510 2499 2088 2572">
     <span class='ocr_line' id='line_1_40' title="bbox 510 2499 2088 2572; baseline -0.003 -15"><span class='ocrx_word' id='word_1_294' title='bbox 510 2502 718 2559; x_wconf 82' lang='lat' dir='ltr'><strong>fueram</strong></span> <span class='ocrx_word' id='word_1_295' title='bbox 741 2543 755 2566; x_wconf 91' lang='lat'><strong>,</strong></span> <span class='ocrx_word' id='word_1_296' title='bbox 787 2510 843 2557; x_wconf 89' lang='lat' dir='ltr'><strong>et</strong></span> <span class='ocrx_word' id='word_1_297' title='bbox 873 2501 1155 2572; x_wconf 87' lang='lat' dir='ltr'><strong>pristinam</strong></span> <span class='ocrx_word' id='word_1_298' title='bbox 1191 2499 1585 2570; x_wconf 87' lang='lat' dir='ltr'><strong>possessionem</strong></span> <span class='ocrx_word' id='word_1_299' title='bbox 1619 2507 1880 2555; x_wconf 85' lang='lat' dir='ltr'><strong>consueto</strong></span> <span class='ocrx_word' id='word_1_300' title='bbox 1913 2499 2088 2555; x_wconf 88' lang='lat' dir='ltr'><strong>domi-</strong></span> 
     </span>
    </p>
   </div>
   <div class='ocr_carea' id='block_1_41' title="bbox 511 2591 1096 2662">
    <p class='ocr_par' dir='ltr' id='par_1_41' title="bbox 511 2591 1096 2662">
     <span class='ocr_line' id='line_1_41' title="bbox 511 2591 1096 2662; baseline -0.007 -12"><span class='ocrx_word' id='word_1_301' title='bbox 511 2595 603 2650; x_wconf 93' lang='lat' dir='ltr'><strong>nio</strong></span> <span class='ocrx_word' id='word_1_302' title='bbox 630 2593 762 2649; x_wconf 89' lang='lat' dir='ltr'><strong>mihi</strong></span> <span class='ocrx_word' id='word_1_303' title='bbox 792 2591 1096 2662; x_wconf 83' lang='lat' dir='ltr'><strong>subjiciam.</strong></span> 
     </span>
    </p>
   </div>
   <div class='ocr_carea' id='block_1_42' title="bbox 586 2680 2088 2752">
    <p class='ocr_par' dir='ltr' id='par_1_42' title="bbox 586 2680 2088 2752">
     <span class='ocr_line' id='line_1_42' title="bbox 586 2680 2088 2752; baseline -0.002 -15"><span class='ocrx_word' id='word_1_304' title='bbox 586 2683 742 2740; x_wconf 76' lang='lat' dir='ltr'><strong>Vens.</strong></span> <span class='ocrx_word' id='word_1_305' title='bbox 769 2683 1025 2739; x_wconf 73' lang='lat' dir='ltr'><strong>25.—Et</strong></span> <span class='ocrx_word' id='word_1_306' title='bbox 1046 2697 1162 2736; x_wconf 85' lang='lat' dir='ltr'><strong>cum</strong></span> <span class='ocrx_word' id='word_1_307' title='bbox 1187 2682 1378 2736; x_wconf 83' lang='lat' dir='ltr'><strong>venerit</strong></span> <span class='ocrx_word' id='word_1_308' title='bbox 1400 2680 1591 2735; x_wconf 84' lang='lat' dir='ltr'><strong>invenit</strong></span> <span class='ocrx_word' id='word_1_309' title='bbox 1612 2697 1727 2735; x_wconf 86' lang='lat' dir='ltr'><strong>eam</strong></span> <span class='ocrx_word' id='word_1_310' title='bbox 1748 2682 1915 2752; x_wconf 85' lang='lat' dir='ltr'><strong>scopis</strong></span> <span class='ocrx_word' id='word_1_311' title='bbox 1936 2697 2088 2735; x_wconf 88' lang='lat' dir='ltr'><strong>mun-</strong></span> 
     </span>
    </p>
   </div>
   <div class='ocr_carea' id='block_1_43' title="bbox 513 2772 2097 2842">
    <p class='ocr_par' dir='ltr' id='par_1_43' title="bbox 513 2772 2097 2842">
     <span class='ocr_line' id='line_1_43' title="bbox 513 2772 2097 2842; baseline -0.001 -12"><span class='ocrx_word' id='word_1_312' title='bbox 513 2776 713 2830; x_wconf 85' lang='lat' dir='ltr'><strong>datam.</strong></span> <span class='ocrx_word' id='word_1_313' title='bbox 756 2775 892 2842; x_wconf 83' lang='lat' dir='ltr'><strong>Quia</strong></span> <span class='ocrx_word' id='word_1_314' title='bbox 927 2791 1048 2831; x_wconf 88' lang='lat' dir='ltr'><strong>cum</strong></span> <span class='ocrx_word' id='word_1_315' title='bbox 1082 2772 1388 2842; x_wconf 88' lang='lat' dir='ltr'><strong>hujusmodi</strong></span> <span class='ocrx_word' id='word_1_316' title='bbox 1424 2775 1708 2842; x_wconf 72' lang='lat' dir='ltr'><strong>reprobum</strong></span> <span class='ocrx_word' id='word_1_317' title='bbox 1745 2774 1953 2829; x_wconf 88' lang='lat' dir='ltr'><strong>delictis</strong></span> <span class='ocrx_word' id='word_1_318' title='bbox 1990 2788 2097 2828; x_wconf 46' lang='lat' dir='ltr'><strong>co-&#39;</strong></span> 
     </span>
    </p>
   </div>
   <div class='ocr_carea' id='block_1_44' title="bbox 513 2862 2086 2935">
    <p class='ocr_par' dir='ltr' id='par_1_44' title="bbox 513 2862 2086 2935">
     <span class='ocr_line' id='line_1_44' title="bbox 513 2862 2086 2935; baseline -0.001 -16"><span class='ocrx_word' id='word_1_319' title='bbox 513 2865 766 2935; x_wconf 87' lang='lat' dir='ltr'><strong>gentibus</strong></span> <span class='ocrx_word' id='word_1_320' title='bbox 795 2863 1100 2933; x_wconf 88' lang='lat' dir='ltr'><strong>repetierit,</strong></span> <span class='ocrx_word' id='word_1_321' title='bbox 1137 2863 1343 2917; x_wconf 87' lang='lat' dir='ltr'><strong>invenit</strong></span> <span class='ocrx_word' id='word_1_322' title='bbox 1369 2862 1753 2916; x_wconf 87' lang='lat' dir='ltr'><strong>conscientiam</strong></span> <span class='ocrx_word' id='word_1_323' title='bbox 1781 2862 2086 2931; x_wconf 89' lang='lat' dir='ltr'><strong>peccatoris</strong></span> 
     </span>
    </p>
   </div>
   <div class='ocr_carea' id='block_1_45' title="bbox 515 2951 2086 3024">
    <p class='ocr_par' dir='ltr' id='par_1_45' title="bbox 515 2951 2086 3024">
     <span class='ocr_line' id='line_1_45' title="bbox 515 2951 2086 3024; baseline -0.003 -13"><span class='ocrx_word' id='word_1_324' title='bbox 515 2971 547 3011; x_wconf 90' lang='lat' dir='ltr'><strong>a</strong></span> <span class='ocrx_word' id='word_1_325' title='bbox 573 2955 800 3010; x_wconf 65' lang='lat' dir='ltr'><strong>vitiis&#39;in</strong></span> <span class='ocrx_word' id='word_1_326' title='bbox 824 2954 1089 3024; x_wconf 89' lang='lat' dir='ltr'><strong>baptismo</strong></span> <span class='ocrx_word' id='word_1_327' title='bbox 1113 2953 1422 3008; x_wconf 83' lang='lat' dir='ltr'><strong>mandatam</strong></span> <span class='ocrx_word' id='word_1_328' title='bbox 1440 2993 1454 3019; x_wconf 95' lang='lat'><strong>,</strong></span> <span class='ocrx_word' id='word_1_329' title='bbox 1478 2952 1571 3007; x_wconf 90' lang='lat' dir='ltr'><strong>sed</strong></span> <span class='ocrx_word' id='word_1_330' title='bbox 1591 2951 1736 3007; x_wconf 93' lang='lat' dir='ltr'><strong>nullo</strong></span> <span class='ocrx_word' id='word_1_331' title='bbox 1759 2951 1900 3008; x_wconf 90' lang='lat' dir='ltr'><strong>bono</strong></span> <span class='ocrx_word' id='word_1_332' title='bbox 1924 2965 2086 3022; x_wconf 89' lang='lat' dir='ltr'><strong>opere</strong></span> 
     </span>
    </p>
   </div>
   <div class='ocr_carea' id='block_1_46' title="bbox 516 3042 864 3098">
    <p class='ocr_par' dir='ltr' id='par_1_46' title="bbox 516 3042 864 3098">
     <span class='ocr_line' id='line_1_46' title="bbox 516 3042 864 3098; baseline -0.006 0"><span class='ocrx_word' id='word_1_333' title='bbox 516 3042 864 3098; x_wconf 89' lang='lat' dir='ltr'><strong>cumulatam.</strong></span> 
     </span>
    </p>
   </div>
   <div class='ocr_carea' id='block_1_47' title="bbox 585 3132 2084 3204">
    <p class='ocr_par' dir='ltr' id='par_1_47' title="bbox 585 3132 2084 3204">
     <span class='ocr_line' id='line_1_47' title="bbox 585 3132 2084 3204; baseline 0.002 -17"><span class='ocrx_word' id='word_1_334' title='bbox 585 3132 747 3189; x_wconf 74' lang='lat' dir='ltr'><strong>Vens.</strong></span> <span class='ocrx_word' id='word_1_335' title='bbox 781 3133 870 3188; x_wconf 73' lang='lat'><strong>26.</strong></span> <span class='ocrx_word' id='word_1_336' title='bbox 899 3164 971 3174; x_wconf 95' lang='lat'><strong><em>—</em></strong></span> <span class='ocrx_word' id='word_1_337' title='bbox 995 3132 1137 3188; x_wconf 84' lang='lat' dir='ltr'><strong>Tune</strong></span> <span class='ocrx_word' id='word_1_338' title='bbox 1173 3133 1389 3188; x_wconf 77' lang='lat' dir='ltr'><strong>assumit</strong></span> <span class='ocrx_word' id='word_1_339' title='bbox 1435 3142 1646 3204; x_wconf 79' lang='lat' dir='ltr'><strong>septem.</strong></span> <span class='ocrx_word' id='word_1_340' title='bbox 1692 3134 2084 3192; x_wconf 84' lang='lat' dir='ltr'><strong>Plenitudinem</strong></span> 
     </span>
    </p>
   </div>
   <div class='ocr_carea' id='block_1_48' title="bbox 512 3223 2083 3296">
    <p class='ocr_par' dir='ltr' id='par_1_48' title="bbox 512 3223 2083 3296">
     <span class='ocr_line' id='line_1_48' title="bbox 512 3223 2083 3296; baseline -0.001 -14"><span class='ocrx_word' id='word_1_341' title='bbox 512 3225 753 3282; x_wconf 92' lang='lat' dir='ltr'><strong>omnium</strong></span> <span class='ocrx_word' id='word_1_342' title='bbox 797 3225 1070 3280; x_wconf 90' lang='lat' dir='ltr'><strong>vitiorum.</strong></span> <span class='ocrx_word' id='word_1_343' title='bbox 1115 3223 1217 3291; x_wconf 88' lang='lat' dir='ltr'><strong>Qui</strong></span> <span class='ocrx_word' id='word_1_344' title='bbox 1263 3224 1470 3280; x_wconf 88' lang='lat' dir='ltr'><strong>scilicet</strong></span> <span class='ocrx_word' id='word_1_345' title='bbox 1512 3223 1646 3280; x_wconf 88' lang='lat' dir='ltr'><strong>tales</strong></span> <span class='ocrx_word' id='word_1_346' title='bbox 1687 3226 1940 3296; x_wconf 88' lang='lat' dir='ltr'><strong>spiritus,</strong></span> <span class='ocrx_word' id='word_1_347' title='bbox 1991 3243 2083 3280; x_wconf 88' lang='lat' dir='ltr'><strong>ne-</strong></span> 
     </span>
    </p>
   </div>
   <div class='ocr_carea' id='block_1_49' title="bbox 517 3315 2086 3389">
    <p class='ocr_par' dir='ltr' id='par_1_49' title="bbox 517 3315 2086 3389">
     <span class='ocr_line' id='line_1_49' title="bbox 517 3315 2086 3389; baseline 0.001 -17"><span class='ocrx_word' id='word_1_348' title='bbox 517 3318 720 3389; x_wconf 86' lang='lat' dir='ltr'><strong>quiores</strong></span> <span class='ocrx_word' id='word_1_349' title='bbox 744 3357 759 3384; x_wconf 93' lang='lat'><strong>,</strong></span> <span class='ocrx_word' id='word_1_350' title='bbox 792 3315 1003 3372; x_wconf 87' lang='lat' dir='ltr'><strong>diabolo</strong></span> <span class='ocrx_word' id='word_1_351' title='bbox 1032 3315 1308 3381; x_wconf 90' lang='lat' dir='ltr'><strong>dicuntur,</strong></span> <span class='ocrx_word' id='word_1_352' title='bbox 1339 3317 1462 3386; x_wconf 86' lang='lat' dir='ltr'><strong>quia</strong></span> <span class='ocrx_word' id='word_1_353' title='bbox 1491 3331 1612 3372; x_wconf 91' lang='lat' dir='ltr'><strong>cum</strong></span> <span class='ocrx_word' id='word_1_354' title='bbox 1641 3317 1886 3374; x_wconf 90' lang='lat' dir='ltr'><strong>diabolus</strong></span> <span class='ocrx_word' id='word_1_355' title='bbox 1915 3318 2086 3374; x_wconf 89' lang='lat' dir='ltr'><strong>malus</strong></span> 
     </span>
    </p>
   </div>
   <div class='ocr_carea' id='block_1_50' title="bbox 517 3406 2088 3480">
    <p class='ocr_par' dir='ltr' id='par_1_50' title="bbox 517 3406 2088 3480">
     <span class='ocr_line' id='line_1_50' title="bbox 517 3406 2088 3480; baseline 0.001 -17"><span class='ocrx_word' id='word_1_356' title='bbox 517 3409 619 3474; x_wconf 88' lang='lat' dir='ltr'><strong>sit,</strong></span> <span class='ocrx_word' id='word_1_357' title='bbox 651 3407 726 3462; x_wconf 92' lang='lat' dir='ltr'><strong>illi</strong></span> <span class='ocrx_word' id='word_1_358' title='bbox 765 3415 942 3480; x_wconf 80' lang='lat' dir='ltr'><strong>tamen</strong></span> <span class='ocrx_word' id='word_1_359' title='bbox 978 3406 1069 3477; x_wconf 89' lang='lat' dir='ltr'><strong>qui</strong></span> <span class='ocrx_word' id='word_1_360' title='bbox 1107 3407 1219 3462; x_wconf 90' lang='lat' dir='ltr'><strong>suis</strong></span> <span class='ocrx_word' id='word_1_361' title='bbox 1248 3407 1454 3462; x_wconf 88' lang='lat' dir='ltr'><strong>meritis</strong></span> <span class='ocrx_word' id='word_1_362' title='bbox 1485 3407 1914 3478; x_wconf 88' lang='lat' dir='ltr'><strong>impellentibus,</strong></span> <span class='ocrx_word' id='word_1_363' title='bbox 1942 3411 2088 3465; x_wconf 89' lang='lat' dir='ltr'><strong>vitiis</strong></span> 
     </span>
    </p>
   </div>
   <div class='ocr_carea' id='block_1_51' title="bbox 518 3496 2090 3570">
    <p class='ocr_par' dir='ltr' id='par_1_51' title="bbox 518 3496 2090 3570">
     <span class='ocr_line' id='line_1_51' title="bbox 518 3496 2090 3570; baseline 0.001 -17"><span class='ocrx_word' id='word_1_364' title='bbox 518 3499 912 3568; x_wconf 86' lang='lat' dir='ltr'><strong>mancipantur,</strong></span> <span class='ocrx_word' id='word_1_365' title='bbox 942 3512 1048 3552; x_wconf 90' lang='lat' dir='ltr'><strong>non</strong></span> <span class='ocrx_word' id='word_1_366' title='bbox 1075 3496 1248 3551; x_wconf 90' lang='lat' dir='ltr'><strong>solum</strong></span> <span class='ocrx_word' id='word_1_367' title='bbox 1274 3497 1399 3550; x_wconf 87' lang='lat' dir='ltr'><strong>mali</strong></span> <span class='ocrx_word' id='word_1_368' title='bbox 1434 3505 1594 3562; x_wconf 91' lang='lat' dir='ltr'><strong>sunt,</strong></span> <span class='ocrx_word' id='word_1_369' title='bbox 1630 3499 1725 3553; x_wconf 88' lang='lat' dir='ltr'><strong>sed</strong></span> <span class='ocrx_word' id='word_1_370' title='bbox 1763 3500 1926 3554; x_wconf 89' lang='lat' dir='ltr'><strong>etiam</strong></span> <span class='ocrx_word' id='word_1_371' title='bbox 1967 3516 2090 3570; x_wconf 88' lang='lat' dir='ltr'><strong>spe-</strong></span> 
     </span>
    </p>
   </div>
   <div class='ocr_carea' id='block_1_52' title="bbox 517 3588 2087 3662">
    <p class='ocr_par' dir='ltr' id='par_1_52' title="bbox 517 3588 2087 3662">
     <span class='ocr_line' id='line_1_52' title="bbox 517 3588 2087 3662; baseline -0.001 -15"><span class='ocrx_word' id='word_1_372' title='bbox 517 3592 655 3647; x_wconf 89' lang='lat' dir='ltr'><strong>ciem</strong></span> <span class='ocrx_word' id='word_1_373' title='bbox 693 3590 952 3645; x_wconf 89' lang='lat' dir='ltr'><strong>bonitatis</strong></span> <span class='ocrx_word' id='word_1_374' title='bbox 985 3588 1253 3644; x_wconf 84' lang='lat' dir='ltr'><strong>all‘ectatis</strong></span> <span class='ocrx_word' id='word_1_375' title='bbox 1285 3591 1573 3644; x_wconf 84' lang='lat' dir='ltr'><strong>virtutibus</strong></span> <span class='ocrx_word' id='word_1_376' title='bbox 1613 3604 1713 3658; x_wconf 92' lang='lat' dir='ltr'><strong>per</strong></span> <span class='ocrx_word' id='word_1_377' title='bbox 1763 3591 2087 3662; x_wconf 86' lang='lat' dir='ltr'><strong>hypocrisim</strong></span> 
     </span>
    </p>
   </div>
   <div class='ocr_carea' id='block_1_53' title="bbox 517 3677 2090 3748">
    <p class='ocr_par' dir='ltr' id='par_1_53' title="bbox 517 3677 2090 3748">
     <span class='ocr_line' id='line_1_53' title="bbox 517 3677 2090 3748; baseline 0.001 -14"><span class='ocrx_word' id='word_1_378' title='bbox 517 3688 790 3736; x_wconf 86' lang='lat' dir='ltr'><strong>ostentare</strong></span> <span class='ocrx_word' id='word_1_379' title='bbox 828 3679 1090 3733; x_wconf 89' lang='lat' dir='ltr'><strong>nituntur.</strong></span> <span class='ocrx_word' id='word_1_380' title='bbox 1133 3677 1200 3732; x_wconf 81' lang='lat' dir='ltr'><strong>Et</strong></span> <span class='ocrx_word' id='word_1_381' title='bbox 1235 3679 1367 3748; x_wconf 78' lang='lat' dir='ltr'><strong>ﬁunt</strong></span> <span class='ocrx_word' id='word_1_382' title='bbox 1408 3679 1688 3733; x_wconf 81' lang='lat' dir='ltr'><strong>novissima</strong></span> <span class='ocrx_word' id='word_1_383' title='bbox 1711 3681 1952 3734; x_wconf 84' lang='lat' dir='ltr'><strong>hominis.</strong></span> <span class='ocrx_word' id='word_1_384' title='bbox 1983 3681 2090 3737; x_wconf 87' lang='lat' dir='ltr'><strong>Me-</strong></span> 
     </span>
    </p>
   </div>
   <div class='ocr_carea' id='block_1_54' title="bbox 517 3767 2088 3841">
    <p class='ocr_par' dir='ltr' id='par_1_54' title="bbox 517 3767 2088 3841">
     <span class='ocr_line' id='line_1_54' title="bbox 517 3767 2088 3841; baseline 0.002 -18"><span class='ocrx_word' id='word_1_385' title='bbox 517 3771 619 3823; x_wconf 88' lang='lat' dir='ltr'><strong>lius</strong></span> <span class='ocrx_word' id='word_1_386' title='bbox 655 3777 772 3823; x_wconf 88' lang='lat' dir='ltr'><strong>erat</strong></span> <span class='ocrx_word' id='word_1_387' title='bbox 805 3768 943 3822; x_wconf 89' lang='lat' dir='ltr'><strong>viam</strong></span> <span class='ocrx_word' id='word_1_388' title='bbox 981 3767 1225 3823; x_wconf 89' lang='lat' dir='ltr'><strong>veritatis</strong></span> <span class='ocrx_word' id='word_1_389' title='bbox 1259 3768 1540 3836; x_wconf 83' lang='lat' dir='ltr'><strong>ignorare,</strong></span> <span class='ocrx_word' id='word_1_390' title='bbox 1579 3783 1742 3839; x_wconf 87' lang='lat' dir='ltr'><strong>quam</strong></span> <span class='ocrx_word' id='word_1_391' title='bbox 1780 3779 1901 3839; x_wconf 89' lang='lat' dir='ltr'><strong>post</strong></span> <span class='ocrx_word' id='word_1_392' title='bbox 1934 3771 2088 3841; x_wconf 85' lang='lat' dir='ltr'><strong>agni-</strong></span> 
     </span>
    </p>
   </div>
   <div class='ocr_carea' id='block_1_55' title="bbox 520 3860 1344 3915">
    <p class='ocr_par' dir='ltr' id='par_1_55' title="bbox 520 3860 1344 3915">
     <span class='ocr_line' id='line_1_55' title="bbox 520 3860 1344 3915; baseline 0 -1"><span class='ocrx_word' id='word_1_393' title='bbox 520 3861 722 3914; x_wconf 88' lang='lat' dir='ltr'><strong>tionem</strong></span> <span class='ocrx_word' id='word_1_394' title='bbox 749 3860 992 3915; x_wconf 89' lang='lat' dir='ltr'><strong>converti</strong></span> <span class='ocrx_word' id='word_1_395' title='bbox 1025 3869 1344 3915; x_wconf 88' lang='lat' dir='ltr'><strong>retrorsum.</strong></span> 
     </span>
    </p>
   </div>
   <div class='ocr_carea' id='block_1_56' title="bbox 593 3950 2091 4030">
    <p class='ocr_par' dir='ltr' id='par_1_56' title="bbox 593 3950 2091 4030">
     <span class='ocr_line' id='line_1_56' title="bbox 593 3950 2091 4030; baseline 0.003 -20"><span class='ocrx_word' id='word_1_396' title='bbox 593 3953 752 4010; x_wconf 73' lang='lat' dir='ltr'><strong>Vens.</strong></span> <span class='ocrx_word' id='word_1_397' title='bbox 783 3952 847 4009; x_wconf 69' lang='grc' dir='ltr'><strong>Ξῖ</strong></span> <span class='ocrx_word' id='word_1_398' title='bbox 893 3983 963 3994; x_wconf 93' lang='grc'><strong>-</strong></span> <span class='ocrx_word' id='word_1_399' title='bbox 985 3950 1200 4010; x_wconf 81' lang='lat' dir='ltr'><strong>Beatus.</strong></span> <span class='ocrx_word' id='word_1_400' title='bbox 1230 3952 1329 4011; x_wconf 87' lang='lat' dir='ltr'><strong>llic</strong></span> <span class='ocrx_word' id='word_1_401' title='bbox 1357 3952 1527 4012; x_wconf 81' lang='lat' dir='ltr'><strong>Maria</strong></span> <span class='ocrx_word' id='word_1_402' title='bbox 1560 3953 1812 4013; x_wconf 87' lang='lat' dir='ltr'><strong>laudatur</strong></span> <span class='ocrx_word' id='word_1_403' title='bbox 1838 3971 1958 4030; x_wconf 71' lang='lat' dir='ltr'><strong>qua:</strong></span> <span class='ocrx_word' id='word_1_404' title='bbox 1988 3955 2091 4014; x_wconf 75' lang='lat' dir='ltr'><strong>Da-</strong></span> 
     </span>
    </p>
   </div>
   <div class='ocr_carea' id='block_1_57' title="bbox 521 4046 2094 4124">
    <p class='ocr_par' dir='ltr' id='par_1_57' title="bbox 521 4046 2094 4124">
     <span class='ocr_line' id='line_1_57' title="bbox 521 4046 2094 4124; baseline 0.003 -23"><span class='ocrx_word' id='word_1_405' title='bbox 521 4047 723 4101; x_wconf 91' lang='lat' dir='ltr'><strong>minum</strong></span> <span class='ocrx_word' id='word_1_406' title='bbox 752 4047 1004 4117; x_wconf 75' lang='lat' dir='ltr'><strong>portavit.</strong></span> <span class='ocrx_word' id='word_1_407' title='bbox 1031 4046 1098 4101; x_wconf 84' lang='lat' dir='ltr'><strong>Et</strong></span> <span class='ocrx_word' id='word_1_408' title='bbox 1124 4048 1366 4117; x_wconf 85' lang='lat' dir='ltr'><strong>pravitas</strong></span> <span class='ocrx_word' id='word_1_409' title='bbox 1391 4057 1497 4103; x_wconf 88' lang='lat' dir='ltr'><strong>tam</strong></span> <span class='ocrx_word' id='word_1_410' title='bbox 1523 4052 1862 4118; x_wconf 65' lang='lat' dir='ltr'><strong>praesentium</strong></span> <span class='ocrx_word' id='word_1_411' title='bbox 1888 4050 2094 4124; x_wconf 74' lang='lat' dir='ltr'><strong>Judzeo-</strong></span> 
     </span>
    </p>
   </div>
   <div class='ocr_carea' id='block_1_58' title="bbox 522 4136 2090 4208">
    <p class='ocr_par' dir='ltr' id='par_1_58' title="bbox 522 4136 2090 4208">
     <span class='ocr_line' id='line_1_58' title="bbox 522 4136 2090 4208; baseline 0.002 -16"><span class='ocrx_word' id='word_1_412' title='bbox 522 4154 638 4192; x_wconf 92' lang='lat' dir='ltr'><strong>rum</strong></span> <span class='ocrx_word' id='word_1_413' title='bbox 667 4152 826 4206; x_wconf 91' lang='lat' dir='ltr'><strong>quam</strong></span> <span class='ocrx_word' id='word_1_414' title='bbox 853 4136 1149 4192; x_wconf 90' lang='lat' dir='ltr'><strong>futurorum</strong></span> <span class='ocrx_word' id='word_1_415' title='bbox 1173 4137 1545 4193; x_wconf 69' lang='lat' dir='ltr'><strong>haereticorum</strong></span> <span class='ocrx_word' id='word_1_416' title='bbox 1571 4140 1660 4208; x_wconf 91' lang='lat' dir='ltr'><strong>qui</strong></span> <span class='ocrx_word' id='word_1_417' title='bbox 1684 4155 1864 4194; x_wconf 88' lang='lat' dir='ltr'><strong>veram</strong></span> <span class='ocrx_word' id='word_1_418' title='bbox 1888 4139 2090 4195; x_wconf 90' lang='lat' dir='ltr'><strong>Christi</strong></span> 
     </span>
    </p>
   </div>
   <div class='ocr_carea' id='block_1_59' title="bbox 521 4227 2091 4300">
    <p class='ocr_par' dir='ltr' id='par_1_59' title="bbox 521 4227 2091 4300">
     <span class='ocr_line' id='line_1_59' title="bbox 521 4227 2091 4300; baseline 0.003 -19"><span class='ocrx_word' id='word_1_419' title='bbox 521 4227 908 4282; x_wconf 83' lang='lat' dir='ltr'><strong>immanitatem</strong></span> <span class='ocrx_word' id='word_1_420' title='bbox 953 4236 1181 4295; x_wconf 76' lang='lat' dir='ltr'><strong>negant,</strong></span> <span class='ocrx_word' id='word_1_421' title='bbox 1230 4229 1560 4294; x_wconf 81' lang='lat' dir='ltr'><strong>confutatur,</strong></span> <span class='ocrx_word' id='word_1_422' title='bbox 1601 4231 1726 4300; x_wconf 90' lang='lat' dir='ltr'><strong>quia</strong></span> <span class='ocrx_word' id='word_1_423' title='bbox 1760 4246 1946 4285; x_wconf 90' lang='lat' dir='ltr'><strong>verum</strong></span> <span class='ocrx_word' id='word_1_424' title='bbox 1994 4230 2091 4286; x_wconf 89' lang='lat' dir='ltr'><strong>Dei</strong></span> 
     </span>
    </p>
   </div>
   <div class='ocr_carea' id='block_1_60' title="bbox 518 4319 2092 4389">
    <p class='ocr_par' dir='ltr' id='par_1_60' title="bbox 518 4319 2092 4389">
     <span class='ocr_line' id='line_1_60' title="bbox 518 4319 2092 4389; baseline 0.003 -16"><span class='ocrx_word' id='word_1_425' title='bbox 518 4319 712 4373; x_wconf 84' lang='lat' dir='ltr'><strong>Filium</strong></span> <span class='ocrx_word' id='word_1_426' title='bbox 748 4319 1006 4374; x_wconf 88' lang='lat' dir='ltr'><strong>adversus</strong></span> <span class='ocrx_word' id='word_1_427' title='bbox 1043 4319 1385 4388; x_wconf 90' lang='lat' dir='ltr'><strong>blasphemos</strong></span> <span class='ocrx_word' id='word_1_428' title='bbox 1420 4319 1633 4375; x_wconf 69' lang='lat' dir='ltr'><strong>Iudaeos</strong></span> <span class='ocrx_word' id='word_1_429' title='bbox 1680 4321 1990 4389; x_wconf 83' lang='lat' dir='ltr'><strong>conﬁtetur,</strong></span> <span class='ocrx_word' id='word_1_430' title='bbox 2035 4331 2092 4378; x_wconf 88' lang='lat' dir='ltr'><strong>et</strong></span> 
     </span>
    </p>
   </div>
   <div class='ocr_carea' id='block_1_61' title="bbox 521 4407 2093 4473">
    <p class='ocr_par' dir='ltr' id='par_1_61' title="bbox 521 4407 2093 4473">
     <span class='ocr_line' id='line_1_61' title="bbox 521 4407 2093 4473; baseline 0.003 -12"><span class='ocrx_word' id='word_1_431' title='bbox 521 4423 705 4461; x_wconf 81' lang='lat' dir='ltr'><strong>verum</strong></span> <span class='ocrx_word' id='word_1_432' title='bbox 738 4408 968 4462; x_wconf 89' lang='lat' dir='ltr'><strong>hominis</strong></span> <span class='ocrx_word' id='word_1_433' title='bbox 996 4407 1161 4461; x_wconf 83' lang='lat' dir='ltr'><strong>lilium</strong></span> <span class='ocrx_word' id='word_1_434' title='bbox 1192 4417 1441 4473; x_wconf 86' lang='lat' dir='ltr'><strong>testatur,</strong></span> <span class='ocrx_word' id='word_1_435' title='bbox 1472 4411 1631 4463; x_wconf 86' lang='lat' dir='ltr'><strong>matri</strong></span> <span class='ocrx_word' id='word_1_436' title='bbox 1660 4413 2093 4466; x_wconf 88' lang='lat' dir='ltr'><strong>consubstantia-</strong></span> 
     </span>
    </p>
   </div>
   <div class='ocr_carea' id='block_1_62' title="bbox 518 4496 2091 4567">
    <p class='ocr_par' dir='ltr' id='par_1_62' title="bbox 518 4496 2091 4567">
     <span class='ocr_line' id='line_1_62' title="bbox 518 4496 2091 4567; baseline 0.004 -16"><span class='ocrx_word' id='word_1_437' title='bbox 518 4498 644 4552; x_wconf 84' lang='lat' dir='ltr'><strong>lem.</strong></span> <span class='ocrx_word' id='word_1_438' title='bbox 678 4496 789 4552; x_wconf 86' lang='lat' dir='ltr'><strong>Nisi</strong></span> <span class='ocrx_word' id='word_1_439' title='bbox 826 4499 968 4552; x_wconf 90' lang='lat' dir='ltr'><strong>enim</strong></span> <span class='ocrx_word' id='word_1_440' title='bbox 1003 4508 1148 4554; x_wconf 84' lang='lat' dir='ltr'><strong>esset</strong></span> <span class='ocrx_word' id='word_1_441' title='bbox 1186 4515 1292 4553; x_wconf 90' lang='lat' dir='ltr'><strong>una</strong></span> <span class='ocrx_word' id='word_1_442' title='bbox 1329 4515 1458 4555; x_wconf 87' lang='lat' dir='ltr'><strong>caro</strong></span> <span class='ocrx_word' id='word_1_443' title='bbox 1492 4517 1612 4554; x_wconf 92' lang='lat' dir='ltr'><strong>cum</strong></span> <span class='ocrx_word' id='word_1_444' title='bbox 1653 4510 1854 4567; x_wconf 91' lang='lat' dir='ltr'><strong>matre,</strong></span> <span class='ocrx_word' id='word_1_445' title='bbox 1891 4503 2091 4558; x_wconf 79' lang='lat' dir='ltr'><strong>frustra</strong></span> 
     </span>
    </p>
   </div>
   <div class='ocr_carea' id='block_1_63' title="bbox 520 4587 2097 4669">
    <p class='ocr_par' dir='ltr' id='par_1_63' title="bbox 520 4587 2097 4669">
     <span class='ocr_line' id='line_1_63' title="bbox 520 4587 2097 4669; baseline 0.003 -28"><span class='ocrx_word' id='word_1_446' title='bbox 520 4597 709 4644; x_wconf 90' lang='lat' dir='ltr'><strong>venter</strong></span> <span class='ocrx_word' id='word_1_447' title='bbox 732 4587 819 4642; x_wconf 91' lang='lat' dir='ltr'><strong>ille</strong></span> <span class='ocrx_word' id='word_1_448' title='bbox 845 4589 1062 4658; x_wconf 79' lang='lat' dir='ltr'><strong>virginis</strong></span> <span class='ocrx_word' id='word_1_449' title='bbox 1086 4599 1139 4643; x_wconf 87' lang='lat' dir='ltr'><strong>et</strong></span> <span class='ocrx_word' id='word_1_450' title='bbox 1163 4590 1326 4644; x_wconf 89' lang='lat' dir='ltr'><strong>ubera</strong></span> <span class='ocrx_word' id='word_1_451' title='bbox 1337 4589 1803 4669; x_wconf 61' lang='lat' dir='ltr'><strong>beatiﬁcarentur.</strong></span> <span class='ocrx_word' id='word_1_452' title='bbox 1831 4592 1894 4646; x_wconf 86' lang='lat' dir='ltr'><strong>Et</strong></span> <span class='ocrx_word' id='word_1_453' title='bbox 1918 4594 2097 4669; x_wconf 50' lang='lat' dir='ltr'><strong>ubera.</strong></span> 
     </span>
    </p>
   </div>
   <div class='ocr_carea' id='block_1_64' title="bbox 524 4653 2102 4749">
    <p class='ocr_par' dir='ltr' id='par_1_64' title="bbox 524 4653 2102 4749">
     <span class='ocr_line' id='line_1_64' title="bbox 524 4653 2102 4749; baseline 0.004 -17"><span class='ocrx_word' id='word_1_454' title='bbox 524 4679 830 4732; x_wconf 84' lang='lat' dir='ltr'><strong>Secundum</strong></span> <span class='ocrx_word' id='word_1_455' title='bbox 858 4679 1109 4749; x_wconf 85' lang='lat' dir='ltr'><strong>physicos</strong></span> <span class='ocrx_word' id='word_1_456' title='bbox 1134 4694 1201 4734; x_wconf 80' lang='lat' dir='ltr'><strong>ex</strong></span> <span class='ocrx_word' id='word_1_457' title='bbox 1227 4653 1412 4734; x_wconf 52' lang='lat' dir='ltr'><strong>eodem</strong></span> <span class='ocrx_word' id='word_1_458' title='bbox 1441 4679 1586 4733; x_wconf 90' lang='lat' dir='ltr'><strong>fonte</strong></span> <span class='ocrx_word' id='word_1_459' title='bbox 1611 4689 1666 4735; x_wconf 91' lang='lat' dir='ltr'><strong>et</strong></span> <span class='ocrx_word' id='word_1_460' title='bbox 1689 4681 1828 4736; x_wconf 89' lang='lat' dir='ltr'><strong>lacte</strong></span> <span class='ocrx_word' id='word_1_461' title='bbox 1857 4655 2102 4738; x_wconf 56' lang='lat' dir='ltr'><strong>nutrien:</strong></span> 
     </span>
    </p>
   </div>
   <div class='ocr_carea' id='block_1_65' title="bbox 522 4767 2096 4842">
    <p class='ocr_par' dir='ltr' id='par_1_65' title="bbox 522 4767 2096 4842">
     <span class='ocr_line' id='line_1_65' title="bbox 522 4767 2096 4842; baseline 0.004 -22"><span class='ocrx_word' id='word_1_462' title='bbox 522 4767 607 4821; x_wconf 86' lang='lat' dir='ltr'><strong>dis</strong></span> <span class='ocrx_word' id='word_1_463' title='bbox 637 4778 691 4821; x_wconf 88' lang='lat' dir='ltr'><strong>et</strong></span> <span class='ocrx_word' id='word_1_464' title='bbox 737 4783 922 4822; x_wconf 87' lang='lat' dir='ltr'><strong>semen</strong></span> <span class='ocrx_word' id='word_1_465' title='bbox 972 4767 1321 4836; x_wconf 86' lang='lat' dir='ltr'><strong>procreandis</strong></span> <span class='ocrx_word' id='word_1_466' title='bbox 1359 4769 1542 4837; x_wconf 91' lang='lat' dir='ltr'><strong>pueris</strong></span> <span class='ocrx_word' id='word_1_467' title='bbox 1577 4779 1828 4835; x_wconf 89' lang='lat' dir='ltr'><strong>emanat,</strong></span> <span class='ocrx_word' id='word_1_468' title='bbox 1864 4787 1994 4842; x_wconf 85' lang='lat' dir='ltr'><strong>ergo</strong></span> <span class='ocrx_word' id='word_1_469' title='bbox 2031 4772 2096 4826; x_wconf 88' lang='lat' dir='ltr'><strong>de</strong></span> 
     </span>
    </p>
   </div>
   <div class='ocr_carea' id='block_1_66' title="bbox 524 4857 2094 4932">
    <p class='ocr_par' dir='ltr' id='par_1_66' title="bbox 524 4857 2094 4932">
     <span class='ocr_line' id='line_1_66' title="bbox 524 4857 2094 4932; baseline 0.004 -22"><span class='ocrx_word' id='word_1_470' title='bbox 524 4858 731 4911; x_wconf 88' lang='lat' dir='ltr'><strong>semine</strong></span> <span class='ocrx_word' id='word_1_471' title='bbox 772 4857 993 4927; x_wconf 81' lang='lat' dir='ltr'><strong>virginis</strong></span> <span class='ocrx_word' id='word_1_472' title='bbox 1027 4859 1198 4928; x_wconf 88' lang='lat' dir='ltr'><strong>potuit</strong></span> <span class='ocrx_word' id='word_1_473' title='bbox 1235 4860 1480 4930; x_wconf 89' lang='lat' dir='ltr'><strong>concipi,</strong></span> <span class='ocrx_word' id='word_1_474' title='bbox 1535 4861 1625 4930; x_wconf 89' lang='lat' dir='ltr'><strong>qui</strong></span> <span class='ocrx_word' id='word_1_475' title='bbox 1663 4860 1780 4929; x_wconf 88' lang='lat' dir='ltr'><strong>ejus</strong></span> <span class='ocrx_word' id='word_1_476' title='bbox 1811 4864 1949 4918; x_wconf 86' lang='lat' dir='ltr'><strong>lacte</strong></span> <span class='ocrx_word' id='word_1_477' title='bbox 1997 4879 2094 4932; x_wconf 85' lang='lat' dir='ltr'><strong>po-</strong></span> 
     </span>
    </p>
   </div>
   <div class='ocr_carea' id='block_1_67' title="bbox 528 4945 877 4998">
    <p class='ocr_par' dir='ltr' id='par_1_67' title="bbox 528 4945 877 4998">
     <span class='ocr_line' id='line_1_67' title="bbox 528 4945 877 4998; baseline 0 0"><span class='ocrx_word' id='word_1_478' title='bbox 528 4947 629 4998; x_wconf 89' lang='lat' dir='ltr'><strong>tuit</strong></span> <span class='ocrx_word' id='word_1_479' title='bbox 660 4945 877 4998; x_wconf 90' lang='lat' dir='ltr'><strong>nutriri.</strong></span> 
     </span>
    </p>
   </div>
   <div class='ocr_carea' id='block_1_68' title="bbox 605 5032 2095 5104">
    <p class='ocr_par' dir='ltr' id='par_1_68' title="bbox 605 5032 2095 5104">
     <span class='ocr_line' id='line_1_68' title="bbox 605 5032 2095 5104; baseline 0.005 -16"><span class='ocrx_word' id='word_1_480' title='bbox 605 5035 764 5088; x_wconf 77' lang='lat' dir='ltr'><strong>Vens.</strong></span> <span class='ocrx_word' id='word_1_481' title='bbox 799 5034 888 5089; x_wconf 70' lang='grc'><strong>28.</strong></span> <span class='ocrx_word' id='word_1_482' title='bbox 915 5065 985 5074; x_wconf 93' lang='lat'>--</span> <span class='ocrx_word' id='word_1_483' title='bbox 1011 5032 1276 5100; x_wconf 86' lang='lat' dir='ltr'><strong>Quinimo.</strong></span> <span class='ocrx_word' id='word_1_484' title='bbox 1309 5037 1473 5104; x_wconf 82' lang='lat' dir='ltr'><strong>Quasi</strong></span> <span class='ocrx_word' id='word_1_485' title='bbox 1519 5039 1662 5094; x_wconf 86' lang='lat' dir='ltr'><strong>dicat</strong></span> <span class='ocrx_word' id='word_1_486' title='bbox 1693 5057 1707 5093; x_wconf 90' lang='lat'><strong>:</strong></span> <span class='ocrx_word' id='word_1_487' title='bbox 1761 5038 1874 5095; x_wconf 81' lang='lat' dir='ltr'><strong>Non</strong></span> <span class='ocrx_word' id='word_1_488' title='bbox 1925 5039 2095 5095; x_wconf 88' lang='lat' dir='ltr'><strong>solum</strong></span> 
     </span>
    </p>
   </div>
   <div class='ocr_carea' id='block_1_69' title="bbox 529 5122 2097 5196">
    <p class='ocr_par' dir='ltr' id='par_1_69' title="bbox 529 5122 2097 5196">
     <span class='ocr_line' id='line_1_69' title="bbox 529 5122 2097 5196; baseline 0.006 -22"><span class='ocrx_word' id='word_1_489' title='bbox 529 5122 794 5176; x_wconf 86' lang='lat' dir='ltr'><strong>laudanda</strong></span> <span class='ocrx_word' id='word_1_490' title='bbox 825 5122 986 5176; x_wconf 85' lang='lat' dir='ltr'><strong>Maria</strong></span> <span class='ocrx_word' id='word_1_491' title='bbox 1009 5164 1022 5188; x_wconf 94' lang='lat'><strong>,</strong></span> <span class='ocrx_word' id='word_1_492' title='bbox 1050 5124 1172 5193; x_wconf 87' lang='lat' dir='ltr'><strong>quia</strong></span> <span class='ocrx_word' id='word_1_493' title='bbox 1189 5123 1422 5179; x_wconf 83' lang='lat' dir='ltr'><strong>Verbum</strong></span> <span class='ocrx_word' id='word_1_494' title='bbox 1454 5126 1546 5180; x_wconf 89' lang='lat' dir='ltr'><strong>Dei</strong></span> <span class='ocrx_word' id='word_1_495' title='bbox 1576 5127 1808 5196; x_wconf 86' lang='lat' dir='ltr'><strong>portavit</strong></span> <span class='ocrx_word' id='word_1_496' title='bbox 1834 5127 1887 5181; x_wconf 92' lang='lat' dir='ltr'><strong>in</strong></span> <span class='ocrx_word' id='word_1_497' title='bbox 1919 5138 2097 5195; x_wconf 86' lang='lat' dir='ltr'><strong>utero,</strong></span> 
     </span>
    </p>
   </div>
   <div class='ocr_carea' id='block_1_70' title="bbox 532 5213 2103 5285">
    <p class='ocr_par' dir='ltr' id='par_1_70' title="bbox 532 5213 2103 5285">
     <span class='ocr_line' id='line_1_70' title="bbox 532 5213 2103 5285; baseline 0.004 -18"><span class='ocrx_word' id='word_1_498' title='bbox 532 5213 627 5268; x_wconf 88' lang='lat' dir='ltr'><strong>sed</strong></span> <span class='ocrx_word' id='word_1_499' title='bbox 667 5213 901 5267; x_wconf 74' lang='lat' dir='ltr'><strong>maxime</strong></span> <span class='ocrx_word' id='word_1_500' title='bbox 938 5214 1091 5268; x_wconf 85' lang='lat' dir='ltr'><strong>beata</strong></span> <span class='ocrx_word' id='word_1_501' title='bbox 1127 5225 1242 5279; x_wconf 89' lang='lat' dir='ltr'><strong>est,</strong></span> <span class='ocrx_word' id='word_1_502' title='bbox 1279 5216 1400 5284; x_wconf 88' lang='lat' dir='ltr'><strong>quia</strong></span> <span class='ocrx_word' id='word_1_503' title='bbox 1437 5226 1701 5285; x_wconf 67' lang='lat' dir='ltr'><strong>praecepta</strong></span> <span class='ocrx_word' id='word_1_504' title='bbox 1739 5218 1831 5272; x_wconf 89' lang='lat' dir='ltr'><strong>Dei</strong></span> <span class='ocrx_word' id='word_1_505' title='bbox 1867 5220 2103 5274; x_wconf 85' lang='lat' dir='ltr'><strong>servavit</strong></span> 
     </span>
    </p>
   </div>
   <div class='ocr_carea' id='block_1_71' title="bbox 537 5302 2098 5377">
    <p class='ocr_par' dir='ltr' id='par_1_71' title="bbox 537 5302 2098 5377">
     <span class='ocr_line' id='line_1_71' title="bbox 537 5302 2098 5377; baseline 0.004 -20"><span class='ocrx_word' id='word_1_506' title='bbox 537 5304 592 5357; x_wconf 92' lang='lat' dir='ltr'><strong>in</strong></span> <span class='ocrx_word' id='word_1_507' title='bbox 635 5319 816 5373; x_wconf 78' lang='lat' dir='ltr'><strong>Opere.</strong></span> <span class='ocrx_word' id='word_1_508' title='bbox 855 5302 946 5359; x_wconf 89' lang='lat' dir='ltr'><strong>Sic</strong></span> <span class='ocrx_word' id='word_1_509' title='bbox 979 5305 1141 5359; x_wconf 88' lang='lat' dir='ltr'><strong>etiam</strong></span> <span class='ocrx_word' id='word_1_510' title='bbox 1178 5320 1365 5360; x_wconf 91' lang='lat' dir='ltr'><strong>onmes</strong></span> <span class='ocrx_word' id='word_1_511' title='bbox 1404 5306 1544 5360; x_wconf 87' lang='lat' dir='ltr'><strong>beati</strong></span> <span class='ocrx_word' id='word_1_512' title='bbox 1594 5317 1721 5360; x_wconf 90' lang='lat' dir='ltr'><strong>sunt</strong></span> <span class='ocrx_word' id='word_1_513' title='bbox 1752 5309 1842 5377; x_wconf 89' lang='lat' dir='ltr'><strong>qui</strong></span> <span class='ocrx_word' id='word_1_514' title='bbox 1877 5307 2098 5363; x_wconf 86' lang='lat' dir='ltr'><strong>verbum</strong></span> 
     </span>
    </p>
   </div>
   <div class='ocr_carea' id='block_1_72' title="bbox 539 5393 2100 5467">
    <p class='ocr_par' dir='ltr' id='par_1_72' title="bbox 539 5393 2100 5467">
     <span class='ocr_line' id='line_1_72' title="bbox 539 5393 2100 5467; baseline 0.004 -20"><span class='ocrx_word' id='word_1_515' title='bbox 539 5393 630 5448; x_wconf 90' lang='lat' dir='ltr'><strong>Dei</strong></span> <span class='ocrx_word' id='word_1_516' title='bbox 660 5395 845 5449; x_wconf 89' lang='lat' dir='ltr'><strong>auditu</strong></span> <span class='ocrx_word' id='word_1_517' title='bbox 871 5396 992 5450; x_wconf 87' lang='lat' dir='ltr'><strong>ﬁdei</strong></span> <span class='ocrx_word' id='word_1_518' title='bbox 1014 5396 1358 5466; x_wconf 91' lang='lat' dir='ltr'><strong>concipiunt,</strong></span> <span class='ocrx_word' id='word_1_519' title='bbox 1385 5405 1439 5451; x_wconf 90' lang='lat' dir='ltr'><strong>et</strong></span> <span class='ocrx_word' id='word_1_520' title='bbox 1460 5397 1583 5451; x_wconf 91' lang='lat' dir='ltr'><strong>boni</strong></span> <span class='ocrx_word' id='word_1_521' title='bbox 1604 5397 1783 5467; x_wconf 88' lang='lat' dir='ltr'><strong>operis</strong></span> <span class='ocrx_word' id='word_1_522' title='bbox 1803 5399 2100 5454; x_wconf 88' lang='lat' dir='ltr'><strong>custodiam</strong></span> 
     </span>
    </p>
   </div>
   <div class='ocr_carea' id='block_1_73' title="bbox 539 5485 2101 5559">
    <p class='ocr_par' dir='ltr' id='par_1_73' title="bbox 539 5485 2101 5559">
     <span class='ocr_line' id='line_1_73' title="bbox 539 5485 2101 5559; baseline 0.005 -20"><span class='ocrx_word' id='word_1_523' title='bbox 539 5485 593 5539; x_wconf 91' lang='lat' dir='ltr'><strong>in</strong></span> <span class='ocrx_word' id='word_1_524' title='bbox 631 5502 728 5541; x_wconf 90' lang='lat' dir='ltr'><strong>suo</strong></span> <span class='ocrx_word' id='word_1_525' title='bbox 763 5487 846 5542; x_wconf 87' lang='lat' dir='ltr'><strong>vel</strong></span> <span class='ocrx_word' id='word_1_526' title='bbox 877 5489 1243 5558; x_wconf 82' lang='lat' dir='ltr'><strong>proximorum</strong></span> <span class='ocrx_word' id='word_1_527' title='bbox 1279 5490 1440 5543; x_wconf 89' lang='lat' dir='ltr'><strong>corde</strong></span> <span class='ocrx_word' id='word_1_528' title='bbox 1483 5490 1702 5559; x_wconf 86' lang='lat' dir='ltr'><strong>pariunt</strong></span> <span class='ocrx_word' id='word_1_529' title='bbox 1743 5501 1797 5546; x_wconf 91' lang='lat' dir='ltr'><strong>et</strong></span> <span class='ocrx_word' id='word_1_530' title='bbox 1841 5493 2101 5547; x_wconf 87' lang='lat' dir='ltr'><strong>nutriunt.</strong></span> 
     </span>
    </p>
   </div>
   <div class='ocr_carea' id='block_1_74' title="bbox 541 5578 2105 5643">
    <p class='ocr_par' dir='ltr' id='par_1_74' title="bbox 541 5578 2105 5643">
     <span class='ocr_line' id='line_1_74' title="bbox 541 5578 2105 5643; baseline 0.005 -13"><span class='ocrx_word' id='word_1_531' title='bbox 541 5578 647 5643; x_wconf 84' lang='lat' dir='ltr'><strong>Qui</strong></span> <span class='ocrx_word' id='word_1_532' title='bbox 682 5580 921 5634; x_wconf 86' lang='lat' dir='ltr'><strong>audiunt.</strong></span> <span class='ocrx_word' id='word_1_533' title='bbox 961 5581 1019 5634; x_wconf 86' lang='lat' dir='ltr'><strong>In</strong></span> <span class='ocrx_word' id='word_1_534' title='bbox 1059 5581 1215 5636; x_wconf 88' lang='lat' dir='ltr'><strong>laude</strong></span> <span class='ocrx_word' id='word_1_535' title='bbox 1247 5581 1520 5637; x_wconf 56' lang='lat' dir='ltr'><strong>Ecclesire.</strong></span> <span class='ocrx_word' id='word_1_536' title='bbox 1561 5583 1604 5636; x_wconf 88' lang='lat' dir='ltr'><strong>E</strong></span> <span class='ocrx_word' id='word_1_537' title='bbox 1637 5584 1910 5638; x_wconf 89' lang='lat' dir='ltr'><strong>contrario</strong></span> <span class='ocrx_word' id='word_1_538' title='bbox 1954 5584 2105 5639; x_wconf 89' lang='lat' dir='ltr'><strong>dam-</strong></span> 
     </span>
    </p>
   </div>
   <div class='ocr_carea' id='block_1_75' title="bbox 542 5669 2109 5742">
    <p class='ocr_par' dir='ltr' id='par_1_75' title="bbox 542 5669 2109 5742">
     <span class='ocr_line' id='line_1_75' title="bbox 542 5669 2109 5742; baseline 0.006 -20"><span class='ocrx_word' id='word_1_539' title='bbox 542 5680 743 5724; x_wconf 88' lang='lat' dir='ltr'><strong>nantur</strong></span> <span class='ocrx_word' id='word_1_540' title='bbox 783 5669 1075 5738; x_wconf 75' lang='lat' dir='ltr'><strong>Pharisaei,</strong></span> <span class='ocrx_word' id='word_1_541' title='bbox 1111 5671 1202 5742; x_wconf 89' lang='lat' dir='ltr'><strong>qui</strong></span> <span class='ocrx_word' id='word_1_542' title='bbox 1235 5673 1459 5726; x_wconf 90' lang='lat' dir='ltr'><strong>verbum</strong></span> <span class='ocrx_word' id='word_1_543' title='bbox 1498 5673 1590 5727; x_wconf 89' lang='lat' dir='ltr'><strong>Dei</strong></span> <span class='ocrx_word' id='word_1_544' title='bbox 1637 5689 1735 5730; x_wconf 87' lang='lat' dir='ltr'><strong>nec</strong></span> <span class='ocrx_word' id='word_1_545' title='bbox 1783 5673 1966 5731; x_wconf 87' lang='lat' dir='ltr'><strong>audire</strong></span> <span class='ocrx_word' id='word_1_546' title='bbox 2012 5691 2109 5732; x_wconf 89' lang='lat' dir='ltr'><strong>nec</strong></span> 
     </span>
    </p>
   </div>
   <div class='ocr_carea' id='block_1_76' title="bbox 543 5761 1683 5834">
    <p class='ocr_par' dir='ltr' id='par_1_76' title="bbox 543 5761 1683 5834">
     <span class='ocr_line' id='line_1_76' title="bbox 543 5761 1683 5834; baseline 0.001 -18"><span class='ocrx_word' id='word_1_547' title='bbox 543 5761 794 5832; x_wconf 83' lang='lat' dir='ltr'><strong>implere,</strong></span> <span class='ocrx_word' id='word_1_548' title='bbox 835 5765 927 5817; x_wconf 83' lang='lat' dir='ltr'><strong>sed</strong></span> <span class='ocrx_word' id='word_1_549' title='bbox 956 5763 1326 5833; x_wconf 67' lang='lat' dir='ltr'><strong>hlasplicmare</strong></span> <span class='ocrx_word' id='word_1_550' title='bbox 1353 5763 1683 5834; x_wconf 72' lang='lat' dir='ltr'><strong>quterebant.</strong></span> 
     </span>
    </p>
   </div>
   <div class='ocr_carea' id='block_1_77' title="bbox 2123 4544 2177 4605">
    <p class='ocr_par' dir='ltr' id='par_1_77' title="bbox 2123 4544 2177 4605">
     <span class='ocr_line' id='line_1_77' title="bbox 2123 4544 2177 4605; baseline 0 0"><span class='ocrx_word' id='word_1_551' title='bbox 2123 4544 2177 4605; x_wconf 89' lang='lat' dir='ltr'><strong>D</strong></span> 
     </span>
    </p>
   </div>
   <div class='ocr_carea' id='block_1_78' title="bbox 2189 1939 3761 2029">
    <p class='ocr_par' dir='ltr' id='par_1_78' title="bbox 2189 1939 3761 2029">
     <span class='ocr_line' id='line_1_78' title="bbox 2189 1939 3761 2029; baseline 0.007 -25"><span class='ocrx_word' id='word_1_552' title='bbox 2189 1951 2346 2006; x_wconf 90' lang='lat' dir='ltr'><strong>annis</strong></span> <span class='ocrx_word' id='word_1_553' title='bbox 2371 1959 2496 2006; x_wconf 88' lang='lat' dir='ltr'><strong>ante</strong></span> <span class='ocrx_word' id='word_1_554' title='bbox 2518 1950 2778 2020; x_wconf 91' lang='lat' dir='ltr'><strong>judicium</strong></span> <span class='ocrx_word' id='word_1_555' title='bbox 2806 1953 2945 2008; x_wconf 86' lang='lat' dir='ltr'><strong>sicut</strong></span> <span class='ocrx_word' id='word_1_556' title='bbox 2973 1951 3139 2008; x_wconf 68' lang='grc' dir='ltr'><strong>«ἰυᾱωί</strong></span> <span class='ocrx_word' id='word_1_557' title='bbox 3172 1939 3413 2026; x_wconf 74' lang='lat' dir='ltr'><strong>ﬁngunt,</strong></span> <span class='ocrx_word' id='word_1_558' title='bbox 3443 1959 3539 2013; x_wconf 88' lang='lat' dir='ltr'><strong>sed</strong></span> <span class='ocrx_word' id='word_1_559' title='bbox 3569 1959 3626 2014; x_wconf 92' lang='lat' dir='ltr'><strong>iu</strong></span> <span class='ocrx_word' id='word_1_560' title='bbox 3658 1959 3761 2029; x_wconf 88' lang='lat' dir='ltr'><strong>ipso</strong></span> 
     </span>
    </p>
   </div>
   <div class='ocr_carea' id='block_1_79' title="bbox 2181 2041 3760 2118">
    <p class='ocr_par' dir='ltr' id='par_1_79' title="bbox 2181 2041 3760 2118">
     <span class='ocr_line' id='line_1_79' title="bbox 2181 2041 3760 2118; baseline 0.006 -22"><span class='ocrx_word' id='word_1_561' title='bbox 2181 2041 2388 2113; x_wconf 90' lang='lat' dir='ltr'><strong>judicio</strong></span> <span class='ocrx_word' id='word_1_562' title='bbox 2436 2053 2640 2115; x_wconf 86' lang='lat' dir='ltr'><strong>surget.</strong></span> <span class='ocrx_word' id='word_1_563' title='bbox 2687 2042 2816 2098; x_wconf 87' lang='lat' dir='ltr'><strong>Cum</strong></span> <span class='ocrx_word' id='word_1_564' title='bbox 2863 2046 3008 2099; x_wconf 83' lang='lat' dir='ltr'><strong>viris.</strong></span> <span class='ocrx_word' id='word_1_565' title='bbox 3041 2045 3060 2116; x_wconf 95' lang='lat'>(</span> <span class='ocrx_word' id='word_1_566' title='bbox 3082 2045 3212 2100; x_wconf 74' lang='lat' dir='ltr'><strong>Ben.</strong></span> <span class='ocrx_word' id='word_1_567' title='bbox 3241 2047 3259 2118; x_wconf 96' lang='lat'>)</span> <span class='ocrx_word' id='word_1_568' title='bbox 3287 2047 3426 2104; x_wconf 87' lang='lat' dir='ltr'><strong>Ecce</strong></span> <span class='ocrx_word' id='word_1_569' title='bbox 3457 2050 3760 2105; x_wconf 85' lang='lat' dir='ltr'><strong>communis</strong></span> 
     </span>
    </p>
   </div>
   <div class='ocr_carea' id='block_1_80' title="bbox 2188 2133 3758 2211">
    <p class='ocr_par' dir='ltr' id='par_1_80' title="bbox 2188 2133 3758 2211">
     <span class='ocr_line' id='line_1_80' title="bbox 2188 2133 3758 2211; baseline 0.006 -24"><span class='ocrx_word' id='word_1_570' title='bbox 2188 2133 2491 2189; x_wconf 89' lang='lat' dir='ltr'><strong>ostenditur</strong></span> <span class='ocrx_word' id='word_1_571' title='bbox 2526 2135 2880 2198; x_wconf 87' lang='lat' dir='ltr'><strong>resurrectio,</strong></span> <span class='ocrx_word' id='word_1_572' title='bbox 2914 2143 3026 2189; x_wconf 89' lang='lat' dir='ltr'><strong>tam</strong></span> <span class='ocrx_word' id='word_1_573' title='bbox 3071 2137 3335 2192; x_wconf 90' lang='lat' dir='ltr'><strong>bonorum</strong></span> <span class='ocrx_word' id='word_1_574' title='bbox 3381 2154 3547 2211; x_wconf 86' lang='lat' dir='ltr'><strong>quam</strong></span> <span class='ocrx_word' id='word_1_575' title='bbox 3599 2141 3758 2196; x_wconf 89' lang='lat' dir='ltr'><strong>malo-</strong></span> 
     </span>
    </p>
   </div>
   <div class='ocr_carea' id='block_1_81' title="bbox 2189 2225 3761 2299">
    <p class='ocr_par' dir='ltr' id='par_1_81' title="bbox 2189 2225 3761 2299">
     <span class='ocr_line' id='line_1_81' title="bbox 2189 2225 3761 2299; baseline 0.006 -20"><span class='ocrx_word' id='word_1_576' title='bbox 2189 2240 2331 2280; x_wconf 89' lang='lat' dir='ltr'><strong>rum.</strong></span> <span class='ocrx_word' id='word_1_577' title='bbox 2381 2225 2776 2281; x_wconf 82' lang='lat' dir='ltr'><strong>Condemnabit.</strong></span> <span class='ocrx_word' id='word_1_578' title='bbox 2815 2225 2928 2281; x_wconf 85' lang='lat' dir='ltr'><strong>Non</strong></span> <span class='ocrx_word' id='word_1_579' title='bbox 2964 2236 3231 2296; x_wconf 89' lang='lat' dir='ltr'><strong>potestate</strong></span> <span class='ocrx_word' id='word_1_580' title='bbox 3258 2229 3445 2299; x_wconf 91' lang='lat' dir='ltr'><strong>judicii</strong></span> <span class='ocrx_word' id='word_1_581' title='bbox 3495 2232 3596 2287; x_wconf 88' lang='lat' dir='ltr'><strong>sed</strong></span> <span class='ocrx_word' id='word_1_582' title='bbox 3628 2247 3761 2288; x_wconf 85' lang='lat' dir='ltr'><strong>com-</strong></span> 
     </span>
    </p>
   </div>
   <div class='ocr_carea' id='block_1_82' title="bbox 2187 2317 3761 2391">
    <p class='ocr_par' dir='ltr' id='par_1_82' title="bbox 2187 2317 3761 2391">
     <span class='ocr_line' id='line_1_82' title="bbox 2187 2317 3761 2391; baseline 0.004 -21"><span class='ocrx_word' id='word_1_583' title='bbox 2187 2317 2467 2387; x_wconf 90' lang='lat' dir='ltr'><strong>paratione</strong></span> <span class='ocrx_word' id='word_1_584' title='bbox 2516 2317 2752 2373; x_wconf 85' lang='lat' dir='ltr'><strong>melioris</strong></span> <span class='ocrx_word' id='word_1_585' title='bbox 2784 2319 2938 2383; x_wconf 84' lang='lat' dir='ltr'><strong>facti,</strong></span> <span class='ocrx_word' id='word_1_586' title='bbox 2977 2319 3122 2390; x_wconf 87' lang='lat' dir='ltr'><strong>quia,</strong></span> <span class='ocrx_word' id='word_1_587' title='bbox 3167 2319 3354 2376; x_wconf 90' lang='lat' dir='ltr'><strong>relicto</strong></span> <span class='ocrx_word' id='word_1_588' title='bbox 3389 2321 3650 2391; x_wconf 91' lang='lat' dir='ltr'><strong>imperio,</strong></span> <span class='ocrx_word' id='word_1_589' title='bbox 3681 2337 3761 2377; x_wconf 85' lang='lat' dir='ltr'><strong>ve-</strong></span> 
     </span>
    </p>
   </div>
   <div class='ocr_carea' id='block_1_83' title="bbox 2189 2403 3755 2478">
    <p class='ocr_par' dir='ltr' id='par_1_83' title="bbox 2189 2403 3755 2478">
     <span class='ocr_line' id='line_1_83' title="bbox 2189 2403 3755 2478; baseline 0.003 -19"><span class='ocrx_word' id='word_1_590' title='bbox 2189 2405 2270 2459; x_wconf 89' lang='lat' dir='ltr'><strong>nit</strong></span> <span class='ocrx_word' id='word_1_591' title='bbox 2307 2404 2362 2459; x_wconf 91' lang='lat' dir='ltr'><strong>in</strong></span> <span class='ocrx_word' id='word_1_592' title='bbox 2391 2403 2632 2460; x_wconf 83' lang='lat' dir='ltr'><strong>Judaeam</strong></span> <span class='ocrx_word' id='word_1_593' title='bbox 2662 2406 2849 2461; x_wconf 84' lang='lat' dir='ltr'><strong>audire</strong></span> <span class='ocrx_word' id='word_1_594' title='bbox 2874 2408 3142 2462; x_wconf 90' lang='lat' dir='ltr'><strong>hominem</strong></span> <span class='ocrx_word' id='word_1_595' title='bbox 3172 2409 3430 2478; x_wconf 88' lang='lat' dir='ltr'><strong>sapientia</strong></span> <span class='ocrx_word' id='word_1_596' title='bbox 3461 2410 3755 2476; x_wconf 89' lang='lat' dir='ltr'><strong>famosum,</strong></span> 
     </span>
    </p>
   </div>
   <div class='ocr_carea' id='block_1_84' title="bbox 2186 2491 3748 2569">
    <p class='ocr_par' dir='ltr' id='par_1_84' title="bbox 2186 2491 3748 2569">
     <span class='ocr_line' id='line_1_84' title="bbox 2186 2491 3748 2569; baseline 0.005 -21"><span class='ocrx_word' id='word_1_597' title='bbox 2186 2493 2282 2548; x_wconf 90' lang='lat' dir='ltr'><strong>sed</strong></span> <span class='ocrx_word' id='word_1_598' title='bbox 2310 2491 2479 2550; x_wconf 65' lang='lat' dir='ltr'><strong>Judaei</strong></span> <span class='ocrx_word' id='word_1_599' title='bbox 2511 2510 2694 2550; x_wconf 89' lang='lat' dir='ltr'><strong>veram</strong></span> <span class='ocrx_word' id='word_1_600' title='bbox 2729 2495 2824 2550; x_wconf 88' lang='lat' dir='ltr'><strong>Dei</strong></span> <span class='ocrx_word' id='word_1_601' title='bbox 2857 2497 3174 2564; x_wconf 87' lang='lat' dir='ltr'><strong>sapientiam</strong></span> <span class='ocrx_word' id='word_1_602' title='bbox 3208 2513 3329 2552; x_wconf 90' lang='lat' dir='ltr'><strong>cum</strong></span> <span class='ocrx_word' id='word_1_603' title='bbox 3357 2499 3488 2569; x_wconf 90' lang='lat' dir='ltr'><strong>ipsis</strong></span> <span class='ocrx_word' id='word_1_604' title='bbox 3527 2515 3748 2556; x_wconf 84' lang='lat' dir='ltr'><strong>conver-</strong></span> 
     </span>
    </p>
   </div>
   <div class='ocr_carea' id='block_1_85' title="bbox 2187 2581 3570 2656">
    <p class='ocr_par' dir='ltr' id='par_1_85' title="bbox 2187 2581 3570 2656">
     <span class='ocr_line' id='line_1_85' title="bbox 2187 2581 3570 2656; baseline 0.005 -18"><span class='ocrx_word' id='word_1_605' title='bbox 2187 2593 2396 2639; x_wconf 88' lang='lat' dir='ltr'><strong>santem</strong></span> <span class='ocrx_word' id='word_1_606' title='bbox 2417 2624 2433 2650; x_wconf 89' lang='lat'><strong>,</strong></span> <span class='ocrx_word' id='word_1_607' title='bbox 2466 2600 2570 2640; x_wconf 94' lang='lat' dir='ltr'><strong>nou</strong></span> <span class='ocrx_word' id='word_1_608' title='bbox 2611 2586 2833 2640; x_wconf 89' lang='lat' dir='ltr'><strong>audiunt</strong></span> <span class='ocrx_word' id='word_1_609' title='bbox 2867 2587 2959 2642; x_wconf 91' lang='lat' dir='ltr'><strong>sed</strong></span> <span class='ocrx_word' id='word_1_610' title='bbox 2993 2587 3387 2656; x_wconf 85' lang='lat' dir='ltr'><strong>Llasphemant.</strong></span> <span class='ocrx_word' id='word_1_611' title='bbox 3560 2581 3570 2590; x_wconf 77' lang='grc'><strong>’</strong></span> 
     </span>
    </p>
   </div>
   <div class='ocr_carea' id='block_1_86' title="bbox 2259 2672 3757 2753">
    <p class='ocr_par' dir='ltr' id='par_1_86' title="bbox 2259 2672 3757 2753">
     <span class='ocr_line' id='line_1_86' title="bbox 2259 2672 3757 2753; baseline 0.007 -25"><span class='ocrx_word' id='word_1_612' title='bbox 2259 2674 2327 2729; x_wconf 86' lang='lat' dir='ltr'><strong>In</strong></span> <span class='ocrx_word' id='word_1_613' title='bbox 2342 2677 2732 2746; x_wconf 69' lang='lat' dir='ltr'><strong>pradicalione.</strong></span> <span class='ocrx_word' id='word_1_614' title='bbox 2748 2677 2911 2732; x_wconf 85' lang='lat' dir='ltr'><strong>Jonas</strong></span> <span class='ocrx_word' id='word_1_615' title='bbox 2927 2681 3110 2749; x_wconf 90' lang='lat' dir='ltr'><strong>paucis</strong></span> <span class='ocrx_word' id='word_1_616' title='bbox 3125 2681 3331 2746; x_wconf 88' lang='lat' dir='ltr'><strong>diebus,</strong></span> <span class='ocrx_word' id='word_1_617' title='bbox 3347 2681 3600 2737; x_wconf 89' lang='lat' dir='ltr'><strong>Christus</strong></span> <span class='ocrx_word' id='word_1_618' title='bbox 3611 2672 3757 2753; x_wconf 82' lang='lat' dir='ltr'><strong>longo</strong></span> 
     </span>
    </p>
   </div>
   <div class='ocr_carea' id='block_1_87' title="bbox 2189 2767 3757 2841">
    <p class='ocr_par' dir='ltr' id='par_1_87' title="bbox 2189 2767 3757 2841">
     <span class='ocr_line' id='line_1_87' title="bbox 2189 2767 3757 2841; baseline 0.006 -21"><span class='ocrx_word' id='word_1_619' title='bbox 2189 2776 2430 2836; x_wconf 87' lang='lat' dir='ltr'><strong>tempore</strong></span> <span class='ocrx_word' id='word_1_620' title='bbox 2486 2767 2814 2836; x_wconf 76' lang='lat' dir='ltr'><strong>praedicavit.</strong></span> <span class='ocrx_word' id='word_1_621' title='bbox 2857 2768 2948 2824; x_wconf 86' lang='lat' dir='ltr'><strong>ille</strong></span> <span class='ocrx_word' id='word_1_622' title='bbox 2994 2771 3326 2841; x_wconf 83' lang='lat' dir='ltr'><strong>peregrinis,</strong></span> <span class='ocrx_word' id='word_1_623' title='bbox 3366 2771 3623 2828; x_wconf 89' lang='lat' dir='ltr'><strong>Christus</strong></span> <span class='ocrx_word' id='word_1_624' title='bbox 3655 2776 3757 2830; x_wconf 89' lang='lat' dir='ltr'><strong>suis</strong></span> 
     </span>
    </p>
   </div>
   <div class='ocr_carea' id='block_1_88' title="bbox 2191 2857 3753 2928">
    <p class='ocr_par' dir='ltr' id='par_1_88' title="bbox 2191 2857 3753 2928">
     <span class='ocr_line' id='line_1_88' title="bbox 2191 2857 3753 2928; baseline 0.003 -16"><span class='ocrx_word' id='word_1_625' title='bbox 2191 2857 2419 2912; x_wconf 83' lang='lat' dir='ltr'><strong>civibus.</strong></span> <span class='ocrx_word' id='word_1_626' title='bbox 2454 2857 2546 2912; x_wconf 85' lang='lat' dir='ltr'><strong>ille</strong></span> <span class='ocrx_word' id='word_1_627' title='bbox 2588 2858 2797 2928; x_wconf 87' lang='lat' dir='ltr'><strong>signum</strong></span> <span class='ocrx_word' id='word_1_628' title='bbox 2828 2875 2932 2913; x_wconf 92' lang='lat' dir='ltr'><strong>non</strong></span> <span class='ocrx_word' id='word_1_629' title='bbox 2964 2859 3110 2925; x_wconf 81' lang='lat' dir='ltr'><strong>fecit,</strong></span> <span class='ocrx_word' id='word_1_630' title='bbox 3143 2861 3390 2918; x_wconf 80' lang='lat' dir='ltr'><strong>Christus</strong></span> <span class='ocrx_word' id='word_1_631' title='bbox 3419 2863 3592 2919; x_wconf 87' lang='lat' dir='ltr'><strong>multa</strong></span> <span class='ocrx_word' id='word_1_632' title='bbox 3619 2863 3753 2919; x_wconf 86' lang='lat' dir='ltr'><strong>fecit.</strong></span> 
     </span>
    </p>
   </div>
   <div class='ocr_carea' id='block_1_89' title="bbox 2264 2949 3753 3027">
    <p class='ocr_par' dir='ltr' id='par_1_89' title="bbox 2264 2949 3753 3027">
     <span class='ocr_line' id='line_1_89' title="bbox 2264 2949 3753 3027; baseline 0.007 -25"><span class='ocrx_word' id='word_1_633' title='bbox 2264 2949 2420 3004; x_wconf 74' lang='lat' dir='ltr'><strong>Vens.</strong></span> <span class='ocrx_word' id='word_1_634' title='bbox 2449 2949 2537 3003; x_wconf 78' lang='grc'><strong>55.</strong></span> <span class='ocrx_word' id='word_1_635' title='bbox 2561 2981 2634 2989; x_wconf 95' lang='grc'><strong>-</strong></span> <span class='ocrx_word' id='word_1_636' title='bbox 2657 2951 2842 3004; x_wconf 86' lang='lat' dir='ltr'><strong>Nemo.</strong></span> <span class='ocrx_word' id='word_1_637' title='bbox 2868 2951 3045 3023; x_wconf 76' lang='grc' dir='ltr'><strong>(Βεο.)</strong></span> <span class='ocrx_word' id='word_1_638' title='bbox 3073 2953 3171 3019; x_wconf 89' lang='lat' dir='ltr'><strong>Qui</strong></span> <span class='ocrx_word' id='word_1_639' title='bbox 3201 2955 3254 3008; x_wconf 94' lang='lat' dir='ltr'><strong>in</strong></span> <span class='ocrx_word' id='word_1_640' title='bbox 3286 2956 3451 3026; x_wconf 85' lang='lat' dir='ltr'><strong>ﬁgura</strong></span> <span class='ocrx_word' id='word_1_641' title='bbox 3481 2957 3683 3027; x_wconf 76' lang='lat' dir='ltr'><strong>regina:</strong></span> <span class='ocrx_word' id='word_1_642' title='bbox 3708 2967 3753 3012; x_wconf 75' lang='lat' dir='ltr'><strong>et</strong></span> 
     </span>
    </p>
   </div>
   <div class='ocr_carea' id='block_1_90' title="bbox 2187 3040 3754 3119">
    <p class='ocr_par' dir='ltr' id='par_1_90' title="bbox 2187 3040 3754 3119">
     <span class='ocr_line' id='line_1_90' title="bbox 2187 3040 3754 3119; baseline 0.004 -24"><span class='ocrx_word' id='word_1_643' title='bbox 2187 3040 2542 3095; x_wconf 83' lang='lat' dir='ltr'><strong>Ninivitarum</strong></span> <span class='ocrx_word' id='word_1_644' title='bbox 2559 3042 2855 3097; x_wconf 77' lang='lat' dir='ltr'><strong>Ecclesium</strong></span> <span class='ocrx_word' id='word_1_645' title='bbox 2873 3045 3108 3113; x_wconf 71' lang='lat' dir='ltr'><strong>pt&#39;aztulit</strong></span> <span class='ocrx_word' id='word_1_646' title='bbox 3126 3045 3436 3117; x_wconf 77' lang='lat' dir='ltr'><strong>Synagogae,</strong></span> <span class='ocrx_word' id='word_1_647' title='bbox 3452 3055 3558 3101; x_wconf 90' lang='lat' dir='ltr'><strong>etc.</strong></span> <span class='ocrx_word' id='word_1_648' title='bbox 3573 3087 3590 3114; x_wconf 94' lang='lat'><strong>,</strong></span> <span class='ocrx_word' id='word_1_649' title='bbox 3607 3064 3754 3119; x_wconf 64' lang='lat' dir='ltr'><strong>usque</strong></span> 
     </span>
    </p>
   </div>
   <div class='ocr_carea' id='block_1_91' title="bbox 2189 3130 3706 3205">
    <p class='ocr_par' dir='ltr' id='par_1_91' title="bbox 2189 3130 3706 3205">
     <span class='ocr_line' id='line_1_91' title="bbox 2189 3130 3706 3205; baseline 0.005 -22"><span class='ocrx_word' id='word_1_650' title='bbox 2189 3130 2257 3184; x_wconf 83' lang='lat' dir='ltr'><strong>ad</strong></span> <span class='ocrx_word' id='word_1_651' title='bbox 2287 3139 2530 3201; x_wconf 88' lang='lat' dir='ltr'><strong>apertam</strong></span> <span class='ocrx_word' id='word_1_652' title='bbox 2561 3131 2694 3186; x_wconf 92' lang='lat' dir='ltr'><strong>lucis</strong></span> <span class='ocrx_word' id='word_1_653' title='bbox 2717 3132 2938 3202; x_wconf 89' lang='lat' dir='ltr'><strong>jauuam</strong></span> <span class='ocrx_word' id='word_1_654' title='bbox 2970 3135 3157 3188; x_wconf 90' lang='lat' dir='ltr'><strong>nolunt</strong></span> <span class='ocrx_word' id='word_1_655' title='bbox 3182 3135 3388 3205; x_wconf 87' lang='lat' dir='ltr'><strong>ingredi</strong></span> <span class='ocrx_word' id='word_1_656' title='bbox 3417 3137 3706 3192; x_wconf 89' lang='lat' dir='ltr'><strong>credendo.</strong></span> 
     </span>
    </p>
   </div>
   <div class='ocr_carea' id='block_1_92' title="bbox 2259 3220 3752 3292">
    <p class='ocr_par' dir='ltr' id='par_1_92' title="bbox 2259 3220 3752 3292">
     <span class='ocr_line' id='line_1_92' title="bbox 2259 3220 3752 3292; baseline 0.005 -18"><span class='ocrx_word' id='word_1_657' title='bbox 2259 3220 2420 3275; x_wconf 70' lang='lat' dir='ltr'><strong>Vens.</strong></span> <span class='ocrx_word' id='word_1_658' title='bbox 2452 3222 2540 3276; x_wconf 83' lang='grc'><strong>55.</strong></span> <span class='ocrx_word' id='word_1_659' title='bbox 2563 3253 2636 3262; x_wconf 92' lang='grc'><strong>-</strong></span> <span class='ocrx_word' id='word_1_660' title='bbox 2664 3221 2793 3276; x_wconf 86' lang='lat' dir='ltr'><strong>Vide</strong></span> <span class='ocrx_word' id='word_1_661' title='bbox 2819 3239 2938 3292; x_wconf 86' lang='lat' dir='ltr'><strong>ergo</strong></span> <span class='ocrx_word' id='word_1_662' title='bbox 2964 3239 3026 3276; x_wconf 90' lang='lat' dir='ltr'><strong>ne</strong></span> <span class='ocrx_word' id='word_1_663' title='bbox 3045 3264 3059 3288; x_wconf 94' lang='lat'><strong>,</strong></span> <span class='ocrx_word' id='word_1_664' title='bbox 3081 3232 3186 3278; x_wconf 90' lang='lat' dir='ltr'><strong>etc.</strong></span> <span class='ocrx_word' id='word_1_665' title='bbox 3215 3223 3342 3279; x_wconf 87' lang='lat' dir='ltr'><strong>Post</strong></span> <span class='ocrx_word' id='word_1_666' title='bbox 3368 3225 3752 3281; x_wconf 86' lang='lat' dir='ltr'><strong>institutionem</strong></span> 
     </span>
    </p>
   </div>
   <div class='ocr_carea' id='block_1_93' title="bbox 2187 3310 3752 3384">
    <p class='ocr_par' dir='ltr' id='par_1_93' title="bbox 2187 3310 3752 3384">
     <span class='ocr_line' id='line_1_93' title="bbox 2187 3310 3752 3384; baseline 0.005 -18"><span class='ocrx_word' id='word_1_667' title='bbox 2187 3319 2350 3366; x_wconf 66' lang='lat' dir='ltr'><strong>recta:</strong></span> <span class='ocrx_word' id='word_1_668' title='bbox 2387 3310 2509 3367; x_wconf 91' lang='lat' dir='ltr'><strong>ﬁdei</strong></span> <span class='ocrx_word' id='word_1_669' title='bbox 2545 3313 2706 3367; x_wconf 90' lang='lat' dir='ltr'><strong>etiam</strong></span> <span class='ocrx_word' id='word_1_670' title='bbox 2743 3314 2807 3368; x_wconf 90' lang='lat' dir='ltr'><strong>de</strong></span> <span class='ocrx_word' id='word_1_671' title='bbox 2843 3313 2999 3369; x_wconf 90' lang='lat' dir='ltr'><strong>bonis</strong></span> <span class='ocrx_word' id='word_1_672' title='bbox 3035 3316 3289 3384; x_wconf 90' lang='lat' dir='ltr'><strong>operibus</strong></span> <span class='ocrx_word' id='word_1_673' title='bbox 3317 3328 3372 3372; x_wconf 90' lang='lat' dir='ltr'><strong>et</strong></span> <span class='ocrx_word' id='word_1_674' title='bbox 3404 3316 3544 3372; x_wconf 90' lang='lat' dir='ltr'><strong>bona</strong></span> <span class='ocrx_word' id='word_1_675' title='bbox 3587 3319 3752 3374; x_wconf 85' lang='lat' dir='ltr'><strong>inten-</strong></span> 
     </span>
    </p>
   </div>
   <div class='ocr_carea' id='block_1_94' title="bbox 2188 3401 3754 3476">
    <p class='ocr_par' dir='ltr' id='par_1_94' title="bbox 2188 3401 3754 3476">
     <span class='ocr_line' id='line_1_94' title="bbox 2188 3401 3754 3476; baseline 0.006 -22"><span class='ocrx_word' id='word_1_676' title='bbox 2188 3401 2336 3456; x_wconf 90' lang='lat' dir='ltr'><strong>tione</strong></span> <span class='ocrx_word' id='word_1_677' title='bbox 2363 3402 2612 3467; x_wconf 88' lang='lat' dir='ltr'><strong>instruit,</strong></span> <span class='ocrx_word' id='word_1_678' title='bbox 2646 3411 2838 3459; x_wconf 89' lang='lat' dir='ltr'><strong>utnon</strong></span> <span class='ocrx_word' id='word_1_679' title='bbox 2871 3413 3078 3458; x_wconf 89' lang='lat' dir='ltr'><strong>tantum</strong></span> <span class='ocrx_word' id='word_1_680' title='bbox 3107 3421 3270 3476; x_wconf 92' lang='lat' dir='ltr'><strong>opera</strong></span> <span class='ocrx_word' id='word_1_681' title='bbox 3292 3448 3307 3472; x_wconf 94' lang='lat'><strong>,</strong></span> <span class='ocrx_word' id='word_1_682' title='bbox 3337 3409 3430 3462; x_wconf 89' lang='lat' dir='ltr'><strong>sed</strong></span> <span class='ocrx_word' id='word_1_683' title='bbox 3466 3409 3638 3464; x_wconf 88' lang='lat' dir='ltr'><strong>etiam</strong></span> <span class='ocrx_word' id='word_1_684' title='bbox 3673 3424 3754 3465; x_wconf 78' lang='lat' dir='ltr'><strong>co-</strong></span> 
     </span>
    </p>
   </div>
   <div class='ocr_carea' id='block_1_95' title="bbox 2187 3489 3753 3566">
    <p class='ocr_par' dir='ltr' id='par_1_95' title="bbox 2187 3489 3753 3566">
     <span class='ocr_line' id='line_1_95' title="bbox 2187 3489 3753 3566; baseline 0.004 -23"><span class='ocrx_word' id='word_1_685' title='bbox 2187 3489 2473 3558; x_wconf 87' lang='lat' dir='ltr'><strong>gitationes</strong></span> <span class='ocrx_word' id='word_1_686' title='bbox 2507 3497 2563 3544; x_wconf 93' lang='lat' dir='ltr'><strong>et</strong></span> <span class='ocrx_word' id='word_1_687' title='bbox 2607 3491 2786 3545; x_wconf 91' lang='lat' dir='ltr'><strong>cordis</strong></span> <span class='ocrx_word' id='word_1_688' title='bbox 2832 3491 3153 3546; x_wconf 90' lang='lat' dir='ltr'><strong>intentiones</strong></span> <span class='ocrx_word' id='word_1_689' title='bbox 3203 3495 3551 3560; x_wconf 82' lang='lat' dir='ltr'><strong>mandentur,</strong></span> <span class='ocrx_word' id='word_1_690' title='bbox 3613 3496 3753 3566; x_wconf 90' lang='lat' dir='ltr'><strong>quasi</strong></span> 
     </span>
    </p>
   </div>
   <div class='ocr_carea' id='block_1_96' title="bbox 2189 3579 3753 3653">
    <p class='ocr_par' dir='ltr' id='par_1_96' title="bbox 2189 3579 3753 3653">
     <span class='ocr_line' id='line_1_96' title="bbox 2189 3579 3753 3653; baseline 0.005 -19"><span class='ocrx_word' id='word_1_691' title='bbox 2189 3579 2332 3635; x_wconf 90' lang='lat' dir='ltr'><strong>dicat</strong></span> <span class='ocrx_word' id='word_1_692' title='bbox 2351 3598 2364 3635; x_wconf 90' lang='lat'><strong>:</strong></span> <span class='ocrx_word' id='word_1_693' title='bbox 2383 3581 2493 3653; x_wconf 88' lang='lat' dir='ltr'><strong>Ego</strong></span> <span class='ocrx_word' id='word_1_694' title='bbox 2514 3581 2786 3637; x_wconf 90' lang='lat' dir='ltr'><strong>lucernam</strong></span> <span class='ocrx_word' id='word_1_695' title='bbox 2810 3582 2930 3636; x_wconf 89' lang='lat' dir='ltr'><strong>ﬁdei</strong></span> <span class='ocrx_word' id='word_1_696' title='bbox 2957 3583 3009 3636; x_wconf 92' lang='lat' dir='ltr'><strong>in</strong></span> <span class='ocrx_word' id='word_1_697' title='bbox 3031 3584 3226 3639; x_wconf 86' lang='lat' dir='ltr'><strong>vestris</strong></span> <span class='ocrx_word' id='word_1_698' title='bbox 3243 3586 3489 3640; x_wconf 86' lang='lat' dir='ltr'><strong>sensibus</strong></span> <span class='ocrx_word' id='word_1_699' title='bbox 3503 3587 3753 3651; x_wconf 89' lang='lat' dir='ltr'><strong>accendo,</strong></span> 
     </span>
    </p>
   </div>
   <div class='ocr_carea' id='block_1_97' title="bbox 2187 3670 3774 3746">
    <p class='ocr_par' dir='ltr' id='par_1_97' title="bbox 2187 3670 3774 3746">
     <span class='ocr_line' id='line_1_97' title="bbox 2187 3670 3774 3746; baseline 0.007 -22"><span class='ocrx_word' id='word_1_700' title='bbox 2187 3677 2241 3725; x_wconf 88' lang='lat' dir='ltr'><strong>et</strong></span> <span class='ocrx_word' id='word_1_701' title='bbox 2269 3670 2323 3725; x_wconf 92' lang='lat' dir='ltr'><strong>in</strong></span> <span class='ocrx_word' id='word_1_702' title='bbox 2353 3671 2644 3726; x_wconf 86' lang='lat' dir='ltr'><strong>Ecclesiam</strong></span> <span class='ocrx_word' id='word_1_703' title='bbox 2672 3687 2829 3742; x_wconf 87' lang='lat' dir='ltr'><strong>pono.</strong></span> <span class='ocrx_word' id='word_1_704' title='bbox 2862 3672 2968 3727; x_wconf 86' lang='lat' dir='ltr'><strong>Vos</strong></span> <span class='ocrx_word' id='word_1_705' title='bbox 2997 3683 3199 3741; x_wconf 89' lang='lat' dir='ltr'><strong>autem,</strong></span> <span class='ocrx_word' id='word_1_706' title='bbox 3230 3688 3489 3746; x_wconf 88' lang='lat' dir='ltr'><strong>quantum</strong></span> <span class='ocrx_word' id='word_1_707' title='bbox 3513 3694 3584 3733; x_wconf 84' lang='lat' dir='ltr'><strong>ex</strong></span> <span class='ocrx_word' id='word_1_708' title='bbox 3618 3678 3774 3734; x_wconf 86' lang='lat' dir='ltr'><strong>vobis.</strong></span> 
     </span>
    </p>
   </div>
   <div class='ocr_carea' id='block_1_98' title="bbox 2188 3760 3755 3830">
    <p class='ocr_par' dir='ltr' id='par_1_98' title="bbox 2188 3760 3755 3830">
     <span class='ocr_line' id='line_1_98' title="bbox 2188 3760 3755 3830; baseline 0.006 -15"><span class='ocrx_word' id='word_1_709' title='bbox 2188 3768 2302 3826; x_wconf 89' lang='lat' dir='ltr'><strong>est,</strong></span> <span class='ocrx_word' id='word_1_710' title='bbox 2332 3760 2578 3816; x_wconf 86' lang='lat' dir='ltr'><strong>lucernas</strong></span> <span class='ocrx_word' id='word_1_711' title='bbox 2623 3772 2835 3818; x_wconf 90' lang='lat' dir='ltr'><strong>vestras</strong></span> <span class='ocrx_word' id='word_1_712' title='bbox 2887 3765 3194 3830; x_wconf 86' lang='lat' dir='ltr'><strong>accendite,</strong></span> <span class='ocrx_word' id='word_1_713' title='bbox 3232 3767 3286 3822; x_wconf 90' lang='lat' dir='ltr'><strong>id</strong></span> <span class='ocrx_word' id='word_1_714' title='bbox 3319 3776 3402 3821; x_wconf 90' lang='lat' dir='ltr'><strong>est</strong></span> <span class='ocrx_word' id='word_1_715' title='bbox 3439 3769 3755 3826; x_wconf 87' lang='lat' dir='ltr'><strong>intentiones</strong></span> 
     </span>
    </p>
   </div>
   <div class='ocr_carea' id='block_1_99' title="bbox 2189 3853 3757 3935">
    <p class='ocr_par' dir='ltr' id='par_1_99' title="bbox 2189 3853 3757 3935">
     <span class='ocr_line' id='line_1_99' title="bbox 2189 3853 3757 3935; baseline 0.007 -29"><span class='ocrx_word' id='word_1_716' title='bbox 2189 3853 2366 3908; x_wconf 88' lang='lat' dir='ltr'><strong>cordis</strong></span> <span class='ocrx_word' id='word_1_717' title='bbox 2396 3855 2560 3909; x_wconf 90' lang='lat' dir='ltr'><strong>vestri</strong></span> <span class='ocrx_word' id='word_1_718' title='bbox 2594 3857 2874 3922; x_wconf 82' lang='lat' dir='ltr'><strong>mandate,</strong></span> <span class='ocrx_word' id='word_1_719' title='bbox 2908 3867 2965 3911; x_wconf 92' lang='lat' dir='ltr'><strong>ut</strong></span> <span class='ocrx_word' id='word_1_720' title='bbox 3001 3875 3065 3913; x_wconf 84' lang='lat' dir='ltr'><strong>ex</strong></span> <span class='ocrx_word' id='word_1_721' title='bbox 3097 3860 3393 3916; x_wconf 88' lang='lat' dir='ltr'><strong>intentione</strong></span> <span class='ocrx_word' id='word_1_722' title='bbox 3424 3865 3626 3919; x_wconf 89' lang='lat' dir='ltr'><strong>munda</strong></span> <span class='ocrx_word' id='word_1_723' title='bbox 3658 3864 3757 3935; x_wconf 87' lang='lat' dir='ltr'><strong>pla-</strong></span> 
     </span>
    </p>
   </div>
   <div class='ocr_carea' id='block_1_100' title="bbox 2189 3947 3756 4025">
    <p class='ocr_par' dir='ltr' id='par_1_100' title="bbox 2189 3947 3756 4025">
     <span class='ocr_line' id='line_1_100' title="bbox 2189 3947 3756 4025; baseline 0.005 -21"><span class='ocrx_word' id='word_1_724' title='bbox 2189 3955 2348 4004; x_wconf 82' lang='lat' dir='ltr'><strong>ceant</strong></span> <span class='ocrx_word' id='word_1_725' title='bbox 2385 3947 2545 4005; x_wconf 89' lang='lat' dir='ltr'><strong>etiam</strong></span> <span class='ocrx_word' id='word_1_726' title='bbox 2572 3963 2754 4022; x_wconf 85' lang='lat' dir='ltr'><strong>opera.</strong></span> <span class='ocrx_word' id='word_1_727' title='bbox 2801 3949 2924 4008; x_wconf 68' lang='lat' dir='ltr'><strong>llaec</strong></span> <span class='ocrx_word' id='word_1_728' title='bbox 2971 3963 3157 4008; x_wconf 88' lang='lat' dir='ltr'><strong>contra</strong></span> <span class='ocrx_word' id='word_1_729' title='bbox 3204 3955 3531 4025; x_wconf 85' lang='lat' dir='ltr'><strong>hypocrisim</strong></span> <span class='ocrx_word' id='word_1_730' title='bbox 3579 3958 3756 4014; x_wconf 87' lang='lat' dir='ltr'><strong>Phari-</strong></span> 
     </span>
    </p>
   </div>
   <div class='ocr_carea' id='block_1_101' title="bbox 2191 4041 3752 4117">
    <p class='ocr_par' dir='ltr' id='par_1_101' title="bbox 2191 4041 3752 4117">
     <span class='ocr_line' id='line_1_101' title="bbox 2191 4041 3752 4117; baseline 0.008 -25"><span class='ocrx_word' id='word_1_731' title='bbox 2191 4053 2414 4093; x_wconf 81' lang='lat' dir='ltr'><strong>saeorum</strong></span> <span class='ocrx_word' id='word_1_732' title='bbox 2443 4041 2661 4095; x_wconf 90' lang='lat' dir='ltr'><strong>subdole</strong></span> <span class='ocrx_word' id='word_1_733' title='bbox 2689 4042 2839 4113; x_wconf 85' lang='lat' dir='ltr'><strong>signa</strong></span> <span class='ocrx_word' id='word_1_734' title='bbox 2869 4043 3222 4112; x_wconf 67' lang='lat' dir='ltr'><strong>quaerentium</strong></span> <span class='ocrx_word' id='word_1_735' title='bbox 3249 4047 3556 4117; x_wconf 86' lang='lat' dir='ltr'><strong>specialiter</strong></span> <span class='ocrx_word' id='word_1_736' title='bbox 3587 4049 3752 4112; x_wconf 88' lang='lat' dir='ltr'><strong>dicta,</strong></span> 
     </span>
    </p>
   </div>
   <div class='ocr_carea' id='block_1_102' title="bbox 2173 4131 3679 4207">
    <p class='ocr_par' dir='ltr' id='par_1_102' title="bbox 2173 4131 3679 4207">
     <span class='ocr_line' id='line_1_102' title="bbox 2173 4131 3679 4207; baseline 0.007 -22"><span class='ocrx_word' id='word_1_737' title='bbox 2173 4147 2287 4186; x_wconf 77' lang='lat' dir='ltr'><strong>.nos</strong></span> <span class='ocrx_word' id='word_1_738' title='bbox 2313 4131 2466 4199; x_wconf 83' lang='lat' dir='ltr'><strong>juxta</strong></span> <span class='ocrx_word' id='word_1_739' title='bbox 2502 4134 2760 4188; x_wconf 88' lang='lat' dir='ltr'><strong>moralem</strong></span> <span class='ocrx_word' id='word_1_740' title='bbox 2788 4151 3000 4191; x_wconf 90' lang='lat' dir='ltr'><strong>sensum</strong></span> <span class='ocrx_word' id='word_1_741' title='bbox 3034 4140 3354 4207; x_wconf 85' lang='lat' dir='ltr'><strong>generaliter</strong></span> <span class='ocrx_word' id='word_1_742' title='bbox 3382 4141 3679 4196; x_wconf 90' lang='lat' dir='ltr'><strong>instruunt.</strong></span> 
     </span>
    </p>
   </div>
   <div class='ocr_carea' id='block_1_103' title="bbox 2262 4220 3757 4302">
    <p class='ocr_par' dir='ltr' id='par_1_103' title="bbox 2262 4220 3757 4302">
     <span class='ocr_line' id='line_1_103' title="bbox 2262 4220 3757 4302; baseline 0.009 -28"><span class='ocrx_word' id='word_1_743' title='bbox 2262 4220 2424 4276; x_wconf 69' lang='lat' dir='ltr'><strong>Vens.</strong></span> <span class='ocrx_word' id='word_1_744' title='bbox 2465 4222 2744 4277; x_wconf 76' lang='lat' dir='ltr'><strong>57.—Et</strong></span> <span class='ocrx_word' id='word_1_745' title='bbox 2795 4242 2912 4279; x_wconf 85' lang='lat' dir='ltr'><strong>cum</strong></span> <span class='ocrx_word' id='word_1_746' title='bbox 2961 4227 3274 4302; x_wconf 81' lang='lat' dir='ltr'><strong>loqueretur.</strong></span> <span class='ocrx_word' id='word_1_747' title='bbox 3325 4229 3439 4285; x_wconf 79' lang='lat' dir='ltr'><strong>Non</strong></span> <span class='ocrx_word' id='word_1_748' title='bbox 3487 4233 3593 4295; x_wconf 90' lang='lat' dir='ltr'><strong>ait,</strong></span> <span class='ocrx_word' id='word_1_749' title='bbox 3649 4246 3757 4286; x_wconf 79' lang='lat' dir='ltr'><strong>cum</strong></span> 
     </span>
    </p>
   </div>
   <div class='ocr_carea' id='block_1_104' title="bbox 2191 4308 3756 4390">
    <p class='ocr_par' dir='ltr' id='par_1_104' title="bbox 2191 4308 3756 4390">
     <span class='ocr_line' id='line_1_104' title="bbox 2191 4308 3756 4390; baseline 0.009 -28"><span class='ocrx_word' id='word_1_750' title='bbox 2191 4308 2500 4378; x_wconf 88' lang='lat' dir='ltr'><strong>loqueretur</strong></span> <span class='ocrx_word' id='word_1_751' title='bbox 2526 4312 2674 4377; x_wconf 69' lang='lat' dir='ltr'><strong>haec,</strong></span> <span class='ocrx_word' id='word_1_752' title='bbox 2721 4315 2814 4369; x_wconf 90' lang='lat' dir='ltr'><strong>sed</strong></span> <span class='ocrx_word' id='word_1_753' title='bbox 2862 4319 2980 4368; x_wconf 81' lang='lat' dir='ltr'><strong>cuin</strong></span> <span class='ocrx_word' id='word_1_754' title='bbox 3013 4316 3324 4388; x_wconf 83' lang='lat' dir='ltr'><strong>loqueretur.</strong></span> <span class='ocrx_word' id='word_1_755' title='bbox 3358 4319 3414 4372; x_wconf 84' lang='lat' dir='ltr'><strong>In</strong></span> <span class='ocrx_word' id='word_1_756' title='bbox 3445 4337 3551 4390; x_wconf 91' lang='lat' dir='ltr'><strong>quo</strong></span> <span class='ocrx_word' id='word_1_757' title='bbox 3587 4322 3756 4376; x_wconf 83' lang='lat' dir='ltr'><strong>innui-</strong></span> 
     </span>
    </p>
   </div>
   <div class='ocr_carea' id='block_1_105' title="bbox 2195 4403 3760 4474">
    <p class='ocr_par' dir='ltr' id='par_1_105' title="bbox 2195 4403 3760 4474">
     <span class='ocr_line' id='line_1_105' title="bbox 2195 4403 3760 4474; baseline 0.009 -21"><span class='ocrx_word' id='word_1_758' title='bbox 2195 4408 2300 4466; x_wconf 91' lang='lat' dir='ltr'><strong>tur,</strong></span> <span class='ocrx_word' id='word_1_759' title='bbox 2341 4415 2448 4455; x_wconf 92' lang='lat' dir='ltr'><strong>non</strong></span> <span class='ocrx_word' id='word_1_760' title='bbox 2486 4403 2669 4456; x_wconf 89' lang='lat' dir='ltr'><strong>statim</strong></span> <span class='ocrx_word' id='word_1_761' title='bbox 2724 4405 2890 4460; x_wconf 90' lang='lat' dir='ltr'><strong>ﬁnitis</strong></span> <span class='ocrx_word' id='word_1_762' title='bbox 2933 4407 3018 4461; x_wconf 91' lang='lat' dir='ltr'><strong>his</strong></span> <span class='ocrx_word' id='word_1_763' title='bbox 3061 4409 3275 4474; x_wconf 77' lang='lat' dir='ltr'><strong>verbis,</strong></span> <span class='ocrx_word' id='word_1_764' title='bbox 3312 4411 3406 4464; x_wconf 89' lang='lat' dir='ltr'><strong>sed</strong></span> <span class='ocrx_word' id='word_1_765' title='bbox 3444 4411 3563 4467; x_wconf 90' lang='lat' dir='ltr'><strong>aliis</strong></span> <span class='ocrx_word' id='word_1_766' title='bbox 3606 4414 3760 4470; x_wconf 80' lang='lat' dir='ltr'><strong>inter-</strong></span> 
     </span>
    </p>
   </div>
   <div class='ocr_carea' id='block_1_106' title="bbox 2199 4491 3759 4572">
    <p class='ocr_par' dir='ltr' id='par_1_106' title="bbox 2199 4491 3759 4572">
     <span class='ocr_line' id='line_1_106' title="bbox 2199 4491 3759 4572; baseline 0.01 -27"><span class='ocrx_word' id='word_1_767' title='bbox 2199 4491 2386 4562; x_wconf 90' lang='lat' dir='ltr'><strong>positis</strong></span> <span class='ocrx_word' id='word_1_768' title='bbox 2433 4493 2499 4547; x_wconf 89' lang='lat' dir='ltr'><strong>ad</strong></span> <span class='ocrx_word' id='word_1_769' title='bbox 2539 4493 2872 4551; x_wconf 74' lang='lat' dir='ltr'><strong>Phariszeum</strong></span> <span class='ocrx_word' id='word_1_770' title='bbox 2929 4499 3240 4566; x_wconf 83' lang='lat' dir='ltr'><strong>divertisse,</strong></span> <span class='ocrx_word' id='word_1_771' title='bbox 3291 4504 3415 4572; x_wconf 89' lang='lat' dir='ltr'><strong>quia</strong></span> <span class='ocrx_word' id='word_1_772' title='bbox 3471 4505 3626 4560; x_wconf 88' lang='lat' dir='ltr'><strong>ﬁnito</strong></span> <span class='ocrx_word' id='word_1_773' title='bbox 3672 4509 3759 4561; x_wconf 88' lang='lat' dir='ltr'><strong>hoc</strong></span> 
     </span>
    </p>
   </div>
   <div class='ocr_carea' id='block_1_107' title="bbox 2206 4588 3761 4660">
    <p class='ocr_par' dir='ltr' id='par_1_107' title="bbox 2206 4588 3761 4660">
     <span class='ocr_line' id='line_1_107' title="bbox 2206 4588 3761 4660; baseline 0.008 -19"><span class='ocrx_word' id='word_1_774' title='bbox 2206 4601 2453 4642; x_wconf 87' lang='lat' dir='ltr'><strong>sermone</strong></span> <span class='ocrx_word' id='word_1_775' title='bbox 2488 4588 2664 4642; x_wconf 91' lang='lat' dir='ltr'><strong>adlmc</strong></span> <span class='ocrx_word' id='word_1_776' title='bbox 2693 4604 2757 4644; x_wconf 90' lang='lat' dir='ltr'><strong>eo</strong></span> <span class='ocrx_word' id='word_1_777' title='bbox 2796 4589 3080 4660; x_wconf 87' lang='lat' dir='ltr'><strong>loquente,</strong></span> <span class='ocrx_word' id='word_1_778' title='bbox 3116 4609 3242 4649; x_wconf 88' lang='lat' dir='ltr'><strong>ecce</strong></span> <span class='ocrx_word' id='word_1_779' title='bbox 3281 4605 3453 4650; x_wconf 88' lang='lat' dir='ltr'><strong>mater</strong></span> <span class='ocrx_word' id='word_1_780' title='bbox 3489 4609 3543 4651; x_wconf 84' lang='lat' dir='ltr'><strong>et</strong></span> <span class='ocrx_word' id='word_1_781' title='bbox 3580 4598 3761 4653; x_wconf 81' lang='lat' dir='ltr'><strong>fratres</strong></span> 
     </span>
    </p>
   </div>
   <div class='ocr_carea' id='block_1_108' title="bbox 2202 4679 3759 4758">
    <p class='ocr_par' dir='ltr' id='par_1_108' title="bbox 2202 4679 3759 4758">
     <span class='ocr_line' id='line_1_108' title="bbox 2202 4679 3759 4758; baseline 0.008 -29"><span class='ocrx_word' id='word_1_782' title='bbox 2202 4679 2516 4747; x_wconf 73' lang='lat' dir='ltr'><strong>qmerebant</strong></span> <span class='ocrx_word' id='word_1_783' title='bbox 2543 4679 2687 4749; x_wconf 85' lang='lat' dir='ltr'><strong>loqui</strong></span> <span class='ocrx_word' id='word_1_784' title='bbox 2717 4682 2787 4735; x_wconf 91' lang='lat' dir='ltr'><strong>ei.</strong></span> <span class='ocrx_word' id='word_1_785' title='bbox 2832 4683 2906 4737; x_wconf 93' lang='lat' dir='ltr'><strong>De</strong></span> <span class='ocrx_word' id='word_1_786' title='bbox 2943 4685 3139 4752; x_wconf 89' lang='lat' dir='ltr'><strong>quibus</strong></span> <span class='ocrx_word' id='word_1_787' title='bbox 3179 4695 3458 4758; x_wconf 89' lang='lat' dir='ltr'><strong>postquam</strong></span> <span class='ocrx_word' id='word_1_788' title='bbox 3505 4691 3759 4744; x_wconf 83' lang='lat' dir='ltr'><strong>Imntianti</strong></span> 
     </span>
    </p>
   </div>
   <div class='ocr_carea' id='block_1_109' title="bbox 2199 4765 3760 4843">
    <p class='ocr_par' dir='ltr' id='par_1_109' title="bbox 2199 4765 3760 4843">
     <span class='ocr_line' id='line_1_109' title="bbox 2199 4765 3760 4843; baseline 0.008 -25"><span class='ocrx_word' id='word_1_789' title='bbox 2199 4765 2302 4819; x_wconf 87' lang='lat' dir='ltr'><strong>sibi</strong></span> <span class='ocrx_word' id='word_1_790' title='bbox 2334 4767 2612 4834; x_wconf 85' lang='lat' dir='ltr'><strong>respondit</strong></span> <span class='ocrx_word' id='word_1_791' title='bbox 2639 4786 2652 4822; x_wconf 88' lang='lat'><strong>:</strong></span> <span class='ocrx_word' id='word_1_792' title='bbox 2687 4767 2790 4834; x_wconf 83' lang='lat' dir='ltr'><strong>Qui</strong></span> <span class='ocrx_word' id='word_1_793' title='bbox 2823 4771 2947 4839; x_wconf 76' lang='lat' dir='ltr'><strong>facit</strong></span> <span class='ocrx_word' id='word_1_794' title='bbox 2985 4773 3297 4828; x_wconf 72' lang='lat' dir='ltr'><strong>voluntatem</strong></span> <span class='ocrx_word' id='word_1_795' title='bbox 3327 4775 3505 4830; x_wconf 84' lang='lat' dir='ltr'><strong>Patris</strong></span> <span class='ocrx_word' id='word_1_796' title='bbox 3532 4781 3654 4843; x_wconf 87' lang='lat' dir='ltr'><strong>mei,</strong></span> <span class='ocrx_word' id='word_1_797' title='bbox 3688 4780 3760 4831; x_wconf 84' lang='lat' dir='ltr'><strong>hic</strong></span> 
     </span>
    </p>
   </div>
   <div class='ocr_carea' id='block_1_110' title="bbox 2197 4855 3760 4933">
    <p class='ocr_par' dir='ltr' id='par_1_110' title="bbox 2197 4855 3760 4933">
     <span class='ocr_line' id='line_1_110' title="bbox 2197 4855 3760 4933; baseline 0.008 -24"><span class='ocrx_word' id='word_1_798' title='bbox 2197 4855 2364 4922; x_wconf 80' lang='lat' dir='ltr'><strong>frater</strong></span> <span class='ocrx_word' id='word_1_799' title='bbox 2387 4873 2530 4911; x_wconf 86' lang='lat' dir='ltr'><strong>meus</strong></span> <span class='ocrx_word' id='word_1_800' title='bbox 2557 4867 2604 4912; x_wconf 88' lang='lat' dir='ltr'><strong>et</strong></span> <span class='ocrx_word' id='word_1_801' title='bbox 2629 4875 2780 4912; x_wconf 86' lang='lat' dir='ltr'><strong>soror</strong></span> <span class='ocrx_word' id='word_1_802' title='bbox 2807 4871 2854 4913; x_wconf 84' lang='lat' dir='ltr'><strong>et</strong></span> <span class='ocrx_word' id='word_1_803' title='bbox 2887 4871 3058 4916; x_wconf 80' lang='lat' dir='ltr'><strong>mater</strong></span> <span class='ocrx_word' id='word_1_804' title='bbox 3092 4873 3185 4928; x_wconf 85' lang='lat' dir='ltr'><strong>est,</strong></span> <span class='ocrx_word' id='word_1_805' title='bbox 3224 4875 3408 4933; x_wconf 83' lang='lat' dir='ltr'><strong>postea</strong></span> <span class='ocrx_word' id='word_1_806' title='bbox 3448 4868 3672 4924; x_wconf 88' lang='lat' dir='ltr'><strong>intravit</strong></span> <span class='ocrx_word' id='word_1_807' title='bbox 3703 4868 3760 4923; x_wconf 88' lang='lat' dir='ltr'><strong>ad</strong></span> 
     </span>
    </p>
   </div>
   <div class='ocr_carea' id='block_1_111' title="bbox 2195 4947 2800 5002">
    <p class='ocr_par' dir='ltr' id='par_1_111' title="bbox 2195 4947 2800 5002">
     <span class='ocr_line' id='line_1_111' title="bbox 2195 4947 2800 5002; baseline 0.003 -2"><span class='ocrx_word' id='word_1_808' title='bbox 2195 4947 2497 5001; x_wconf 91' lang='lat' dir='ltr'><strong>convivium</strong></span> <span class='ocrx_word' id='word_1_809' title='bbox 2527 4948 2800 5002; x_wconf 73' lang='lat' dir='ltr'><strong>Phariszci.</strong></span> 
     </span>
    </p>
   </div>
   <div class='ocr_carea' id='block_1_112' title="bbox 2272 5035 3762 5116">
    <p class='ocr_par' dir='ltr' id='par_1_112' title="bbox 2272 5035 3762 5116">
     <span class='ocr_line' id='line_1_112' title="bbox 2272 5035 3762 5116; baseline 0.009 -27"><span class='ocrx_word' id='word_1_810' title='bbox 2272 5035 2448 5101; x_wconf 83' lang='lat' dir='ltr'><strong>Quare</strong></span> <span class='ocrx_word' id='word_1_811' title='bbox 2492 5055 2595 5091; x_wconf 87' lang='lat' dir='ltr'><strong>non</strong></span> <span class='ocrx_word' id='word_1_812' title='bbox 2643 5039 2954 5109; x_wconf 67' lang='lat' dir='ltr'><strong>baptizatus.</strong></span> <span class='ocrx_word' id='word_1_813' title='bbox 3003 5041 3172 5098; x_wconf 68' lang='lat' dir='ltr'><strong>Judaei</strong></span> <span class='ocrx_word' id='word_1_814' title='bbox 3227 5043 3537 5116; x_wconf 83' lang='lat' dir='ltr'><strong>frequenter</strong></span> <span class='ocrx_word' id='word_1_815' title='bbox 3593 5049 3762 5102; x_wconf 85' lang='lat' dir='ltr'><strong>lavant</strong></span> 
     </span>
    </p>
   </div>
   <div class='ocr_carea' id='block_1_113' title="bbox 2200 5131 3761 5196">
    <p class='ocr_par' dir='ltr' id='par_1_113' title="bbox 2200 5131 3761 5196">
     <span class='ocr_line' id='line_1_113' title="bbox 2200 5131 3761 5196; baseline 0.007 -18"><span class='ocrx_word' id='word_1_816' title='bbox 2200 5141 2391 5181; x_wconf 89' lang='lat' dir='ltr'><strong>manus</strong></span> <span class='ocrx_word' id='word_1_817' title='bbox 2419 5136 2707 5196; x_wconf 86' lang='lat' dir='ltr'><strong>antequam</strong></span> <span class='ocrx_word' id='word_1_818' title='bbox 2754 5131 3110 5196; x_wconf 81' lang='lat' dir='ltr'><strong>manducent,</strong></span> <span class='ocrx_word' id='word_1_819' title='bbox 3153 5144 3396 5191; x_wconf 90' lang='lat' dir='ltr'><strong>tenentes</strong></span> <span class='ocrx_word' id='word_1_820' title='bbox 3430 5137 3761 5192; x_wconf 87' lang='lat' dir='ltr'><strong>traditionem</strong></span> 
     </span>
    </p>
   </div>
   <div class='ocr_carea' id='block_1_114' title="bbox 2201 5219 3762 5302">
    <p class='ocr_par' dir='ltr' id='par_1_114' title="bbox 2201 5219 3762 5302">
     <span class='ocr_line' id='line_1_114' title="bbox 2201 5219 3762 5302; baseline 0.008 -31"><span class='ocrx_word' id='word_1_821' title='bbox 2201 5219 2505 5286; x_wconf 90' lang='lat' dir='ltr'><strong>seniorum,</strong></span> <span class='ocrx_word' id='word_1_822' title='bbox 2556 5230 2610 5275; x_wconf 88' lang='lat' dir='ltr'><strong>et</strong></span> <span class='ocrx_word' id='word_1_823' title='bbox 2656 5238 2686 5276; x_wconf 88' lang='lat' dir='ltr'><strong>a</strong></span> <span class='ocrx_word' id='word_1_824' title='bbox 2733 5222 2850 5279; x_wconf 82' lang='lat' dir='ltr'><strong>foro</strong></span> <span class='ocrx_word' id='word_1_825' title='bbox 2902 5236 3234 5283; x_wconf 86' lang='lat' dir='ltr'><strong>revertentes</strong></span> <span class='ocrx_word' id='word_1_826' title='bbox 3283 5229 3386 5284; x_wconf 91' lang='lat' dir='ltr'><strong>nisi</strong></span> <span class='ocrx_word' id='word_1_827' title='bbox 3435 5230 3762 5302; x_wconf 87' lang='lat' dir='ltr'><strong>baptizentur</strong></span> 
     </span>
    </p>
   </div>
   <div class='ocr_carea' id='block_1_115' title="bbox 2203 5314 2645 5368">
    <p class='ocr_par' dir='ltr' id='par_1_115' title="bbox 2203 5314 2645 5368">
     <span class='ocr_line' id='line_1_115' title="bbox 2203 5314 2645 5368; baseline 0.009 -4"><span class='ocrx_word' id='word_1_828' title='bbox 2203 5326 2308 5366; x_wconf 93' lang='lat' dir='ltr'><strong>non</strong></span> <span class='ocrx_word' id='word_1_829' title='bbox 2339 5314 2645 5368; x_wconf 88' lang='lat' dir='ltr'><strong>comedunt.</strong></span> 
     </span>
    </p>
   </div>
   <div class='ocr_carea' id='block_1_116' title="bbox 2275 5397 3764 5476">
    <p class='ocr_par' dir='ltr' id='par_1_116' title="bbox 2275 5397 3764 5476">
     <span class='ocr_line' id='line_1_116' title="bbox 2275 5397 3764 5476; baseline 0.007 -23"><span class='ocrx_word' id='word_1_830' title='bbox 2275 5397 2440 5456; x_wconf 76' lang='lat' dir='ltr'><strong>Vens.</strong></span> <span class='ocrx_word' id='word_1_831' title='bbox 2478 5403 2568 5459; x_wconf 87' lang='grc'><strong>59.</strong></span> <span class='ocrx_word' id='word_1_832' title='bbox 2596 5405 2893 5460; x_wconf 83' lang='lat' dir='ltr'><strong>—Calicis.</strong></span> <span class='ocrx_word' id='word_1_833' title='bbox 2931 5405 3141 5463; x_wconf 81' lang='lat' dir='ltr'><strong>Marcus</strong></span> <span class='ocrx_word' id='word_1_834' title='bbox 3191 5407 3388 5476; x_wconf 83' lang='lat' dir='ltr'><strong>refert,</strong></span> <span class='ocrx_word' id='word_1_835' title='bbox 3424 5409 3640 5467; x_wconf 75' lang='lat' dir='ltr'><strong>Judzeos</strong></span> <span class='ocrx_word' id='word_1_836' title='bbox 3683 5412 3764 5466; x_wconf 84' lang='lat' dir='ltr'><strong>ba-</strong></span> 
     </span>
    </p>
   </div>
   <div class='ocr_carea' id='block_1_117' title="bbox 2210 5490 3765 5569">
    <p class='ocr_par' dir='ltr' id='par_1_117' title="bbox 2210 5490 3765 5569">
     <span class='ocr_line' id='line_1_117' title="bbox 2210 5490 3765 5569; baseline 0.007 -26"><span class='ocrx_word' id='word_1_837' title='bbox 2210 5490 2466 5560; x_wconf 88' lang='lat' dir='ltr'><strong>ptismata</strong></span> <span class='ocrx_word' id='word_1_838' title='bbox 2498 5493 2681 5549; x_wconf 91' lang='lat' dir='ltr'><strong>calicis</strong></span> <span class='ocrx_word' id='word_1_839' title='bbox 2716 5505 2771 5550; x_wconf 91' lang='lat' dir='ltr'><strong>et</strong></span> <span class='ocrx_word' id='word_1_840' title='bbox 2808 5511 3092 5551; x_wconf 89' lang='lat' dir='ltr'><strong>urceorum</strong></span> <span class='ocrx_word' id='word_1_841' title='bbox 3131 5498 3501 5569; x_wconf 87' lang='lat' dir='ltr'><strong>lectorumque</strong></span> <span class='ocrx_word' id='word_1_842' title='bbox 3545 5510 3601 5556; x_wconf 89' lang='lat' dir='ltr'><strong>et</strong></span> <span class='ocrx_word' id='word_1_843' title='bbox 3643 5517 3765 5556; x_wconf 70' lang='lat' dir='ltr'><strong>tera-</strong></span> 
     </span>
    </p>
   </div>
   <div class='ocr_carea' id='block_1_118' title="bbox 2209 5583 3763 5654">
    <p class='ocr_par' dir='ltr' id='par_1_118' title="bbox 2209 5583 3763 5654">
     <span class='ocr_line' id='line_1_118' title="bbox 2209 5583 3763 5654; baseline 0.011 -22"><span class='ocrx_word' id='word_1_844' title='bbox 2209 5589 2512 5634; x_wconf 89' lang='lat' dir='ltr'><strong>mentornm</strong></span> <span class='ocrx_word' id='word_1_845' title='bbox 2560 5583 2748 5639; x_wconf 91' lang='lat' dir='ltr'><strong>solitos</strong></span> <span class='ocrx_word' id='word_1_846' title='bbox 2794 5585 3102 5641; x_wconf 89' lang='lat' dir='ltr'><strong>observare.</strong></span> <span class='ocrx_word' id='word_1_847' title='bbox 3135 5587 3309 5654; x_wconf 77' lang='lat' dir='ltr'><strong>Calix,</strong></span> <span class='ocrx_word' id='word_1_848' title='bbox 3355 5605 3452 5645; x_wconf 89' lang='lat' dir='ltr'><strong>vas</strong></span> <span class='ocrx_word' id='word_1_849' title='bbox 3501 5590 3763 5649; x_wconf 79' lang='lat' dir='ltr'><strong>vitreum;</strong></span> 
     </span>
    </p>
   </div>
   <div class='ocr_carea' id='block_1_119' title="bbox 2211 5667 3766 5752">
    <p class='ocr_par' dir='ltr' id='par_1_119' title="bbox 2211 5667 3766 5752">
     <span class='ocr_line' id='line_1_119' title="bbox 2211 5667 3766 5752; baseline 0.007 -33"><span class='ocrx_word' id='word_1_850' title='bbox 2211 5667 2456 5734; x_wconf 91' lang='lat' dir='ltr'><strong>eatinus,</strong></span> <span class='ocrx_word' id='word_1_851' title='bbox 2490 5669 2654 5726; x_wconf 87' lang='lat' dir='ltr'><strong>ﬁctile</strong></span> <span class='ocrx_word' id='word_1_852' title='bbox 2683 5672 2749 5727; x_wconf 91' lang='lat' dir='ltr'><strong>de</strong></span> <span class='ocrx_word' id='word_1_853' title='bbox 2779 5683 2943 5728; x_wconf 87' lang='lat' dir='ltr'><strong>terra.</strong></span> <span class='ocrx_word' id='word_1_854' title='bbox 2974 5674 3078 5729; x_wconf 85' lang='lat' dir='ltr'><strong>Per</strong></span> <span class='ocrx_word' id='word_1_855' title='bbox 3105 5677 3208 5732; x_wconf 93' lang='lat' dir='ltr'><strong>hoc</strong></span> <span class='ocrx_word' id='word_1_856' title='bbox 3237 5677 3493 5750; x_wconf 88' lang='lat' dir='ltr'><strong>ﬁguratur</strong></span> <span class='ocrx_word' id='word_1_857' title='bbox 3519 5679 3766 5752; x_wconf 76' lang='lat' dir='ltr'><strong>fragilitas</strong></span> 
     </span>
    </p>
   </div>
   <div class='ocr_carea' id='block_1_120' title="bbox 2213 5758 3763 5838">
    <p class='ocr_par' dir='ltr' id='par_1_120' title="bbox 2213 5758 3763 5838">
     <span class='ocr_line' id='line_1_120' title="bbox 2213 5758 3763 5838; baseline 0.007 -26"><span class='ocrx_word' id='word_1_858' title='bbox 2213 5758 2434 5814; x_wconf 89' lang='lat' dir='ltr'><strong>humani</strong></span> <span class='ocrx_word' id='word_1_859' title='bbox 2469 5762 2714 5832; x_wconf 89' lang='lat' dir='ltr'><strong>corporis</strong></span> <span class='ocrx_word' id='word_1_860' title='bbox 2738 5803 2752 5830; x_wconf 90' lang='lat'><strong>,</strong></span> <span class='ocrx_word' id='word_1_861' title='bbox 2784 5764 2835 5818; x_wconf 92' lang='lat' dir='ltr'><strong>in</strong></span> <span class='ocrx_word' id='word_1_862' title='bbox 2872 5778 2978 5833; x_wconf 89' lang='lat' dir='ltr'><strong>quo</strong></span> <span class='ocrx_word' id='word_1_863' title='bbox 3011 5767 3248 5823; x_wconf 77' lang='lat' dir='ltr'><strong>exterius</strong></span> <span class='ocrx_word' id='word_1_864' title='bbox 3281 5769 3616 5838; x_wconf 75' lang='lat' dir='ltr'><strong>przetendunt</strong></span> <span class='ocrx_word' id='word_1_865' title='bbox 3647 5784 3763 5825; x_wconf 86' lang='lat' dir='ltr'><strong>sau-</strong></span> 
     </span>
    </p>
   </div>
  </div>
