3960 6336
234 340 344 398 295

1210 333 1472 390 GLOSSA
1511 327 1906 402 ORDINARIA.
1937 345 2013 368 '——
2049 327 2301 383 EVANG.
2342 329 2496 386 LUC.

3373 330 3480 388 θοι

237 452 484 505 ctitatem
519 457 573 503 et
608 446 863 503 simulant
887 445 1151 514 justitiam
1182 485 1196 508 ,
1234 445 1376 513 quod
1414 443 1544 498 foris
1582 449 1700 497 erat
1728 440 1806 494 la-
1831 441 1880 500 Δ
1909 438 2108 503 rident,
2154 448 2202 493 et
2252 449 2642 508 persequentur.
2694 440 3021 496 Mentiuntur
3066 442 3338 509 haeretici,
3387 433 3480 514 qui

234 539 469 603 vabant,
503 539 647 592 intus
677 533 1199 604 nequissimi.-Quod
1235 544 1406 588 autent
1445 534 1584 586 intus
1614 539 1689 586 est
1723 546 1807 584 ve-

234 638 430 682 strum.
461 627 631 681 Nemo
657 633 807 695 putet
837 623 1247 678 fornicationem
1276 631 1332 678 et
1360 621 1662 689 huiusmodi
1693 636 1813 677 cor-

233 719 442 788 poralia
464 719 590 774 vitia
614 719 947 773 solummodo
971 719 1154 788 gravia
1175 733 1317 784 esse,
1338 727 1392 773 et
1413 717 1710 788 Spiritualia
1732 718 1814 773 vi-

237 808 312 862 tia
336 821 458 862 esse
480 807 635 871 levia,
653 809 790 862 sicut
810 807 1092 862 avaritiam
1107 847 1123 873 ,
1147 807 1280 862 iram
1299 848 1315 874 ,
1339 807 1663 878 superbiam,
1681 817 1810 876 etc.,

171 919 180 926 ο
237 898 381 952 sicut
408 896 662 951 Pharisaei
690 897 970 967 putabant.

312 987 477 1042 Vrsas.
509 987 596 1040 41.
624 1017 696 1026 ——
725 985 1094 1041 Verumtamen
1127 987 1266 1058 quod
1294 996 1545 1058 superest.
1574 986 1691 1041 Jam
1718 987 1816 1043 bo-

241 1095 348 1134 nus
380 1079 590 1143 doctor,
627 1078 898 1147 quomodo
927 1078 1234 1148 contagium
1271 1079 1517 1148 corporis
1564 1077 1815 1131 mundari

240 1171 474 1232 debeat,
507 1168 684 1223 docet.
716 1167 785 1221 Et
821 1167 911 1222 hic
945 1167 1106 1222 latius
1139 1168 1439 1240 explicatur
1474 1167 1616 1238 quod
1653 1182 1816 1237 supra

239 1258 485 1313 breviter
520 1258 730 1312 dixerat
767 1258 834 1312 de
873 1259 1182 1313 mundando
1217 1259 1396 1314 cordis
1432 1258 1608 1314 oculo.
1646 1257 1816 1313 Totus

241 1348 389 1402 enim
421 1348 511 1403 hic
538 1348 688 1403 locus
715 1348 782 1402 ad
813 1348 914 1404 hoc
947 1349 1218 1419 dirigitur,
1252 1358 1311 1404 ut
1350 1365 1448 1404 nos
1478 1349 1545 1402 ad
1583 1349 1816 1404 studium

241 1441 609 1512 simplicitatis
637 1441 859 1506 invitet,
887 1451 941 1496 et
969 1442 1235 1511 superflua
1275 1441 1575 1498 Judaaorum
1617 1449 1672 1495 et
1712 1449 1820 1496 ter-

242 1547 376 1587 rena
403 1532 757 1597 condemnet,
786 1532 877 1601 qui
909 1532 1201 1587 secundum
1239 1547 1437 1601 corpus
1475 1530 1819 1602 intelligendo

242 1626 420 1697 legem
465 1626 605 1680 vitro
653 1633 707 1679 et
752 1624 931 1678 catino
969 1630 1188 1692 prOpter
1225 1620 1570 1696 fragilitatem
1600 1637 1818 1690 compa-

241 1725 455 1771 rantur.
497 1716 554 1770 ln
591 1731 698 1785 quo
739 1713 846 1768 etsi
889 1714 1125 1784 graviter
1165 1723 1422 1784 peccant,
1465 1714 1596 1784 ipsis
1643 1722 1818 1768 tamen

1913 528 2078 582 alium
2110 528 2350 593 Veteris,
2381 530 2544 584 alium
2583 529 2715 585 Novi
2754 531 3084 587 Tcstamcnti
3114 533 3300 589 dicunt
3329 533 3483 590 insti-

1913 627 2170 676 tutorem.

1985 711 2151 766 Vens.
2183 710 2272 765 50.
2301 741 2371 751 —
2396 712 2438 765 Α
2468 713 2815 782 generatione.
2864 713 3064 769 Omnes
3089 715 3215 770 mali
3255 731 3360 771 una
3391 729 3482 787 ge-

1913 802 2124 856 neratio
2169 809 2330 865 sunt,
2377 816 2482 854 una
2529 802 2754 868 civitas,
2799 820 2963 858 unum
3009 821 3203 876 corpus
3249 807 3480 872 diaboli,

1914 890 2058 945 sicut
2089 905 2277 946 omnes
2310 891 2438 945 boni
2473 906 2578 946 una
2625 896 2931 964 generatio,
2982 908 3038 952 et
3079 914 3242 953 unum
3289 915 3485 971 corpus

1915 989 2041 1036 sunt
2068 982 2216 1037 dicti.

1989 1070 2153 1125 Vens.
2186 1071 2273 1126 5i.
2305 1103 2377 1112 —
2404 1070 2578 1143 Usque
2607 1075 2678 1128 ad
2714 1077 3019 1146 sanguinem
3054 1077 3350 1136 Zachariae.
3380 1082 3488 1136 Cur

1917 1178 2088 1232 usque
2112 1164 2178 1218 ad
2201 1163 2369 1229 hunc,
2400 1179 2521 1219 cum
2550 1173 2670 1235 post
2696 1167 2836 1222 hunc
2866 1167 3016 1222 multi
3046 1169 3212 1224 occisi
3239 1178 3366 1226 ante
3395 1186 3488 1225 na-

1920 1253 2024 1308 tale
2053 1253 2288 1319 Christi,
2319 1262 2373 1310 et
2399 1263 2525 1310 nato
2549 1255 2765 1310 Christo
2795 1273 2916 1312 mox
2960 1259 3114 1328 pueri
3159 1259 3226 1314 ab
3272 1262 3372 1316 hac
3397 1276 3488 1332 ge-

1919 1343 2202 1399 neratione
2253 1352 2379 1398 sunt
2426 1346 2741 1416 perempti?
2794 1347 2898 1401 Sed
2952 1348 3076 1417 quia
3126 1348 3258 1402 Abel
3306 1358 3490 1418 pastor

1918 1433 2098 1488 ovium
2142 1433 2276 1500 fuit,
2321 1443 2649 1506 necatusque
2693 1436 2745 1490 in
2791 1451 2942 1507 agro,
2995 1438 3284 1495 Zacharias
3314 1455 3492 1496 sacer-

1922 1523 2020 1579 dos
2048 1531 2272 1578 necatus
2303 1525 2355 1579 in
2385 1525 2523 1579 atrio
2548 1511 2730 1595 templi
2755 1567 2768 1590 ,
2796 1528 2928 1582 duos
2954 1529 3169 1584 ordines
3197 1539 3489 1603 martyrum

1923 1614 2167 1686 signant,
2217 1614 2417 1680 laicos,
2458 1624 2514 1671 et
2560 1631 2654 1671 eos
2703 1617 2793 1685 qui
2843 1617 3028 1673 altaris
3070 1617 3245 1676 ofﬁcio
3286 1623 3491 1678 manci-

1923 1716 2140 1778 pantur.

242 1805 512 1864 absolutio
543 1805 746 1878 peccati
789 1807 1137 1877 promittitur,
1177 1805 1222 1860 si
1266 1804 1688 1860 misericordiam
1733 1802 1812 1857 fa—
1840 1785 1888 1844 Β
1986 1796 2150 1853 Vens.
2181 1797 2269 1852 52.
2295 1829 2368 1838 —
2402 1798 2545 1864 Quia
2569 1797 2761 1853 tulistis
2793 1797 3006 1854 clavem.
3042 1797 3238 1867 Clavis,
3271 1801 3494 1858 humili-

242 1914 372 1954 cere
401 1901 661 1954 nitantur.
697 1899 849 1965 Quod
881 1897 1188 1952 necessario
1217 1896 1378 1950 victui
1408 1904 1462 1950 et
1489 1895 1815 1951 vestimento

242 2002 530 2063 superest,
560 1993 685 2048 date
715 1992 1056 2061 pauperibus.
1088 1991 1183 2046 Vel
1211 1992 1280 2046 do
1319 1991 1636 2054 consilium,
1674 1990 1817 2060 quod

243 2091 419 2138 restat
457 2083 790 2139 solummodo
824 2092 943 2153 post
981 2091 1125 2137 tanta
1161 2083 1393 2147 scelera,
1435 2083 1556 2137 date
1587 2081 1819 2137 eleemo-

243 2187 458 2243 synam.
493 2172 671 2228 Prima
699 2173 1038 2243 eleemosyna
1067 2181 1150 2227 est
1177 2174 1377 2228 mederi
1406 2173 1689 2229 animabus
1726 2189 1819 2228 ve-

243 2263 378 2317 stris
405 2263 670 2318 credcndo
700 2264 752 2317 in
781 2277 866 2318 me
895 2263 984 2332 qui
1015 2264 1176 2318 corda
1207 2264 1424 2330 mundo,
1449 2273 1504 2318 et
1528 2279 1626 2334 per
1657 2263 1815 2318 fidem

243 2351 520 2406 mundatis
576 2351 827 2406 cordibus
887 2351 1066 2406 omnia
1123 2351 1284 2405 etiam
1339 2351 1609 2406 exteriora
1663 2361 1821 2408 erunt

246 2443 471 2497 munda.
505 2441 606 2509 Qui
635 2443 880 2497 ordinate
908 2442 1021 2495 vult
1050 2441 1179 2496 dare
1205 2441 1600 2513 eleemosynam
1622 2481 1636 2506 ,
1670 2457 1700 2496 a
1731 2456 1818 2498 se-

247 2533 484 2602 metipso
519 2533 740 2603 incipit,
779 2539 834 2588 et
865 2547 984 2586 eam
1015 2531 1116 2586 sibi
1147 2530 1382 2600 primum
1413 2531 1526 2585 dat.
1560 2531 1653 2586 Est
1679 2531 1822 2585 enim

245 2623 592 2695 eleemosyna
626 2639 760 2693 opus
797 2621 1182 2678 misericordiae
1204 2661 1219 2687 ,
1254 2621 1398 2676 unde
1435 2621 1634 2677 dicitur
1668 2639 1681 2674 :
1720 2620 1825 2675 Hi-

247 2731 422 2768 serere
451 2717 640 2770 anima:
668 2725 773 2770 tute
801 2714 1008 2785 placens
1043 2712 1170 2767 Deo.

328 2804 488 2858 Vens.
520 2805 609 2858 49..
634 2836 704 2844 -—
733 2803 1024 2859 Praeteritis
1052 2804 1334 2874 judicium.
1376 2804 1621 2859 Breviter
1656 2803 1822 2860 multa

249 2911 441 2951 eorum
471 2895 598 2949 vitia
628 2894 974 2966 perstrinxit,
1006 2894 1097 2964 qui
1131 2895 1200 2949 ad
1229 2895 1351 2949 vilia
1393 2895 1707 2949 deeimanda
1745 2894 1826 2948 ia—

254 2985 542 3040 tendentes
567 3025 582 3050 ,
640 2984 808 3053 futuri
859 2984 1047 3053 judicii
1098 2993 1336 3050 metum,
1375 2993 1430 3040 et
1463 2985 1554 3040 Dei
1595 2987 1824 3040 Charita-

251 3087 362 3130 tem
391 3093 496 3130 non
519 3073 735 3131 habent.
758 3073 1093 3131 Pnetereunt
1115 3073 1376 3147 judicium
1398 3117 1412 3142 ,
1435 3076 1556 3147 quia
1583 3092 1689 3130 non
1719 3091 1824 3130 om-

251 3165 348 3218 nia
400 3178 522 3233 qute
569 3172 736 3234 agunt
781 3164 833 3218 in
878 3136 1136 3232 judicium
1185 3136 1467 3220 referunt.-
1501 3162 1828 3220 Cbaritatem
1857 3136 1902 3199 ϐ

250 3261 618 3324 praetereunt,
647 3255 770 3323 quia
802 3269 907 3308 non
935 3269 1002 3309 ex
1031 3253 1222 3311 affectu
1254 3255 1419 3310 Deum
1454 3256 1696 3327 diligunt.
1727 3256 1832 3312 Sed

252 3357 476 3406 rursus,
508 3357 576 3397 ne
617 3342 740 3398 fidei
775 3359 872 3399 vos
905 3344 1175 3399 studiosos
1213 3342 1377 3399 faciat
1409 3359 1632 3415 operum
1667 3345 1824 3416 negli-

255 3444 482 3505 gentes,
512 3433 900 3506 perfectionem
936 3435 1108 3491 fidelis
1140 3436 1240 3491 viri
1288 3437 1573 3507 supponit,
1612 3446 1673 3491 ut
1716 3444 1836 3508 post

259 3525 422 3580 fidem
448 3534 722 3595 operetur.
827 3591 831 3596 ι

338 3617 503 3671 Vens.
535 3617 625 3672 44.
654 3648 724 3658 ——
754 3616 858 3684 Qui
883 3618 1007 3674 estis
1037 3627 1094 3674 ut
1123 3629 1474 3677 monumenta.
1516 3619 1616 3676 llic
1644 3635 1834 3690 super—

262 3708 542 3763 stitionem
593 3709 834 3778 ipsorum
884 3709 1163 3764 doctorum
1211 3709 1516 3779 redarguit,
1565 3709 1656 3780 qui
1706 3708 1838 3764 foris

265 3801 498 3869 speciem
528 3809 687 3855 recta:
707 3799 964 3857 doctrina:
988 3801 1362 3870 praetendunt,
1390 3800 1688 3856 fmditatem
1707 3815 1837 3855 vero

267 3905 432 3961 quam
460 3890 604 3945 intus
631 3899 854 3962 gerunt,
883 3891 1176 3945 occultant.

345 3977 503 4032 Vsus.
538 3979 626 4033 45.
659 4009 727 4018 -—
751 3978 1078 4048 Respondeas
1110 3989 1301 4032 autem.
1333 3977 1529 4033 Audito
1556 3977 1722 4032 verbo
1747 3979 1840 4034 Dei

270 4069 576 4125 Pharisaaus
625 4086 694 4125 ex
742 4069 880 4124 mala
932 4070 1259 4125 conscientia
1308 4069 1410 4124 sibi
1461 4069 1838 4124 contumeliam

269 4161 390 4215 fieri
422 4170 608 4231 putat,
636 4171 689 4216 et
724 4170 1142 4216 commemorata
1178 4175 1337 4231 poena
1367 4161 1728 4230 perfidorum,
1762 4161 1844 4216 in-

270 4251 463 4319 telligit
493 4266 549 4306 se
577 4252 977 4307 dammandnm.

347 4341 509 4396 Vens.
540 4341 628 4394 47.
650 4373 719 4381 -
739 4341 831 4396 γα»
861 4343 1019 4396 vobis.
1049 4341 1164 4396 Non
1193 4351 1490 4413 arguuntur
1518 4342 1660 4411 quod
1689 4357 1846 4398 exor-

271 4440 410 4487 nant
434 4441 774 4487 monumenta
799 4433 1203 4502 prephetarum,
1228 4433 1318 4487 sed
1334 4433 1457 4502 quia
1473 4432 1845 4487 interfectores

275 4523 665 4594 prophetarum
697 4523 1001 4586 imitantur,
1031 4521 1347 4576 aedificando
1377 4521 1622 4590 sepulcra
1641 4562 1655 4585 ,
1689 4535 1846 4574 accu-

274 4620 404 4668 sant
450 4620 671 4681 paterna
713 4611 973 4666 facinora.
1017 4609 1122 4665 Sed
1166 4611 1535 4679 persequendo
1575 4609 1848 4664 Christum

276 4701 619 4771 (tapostolos
643 4699 1152 4755 imitantur'scelera
1182 4705 1415 4767 patrum,
1444 4705 1498 4751 et
1526 4697 1850 4751 sententiam

277 4793 645 4849 damnationis
674 4808 834 4862 quam
868 4791 920 4846 in
949 4799 1131 4860 patres
1158 4787 1535 4858 proferebant,
1567 4788 1619 4842 in
1648 4789 1855 4860 scipsos

275 4891 616 4952 retorquent.
667 4877 675 4884 ’

358 4973 525 5027 Vens.
559 4973 648 5028 48.
669 5003 741 5014 —
764 4970 1029 5041 Profecto.
1074 4969 1300 5039 Propter
1325 4966 1468 5040 vulgi
1498 4967 1739 5023 favorem
1769 4985 1860 5024 ca-

281 5065 544 5134 ptandum
574 5062 1042 5130 :edificatis,quasi
1071 5059 1624 5115 cxborreatisscelera
1649 5074 1858 5125 eorum,

285 5152 384 5208 sed
431 5153 546 5222 ipso
590 5168 754 5224 opere
797 5151 1114 5215 ostenditis,
1167 5150 1306 5219 quod
1354 5149 1596 5220 perfidia:
1637 5164 1858 5216 eorum,

288 5246 642 5311 consentitis,
690 5246 812 5316 quia
863 5246 963 5300 hoc
1008 5247 1206 5300 bonum
1241 5259 1346 5298 non
1385 5244 1520 5299 bene
1555 5245 1732 5301 facitis
1769 5246 1864 5301 sed

289 5351 394 5408 pro
434 5352 569 5392 vana
607 5337 796 5408 gloria.
844 5335 948 5390 Vos
989 5345 1185 5390 autem.
1231 5334 1524 5404 Propterea
1566 5336 1693 5405 quia
1733 5336 1864 5392 estis

289 5427 600 5482 imitatores
627 5425 873 5489 illorum,
904 5432 962 5479 ut
998 5424 1269 5495 impleatis
1309 5424 1450 5493 quod
1491 5424 1735 5494 patribus
1772 5425 1864 5481 de-

295 5519 431 5583 fuit,
460 5517 668 5573 scilicet
691 5526 753 5572 ut
780 5531 866 5572 me
893 5525 949 5571 et
977 5530 1124 5571 meos
1148 5515 1576 5586 persequamini,
1603 5531 1765 5587 quem
1787 5516 1864 5572 illi

298 5611 571 5682 persecuti
602 5620 728 5668 sunt
756 5611 808 5665 in
840 5610 1133 5681 prophetis.

377 5703 534 5759 Vens.
564 5703 652 5762 49.
676 5733 745 5746 —-
769 5701 1054 5773 Prophetas
1087 5711 1135 5756 et
1162 5700 1448 5771 apostolos,
1480 5711 1528 5756 et
1557 5717 1621 5756 ea:
1649 5700 1751 5756 illis
1781 5717 1867 5756 oc-

1921 1895 2003 1941 tas
2035 1886 2254 1949 Christi,
2279 1903 2439 1956 quam
2461 1887 2550 1957 qui
2588 1887 2806 1951 habent,
2833 1887 3142 1958 Seripturas
3165 1890 3487 1959 intelligunt.

1920 1974 2070 2030 Hanc
2090 1975 2400 2045 legisperiti,
2419 1991 2516 2030 nec
2542 1977 2639 2046 ipsi
2663 1975 2776 2047 lege
2798 1985 2851 2030 et
2872 1977 3144 2048 prophetis
3174 1979 3492 2050 intelligunt,

1921 2077 2022 2118 nec
2051 2064 2119 2118 ab
2146 2063 2265 2118 aliis
2294 2063 2514 2132 intelligi
2545 2064 2746 2118 volunt.
2788 2065 2992 2119 Intrare
3019 2067 3244 2131 clavem,
3267 2075 3350 2122 est
3386 2082 3489 2122 non

1922 2168 2041 2209 esse
2061 2162 2370 2209 contentum
2392 2152 2674 2223 superficie
2696 2153 2886 2208 litterae
2909 2156 3003 2209 sed
3022 2170 3188 2225 usque
3206 2157 3272 2210 ad
3293 2171 3492 2212 arcana

1924 2249 2265 2321 intelligenda
2295 2257 2597 2319 penetrare.
2617 2249 2711 2304 Vel
2732 2249 2920 2304 doctor
2949 2250 2994 2304 si
3019 2249 3138 2305 illos
3163 2265 3298 2320 quos
3325 2251 3490 2304 verbo

1923 2343 2153 2398 aedificat
2191 2342 2437 2412 exemplo
2479 2341 2842 2406 scandalizat,
2871 2357 2968 2397 nec
2995 2343 3109 2411 ipse
3136 2356 3360 2413 regnum
3395 2341 3491 2398 Dei

1925 2432 2090 2487 intrat
2119 2441 2173 2487 et
2210 2432 2329 2487 illos
2350 2432 2439 2502 qui
2469 2431 2671 2486 intrare
2698 2440 2949 2501 poterant
2985 2432 3239 2487 excludit.

1997 2523 2158 2577 Vens.
2185 2503 2500 2576 55.--.Cum
2523 2535 2695 2575 autem
2723 2522 2832 2574 Ita'c
2863 2521 2931 2574 ad
2955 2521 3072 2575 illos
3093 2522 3304 2586 diceret,
3335 2536 3502 2591 caepe-,

1929 2622 2052 2666 runt
2087 2611 2367 2677 Pharisa’i,
2393 2621 2439 2665 et
2483 2610 2783 2680 legisperiti.
2812 2609 2984 2676 Quam
3015 2625 3138 2665 vera
3162 2609 3396 2681 perfidia:
3423 2610 3498 2664 si-

1929 2701 2237 2756 mulationis
2263 2709 2317 2755 et
2353 2700 2645 2770 impietatis
2672 2715 2780 2755 suae
2819 2701 3043 2754 crimina
3078 2701 3366 2766 audierint,
3397 2700 3498 2770 ipsi

1939 2798 2209 2844 testantur
2262 2789 2352 2858 qui
2391 2799 2544 2844 tanto
2585 2789 2864 2843 intonante
2908 2790 3120 2844 turbine
3164 2805 3269 2844 non
3314 2790 3504 2861 resipi-

1935 2887 2116 2945 scnnt,
2139 2879 2233 2934 sed
2252 2878 2526 2934 doctorem
2547 2879 2790 2935 veritatis
2811 2880 3206 2950 aggrediuntur.

2527 3005 2753 3062 CAPUT
2791 3006 2903 3061 XII.

2006 3138 2168 3194 Vsus.
2199 3140 2250 3193 l.
2288 3168 2359 3179 —
2395 3138 2675 3192 Attendite.
2722 3137 2802 3190 Ad
2843 3137 2946 3193 hoc
2986 3138 3304 3194 fermentum
3346 3141 3510 3210 perti-

1937 3238 2066 3287 nent
2091 3230 2270 3287 omnia
2299 3245 2418 3300 qua:
2451 3230 2699 3300 superius
2722 3229 2775 3284 in
2802 3230 2960 3285 domo
2989 3230 3244 3287 Pharisaei
3267 3232 3504 3301 disputa-

1935 3323 2034 3387 vit,
2067 3321 2208 3376 unde
2237 3331 2292 3376 et
2311 3319 2598 3390 Apostolus
2631 3338 2642 3372 :
2688 3317 2810 3373 Non
2849 3320 2902 3372 in
2941 3319 3193 3388 fermento
3223 3321 3382 3373 veteri
3425 3338 3511 3375 ne-

1935 3429 2035 3484 que
2057 3413 2112 3467 in
2140 3412 2390 3482 fermento
2429 3410 2646 3464 malitia
2676 3409 2728 3479 (I
2767 3410 2886 3464 Cor.
2929 3410 3005 3482 v),
3042 3419 3146 3466 etc.
3186 3410 3441 3466 Attendite
3480 3430 3512 3466 a

1938 3507 2214 3577 fermento.
2268 3504 2500 3559 Pulcher
2545 3503 2694 3557 locus
2754 3504 2998 3558 tenendae
3044 3503 3402 3573 simplicitatis
3458 3512 3516 3560 et

1935 3596 2248 3651 mmulandm
2289 3596 2430 3659 fidei,
2473 3611 2541 3648 ne
2596 3609 2742 3648 more
2780 3592 3081 3650 Judtcorum
3121 3594 3264 3649 aliud
3299 3609 3513 3665 proma-

1938 3704 2059 3744 mus
2085 3688 2302 3752 affectu,
2334 3687 2476 3742 aliud
2519 3701 2647 3740 voce
2682 3687 3016 3752 simulemus,
3045 3701 3166 3739 cum
3199 3686 3433 3742 sciamus
3461 3687 3513 3741 in

1940 3778 2026 3834 die
2051 3777 2243 3846 judicii
2282 3794 2390 3831 non
2415 3791 2576 3845 posse
2598 3790 2718 3830 esse
2745 3774 3004 3828 latebram
3027 3774 3248 3829 fraudis.

2011 3857 2180 3926 Vens.
2207 3870 2262 3924 2.
2293 3901 2361 3908 —
2382 3869 2564 3938 Neque
2604 3868 2962 3922 absconditum
2986 3867 3122 3937 quod
3156 3884 3258 3921 non
3296 3868 3513 3921 sciatur.

1939 3962 2062 4017 Ideo
2085 3976 2153 4015 ne
2181 3959 2502 4014 aemulemini
2525 3958 2888 4021 simulatores,
2919 3958 3042 4026 quia
3066 3956 3307 4025 profecto
3333 3958 3512 4012 veniet

1943 4063 2153 4122 tempus
2183 4051 2236 4104 in
2259 4049 2345 4102 die
2368 4049 2555 4118 judicii
2587 4049 2639 4101 in
2671 4063 2776 4115 quo
2802 4057 2856 4100 et
2881 4058 3060 4099 vestra
3090 4047 3262 4100 virtus
3297 4054 3354 4099 et
3397 4047 3512 4100 illo-

1941 4159 2060 4198 rum
2093 4139 2393 4212 hypocrisis
2421 4138 2672 4193 omnibus
2699 4136 3049 4200 revelabitur,
3076 4135 3515 4203 undesequitur'

1946 4232 2203 4298 Quoniam
2231 4247 2347 4301 qua:
2372 4230 2425 4283 in
2447 4229 2667 4280 tenebris
2689 4225 2916 4288 dixistis,
2951 4225 3004 4278 in
3035 4225 3230 4278 lumine
3256 4225 3514 4278 dicentur.

1949 4325 2066 4380 Non
2093 4324 2267 4379 solum
2302 4323 2355 4376 in
2387 4319 2566 4374 futuro
2601 4317 2779 4372 omnia
2821 4317 3102 4386 patebunt,
3135 4316 3226 4370 sed
3262 4315 3422 4370 etiam
3465 4315 3518 4368 in

1951 4419 2196 4492 prtesenti
2227 4427 2466 4486 tempore
2505 4415 2557 4469 in
2599 4421 2708 4466 tota
2748 4411 2985 4466 Ecclesia
3026 4426 3122 4480 per
3141 4410 3326 4464 orbem
3367 4417 3522 4462 terra:

1952 4510 2162 4583 publice
2206 4505 2660 4577 prtedicabuntur,
2709 4518 2827 4572 quae
2869 4503 2920 4555 in
2960 4501 3218 4565 tenebris,
3249 4500 3301 4554 id
3338 4508 3440 4564 est,
3469 4499 3522 4552 in

1953 4601 2140 4656 umbra
2170 4612 2544 4668 pressurarum
2573 4604 2624 4649 et
2642 4606 2919 4650 carcerum
2952 4594 3111 4648 locuti
3137 4593 3290 4656 estis,
3310 4591 3524 4661 quando

1955 4701 2109 4745 actus
2149 4689 2314 4744 vestri
2366 4689 2612 4758 legentur
2645 4686 2698 4739 in
2745 4684 2991 4738 excelsis.
3036 4682 3295 4746 Quoniam
3327 4697 3443 4750 qua:
3468 4680 3524 4731 in

1957 4787 2177 4842 tenebris
2203 4784 2430 4846 dixistis,
2458 4784 2511 4835 in
2534 4781 2728 4834 lumine
2756 4777 3010 4829 dicentur.
3036 4771 3257 4842 (Anum)
3283 4771 3434 4838 Quod
3470 4771 3522 4824 in

1961 4878 2220 4944 tenebris,
2252 4876 2305 4930 id
2335 4883 2418 4930 est
2442 4875 2495 4927 in
2523 4874 2714 4926 timore
2736 4867 2966 4929 dixistis,
2987 4866 3193 4919 dicetur
3219 4864 3271 4917 in
3302 4863 3524 4925 lumine,

1961 4971 2013 5026 id
2040 4977 2123 5024 est
2149 4969 2199 5023 in
2231 4965 2424 5020 fiducia
2453 4962 2697 5018 veritatis
2725 4965 2944 5027 accepto
2973 4955 3178 5026 Spiritu
3213 4962 3420 5008 sancto.
3463 4954 3529 5007 Et

1962 5059 2103 5130 quod
2131 5059 2185 5112 in
2226 5072 2386 5120 aure,
2431 5055 2484 5108 id
2513 5061 2596 5107 est
2625 5058 2834 5104 secreto
2865 5047 3048 5111 locuti,
3080 5061 3241 5114 super
3277 5051 3438 5110 tecta,
3476 5043 3527 5098 id

1962 5158 2047 5205 est
2071 5148 2277 5204 calcato
2303 5144 2482 5199 carnis
2511 5139 2780 5196 domicilio
2808 5135 3206 5208 pnedicabitur.

1956 5286 1962 5292 .
2035 5242 2198 5297 Vsus.
2227 5235 2508 5291 L—Dico
2528 5243 2700 5286 autem
2723 5229 2886 5284 vobis.
2916 5226 3036 5298 (Ιυ.)
3069 5227 3200 5281 Cum
3229 5223 3438 5295 gemina
3462 5221 3532 5275 sit

1966 5346 2129 5389 causa
2151 5328 2408 5400 perfidiae,
2431 5336 2559 5388 etc.,
2584 5338 2745 5393 usque
2771 5321 2840 5376 ad
2861 5319 2934 5374 ita
2968 5317 3089 5373 fidei
3125 5313 3533 5370 fundamentqu

1965 5434 2051 5481 est
2071 5420 2346 5478 fortitudo.

2037 5515 2203 5570 Vsus.
2255 5513 2310 5568 5.
2362 5539 2435 5552 -—-
2487 5507 2772 5564 Ostendam
2829 5514 3001 5558 autem
3047 5500 3206 5556 vobis.
3248 5496 3385 5564 Quia
3428 5494 3538 5548 duo

1967 5614 2096 5665 sunt
2115 5619 2312 5676 genera
2341 5607 2768 5672 persecutorum,
2797 5608 2960 5650 unum
2998 5599 3180 5661 aperte
3208 5597 3537 5676 persequen-

1969 5675 2139 5767 tium,
2166 5695 2393 5750 alterum
2431 5689 2800 5748 fraudulenter
2822 5681 3225 5742 blandientium.
3254 5675 3406 5732 Sicut
3446 5688 3538 5728 su-
