3960 6336
541 335 649 393 295

1005 326 1396 385 WALAFRIDI
1435 324 1683 382 STRABI
1720 324 1924 382 FULD.
1967 321 2134 379 MOU.
2177 321 2330 379 OPP.
2371 324 2549 381 PARS
2586 324 2627 379 ι.
2664 354 2736 366 —
2775 323 3235 380 THEOLOGICA.
3660 335 3743 391 295

541 465 637 521 pra
666 453 858 503 contra
887 440 1234 515 bypocrisim,
1264 439 1339 493 ita
1371 438 1460 494 hic
1482 446 1659 493 armat
1689 445 1877 494 contra
1900 435 2121 493 carnifl~
2154 436 2200 511 Α
2227 435 2320 490 llle
2348 437 2441 507 qui
2474 453 2581 493 non
2606 438 2809 509 colligit
2836 454 3069 504 mecum,
3100 449 3182 493 est
3211 438 3408 495 divisor
3436 442 3744 507 fraternitatis

542 556 654 597 ces.
679 538 848 594 Totus
874 535 965 590 hic
998 533 1149 587 locus
1180 531 1247 585 ad
1278 530 1611 585 Subeundam
1641 545 1740 599 pro
1781 527 2123 584 confessione
2224 538 2280 582 et
2304 528 2659 585 dissensionis
2680 538 2891 584 auctor.

545 629 760 688 Domini
806 626 1113 698 passionem
1151 622 1236 677 vel
1283 630 1594 691 contemptu
1630 620 1841 685 mortis,
1887 619 1974 674 vel
2027 634 2123 688 spe

2294 619 2457 676 Vens.
2489 621 2577 677 15.
2606 650 2677 663 -
2698 621 2775 675 Ab
2798 622 2939 677 omni
2969 622 3215 677 avaritia.
3245 622 3412 679 Nemo
3442 632 3641 694 putaret
3657 629 3742 683 cri-

542 720 771 794 prtcmii,
799 716 884 772 vel
911 707 1197 772 mansuros
1231 713 1288 768 in
1317 710 1727 767 denuntiatione
1766 708 2014 779 supplicii
2044 707 2126 762 in-
2219 725 2345 767 men
2368 725 2513 776 esse,
2553 712 2923 767 haereditatem
2959 712 3221 779 dividere,
3262 714 3465 771 fructus
3494 714 3548 770 in
3577 717 3738 775 horrea

543 811 723 869 struit.

614 901 777 958 Vnus.
801 899 855 954 6.
878 928 948 939 —
976 894 1164 951 Nonne
1189 895 1436 966 quinque.
1466 891 1685 964 (Auum)
1715 892 1962 960 Quinque
1994 905 2120 960 pas-

539 1007 712 1056 seres,
747 990 984 1060 quinque
1020 986 1264 1055 corporis
1301 999 1523 1048 sensus;
1553 982 1640 1037 vel
1679 983 1785 1037 duo
1823 981 2116 1036 secundum

542 1083 876 1144 Matthaeum,
912 1092 1109 1146 corpus
1128 1087 1183 1130 et
1209 1074 1411 1138 anima,
1434 1082 1564 1137 etc.,
1599 1087 1761 1141 usque
1786 1070 1856 1125 ad
1881 1084 1988 1124 non
2013 1069 2114 1124 du-

539 1176 684 1231 bium
702 1171 941 1227 fidelium
957 1164 1466 1235 contemplationem
1483 1162 1624 1233 apud
1644 1162 1790 1216 illum
1806 1161 2112 1215 valituram.

621 1261 849 1317 Veneunt
877 1258 1145 1330 dipondio.
1167 1254 1459 1324 Dipondius
1483 1260 1566 1307 est
1596 1252 1803 1322 pondus
1822 1264 1885 1304 ex
1909 1250 2116 1304 duobus

537 1351 750 1408 assibus
792 1346 1170 1417 compositum.
1214 1342 1366 1409 Quod
1410 1352 1592 1395 autem
1642 1340 1695 1393 in
1750 1339 1989 1393 numeris
2032 1349 2116 1394 est

538 1457 726 1505 unum,
757 1438 934 1493 hocin
963 1434 1290 1505 ponderibus
1322 1447 1383 1485 as
1415 1449 1428 1483 :
1461 1429 1602 1499 quod
1631 1429 1753 1490 duo,
1794 1430 1897 1483 hoc
1927 1427 2115 1497 dipon-

538 1531 658 1586 dius
677 1537 780 1585 est.
822 1526 887 1581 Et
918 1542 1052 1580 unus
1075 1539 1164 1587 ex,
1196 1532 1305 1577 etc.
1338 1519 1713 1591 Simplicitatis
1748 1516 1998 1572 allectum
2034 1517 2115 1570 in-

537 1620 857 1687 spiraverat,
886 1616 1141 1669 virtutem
1168 1612 1366 1666 mentis
1396 1617 1670 1673 erexerat,
1694 1607 1806 1662 sola
1847 1606 1979 1661 fides
2008 1620 2113 1658 nu-

540 1710 726 1770 tabat,
775 1706 915 1760 hanc
954 1704 1022 1758 de
1063 1701 1339 1756 vilioribus
1380 1700 1620 1755 roborat.
1656 1698 1935 1765 Quomodo
1982 1696 2113 1752 dicit

2219 816 2569 872 congregare,
2602 802 2700 857 sed
2728 811 2784 857 et
2825 802 2929 857 hoc
2965 802 3249 857 avaritiam
3285 802 3482 859 indicat
3517 820 3742 874 supernus

2212 891 2400 960 judex,
2433 891 2574 946 unde
2600 900 2656 946 et
2685 890 3001 961 subiungit:
3030 891 3254 946 hominis
3283 891 3551 961 cujusdam
3576 895 3740 950 divitis.
3773 928 3790 943 ο

2219 980 2373 1036 Sicut
2401 997 2564 1052 supra
2592 992 2786 1038 contra
2826 981 3133 1037 Pharismos
3161 990 3217 1037 et
3241 982 3558 1053 bypocritas,
3589 986 3655 1040 ita
3671 986 3743 1043 hic

2216 1071 2500 1127 occasione
2529 1072 2707 1127 stultas
2727 1071 3001 1141 petitionis
3020 1081 3208 1128 contra
3229 1073 3507 1128 avaritiam
3524 1075 3741 1145 disputat.

2218 1160 2342 1216 Non
2381 1162 2437 1216 in
2487 1161 2830 1216 abundantia.
2881 1160 3006 1216 Non
3042 1162 3097 1214 in
3126 1162 3239 1217 solo
3281 1179 3415 1233 pane
3455 1165 3568 1218 uiuit
3597 1166 3741 1231 Itonia,

2214 1252 2305 1308 sed
2354 1254 2410 1306 in
2454 1254 2605 1308 verba
2641 1252 2740 1307 Dei
2768 1252 2958 1324 (Deut.
3002 1256 3158 1324 vm),
3204 1269 3305 1310 nec
3345 1256 3635 1327 temporalis
3654 1259 3742 1313 vita

2215 1341 2562 1397 multitudine
2596 1342 2905 1396 divitiarum
2934 1344 3297 1412 protenditur.

2286 1430 2449 1486 Vens.
2500 1431 2582 1486 16.
2613 1462 2680 1471 -
2708 1430 2855 1485 Dixit
2894 1442 3091 1498 autem,
3137 1441 3243 1489 etc.
3289 1433 3417 1491 Post
3456 1445 3740 1507 praeceptum

2214 1524 2395 1579 subdit
2420 1523 2725 1594 exemplum
2764 1524 2830 1577 ad
2859 1522 3231 1578 declinandam
3259 1525 3536 1581 avaritiam
3568 1534 3741 1596 tempe.

2215 1612 2428 1666 ralium.
2449 1612 2689 1666 Hominis
2712 1612 2985 1682 cujusdam
3013 1613 3189 1668 divitis
3217 1614 3395 1669 uberes
3416 1615 3624 1685 fructus.
3646 1617 3741 1671 Non

2214 1703 2627 1773 reprehenditur
2664 1702 2815 1759 dives
2846 1701 2986 1774 quod
3015 1711 3211 1757 terram
3253 1702 3510 1770 coluerit,
3538 1704 3615 1760 vel
3648 1704 3738 1759 fru-

537 1798 857 1870 Apostolus:
878 1793 1129 1864 Nunquid
1151 1793 1214 1847 de
1226 1791 1386 1846 bobus
1405 1808 1531 1844 cura
1552 1789 1779 1845 estDeo?
1798 1787 1849 1862 (1
1868 1787 1989 1842 Cor.
2009 1787 2107 1858 ix.)
2142 1783 2185 1842 Β
2212 1803 2329 1849 ctus
2353 1794 2655 1849 condiderit
2676 1794 2728 1847 in
2754 1794 2966 1859 horrea,
2994 1794 3088 1850 sed
3110 1796 3252 1863 quod
3274 1794 3520 1850 fiduciam
3540 1797 3650 1850 vitae
3664 1810 3740 1866 po-

539 1890 647 1946 Sed
673 1886 817 1944 aliud
841 1895 923 1941 est
954 1900 1105 1949 cura,
1130 1882 1272 1937 aliud
1301 1890 1385 1937 est
1407 1880 1652 1935 scientia.

608 1982 772 2037 Vens.
796 1980 849 2033 7.
874 2005 943 2017 -—-—
959 1974 1061 2030 Sed
1083 1984 1130 2028 et
1153 1972 1349 2042 capilli.
1374 1971 1490 2026 Non
1519 1978 1639 2026 actu
1670 1967 2110 2039 computationis,

538 2071 633 2126 sed
663 2068 912 2124 facultate
933 2062 1278 2134 cognitionis,
1301 2078 1331 2114 a
1354 2059 1707 2115 similitudine
1726 2057 1968 2127 pecuniae
1995 2071 2113 2125 qua:

537 2169 854 2215 numeratur
875 2166 932 2210 ut
970 2163 1234 2209 servetur.
1266 2151 1369 2207 Ubi
1403 2165 1593 2221 magna
1628 2148 1961 2218 providentia
1994 2147 2109 2212 Dei,

536 2249 681 2324 quod
709 2263 807 2304 nec
838 2260 1000 2318 parva
1035 2258 1132 2298 nec
1155 2241 1327 2297 otiosa
1352 2240 1495 2296 dicta
1514 2254 1636 2292 eum
1667 2237 1887 2291 lateant.

609 2343 769 2397 Vens.
812 2340 865 2393 8.
910 2366 981 2377 —-
1020 2334 1202 2388 Omnis
1241 2332 1552 2402 quicunque.
1591 2326 1667 2381 Ne
1702 2328 1823 2397 quis
1869 2334 2111 2393 tempore

533 2428 925 2503 persecutionis
937 2424 1179 2495 sulliccre
1196 2423 1296 2478 sibi
1309 2429 1525 2492 putaret
1543 2419 1701 2475 fidem
1726 2418 1926 2481 cordis,
1945 2416 2075 2470 dicit
2095 2431 2106 2469 :

536 2520 718 2577 Omnis
773 2519 1061 2591 quicunque
1108 2513 1374 2582 confessus
1421 2511 1599 2580 fuerit.
1639 2508 1941 2564 Cnulitetur
1990 2506 2111 2576 quis

532 2613 714 2669 Jesum
756 2625 820 2665 ea
851 2608 1119 2664 cbaritate
1162 2621 1280 2673 quae
1322 2620 1417 2674 per
1448 2601 1789 2657 dilectionem
1834 2607 2109 2669 operatur,

532 2713 695 2773 negat
721 2704 813 2772 qui
840 2700 1121 2770 praeceptis
1143 2714 1249 2753 non
1271 2698 1471 2752 obedit.
1501 2694 1673 2749 Filius
1702 2694 1946 2747 hominis.
1969 2692 2109 2746 Con-

534 2795 715 2848 fitetur
743 2791 907 2846 Filius
935 2789 1076 2858 apud
1106 2788 1318 2841 Patrem
1348 2786 1518 2851 illum,
1563 2784 1654 2854 qui
1679 2798 1775 2852 per
1804 2782 1842 2835 F
1849 2782 1997 2836 ilium
2015 2781 2110 2834 ha-

533 2886 623 2939 bet
656 2896 935 2936 accessum
976 2880 1044 2934 ad
1073 2879 1308 2932 Patrem.
1340 2876 1577 2946 Negatur
1605 2890 1634 2927 a
1658 2873 1797 2928 Filio
1827 2872 1968 2943 apud
2001 2871 2108 2924 Pa-

535 2986 694 3039 trem,
736 2974 823 3029 cui
865 2990 970 3027 non
1020 2969 1399 3025 manifestatur
1438 2969 1490 3021 in
1529 2966 1827 3021 divinitatis
1850 2963 2109 3037 potentia

531 3065 701 3120 Filius
725 3071 780 3119 et
814 3063 996 3117 Pater.
1032 3062 1096 3115 Et
1122 3075 1189 3115 ne
1218 3070 1437 3131 putetur
1465 3070 1570 3111 una
1602 3056 1838 3112 conditio
1869 3054 2109 3129 omnium

2213 1886 2382 1940 suerit
2412 1886 2464 1940 in
2497 1885 2621 1952 illis,
2649 1899 2750 1940 nec
2785 1886 3112 1955 pauperibus
3145 1887 3476 1956 erogaverit,
3521 1895 3577 1942 ut
3600 1887 3660 1941 ab
3677 1887 3742 1941 eis

2215 1973 2547 2041 reciperetur
2576 1974 2627 2026 in
2657 1974 2878 2028 aeternis
2902 1974 3285 2030 tabernaculis.

2284 2061 2446 2116 Vens.
2491 2064 2577 2118 17.
2607 2093 2678 2103 —
2708 2063 2848 2129 Quid
2890 2062 3110 2132 faciam,
3146 2073 3252 2119 etc.
3293 2063 3523 2122 Fructus
3546 2080 3673 2129 suos,
3698 2074 3741 2119 et

2213 2167 2308 2208 sua
2363 2154 2503 2207 bona
2549 2168 2669 2208 esse
2712 2162 3031 2222 computans
3072 2168 3176 2208 non
3217 2162 3406 2222 erogat
3455 2153 3738 2224 pauperibus

2212 2260 2332 2316 qua:
2358 2252 2672 2313 supersunt,
2711 2244 2804 2299 sed
2844 2259 2953 2298 sua:
2996 2243 3222 2299 luxuriae
3251 2259 3527 2299 reservare
3555 2245 3604 2298 in
3631 2243 3743 2296 futu-

2212 2352 2331 2391 rum
2362 2335 2560 2398 studet,
2592 2343 2646 2389 et
2677 2336 2894 2403 ignarus
2922 2334 3043 2403 quis
3066 2335 3411 2404 congregatis
3433 2334 3500 2389 sit
3527 2348 3712 2387 usurus.

2283 2427 2446 2482 Vens.
2489 2426 2573 2480 19.
2616 2455 2687 2464 —
2731 2423 2882 2478 Bona
2926 2440 3040 2478 mea
3081 2434 3129 2478 et
3161 2425 3355 2478 dicam.
3403 2424 3609 2496 (Anan)
3651 2421 3742 2476 Non

2211 2528 2337 2576 sunt
2362 2519 2596 2575 hominis
2639 2517 2801 2583 bona,
2825 2509 2944 2588 quae
2986 2532 3168 2572 secum
3196 2517 3413 2574 auferre
3452 2535 3551 2574 non
3578 2524 3741 2588 potest.

2211 2610 2335 2665 Sola
2356 2609 2498 2664 enim
2528 2607 2896 2662 misericordia
2926 2622 3107 2662 comes
3132 2616 3216 2665 est
3243 2607 3627 2663 defunctorum.

2278 2702 2576 2773 chuiesce.
2604 2701 2739 2755 Ecce
2768 2715 2889 2755 cum
2915 2702 3054 2769 pesti
3083 2701 3324 2756 avaritia:
3348 2702 3583 2773 jungitur
3611 2700 3744 2770 pestis

2208 2796 2450 2861 desidiae,
2469 2804 2528 2848 ut
2555 2809 2655 2849 nec
2676 2808 2774 2862 pro
2796 2793 3362 2864 temporalibusiDeum
3396 2792 3739 2862 interpellaret.

2282 2885 2445 2939 Vens.
2483 2884 2572 2938 20.
2603 2882 2823 2937 --Di:cit
2851 2894 3043 2959 autem.
3080 2884 3266 2939 Dicere
3298 2883 3423 2950 Dei,
3449 2892 3529 2937 est
3568 2882 3628 2935 ad
3664 2882 3742 2935 ho-

2208 2975 2408 3030 minem
2448 2988 2644 3045 pravas
2689 2972 2805 3043 ejus
2842 2971 3268 3029 machinationes
3301 2973 3484 3045 subita
3538 2968 3742 3026 animad-

2211 3068 2461 3123 versione
2496 3078 2860 3135 compescere.
2905 3062 3097 3118 Stulte.
3142 3062 3279 3130 Quia
3319 3064 3478 3134 longa
3525 3062 3610 3117 tibi
3630 3068 3744 3114 tem-

534 3165 590 3210 et
616 3170 804 3210 eorum
844 3154 937 3223 qui
973 3153 1150 3209 studio
1193 3159 1250 3205 et
1295 3164 1483 3204 eorum
1530 3149 1623 3218 qui
1669 3147 1985 3203 infirmitate
2025 3144 2109 3199 vel
2138 3120 2182 3183 δ
2213 3172 2347 3228 μοι-ει
2386 3120 2696 3211 divit“.er
2734 3154 3112 3225 promittebas,
3152 3120 3259 3209 ῖηιο
3294 3120 3455 3210 ης)οῶ
3492 3158 3744 3223 ρι-ωτερωε

534 3246 839 3317 ignorantia
870 3253 1092 3315 negant,
1119 3242 1336 3298 subdit:
1362 3240 1429 3293 Et
1453 3240 1620 3293 omnis
1638 3239 1728 3309 qui
1750 3236 1876 3292 dicit
1898 3239 2109 3292 verbum

536 3340 593 3392 in
616 3336 762 3395 Filio
790 3336 1012 3409 hominis
1040 3335 1351 3389 remittetur.

605 3428 766 3484 Vens.
791 3427 878 3481 l0.
903 3456 967 3465 —
999 3425 1065 3479 Ei
1090 3436 1284 3478 autem.
1312 3423 1373 3476 Ei
1400 3422 1566 3477 etiam
1591 3421 1683 3491 qui
1716 3420 2110 3476 scandalizatus

533 3520 587 3574 in
611 3518 923 3573 infirmitate
941 3518 1125 3572 carnis
1153 3530 1238 3569 me
1261 3529 1453 3582 purum
1479 3512 1755 3566 hominem
1785 3510 1867 3564 vel
1896 3519 2110 3564 vorato-

534 3627 648 3669 rem
675 3611 981 3678 suspicatus
1015 3609 1201 3671 fuerit,
1228 3606 1551 3661 remissibile
1583 3606 1708 3669 erit,
1733 3606 1828 3660 sed
1860 3604 1952 3673 qui
1981 3620 2107 3673 gra-

536 3703 669 3756 tiam
700 3699 937 3769 Spiritus
976 3698 1150 3753 sancti
1179 3697 1309 3767 (qua
1346 3696 1664 3766 poenitentia
1701 3695 2013 3764 inspiratur,
2052 3702 2111 3749 ct

535 3790 603 3844 ad
627 3788 1094 3859 congregationem
1121 3786 1348 3856 reditur)
1371 3801 1477 3843 non
1504 3800 1834 3856 cognoscens
1865 3784 2109 3853 impmni-

534 3878 668 3933 tenti
696 3875 859 3932 corde
887 3875 1267 3945 permanserit,
1292 3889 1413 3928 cum
1438 3874 1541 3928 hoc
1555 3872 1665 3941 jam
1690 3887 1795 3927 non
1821 3872 1893 3926 sit
1915 3873 2106 3928 buma-

533 3988 660 4027 num
696 3972 793 4027 sed
808 3969 1131 4025 diabolicum
1144 4009 1159 4033 ,
1183 3968 1554 4047 irremissihile
1573 3969 1697 4033 erit.

603 4062 886 4138 Vensnil.
910 4060 1114 4117 —Cunt
1132 4074 1307 4116 autem
1331 4062 1576 4117 inducent
1598 4078 1683 4116 eos
1704 4062 1759 4116 in
1783 4078 2102 4132 synagogas,

530 4165 577 4208 et
608 4157 678 4208 ad
708 4154 1068 4224 magistratus,
1105 4165 1152 4208 et
1178 4162 1475 4223 potestates.
1513 4152 1716 4207 Terror
1755 4153 1943 4207 talium
1976 4168 2108 4225 cqu—

530 4252 787 4298 ventuum
830 4242 967 4298 solet
1003 4242 1217 4298 auferre
1255 4242 1561 4299 libertatem
1600 4241 1876 4310 loquendi.
1928 4241 2108 4295 Nolite

530 4333 740 4389 solliciti
759 4349 885 4388 esse.
911 4331 1252 4387 Voluntatem
1280 4343 1517 4387 vestram
1541 4348 1639 4402 pro
1661 4332 1878 4387 Christo
1898 4331 2103 4387 offerte.

532 4423 781 4479 Christus
809 4437 936 4477 vero
964 4422 1212 4490 loquetur
1245 4436 1342 4491 pro
1371 4436 1448 4476 se.

602 4513 766 4567 Vnus.
795 4512 882 4566 l5.
918 4541 991 4552 —
1028 4510 1302 4582 Magister.
1333 4510 1742 4569 Commendanti
1765 4514 1992 4587 gratiam
2016 4530 2100 4570 su-

528 4620 711 4675 perna:
739 4603 891 4673 pacis
911 4612 969 4658 et
994 4604 1239 4668 unitatis,
1267 4604 1507 4660 vnlbistc
1534 4605 1780 4676 ingerere
1805 4607 2103 4662 molestiam

532 4705 758 4751 terrena:
786 4695 1086 4761 divisionis,
1116 4695 1255 4750 unde
1291 4706 1344 4750 et
1371 4697 1531 4752 homo
1555 4698 1754 4752 dicitur
1772 4739 1786 4764 ,
1812 4699 1865 4753 id
1893 4708 1978 4753 est
1999 4707 2106 4754 ter-

529 4800 712 4841 renus.
743 4783 884 4839 Inter
912 4800 1048 4855 quos
1081 4786 1223 4840 enim
1252 4784 1555 4853 hujusmodi
1586 4786 1733 4842 zelus
1753 4797 1807 4841 et
1827 4789 2103 4844 contentio

527 4882 632 4935 est,
672 4872 919 4928 homines
942 4883 1069 4927 sunt
1094 4882 1149 4928 et
1171 4875 1465 4928 secundum
1506 4875 1776 4931 hominem
1801 4875 2097 4930 ambulant.

527 4965 672 5021 inter
710 4963 905 5037 fratres
931 5003 946 5027 ,
972 4964 1377 5033 patrimonium,
1413 4980 1518 5019 non
1548 4964 1710 5034 judex
1748 4967 1975 5031 medius,
2003 4967 2097 5022 sed

526 5058 699 5127 pietas
721 5055 880 5110 debet
899 5064 1176 5123 sequestra
1201 5056 1470 5121 dividere,
1503 5057 1750 5125 quamvis
1779 5057 2097 5112 immortali-

530 5148 654 5202 tatis
694 5147 1072 5217 patrimonium
1110 5164 1214 5203 non
1259 5150 1331 5204 sit
1380 5150 1607 5218 pecunia
1657 5149 1964 5205 hominibus
2006 5165 2099 5220 pe-

529 5240 771 5296 tendum.

597 5327 761 5385 Vns.
795 5328 969 5384 H.—
998 5329 1129 5397 Quis
1168 5346 1248 5386 ine
1288 5330 1575 5386 constituit.
1605 5328 1723 5385 Non
1743 5346 1863 5387 sum
1891 5331 2099 5387 dissen-

529 5419 696 5474 sionis
723 5417 896 5484 Deus,
924 5421 1017 5475 sed
1044 5423 1194 5491 pacis
1218 5430 1276 5476 et
1305 5422 1556 5489 unitatis,
1584 5423 1677 5493 qui
1708 5423 1827 5491 veni
1852 5423 2098 5480 homines

528 5507 810 5577 pacificare
838 5525 958 5566 cum
987 5509 1193 5580 angelis
1212 5549 1227 5574 ,
1261 5519 1322 5564 ut
1354 5510 1508 5565 multi
1544 5527 1707 5567 unum
1736 5527 1830 5566 cor
1860 5522 1915 5566 et
1938 5529 2098 5567 uuam

527 5598 762 5654 animam
788 5599 1039 5654 habeant.
1080 5598 1194 5655 Non
1224 5608 1283 5653 ut
1311 5600 1637 5664 dividantur,
1665 5602 1759 5656 sed
1785 5610 1843 5657 ut
1867 5582 2101 5657 habeant

530 5690 708 5745 omnia
748 5691 1076 5753 communia,
1123 5706 1223 5744 tce
1263 5692 1334 5757 sit
1371 5690 1565 5759 aliquis
1599 5707 1762 5762 egens
1810 5694 1951 5747 inter
1983 5708 2094 5749 eos.

2212 3246 2332 3300 aliis
2365 3252 2686 3315 congregata
2728 3243 3017 3313 relinques.
3065 3242 3338 3313 Repetam,
3387 3252 3490 3299 etc.
3528 3242 3581 3296 ln
3618 3246 3744 3294 nocte

2211 3338 2452 3394 aufertur
2476 3340 2676 3402 anima,
2704 3351 2824 3407 qure
2854 3336 2907 3389 in
2927 3335 3259 3391 obscuritate
3274 3334 3458 3391 cordis
3479 3332 3746 3404 quodpow

2212 3438 2296 3484 rat
2324 3428 2454 3498 pati,
2482 3428 2774 3498 praevidere
2802 3426 2992 3482 noluit.

2283 3522 2444 3575 Vnns.
2473 3520 2563 3573 2t.
2592 3549 2664 3559 —
2689 3516 2755 3571 Et
2784 3536 2886 3573 non
2919 3528 2995 3573 est
3023 3519 3079 3572 in
3116 3517 3282 3572 Deum
3319 3518 3487 3574 dives.
3515 3516 3571 3574 In
3608 3515 3744 3568 Deum

2210 3612 2363 3666 dives
2392 3619 2478 3666 est
2503 3610 2596 3681 qni
2620 3609 2935 3664 transitoria
2957 3617 3307 3665 contemnens
3325 3606 3638 3679 pauperibus
3658 3603 3743 3656 dis-

2211 3703 2429 3766 tribuit,
2466 3700 2618 3770 cujus
2659 3700 2992 3770 exspectatio
3019 3699 3275 3753 Dominus
3318 3708 3423 3762 est,
3469 3698 3613 3767 cujus
3645 3691 3746 3748 sub-

2208 3793 2426 3856 stantia,
2453 3789 2503 3845 id
2527 3800 2611 3845 est
2631 3790 2973 3844 conscientiae
3000 3789 3267 3858 possessio
3298 3804 3405 3857 qua
3451 3790 3747 3841 sustentatur

2208 3890 2262 3934 ct
2293 3882 2547 3950 pascitur,
2582 3887 2664 3934 cst
2688 3879 2827 3948 apud
2856 3880 3043 3941 Deum,
3066 3894 3171 3932 non
3198 3880 3249 3931 in
3280 3876 3510 3931 sacculis
3532 3884 3690 3929 terra).

2280 3971 2446 4025 Vens.
2475 3971 2565 4025 22.
2590 4001 2658 4010 -
2680 3971 2923 4039 Dixitque
2944 3970 3012 4022 ad
3044 3968 3325 4037 discipulos
3367 3985 3509 4022 suos.
3551 3965 3747 4034 Aposw-

2206 4061 2288 4118 los
2307 4078 2403 4132 per
2423 4061 2582 4115 fidem
2611 4061 2663 4114 in
2700 4074 2794 4129 spe
2817 4068 3142 4112 aeternorum
3174 4058 3482 4122 confirmat,
3512 4055 3629 4127 quia
3651 4050 3748 4122 plu~

2208 4168 2296 4208 res
2323 4159 2448 4206 sunt
2493 4166 2629 4220 quos
2664 4158 2940 4219 torpentes
2982 4148 3112 4203 facit
3135 4164 3289 4203 amor
3334 4146 3667 4217 praesentium
3705 4147 3749 4194 et

2207 4243 2511 4313 desperatio
2533 4243 2855 4296 futurorum.
2877 4240 3053 4294 Nolite
3069 4240 3299 4294 solliciti.
3323 4238 3614 4295 Perfectius
3632 4238 3751 4290 esset

2206 4334 2532 4403 pauperibus
2559 4333 2737 4386 omnia
2775 4333 2925 4396 dare,
2960 4339 3013 4385 et
3044 4331 3109 4385 de
3137 4346 3445 4384 mammona
3483 4323 3748 4398 iniquitatis

2210 4422 2413 4478 amicos
2438 4422 2616 4475 facere
2642 4438 2655 4485 ;
2689 4422 2781 4475 sed
2819 4420 2943 4489 quia
2970 4421 3285 4490 plerumque
3314 4420 3526 4475 devotio
3553 4416 3665 4472 fidei
3683 4413 3749 4468 in-

2208 4514 2464 4569 firmitate
2490 4522 2791 4578 revocatur,
2826 4527 2931 4567 non
2968 4513 3217 4582 prohibet
3243 4512 3648 4583 providentiam,
3671 4520 3750 4579 per

2207 4622 2369 4677 quam
2397 4607 2449 4661 in
2488 4606 2684 4659 sudore
2711 4604 2887 4659 vultus
2926 4605 3080 4674 panis
3122 4614 3477 4674 praeparatur,
3515 4602 3605 4658 sed
3628 4603 3749 4654 vetat

2205 4697 2617 4753 sollicitudinem
2643 4712 2763 4766 qua:
2789 4705 3023 4751 mentem
3060 4698 3338 4765 perturbat
3372 4708 3429 4751 et
3467 4696 3535 4751 ab
3562 4690 3749 4749 aeternis

2204 4796 2437 4843 revocat.
2881 4784 2895 4795 ‘

2276 4878 2439 4932 Vens.
2471 4877 2561 4932 24.
2604 4907 2673 4917 -
2711 4876 3068 4932 Considerate.
3119 4877 3303 4932 Sancti
3351 4877 3548 4933 merito
3588 4873 3749 4930 avibus

2202 4979 2605 5037 comparantur,
2631 4967 2720 5037 qui
2746 4968 2875 5022 nihil
2895 4968 2947 5021 in
2976 4967 3175 5021 mundo
3204 4968 3486 5033 habentes,
3513 4980 3609 5020 nec
3627 4962 3750 5016 labo—

2206 5070 2407 5125 rantes,
2450 5059 2560 5115 sola
2596 5058 3043 5126 contamplatione
3071 5069 3269 5112 aeterna
3307 5068 3528 5128 petunt,
3562 5055 3668 5126 jam
3692 5053 3749 5106 ειν

2205 5149 2359 5202 utiles
2389 5147 2610 5218 angelis.
2632 5147 2838 5211 Quamo
2870 5148 3052 5214 magis.
3081 5145 3137 5199 Si
3167 5146 3473 5201 volatilibus
3495 5158 3598 5199 non
3625 5140 3749 5193 labo—

2207 5239 2470 5301 rantibus,
2496 5255 2595 5291 nec
2617 5251 2930 5292 communes
2951 5235 3157 5290 fructus
3181 5235 3359 5305 aliquo
3378 5236 3481 5290 sibi
3500 5232 3750 5290 dominatu

2207 5328 2495 5397 specialius
2524 5326 2921 5382 vindicantibus
2964 5325 3301 5395 providentia
3341 5323 3436 5380 Dei
3470 5316 3747 5378 necessaria

2205 5417 2451 5485 largitur,
2483 5431 2669 5471 verum
2691 5425 2776 5470 est
2797 5428 3015 5468 causam
3040 5414 3230 5484 inopiae
3253 5422 3455 5469 nostra:
3484 5407 3749 5467 avaritiam

2206 5508 2466 5573 indicare,
2517 5509 2608 5578 qui
2647 5511 2952 5566 communia
2986 5511 3140 5579 quasi
3180 5510 3397 5581 propria
3437 5506 3750 5563 vindicamus

2208 5608 2263 5655 et
2293 5599 2411 5653 aliis
2430 5599 2747 5656 invidemus.

2282 5689 2443 5744 Vens.
2471 5689 2562 5745 26.
2584 5720 2655 5729 —
2683 5689 2745 5745 Si
2774 5707 2893 5761 ergo
2922 5707 3099 5761 neque.
3126 5682 3187 5747 Si
3238 5707 3335 5748 nec
3377 5692 3435 5747 in
3467 5690 3750 5759 augmet'dr
