3960 6336
196 344 302 401 297

1183 327 1452 388 GLOSSA
1485 321 1884 387 ORDlNARlA.
1919 351 1988 363 —
2026 316 2279 378 EVANG.
2318 318 2474 378 LUC.

3337 309 3445 366 298

198 458 347 514 tione
368 453 612 526 corporis
634 452 798 510 vestri
831 449 1046 522 operari
1083 448 1345 520 potestis,
1373 461 1493 516 quae
1528 443 1772 514 operatio
1798 442 1850 503 Α
1876 439 2012 526 tolli.
2208 439 2333 526 data
2357 452 2458 508 pro
2479 435 2698 494 Christo
2749 442 3010 490 aeternum
3042 428 3277 486 fructum
3325 441 3452 482 ωηο

196 558 282 605 est
319 549 430 603 Deo
471 531 689 600 minima
719 544 785 599 ad
819 541 1277 612 comparationem
1309 538 1607 608 spiritualis
1629 550 1782 592 crea-

199 641 358 701 turae,
388 635 518 706 quid
542 632 759 689 solliciti
782 632 915 688 estis
943 626 1011 687 de
1039 630 1249 686 caeteris
1277 628 1592 700 majoribus,
1624 627 1680 682 id
1696 633 1782 682 est

197 727 268 782 de
294 727 491 781 animae
520 724 954 779 conservatione.

272 812 437 870 Vens.
458 800 552 868 ‘27.
577 845 647 854 —
667 811 1008 867 Considerate
1037 810 1169 864 lilia.
1196 810 1398 879 Aperta
1426 806 1776 876 comparatio.

199 905 337 961 Lilia
381 919 488 958 non
524 905 663 958 sicut
690 903 874 958 caeteri
906 901 1114 956 fructus
1155 900 1387 969 aliquem
1423 898 1780 968 agricolarum

200 995 404 1050 cultum
429 994 731 1062 requirunt.
755 991 904 1046 Solet
925 991 1088 1045 etiam
1107 1005 1203 1059 per
1219 990 1385 1043 lilium
1408 989 1642 1044 coaleslis
1661 989 1782 1042 bea-

201 1085 376 1139 titudo
402 1083 714 1154 signiﬁcari,
747 1083 815 1135 ad
843 1096 1006 1151 quam
1035 1095 1134 1134 nos
1165 1079 1356 1132 invitat
1375 1078 1655 1131 Dominus.
1686 1075 1782 1129 Li-

201 1175 270 1229 lia
305 1191 412 1230 non
454 1174 602 1229 silvis
629 1173 723 1228 sed
764 1173 818 1227 in
860 1173 1031 1227 hortis
1066 1179 1380 1232 nascuntur.
1413 1170 1493 1224 sic
1518 1179 1572 1223 et
1597 1181 1698 1223 nos
1727 1166 1780 1222 in

201 1266 376 1320 hortis
396 1266 654 1321 virtutum
678 1264 826 1318 nasci
851 1264 1126 1318 debemus.
1150 1259 1261 1315 Nec
1278 1258 1780 1328 Salomon.(Aunn.)

203 1354 460 1410 Salomon
488 1361 544 1408 et
571 1354 657 1408 hic
683 1353 930 1416 vestitus,
961 1353 1014 1406 et
1043 1351 1168 1406 alibi
1189 1359 1480 1419 'Coopertus
1510 1349 1678 1418 gloria
1701 1347 1783 1402 di-

202 1445 367 1508 citur,
391 1445 484 1513 qui
509 1443 880 1497 infirmitatem
904 1454 1178 1510 corporea:
1211 1450 1418 1493 natura:
1449 1439 1616 1492 veluti
1644 1452 1780 1506 qua-

200 1535 330 1590 dam
369 1535 568 1589 virtute
607 1533 805 1588 mentis
844 1531 1179 1601 adopertam,
1227 1543 1448 1600 operum
1479 1527 1651 1599 gloria
1688 1541 1780 1582 ve-

204 1623 422 1678 stiebat.

285 1713 544 1770 Vestiebat
577 1715 712 1770 sicut
745 1730 928 1769 unum.
968 1713 1096 1779 Quae
1129 1728 1363 1784 purpura
1403 1727 1619 1784 regum,
1659 1727 1780 1782 quae

1880 521 2063 577 ferunt
2092 523 2145 576 in
2173 521 2346 576 oculis.

1948 611 2112 668 Vens.
2137 612 2316 665 54.--
2339 608 2438 665 Ubi
2459 610 2597 664 enim
2625 611 2920 664 thesaurus.
2949 603 3362 666 Universaliter,
3392 611 3450 656 et

1877 703 1945 759 de
1970 702 2197 772 pecunia
2220 709 2276 756 et
2310 701 2376 756 de
2396 701 2648 756 omnibus
2669 698 3050 768 voluptatibus.
3101 694 3288 751 Gulosi
3329 693 3450 748 the-

1878 807 2072 848 saurus
2115 800 2198 847 est
2239 799 2444 856 venter,
2491 789 2584 845 ubi
2636 789 2798 844 habet
2843 804 2958 852 cor,
3002 787 3081 842 sic
3108 794 3164 840 et
3200 785 3267 840 de
3308 783 3448 839 aliis.

1878 881 2013 936 Nam
2041 881 2086 936 si
2107 881 2160 934 in
2189 889 2358 943 terra,
2401 893 2504 934 cor
2522 886 2606 933 est
2624 877 2910 942 deorsum;
2956 877 3001 931 si
3033 877 3086 930 in
3113 875 3450 940 ctelestibus,

1877 981 1962 1028 est
1985 972 2040 1025 in
2058 969 2276 1025 Christo
2301 968 2488 1023 ﬁxum.
2529 964 2760 1022 Necesse
2785 974 2867 1020 est
2889 966 3054 1030 enim,
3097 973 3156 1019 ut
3184 980 3291 1033 quo
3315 979 3452 1032 prat-

1879 1060 2103 1116 cesserit
2125 1058 2430 1113 dilectionis
2451 1056 2758 1121 thesaurus,
2787 1054 2897 1110 illic
2923 1065 2978 1108 et
2997 1055 3339 1125 cogitationis
3361 1068 3447 1108 se-

1880 1158 2076 1220 quatur
2101 1147 2344 1202 allectus.

1952 1237 2114 1292 Vens.
2143 1238 2233 1293 55.
2260 1263 2332 1278 --
2355 1237 2476 1293 Sint
2499 1236 2682 1304 lumbi,
2703 1245 2836 1301 etc.,
2861 1245 2908 1290 et
2933 1235 3180 1291 lucernae.
3212 1238 3321 1292 Deo
3344 1252 3450 1292 non

1881 1329 2058 1399 placet
2079 1345 2243 1384 unum
2271 1329 2390 1384 sine
2417 1328 2589 1384 altero
2618 1344 2739 1384 cum
2766 1329 2886 1398 quis
2908 1328 2990 1383 vel
3020 1329 3157 1382 bona
3178 1327 3289 1398 agit
3315 1341 3452 1381 non-

1881 1417 2006 1473 dum
2036 1417 2309 1473 refrenata
2337 1416 2573 1483 luxuria,
2599 1419 2682 1472 vel
2706 1426 2852 1474 caste
2879 1418 3031 1483 vivit,
3059 1433 3165 1472 non
3196 1431 3456 1472 exercens

1881 1523 1942 1564 se
2002 1525 2101 1580 per
2143 1510 2281 1565 bona
2313 1523 2498 1579 opera.
2545 1510 2617 1565 Et
2657 1517 2720 1564 ut
2748 1508 2817 1564 ab
2855 1522 3042 1562 amore
3078 1506 3455 1576 temporalium
3555 1545 3560 1550 -

1879 1602 2100 1671 possitis
2123 1601 2414 1666 removeri,
2439 1609 2498 1655 et
2520 1601 2660 1655 bona
2684 1615 2803 1670 qua:
2825 1600 3004 1670 agitis,
3025 1599 3258 1668 simplici
3281 1598 3457 1652 intenc

1882 1693 2028 1748 tione
2056 1702 2381 1749 aeternorum
2405 1693 2603 1762 agatis,
2645 1692 2848 1762 cingite
2874 1691 3107 1756 lumbos,
3134 1692 3185 1745 id
3225 1699 3310 1745 est
3344 1705 3455 1744 mo-

203 1805 419 1874 pictura
447 1806 732 1861 textricum
754 1812 931 1874 potest
956 1781 1176 1859 floribus
1195 1781 1534 1872 comparari?
1558 1803 1674 1873 Ipse
1695 1817 1780 1856 co-

1899 1798 1968 1837 .us
2004 1784 2301 1838 carnalium
2322 1783 2715 1838 desideriorum
2747 1782 3038 1848 relrenate,
3070 1791 3127 1836 et
3153 1781 3347 1836 habete
3375 1781 3458 1833 lu-

205 1894 292 1949 lor
317 1895 513 1950 dicitur
535 1895 912 1950 vestimentum
940 1891 1105 1956 ﬂoris,
1135 1893 1276 1947 sicut
1299 1891 1495 1947 dicitur
1512 1908 1535 1945 ιε
1560 1889 1784 1962 Operuit

205 1983 372 2038 istum
407 1986 590 2041 rubor.

277 2074 444 2130 Vens.
468 2065 563 2131 98.
587 2073 815 2129 -Ὁτᾱσ
836 2073 898 2128 in
925 2071 1206 2127 clibanum.
1229 2071 1370 2126 ‘Cras
1386 2071 1451 2126 in
1485 2071 1782 2140 Sc‘rip‘turis

203 2175 308 2237 pro
336 2167 519 2221 futuro
540 2167 778 2236 ponitur,
810 2166 1020 2220 dicente
1047 2162 1255 2219 Iacob»:
1280 2162 1540 2216 Exaudiet
1564 2179 1644 2216 me
1665 2178 1784 2216 cras

203 2259 415 2326 iustitia
439 2274 554 2310 mea
578 2255 730 2327 (Gen.
765 2256 915 2327 xxx).

280 2347 444 2402 Vens.
472 2347 561 2402 29.
584 2377 655 2387 —
684 2345 862 2400 Nolite
898 2361 1130 2415 quazrere
1148 2344 1274 2415 quid
1305 2344 1651 2408 manducetis,
1691 2348 1783 2396 aut

206 2437 335 2507 quid
361 2437 566 2490 bibatis.
593 2435 710 2492 Non
733 2437 808 2490 ait
830 2447 846 2490 :
872 2435 1047 2490 Nolite
1062 2449 1305 2505 quaerere
1325 2435 1409 2490 vel
1431 2435 1643 2491 solliciti
1665 2449 1786 2488 esse

209 2527 279 2580 de
304 2525 426 2580 cibo
446 2525 531 2580 vel
551 2525 894 2589 vestimento,
919 2525 1013 2580 sed
1025 2525 1336 2594 expressius
1361 2524 1486 2593 quid
1508 2522 1788 2576 manduce-

207 2617 279 2670 tis
304 2628 396 2670 aut
408 2617 532 2687 quid
543 2617 762 2671 “bibatis.
773 2617 835 2681 in
851 2633 957 2686 quo
972 2616 1219 2670 videntur
1235 2617 1387 2686 argui
1401 2615 1454 2670 bi
1477 2615 1590 2684 qui,
1604 2625 1787 2686 spreto

181 2708 358 2762 ‘victu
377 2706 463 2763 vel
476 2709 669 2764 vestitu
693 2709 986 2774 communi,
1004 2708 1233 2762 lautiora
1261 2708 1341 2762 vel
1363 2708 1659 2762 austeriora
1677 2722 1786 2776 prae

210 2799 298 2854 his
336 2815 457 2854 cum
486 2801 681 2870 quibus
718 2801 925 2864 vivunt,
955 2800 1213 2855 alimenta
1247 2800 1332 2854 vel
1363 2800 1672 2854 indumenta
1697 2813 1788 2853 re-

211 2890 454 2958 quirunt.
499 2891 676 2946 Nolite
729 2893 784 2944 in
824 2891 1062 2945 sublime.
1107 2890 1384 2946 Probibita
1433 2889 1787 2945 sollicitudine

209 2981 390 3035 victus
415 2981 499 3036 vel
520 2983 768 3045 vestitus,
793 2998 912 3051 quae
941 2989 1067 3036 sunt
1090 2983 1155 3036 ad
1183 2983 1578 3044 necessitatem,
1611 2983 1789 3052 probi-

212 3072 306 3126 bet
324 3073 489 3126 etiam
533 3073 837 3141 superbiam
866 3088 986 3142 quae
1024 3071 1161 3126 solet
1197 3072 1263 3126 de
1299 3072 1415 3126 istis
1450 3073 1788 3141 superabun-

1883 1887 2076 1930 cernas
2111 1877 2385 1940 ardentes,
2431 1883 2491 1929 ut
2525 1875 2580 1928 in
2608 1875 2922 1944 Operatione
2959 1883 3140 1930 vestna
3192 1875 3308 1930 solo
3359 1874 3456 1930 Dei

1883 1979 2067 2021 amore
2096 1966 2328 2021 ardeatis
2353 1975 2408 2020 et
2437 1966 2561 2021 aliis
2587 1966 2891 2036 exemplum
2918 1967 3222 2036 praebeatis.

1953 2053 2255 2110 Vens-56.
2301 2085 2372 2097 —-
2410 2056 2868 2117 Exspectantibus.
2917 2055 3042 2111 Sive
3091 2058 3276 2112 vitatis
3310 2057 3453 2112 mala

1885 2148 1998 2204 sive
2036 2148 2217 2203 facitis
2261 2148 2424 2213 bona,
2461 2147 2595 2202 nihil
2633 2148 2988 2211 mundamini,
3033 2148 3126 2202 sed
3157 2147 3329 2202 solum
3356 2148 3458 2202 ad-

1885 2249 2102 2294 ventum
2131 2238 2507 2308 Redemptoris
2527 2237 2866 2308 exspectetis.
2893 2237 3116 2302 Quando
3147 2247 3452 2292 reuertatur.

1883 2329 1965 2383 Ad
2000 2329 2214 2396 nuptias
2254 2327 2513 2382 Dominus
2538 2328 2653 2392 ivit,
2697 2342 2820 2382 cum
2849 2337 2971 2394 post
3004 2327 3455 2382 resurrectionem

1885 2432 2058 2471 novus
2084 2417 2244 2472 homo
2270 2417 2583 2486 angelorum
2610 2417 3007 2471 multitudinem
3027 2417 3126 2471 sibi
3151 2417 3458 2488 copulavit:

1887 2523 1918 2562 a
1948 2509 2142 2578 quibus
2171 2509 2481 2572 revertitur,
2528 2523 2653 2563 cum
2684 2507 2836 2562 nobis
2874 2508 2974 2577 p'er
2992 2505 3256 2574 judicium
3279 2510 3458 2562 mani-

1885 2597 2135 2664 festatur.
2181 2597 2332 2653 Unde
2357 2606 2411 2652 et
2429 2597 2564 2652 bene
2593 2598 2658 2654 de
2680 2599 3116 2667 exspectantibus
3143 2599 3323 2653 subdit
3352 2613 3366 2653 :
3390 2598 3461 2653 Ut

1887 2703 2004 2740 cum
2031 2688 2242 2750 uenerit,
2291 2686 2563 2754 confestim
2591 2687 2825 2757 aperiant
2851 2687 2916 2740 ei.
2967 2685 3081 2740 Non
3110 2688 3226 2741 vult
3251 2689 3462 2758 aperire

1881 2778 2048 2849 iudici
2075 2777 2334 2847 pulsanti,
2363 2777 2455 2848 qui
2484 2777 2680 2831 timens
2711 2775 2894 2831 videre
2912 2776 3113 2830 iratum
3143 2793 3305 2846 quem
3329 2794 3457 2834 cono

1888 2867 2127 2936 tempsit,
2168 2867 2236 2922 de
2262 2881 2488 2937 corpore
2527 2867 2678 2920 exire
2707 2865 2916 2920 metuit.
2965 2865 3156 2934 Aperit
3181 2867 3273 2935 qui
3309 2866 3454 2935 judio

1887 2972 2006 3012 cem
2027 2956 2179 3012 laztus
2216 2965 2274 3012 et
2301 2971 2522 3012 securus
2542 2956 2791 3019 sustinet,
2824 2963 2878 3010 et
2907 2955 2972 3010 de
2993 2957 3289 3026 propinqua
3310 2973 3456 3012 mor-

1889 3056 1942 3101 te
1967 3048 2181 3117 gaudet,
2233 3048 2375 3103 unde
2405 3047 2650 3104 subditur
2662 3065 2681 3101 -:
2721 3047 2871 3102 Beati
2893 3048 3025 3102 servi
3045 3048 3145 3115 illi,
3175 3066 3303 3120 quos
3332 3066 3452 3104 cum

212 3158 472 3212 dantibus
503 3159 759 3227 consequi
787 3177 800 3212 :
831 3141 950 3212 ideo
978 3160 1093 3213 haec
1122 3174 1188 3213 ne
1219 3160 1529 3228 requiratis,
1561 3161 1788 3228 quia'ta-
1813 3141 1861 3203 (ἶ
1892 3141 2106 3205 "nnis
2133 3150 2239 3194 εω-

212 3247 284 3303 is
320 3249 628 3304 sollicitudo
656 3251 784 3305 facit
819 3251 1122 3305 inﬁdelibus
1147 3251 1371 3305 similes.

289 3339 455 3393 Vens.
500 3337 592 3394 50.
615 3359 690 3380 -4—
715 3341 784 3394 Et
815 3343 926 3394 lure
962 3341 1154 3394 omnia.
1197 3341 1331 3407 Quia
1356 3343 1535 3396 omnia
1567 3351 1692 3397 sunt
1725 3342 1791 3396 llo

216 3428 437 3492 liorum,
460 3427 582 3483 ideo
597 3428 715 3483 haec
744 3430 923 3482 omnia
944 3429 1264 3499 adjicientur
1291 3432 1464 3497 vobis,
1495 3435 1655 3486 etiam
1685 3449 1789 3486 non

217 3516 608 3586 quaerentibus,
639 3526 698 3570 ut
743 3532 842 3571 nec
872 3518 925 3570 in
951 3518 1202 3586 praesenti
1238 3534 1336 3573 nec
1364 3519 1415 3572 in
1446 3519 1624 3574 futuro
1653 3521 1793 3574 desit

217 3609 397 3677 aliqua
427 3609 595 3679 gratia
629 3608 892 3673 lidelibtis,
936 3609 1132 3677 quibus
1161 3609 1203 3662 si
1235 3609 1347 3662 haec
1370 3611 1787 3675 subtrahuntur,

217 3701 291 3755 ad
316 3700 685 3768 probationem
708 3708 815 3763 est,
866 3700 909 3752 si
942 3700 1135 3752 dantur
1180 3699 1246 3752 ad
1277 3699 1567 3767 gratiarum
1619 3700 1790 3754 actio-

219 3801 369 3852 nem,
421 3789 545 3859 quia
583 3790 756 3842 omnia
783 3797 1128 3858 cooperantur
1147 3789 1199 3840 in
1226 3788 1414 3842 bonum
1437 3789 1602 3843 bonis.

296 3880 462 3936 Vens.
484 3881 572 3936 52.
604 3911 668 3921 —-
713 3880 891 3935 Nolite
935 3881 1130 3933 timere.
1189 3880 1432 3950 Regnum
1461 3882 1700 3949 quaerite,
1741 3889 1796 3938 et

219 3973 294 4028 de
320 3987 484 4043 regno
517 3985 586 4025 ne
623 3970 903 4034 dillidatis;
951 3969 1073 4038 quia
1105 3968 1266 4023 Pater
1300 3969 1616 4039 complacita
1643 3971 1797 4024 boni—

222 4070 340 4118 tate
385 4062 534 4116 dabit
557 4061 707 4116 vobis
749 4075 994 4131 regnum,
1035 4073 1138 4113 non
1173 4060 1368 4114 vestris
1406 4059 1631 4114 meritis.
1687 4058 1797 4113 Pu:-

221 4155 398 4210 sillus.
448 4153 544 4208 Vel
588 4155 656 4208 ob
690 4152 1143 4220 comparationem
1190 4149 1411 4219 majoris
1451 4151 1660 4206 numeri
1707 4167 1794 4204 re-

221 4245 534 4315 proborum,
572 4242 655 4297 vel
669 4242 854 4312 potius
883 4242 951 4296 ob
974 4241 1298 4295 humilitatis
1319 4241 1674 4303 devotionem.
1704 4253 1800 4310 per

223 4350 391 4406 quam
422 4334 777 4390 humilitatem
807 4332 1008 4388 crescit
1048 4331 1308 4398 Ecclesia,
1356 4346 1455 4401 per
1485 4347 1645 4402 quam
1675 4347 1800 4402 per-

225 4426 447 4480 veuitur
474 4425 539 4478 ad
568 4438 814 4492 regnum.

303 4512 467 4567 Vens.
499 4512 588 4566 55.
633 4543 703 4552 —
741 4511 976 4566 Vendite.
1030 4511 1143 4565 Non
1178 4519 1384 4566 tantum
1423 4525 1530 4567 non
1562 4512 1797 4568 timentis

226 4621 302 4660 ne
328 4612 548 4675 propter
568 4619 789 4674 regnum
818 4602 1172 4656 militantibus
1198 4603 1322 4656 vitae.
1347 4604 1652 4658 necessaria
1701 4605 1795 4657 dc-

227 4698 364 4762 sint,
401 4697 492 4750 sed
517 4697 677 4750 etiam
704 4707 947 4764 possessa
984 4693 1198 4746 vendite
1237 4702 1455 4762 propter
1503 4693 1797 4761 elecmosy~

226 4803 385 4851 nam,
413 4801 531 4857 quae
557 4795 641 4841 est
665 4787 748 4839 via
779 4785 854 4838 ad.
876 4799 1119 4853 regnum,
1146 4784 1272 4836 dum
1301 4798 1396 4852 per
1423 4797 1540 4836 eam
1576 4793 1798 4852 peccata

228 4877 593 4931 redimuntur.
620 4874 732 4929 Non
765 4883 969 4928 tantum
1001 4872 1148 4926 cibos
1173 4879 1378 4926 vestros
1406 4872 1800 4926 communicatis

225 4967 577 5036 pauperibus,
621 4964 716 5018 sed
741 4964 902 5017 etiam
935 4961 1153 5016 vendite
1177 4969 1384 5016 vestras
1410 4963 1800 5031 possessiones,

153 5102 191 5126 ἃ,
227 5065 296 5108 ut
323 5055 574 5108 omnibus
595 5054 790 5107 vestris
813 5051 980 5107 semel
1007 5066 1104 5120 pro
1144 5050 1370 5104 Domino
1401 5053 1597 5120 spretis
1618 5061 1802 5122 postea

148 5122 192 5147 ω
229 5145 420 5200 labore
452 5160 705 5198 manuum
748 5151 1044 5196 vestrarum
1070 5141 1391 5210 operemini,
1431 5143 1572 5197 unde
1613 5143 1804 5199 vivatis

231 5239 321 5292 vel
373 5237 764 5308 eleemosynam
808 5234 1034 5288 faciatis.
1085 5233 1214 5289 Date
1257 5234 1652 5304 elemosynam.
1703 5237 1803 5304 Qui

228 5341 337 5398 pro
363 5326 502 5381 coelo
529 5326 707 5380 omnia
738 5324 1004 5379 mundana
1032 5324 1237 5392 spernit
1273 5324 1468 5378 vendat
1498 5340 1616 5393 (pne
1645 5327 1804 5381 habet

229 5426 292 5472 et
319 5417 608 5471 distribuat
631 5433 645 5468 :
670 5415 760 5484 qui
788 5429 894 5468 non
923 5424 1007 5469 est
1029 5422 1188 5467 tanta;
1211 5414 1447 5477 virtutis,
1476 5415 1541 5469 de
1572 5415 1656 5469 his
1683 5431 1803 5485 qua:

233 5509 402 5565 habet
442 5509 836 5578 eleemosynam
879 5507 988 5561 det.
1040 5505 1163 5560 Non
1197 5506 1539 5575 deﬁcientem.
1577 5507 1806 5578 Tempo-

233 5597 396 5662 ralia,
422 5597 507 5652 vel
530 5611 596 5651 ex
617 5612 711 5652 sua
737 5595 1025 5667 fragilitate
1053 5595 1329 5660 deficiunt,
1385 5597 1470 5653 vel
1495 5599 1538 5652 si
1559 5597 1686 5668 quid
1717 5612 1805 5653 so-

231 5687 402 5742 lidum
425 5697 686 5760 superest,
717 5697 776 5742 ut
803 5686 1006 5756 lapides
1024 5688 1266 5756 pretiosi,
1295 5704 1326 5743 a
1352 5688 1558 5746 furibus
1578 5698 1804 5760 possunt

632 5783 902 5842 Pnnoe.
947 5782 1165 5843 CXIV.

1962 3231 2126 3285 Vens.
2159 3231 2247 3284 57.
2271 3255 2341 3274 -οι
2376 3231 2681 3302 Vigilatttes.
2707 3231 2904 3304 Vigilat
2927 3236 3019 3305 qui
3042 3236 3227 3292 oculos
3243 3245 3458 3306 apertos

1891 3323 1948 3377 in
1973 3339 2103 3378 vero
2121 3324 2321 3380 lumine
2352 3335 2515 3390 tenet,
2547 3336 2608 3381 ut
2631 3330 2879 3383 tenebras
2901 3331 3235 3400 negligentia:
3259 3333 3458 3401 evitet;

1892 3413 1983 3482 qui
2009 3415 2171 3468 etiam
2202 3416 2344 3484 quod
2385 3417 2616 3471 credidit
2643 3427 2916 3487 operatur,
2967 3421 3058 3491 qui
3091 3422 3349 3478 sollicitus
3378 3434 3464 3480 est

1893 3505 1946 3557 in
1977 3519 2106 3557 cura
2133 3505 2310 3573 gregis
2339 3507 2438 3560 sibi
2465 3508 2757 3563 commissi.
2799 3509 2938 3577 Quid
2967 3527 3096 3566 vero
3120 3511 3469 3583 vigilantibus

1895 3594 2155 3648 debeatur
2180 3595 2362 3650 subdit
2387 3613 2400 3649 :
2432 3597 2593 3651 Amen
2612 3599 2736 3652 dico
2758 3601 2920 3655 vobis.

1962 3684 2126 3740 Vens.
2153 3686 2242 3752 58,
2276 3687 2363 3742 59.
2395 3715 2462 3728 -
2492 3688 2626 3743 Etsi
2653 3694 2846 3746 uenerit
2868 3695 2921 3748 in
2943 3696 3194 3763 secunda,
3245 3706 3350 3754 etc.
3377 3697 3471 3754 Vi-

1893 3776 2047 3845 gilias
2077 3787 2244 3864 ’vocat
2285 3793 2315 3832 a
2358 3779 2711 3837 similitudine
2755 3787 3156 3842 excubantium.
3207 3789 3265 3844 In
3304 3801 3466 3848 nocte

1895 3864 2054 3932 hujus
2090 3869 2272 3921 mundi
2312 3883 2524 3939 semper
2549 3872 2806 3929 debemus
2847 3891 2967 3932 esse
3000 3887 3188 3934 contra
3243 3881 3454 3938 hostem

1894 3957 2128 4023 solliciti,
2164 3967 2219 4012 et
2240 3969 2554 4029 exspecta-re
2577 3963 2754 4017 lucem
2802 3975 3100 4032 venturam,
3151 3971 3205 4025 id
3233 3982 3318 4027 est
3357 3974 3455 4028 ado

1895 4057 2111 4103 ventum
2130 4048 2349 4116 judicis.
2381 4050 2557 4105 Prima
2591 4068 2718 4122 ergo
2745 4056 2924 4124 vigilia
2949 4060 3188 4114 custodia
3216 4064 3460 4131 pueritiae

1896 4146 2002 4204 est,
2048 4139 2281 4193 secunda
2305 4138 2619 4207 iuventutis,
2673 4144 2833 4198 tertia
2877 4150 3191 4204 senectutis.
3237 4151 3293 4206 Si
3343 4156 3467 4222 quis

1897 4243 2028 4282 vero
2074 4227 2129 4282 in
2150 4229 2383 4298 pueritia
2410 4230 2629 4300 vigilare
2654 4233 2974 4304 neglexerit,
3008 4253 3114 4293 non
3144 4247 3324 4296 tamen
3371 4243 3465 4298 de-

1900 4325 2101 4387 speret,
2151 4318 2246 4374 sed
2280 4319 2444 4373 etiam
2488 4321 2542 4374 in
2586 4321 2869 4391 iuventute
2909 4326 2994 4382 vel
3023 4329 3215 4384 saltem
3253 4331 3469 4388 tandem

1904 4410 1956 4462 in
1993 4409 2266 4464 senectute
2310 4411 2614 4481 resipiscat,
2661 4415 2785 4486 quia
2812 4417 3110 4487 piusjudex
3155 4437 3335 4477 moras
3368 4439 3466 4478 no-

1902 4509 2050 4556 str’as
2075 4501 2344 4571 patienter
2362 4513 2658 4574 exspectat.
2699 4507 2800 4575 Qui
2828 4510 2895 4564 ad
2919 4512 3289 4567 excutiendam
3322 4530 3472 4570 men-

1906 4593 1976 4647 tis
2001 4592 2264 4648 desidiam
2287 4596 2615 4651 exteriorum
2647 4599 3023 4655 damnatorum
3065 4602 3472 4660 similitudinem

1902 4686 2130 4751 inducit,
2180 4697 2239 4741 ut
2259 4703 2358 4758 per
2390 4691 2493 4746 hoc
2524 4692 2735 4747 animus
2764 4695 2830 4749 ad
2854 4696 3152 4750 custodiam
3185 4698 3265 4753 sui
3296 4701 3470 4755 susci-

1904 4788 2067 4834 tetur.
2104 4780 2271 4847 llnde,
2318 4781 2434 4836 Hoc
2454 4794 2625 4837 autem
2649 4787 2828 4840 scitote
2848 4789 3093 4858 quoniam
3112 4791 3158 4844 si
3183 4791 3336 4846 sciret
3382 4810 3477 4864 pa-

1904 4871 2231 4941 terfamilias.
2290 4872 2574 4930 Nesciente
2596 4876 2982 4946 patrefamilias
3011 4878 3098 4935 fur
3117 4881 3333 4938 domum
3353 4900 3476 4954 per-

1903 4961 2059 5028 fodit,
2091 4962 2216 5032 quia
2244 4963 2372 5018 dum
2393 4980 2424 5018 a
2457 4966 2536 5020 sui
2563 4967 2803 5022 custodia
2834 4970 3058 5038 spiritus
3091 4972 3312 5039 dormit,
3367 4975 3469 5030 im-

1903 5054 2114 5124 provisa
2153 5070 2299 5110 mors
2343 5057 2523 5111 carnis
2569 5058 2932 5117 habitaculum
2983 5061 3252 5132 irrumpit,
3300 5072 3353 5118 et
3403 5067 3470 5122 ad

1905 5147 2164 5216 supplicia
2209 5149 2397 5202 trahit.
2438 5149 2566 5203 Furi
2595 5159 2772 5204 autem
2807 5152 3083 5208 resisteret
3127 5156 3172 5210 si
3199 5156 3468 5226 vigilaret,

1904 5236 2030 5304 quia
2076 5237 2362 5292 adventum
2417 5238 2613 5309 judicis
2661 5241 2870 5297 occulte
2911 5245 3216 5302 venientem
3261 5263 3470 5317 prmca-

1905 5341 2062 5390 vens,
2101 5329 2413 5396 paenitendo
2439 5341 2772 5386 occurreret.

1973 5415 2137 5472 Vens.
2167 5417 2257 5472 40.
2285 5449 2356 5461 ——-
2387 5419 2504 5484 Qua
2533 5420 2664 5475 hora
2700 5439 2802 5476 non
2823 5426 3016 5492 putatis
3055 5423 3228 5480 Filius
3248 5428 3472 5482 hominis

1901 5510 2108 5566 veniet?
2135 5509 2383 5564 Ultimam
2411 5511 2600 5566 horam
2623 5529 2835 5583 semper
2855 5516 3087 5584 ignorari
3112 5516 3477 5571 voluitDomi-

1902 5615 2020 5663 nus,
2050 5608 2111 5653 ut
2131 5613 2345 5672 semper
2365 5600 2436 5659 sit
2467 5612 2734 5673 suspecta,
2783 5612 2836 5660 et
2858 5605 2925 5660 ad
2955 5621 3074 5660 eam
3103 5621 3312 5674 semper
3339 5621 3472 5676 prae.

1901 5696 2140 5758 paretur.
2412 5710 2429 5728 ο
3261 5707 3266 5712 λ

3011 5787 3082 5844 10
