3960 6336
593 337 699 394 299

1092 335 1483 392 WALAFRIDI
1523 335 1767 392 STRAB]
1813 336 2015 394 FULD.
2055 331 2220 390 MON.
2259 332 2409 392 OPP.
2451 333 2629 393 PARS
2664 335 2707 390 1.
2747 365 2817 376 -ν-
2850 334 3302 394 THEOLOGICA.

3674 345 3750 404 ,ιη

662 453 824 508 Vsus.
865 453 956 506 41.
982 479 1051 492 --
1078 454 1166 506 Ait
1205 461 1378 508 autem
1399 454 1445 508 ei
1469 448 1678 507 Petrus.
1724 453 1857 508 Cum
1891 451 2148 506 Dominus
2177 451 2229 509 Α
2325 449 2482 504 Omni
2525 461 2719 504 autem.
2769 449 2960 506 Merito
3000 449 3174 504 malus
3220 464 3530 520 cognoscens
3568 455 3682 522 plus,
3713 473 3753 517 et

594 540 702 596 duo
728 542 1086 611 proposuerit,
1125 540 1330 595 scilicet
1351 549 1405 595 et
1436 555 1494 596 se
1523 540 1703 596 subito
1739 550 2044 604 venturum,
2101 546 2158 594 et

585 629 712 685 illos
737 631 1098 700 exspectando
1111 638 1334 700 paratos
1349 643 1470 685 esse
1496 629 1718 695 debere,
1741 629 1940 700 quaerit
1960 628 2154 682 Petrus

593 720 640 776 si
671 721 758 775 illa
791 721 1037 777 sublimia
1061 722 1308 776 instituta
1334 717 1575 776 caelestis
1597 721 1744 785 vitm,
1768 735 1889 790 quae
1911 726 2037 774 sunt
2063 723 2155 772 ne:

591 811 827 866 cessaria
872 825 930 865 se
974 811 1423 881 prteparantibus,
1483 809 1550 864 ad
1591 809 1863 878 apostolos
1901 807 2074 863 solum
2103 813 2158 861 et

589 901 796 956 similes
820 916 1034 967 eorum,
1074 917 1145 955 an
1175 901 1244 955 ad
1271 914 1460 954 omnes
1503 899 1787 955 salvandos
1824 898 2152 970 pertineant.

635 995 820 1068 _Veus.
869 994 959 1047 42.
989 1023 1059 1034 —
1092 993 1240 1048 Dixit
1265 1003 1438 1048 autem
1488 992 1763 1048 Dominus.
1807 992 2157 1064 RespOndens

584 1082 1001 1153 ad-'interrogata
1025 1083 1306 1146 Dominus,
1344 1083 1577 1152 primum
1605 1090 1660 1138 et
1683 1083 1975 1138 secundum
2005 1080 2157 1150 'judi-

582 1173 726 1227 cium
757 1173 968 1227 cunctis
989 1170 1301 1236 allaturum,
1349 1179 1404 1227 et
1427 1172 1668 1244 singulos
1702 1187 1803 1244 pro
1826 1173 2035 1228 meritis
2068 1171 2154 1227 vel

582 1261 1008 1316 remune'r‘andos
1052 1261 1138 1317 vel
1181 1261 1517 1317 damnandos
1541 1262 1691 1317 dieit.
1740 1261 1966 1327 Deinde,
2009 1261 2152 1332 quod

580 1354 819 1408 maxime
845 1353 1153 1423 quaesierat,
1199 1353 1454 1424 supponit
1497 1353 1706 1409 scilicet
1728 1354 1957 1426 gratiam
1983 1354 2154 1408 virtu-

583 1447 696 1497 tum
727 1458 888 1511 quam
925 1443 1128 1499 mundo
1161 1442 1438 1509 attulerat,
1466 1457 1498 1497 a
1518 1433 1741 1514 singulis
1770 1450 2027 1513 quantum
2059 1455 2154 1512 po-

579 1540 686 1589 test
713 1548 834 1589 esse
854 1533 1188 1598 sectandam,
1205 1533 1347 1603 quod
1376 1541 1460 1588 est
1479 1533 1555 1588 ibi
1576 1550 1590 1586 :
1613 1532 1796 1604 Ignem
1815 1533 1926 1587 veni
1951 1533 2156 1587 mittere

579 1628 634 1679 in
659 1629 874 1681 terram.
917 1611 1050 1692 Quis
1070 1633 1226 1697 putas
1245 1641 1356 1680 esse
1379 1625 1552 1694 ﬁdelis
1581 1625 1910 1694 dispensator
1926 1624 1956 1678 ἕ
1983 1622 2152 1690 Quasi

577 1714 721 1768 dicat
763 1731 777 1767 :
824 1712 1007 1779 Vobis,
1051 1713 1144 1783 qui
1183 1713 1581 1783 dispensatores
1606 1714 1740 1768 estis
1759 1713 2009 1777 instituti,
2051 1713 2153 1768 hoc

2258 557 2366 598 non
2393 557 2726 613 cognoscens
2765 544 2944 598 minus
2978 541 3253 612 vapulabit
3278 543 3398 610 quia
3439 544 3506 598 illi
3536 546 3652 616 plus,
3685 551 3751 605 isti

2257 631 2454 697 minus,
2487 633 2836 687 commissum
2874 639 2958 686 est
2981 645 2998 685 :
3025 639 3080 686 et
3109 630 3178 686 ab
3205 632 3348 686 omni
3385 634 3464 688 cui
3498 634 3607 703 plus
3637 653 3750 693 eom-

2257 722 2508 788 mittitur,
2539 721 2658 791 plus
2679 722 2933 790 exigitur.

2330 811 2495 866 Vsns.
2531 810 2621 865 49.
2650 839 2719 850 -
2750 809 2951 881 Ignem,
2980 819 3085 865 etc.
3134 809 3297 878 Quasi
3324 811 3497 867 dicat:
3540 811 3609 867 Tu
3643 819 3752 886 quae;

2255 901 2429 965 rebas,
2459 917 2527 956 an
2555 916 2745 959 omnes
2774 916 3019 956 moneam
3055 903 3310 958 accinctis
3347 902 3547 968 lumbis,
3572 907 3754 962 ardenti.

2253 991 2356 1047 bus
2389 991 2622 1048 lucernis
2660 994 2947 1047 adventum
2982 993 3192 1047 Domini
3234 993 3549 1062 praestolari?
3576 995 3754 1066 Sedego

2253 1082 2346 1150 qui
2379 1089 2589 1136 tantum
2615 1081 2685 1138 ob
2722 1083 2827 1137 hoc
2856 1082 2977 1136 veni
3003 1083 3058 1136 in
3085 1083 3340 1144 mundum
3371 1091 3478 1136 uta
3502 1085 3754 1152 cupiditati-

2255 1167 2357 1223 bus
2395 1169 2579 1224 mundi
2627 1168 2695 1223 ad
2744 1169 2984 1224 caelestia
3030 1170 3275 1224 homines
3323 1171 3658 1236 accenderem,
3701 1174 3754 1226 nil

2255 1256 2401 1313 aliud
2431 1258 2573 1324 volo,
2605 1260 2710 1314 nisi
2740 1268 2799 1314 ut
2827 1260 3064 1316 incendii
3098 1258 3258 1328 hujus
3278 1260 3434 1331 jubar
3458 1277 3610 1331 usque
3636 1265 3689 1316 ad
3713 1263 3754 1314 ﬁ-

2253 1359 2378 1400 nem
2417 1347 2598 1402 saeculi
2629 1357 2852 1403 cunctas
2901 1335 3085 1403 mundi
3121 1359 3305 1418 partes
3350 1348 3590 1412 illustret,
3635 1361 3677 1404 et
3715 1360 3756 1404 ut

2254 1437 2309 1492 in
2338 1437 2592 1495 cordibus
2622 1439 2858 1494 ﬁdelium
2883 1439 2956 1494 ita
2991 1440 3251 1510 ignescat,
3283 1455 3355 1496 ne
3394 1427 3560 1510 aliquo
3599 1441 3756 1510 impetu

2253 1523 2513 1581 ﬂuctuum
2541 1526 2626 1582 vel
2658 1525 2880 1599 ﬁatuum
2909 1528 3306 1597 exstinguatur.

2320 1615 2594 1685 Baptistno
2633 1627 2806 1670 autem
2849 1617 3030 1683 habeo,
3069 1626 3177 1673 etc.
3223 1618 3292 1672 Et
3315 1622 3382 1673 ut‘
3420 1618 3548 1689 ignis
3595 1618 3679 1676 iste
3716 1619 3755 1673 is

2254 1703 2492 1759 ﬁdelium
2527 1705 2784 1761 cordibus
2824 1713 2986 1774 queat
3018 1707 3264 1774 accendi,
3294 1708 3366 1762 ita
3393 1715 3451 1763 ut
3471 1708 3630 1764 omnia
3653 1717 3754 1763 teme

578 1804 866 1873 specialius
895 1781 1146 1859 convenit
1178 1804 1246 1858 de
1268 1781 1522 1858 custodia
1545 1811 1601 1858 et
1632 1803 2044 1873 praeparatione,
2091 1811 2153 1856 ut
2180 1787 2227 1848 Β
2253 1793 2460 1864 poralia
2504 1792 2740 1864 perfecte
2767 1801 2823 1848 et
2863 1794 3071 1866 seipsos
3112 1796 3321 1868 possint
3347 1781 3621 1866 despicere,
3647 1797 3757 1866 prius

575 1905 633 1950 et
651 1911 746 1950 vos
775 1904 830 1951 et
855 1895 990 1952 alios
1012 1895 1328 1966 prreparetis
1357 1895 1412 1950 in
1437 1895 1727 1950 adventum
1749 1894 1968 1967 judici‘s,
2019 1895 2148 1964 quia

573 1986 733 2056 pauci
779 1994 904 2042 sunt
929 1987 1022 2058 qui
1054 1985 1401 2043 commissam
1439 1985 1543 2041 sibi
1588 1987 1725 2042 bene
1769 1987 2150 2043 administrant

573 2077 1048 2146 dispensationem.
1083 2077 1148 2130 Et
1163 2076 1390 2146 prudens
1415 2092 1565 2146 quem
1599 2075 1865 2130 constituit
1887 2076 2147 2130 Dominus

573 2167 1206 2236 superfamiliamsuam,
1245 2176 1323 2232 ut,
1359 2174 1464 2222 etc.
1507 2166 1677 2232 Quam
1717 2181 1879 2221 rarus
1925 2175 2014 2220 est
2051 2167 2151 2221 Do-

574 2257 722 2329 mino
759 2264 981 2328 propter
1007 2255 1292 2337 Dominum
1340 2255 1602 2320 serviens,
1643 2268 1772 2310 oves
1791 2255 1994 2310 Christi
2039 2271 2148 2310 non

573 2349 642 2403 ad
668 2348 898 2414 lucrum,
933 2349 1027 2402 sed
1055 2357 1240 2402 amore
1288 2345 1488 2402 Christi
1537 2361 1786 2416 pascens,
1832 2347 2068 2416 prudens
2094 2347 2148 2400 in

571 2438 778 2505 ﬁituro,
811 2439 912 2494 sibi
942 2439 1231 2510 providens
1258 2441 1418 2510 quem
1442 2437 1750 2505 constituit;
1783 2437 1838 2493 id
1858 2445 1965 2503 est,
1987 2453 2149 2507 quam

571 2545 730 2586 rarus
751 2531 843 2600 qui
871 2531 944 2585 sit
966 2539 1192 2586 vocatus
1224 2546 1255 2584 a
1284 2531 1396 2584 Deo
1418 2538 1673 2599 tanquam
1706 2528 1909 2594 Aaron,
1958 2535 2014 2583 et
2042 2543 2148 2582 non

569 2621 744 2692 magis
771 2635 828 2675 se
877 2620 1185 2690 ingesserit,
1230 2627 1288 2676 et
1330 2619 1424 2690 qui
1471 2634 1580 2675 non
1631 2619 1806 2688 magis
1851 2631 1914 2674 se
1960 2627 2149 2688 pascat

578 2727 745 2782 quam
789 2714 950 2768 oves!

642 2800 807 2855 Vsus.
836 2801 928 2854 45.
977 2799 1278 2855 —Beatus.
1310 2799 1471 2868 Quasi
1499 2801 1682 2856 dicat:
1721 2801 1885 2856 Pauci
1915 2808 2038 2856 sunt
2085 2799 2149 2853 ﬁ-

572 2887 738 2944 deles.
779 2889 888 2944 Iste
909 2898 1090 2944 autem
1121 2890 1212 2959 qui
1247 2900 1494 2960 repertus
1521 2890 1685 2946 fuerit
1715 2891 1946 2945 ﬁdeliter
1974 2906 2149 2945 anno-

569 2991 695 3031 nam
724 2977 875 3032 vet-hi
920 2978 1212 3043 ministrat,
1270 2988 1324 3033 et
1363 2979 1415 3032 in
1439 2994 1623 3034 curam
1672 2980 1850 3052 gregis
1897 2978 2145 3050 vigilans,

569 3075 767 3124 aeterna
801 3069 1135 3125 beatitudine
1167 3070 1579 3142 gloriﬁcabitur.

2247 1887 2424 1942 habeo
2446 1885 2718 1957 baptismo
2741 1887 3027 1959 baptizari,
3072 1889 3176 1944 hoc
3215 1898 3300 1944 est
3327 1889 3566 1944 unctione
3600 1888 3756 1957 proprii

2245 1981 2528 2052 sanguinis
2556 1979 2805 2052 perfundi
2832 2001 2844 2035 :
2890 1997 2998 2036 non
3032 1983 3177 2037 enim
3205 1983 3422 2038 daretur
3449 1982 3662 2050 spiritus,
3682 1979 3757 2032 nisi

2245 2069 2407 2128 Jesus
2432 2073 2664 2142 primum
2694 2075 3107 2145 gloriﬁcaretur.
3139 2073 3208 2128 Et
3237 2076 3507 2146 quomodo.
3537 2075 3679 2128 Tanta
3699 2082 3758 2126 est

2247 2161 2490 2234 dignatio
2518 2163 2754 2228 Domini,
2783 2175 2842 2218 ut
2867 2164 3214 2220 infundenda:
3243 2167 3398 2222 nobis
3443 2163 3701 2220 devotionis
3719 2169 3759 2215 et

2249 2253 2687 2308 consummandze
2723 2252 3072 2322 perchtionis
3113 2255 3167 2308 in
3198 2254 3374 2321 nobis,
3402 2261 3456 2308 et
3489 2249 3758 2307 maturanda:

2246 2357 2346 2412 pro
2373 2344 2530 2399 nobis
2558 2344 2793 2398 studium
2821 2344 3090 2414 passionis
3117 2344 3219 2398 sibi
3250 2345 3426 2399 inesse
3453 2351 3668 2404 testetur,
3691 2338 3756 2407 qui

2247 2447 2370 2487 cum
2419 2434 2471 2488 in
2503 2449 2563 2489 se
2594 2433 2668 2488 nil
2697 2434 2922 2490 haberet
2968 2435 3109 2490 unde
3151 2435 3378 2500 doleret,
3408 2434 3591 2489 nostris
3623 2443 3759 2484 tamen

2248 2523 2547 2593 angebatur
2584 2523 2862 2590 (erumnis,
2907 2531 2964 2579 et
2993 2531 3235 2594 tempore
3275 2525 3458 2579 mortis
3503 2521 3760 2577 mtestittam

2245 2617 2633 2685 praetendebat,
2673 2632 2834 2686 quam
2881 2631 2988 2671 non
3020 2630 3086 2670 ex
3124 2626 3274 2672 metu
3321 2616 3504 2671 mortis
3547 2629 3658 2676 sum,
3692 2607 3760 2663 sed

2246 2722 2399 2762 mora
2434 2709 2820 2778 redemptionis
2848 2715 3052 2763 nostra:
3077 2715 3463 2777 assumpserat.
3493 2703 3645 2774 Usque
3665 2701 3756 2753 dum

2245 2798 2574 2868 perﬁciatur.
2625 2798 2726 2866 Qui
2768 2814 2940 2869 usque
2969 2799 3038 2853 ad
3077 2797 3460 2869 perfectionem
3495 2794 3680 2863 angitur
3713 2788 3760 2841 de

2245 2889 2582 2960 perfectione
2626 2898 2711 2945 est
2739 2905 2982 2956 securus,
3032 2904 3133 2946 nec
3174 2891 3241 2945 de
3294 2891 3409 2960 ipsa
3447 2887 3655 2958 angitur,
3691 2879 3760 2934 sed

2247 2981 2428 3050 potius
2459 2996 2606 3036 mors
2632 2981 2876 3052 corporis
2915 2981 3182 3038 absolutio
3217 2966 3318 3037 est
3359 2977 3643 3042 anxietatis,
3680 2981 3759 3026 twn

2252 3071 2594 3126 coacervatio
2623 3071 2846 3126 doloris.

640 3155 802 3212 Vens.
831 3157 922 3212 Η.
951 3189 1023 3198 -
1064 3140 1236 3229 Super
1266 3159 1441 3213 omnia
1485 3177 1601 3229 quae
1649 3160 1892 3230 possidet.
1937 3161 2147 3227 Quanta
2175 3140 2220 3203 (ἶ
2322 3160 2483 3217 Vsus.
2513 3162 2600 3216 5i.
2626 3193 2694 3204 -—
2713 3162 2942 3217 Putatis.
2965 3162 3244 3229 Quomodo
3272 3172 3394 3233 post
3413 3161 3651 3231 baptisma
3674 3166 3762 3224 pas;

571 3247 715 3304 inter
739 3249 911 3304 bonos
939 3250 1214 3305 auditores
1241 3258 1296 3304 et
1316 3250 1488 3306 benos
1511 3251 1762 3306 doctores
1791 3258 1873 3306 est
1895 3252 2149 3307 distantia

567 3339 906 3404 meritorum,
954 3347 1105 3393 tanta
1147 3346 1202 3394 et
1239 3337 1606 3408 praemiorum.
1651 3340 1938 3395 Auditores
1982 3341 2151 3395 bonos

571 3425 1066 3483 iacitdiscumbere
1108 3436 1164 3482 et
1189 3429 1458 3484 transiens
1482 3429 1773 3494 ministrat,
1815 3428 2152 3499 dispensato-

568 3533 656 3576 res
682 3519 962 3575 constituit
989 3535 1151 3589 super
1176 3521 1357 3576 omnia
1388 3535 1508 3589 qute
1526 3521 1781 3590 possidet,
1808 3536 1915 3575 non
1942 3529 2002 3574 ut
2026 3520 2149 3586 soli,

570 3612 668 3666 sed
695 3619 755 3665 ut
798 3626 911 3680 pra:
952 3610 1164 3667 caeteris
1209 3611 1444 3667 habeant
1491 3621 1717 3678 interna,
1761 3621 1874 3666 tum
1907 3625 2006 3683 pro
2053 3628 2149 3668 sua

567 3701 706 3764 vita,
755 3709 866 3755 tum
899 3717 998 3771 pro
1019 3702 1199 3772 gregis
1228 3703 1491 3758 custodia.

639 3791 805 3848 Vens.
851 3793 941 3848 45.
974 3822 1046 3834 —-
1077 3793 1229 3860 Quod
1270 3795 1316 3848 si
1355 3795 1544 3850 dixerit
1587 3812 1786 3850 servus.
1827 3793 1964 3851 Nota
2009 3796 2152 3850 inter

571 3884 702 3939 vitia
739 3884 879 3938 servi
933 3885 1250 3954 ascriptum,
1299 3885 1441 3954 quod
1487 3884 1698 3941 tardum
1749 3894 1901 3956 putat
1946 3884 2150 3940 domini

571 3976 819 4032 reditum.
849 3976 910 4032 In
937 3976 1226 4033 virtutibus
1254 3978 1378 4033 boni
1405 3992 1510 4034 non
1541 3986 1986 4044 annumerantur,
2008 3977 2150 4046 quod

569 4065 716 4120 hunc
739 4066 846 4121 cito
871 4067 1185 4136 speraVerit,
1210 4069 1303 4122 sed
1323 4076 1532 4124 tantum
1553 4068 1695 4138 quod
1725 4067 1952 4123 ﬁdeliter
1985 4065 2148 4120 mini-

569 4155 781 4210 stravit.
833 4155 979 4212 Nihil
1015 4172 1144 4229 ergo
1184 4165 1266 4214 est
1304 4157 1518 4224 melius,
1568 4173 1730 4228 quam
1773 4167 1836 4212 ut
1880 4158 2150 4228 patienter

569 4247 933 4303 sustineamus
953 4249 1206 4318 ignorare
1229 4249 1371 4319 quod
1413 4251 1541 4305 sciri
1567 4266 1674 4304 non
1711 4259 1912 4320 potest,
1944 4252 2041 4305 sed
2069 4259 2148 4304 ta-

569 4349 694 4388 men
735 4335 1043 4391 laboremus
1076 4345 1134 4390 ut
1169 4335 1347 4392 idonei
1377 4337 1734 4393 inveniamur.

641 4419 710 4474 Et
737 4422 906 4477 edere.
945 4423 1002 4478 ω
1050 4431 1154 4490 est,
1195 4425 1402 4479 cunctis
1447 4424 1740 4482 sceleribus
1782 4435 1836 4481 et
1879 4425 2147 4482 illecebris

571 4509 774 4576 saeculi,
805 4526 924 4580 quae
953 4521 1187 4567 mentem
1214 4529 1398 4568 errare
1427 4514 1648 4582 faciunt,
1673 4518 1947 4588 occupari,
1975 4518 2058 4573 vel
2081 4519 2149 4573 ad
2174 4479 2227 4540 Β

572 4600 830 4665 litteram,
866 4601 912 4656 si
939 4605 1008 4657 sit
1036 4603 1247 4658 deditus
1274 4605 1411 4674 gulae
1439 4617 1494 4661 et
1522 4606 1793 4663 ebrietati.

644 4691 808 4746 Vsus.
833 4693 920 4747 46.
943 4725 1014 4735 -
1040 4695 1375 4766 Partemque.
1409 4697 1530 4753 Mali
1561 4715 1682 4754 cum
1714 4700 2023 4756 inﬁdelibus
2046 4716 2149 4772 pus

575 4782 810 4850 nientur,
855 4787 949 4840 sed
987 4785 1317 4842 dill‘erenter.
1361 4789 1439 4844 llli
1469 4791 1612 4845 enim
1638 4793 1730 4862 qui
1762 4793 1996 4848 scienter
2022 4807 2149 4862 pec-

576 4880 723 4937 cant,
753 4875 966 4943 gravius
990 4878 1298 4947 punientur.
1329 4877 1502 4936 Minus
1522 4883 1776 4950 graviter,
1810 4883 1899 4952 qui
1924 4891 2152 4952 peccant

576 4976 644 5015 ex
688 4962 1007 5031 ignorantia.
1040 4966 1106 5021 Et
1142 4969 1282 5022 inter
1312 4969 1536 5038 iniustos
1570 4980 1718 5028 tanto
1759 4974 1987 5042 quisque
2019 4973 2152 5028 tole-

579 5050 887 5107 rabiliorem
938 5055 1157 5111 habebit
1189 5057 1614 5128 damnationem,
1644 5072 1846 5132 quanto
1883 5063 2147 5118 minorem

581 5139 770 5194 habuit
796 5140 1153 5211 iniquitatem.

653 5229 941 5318 Vens..48.
987 5266 1055 5276 —
1101 5235 1316 5294 Paucis.
1371 5234 1654 5296 Mitissima
1700 5243 1940 5298 omnium
1989 5256 2146 5312 ptena

581 5329 665 5376 cst
692 5335 875 5378 eorum
901 5327 988 5394 qui
1014 5337 1210 5397 praeter
1235 5329 1498 5401 originale
1522 5332 1724 5388 nullum
1748 5333 1968 5403 insuper
1989 5333 2145 5389 addi-

582 5412 775 5467 derunt
804 5414 1073 5472 delictum.

650 5504 868 5578 (Annia)
897 5507 1044 5564 Multi
1089 5511 1462 5568 existimantes
1493 5529 1554 5570 se
1581 5515 1757 5571 minus
1780 5515 2149 5585 vapulatums,

579 5595 628 5650 si
657 5598 918 5665 nesciant,
965 5613 1092 5667 etc.,
1141 5619 1304 5672 usque
1332 5605 1400 5657 ad
1436 5606 1530 5661 sed
1578 5616 1981 5678 cantemptores
2003 5607 2150 5676 judi-

581 5693 790 5742 cantur.

2253 3252 2445 3319 sionis,
2497 3262 2552 3307 et
2579 3264 2703 3323 post
2743 3254 3032 3308 adventum
3067 3254 3205 3323 ignis
3231 3262 3378 3308 terra
3405 3253 3473 3308 sit
3497 3262 3677 3311 arsura,
3706 3244 3762 3298 di-

2251 3341 2328 3396 cit
2351 3361 2365 3395 :
2397 3341 2532 3408 Quia
2559 3343 2626 3397 ad
2658 3341 2819 3396 ﬁdem
2846 3341 3050 3396 Christi
3081 3352 3222 3406 totus
3249 3343 3401 3396 orbis
3426 3349 3600 3396 contra
3633 3349 3682 3390 se
3704 3339 3763 3384 est

2251 3433 2480 3497 divisus,
2508 3449 2841 3502 unaquteque
2882 3433 3073 3487 domus
3099 3433 3293 3487 habuit
3323 3431 3500 3486 ﬁdeles
3537 3437 3586 3484 et
3623 3422 3763 3480 inﬁde-

2250 3524 2353 3587 les,
2381 3525 2464 3580 bis
2493 3533 2681 3580 contra
2711 3525 2889 3589 ﬁdem,
2928 3524 3034 3579 illis
3073 3539 3172 3594 pro
3209 3526 3316 3579 lide
3342 3519 3686 3595 pugnantibus.

2323 3613 2484 3668 Vens.
2517 3614 2604 3668 52.
2637 3644 2708 3654 -
2742 3613 2813 3667 In
2855 3613 3008 3667 domo
3047 3630 3172 3667 una.
3215 3613 3584 3682 Unusquisque
3624 3609 3762 3664 homo,

2252 3705 2442 3760 domus
2458 3721 2560 3759 una
2583 3714 2686 3770 est,
2715 3703 2796 3758 vel
2827 3704 2944 3770 Dei,
2973 3704 3056 3760 vel
3081 3705 3302 3760 diaboli.
3331 3706 3508 3775 Itaque
3536 3694 3767 3765 homospi-

2251 3797 2463 3852 ritualis
2492 3797 2682 3852 domus
2698 3796 2990 3866 spiritualis
3021 3806 3121 3852 est.
3148 3797 3340 3852 Divisi.
3364 3798 3535 3852 Prima
3555 3807 3691 3849 causa
3709 3796 3766 3844 est

2252 3887 2528 3957 religionis
2567 3888 2634 3942 ad
2666 3887 2856 3953 Deum,
2896 3890 3131 3944 secunda
3161 3892 3382 3960 pietatis
3407 3891 3470 3944 ad
3498 3887 3765 3959 proximum.

2252 3976 2475 4046 Oportet
2508 3978 2651 4032 enim
2680 3978 2948 4038 utdivinis
2977 3980 3210 4034 humana
3236 3982 3574 4050 posthabeas.
3590 3975 3686 4030 Non
3709 3979 3768 4024 est

2252 4083 2380 4139 ergo
2407 4069 2724 4139 pignoribus
2765 4070 3203 4137 renuntiandum,
3245 4074 3343 4128 sed
3392 4073 3528 4127 Deus
3570 4065 3768 4126 omnibus

2227 4158 2637 4228 ,prtel‘erendus.
2653 4159 2865 4215 Etenim
2891 4168 3096 4215 natura:
3119 4161 3344 4230 pignora
3367 4172 3488 4216 sunt
3513 4159 3599 4215 Dei
3619 4155 3769 4210 beneﬁ-

2251 4249 2356 4313 cia,
2385 4264 2485 4304 nec
2511 4250 2670 4305 debet
2692 4249 2812 4318 plus
2833 4251 3004 4304 amari
3029 4251 3352 4306 beneﬁcium
3379 4251 3518 4321 quod
3537 4246 3769 4316 accipitur.

2252 4355 2412 4410 quam
2429 4340 2570 4396 Deus
2593 4357 2623 4395 a
2652 4357 2759 4412 quo
2771 4341 3092 4398 beneﬁcium
3116 4354 3398 4414 acceptum
3420 4350 3663 4399 servatur.
3679 4335 3769 4390 Tm

2251 4431 2307 4485 in
2343 4432 2494 4484 duos.
2526 4431 2583 4486 ω
2608 4439 2710 4496 est,
2745 4431 2886 4487 ﬁlius
2911 4440 2966 4486 et
3007 4431 3112 4485 ﬁlia
3143 4441 3197 4487 et
3223 4448 3410 4499 nurus,
3443 4433 3494 4488 in
3538 4438 3715 4500 patrem
3732 4429 3771 4475 cl

2256 4527 2509 4584 matrem,
2572 4528 2628 4575 et
2668 4520 2774 4574 duo
2801 4521 2856 4574 in
2908 4529 3040 4584 tres,
3076 4521 3128 4575 id
3167 4530 3272 4586 est,
3325 4531 3479 4591 pater
3531 4527 3582 4574 et
3617 4522 3768 4570 mater.

2252 4609 2343 4664 ubi
2373 4610 2535 4665 etiam
2565 4625 2756 4667 socrus
2800 4610 3136 4679 intelligitur,
3173 4611 3228 4666 in
3267 4611 3440 4666 ﬁlium
3465 4619 3520 4664 et
3561 4607 3702 4664 ﬁliam
3731 4605 3771 4652 et

2253 4713 2472 4753 nurum.

2324 4787 2485 4842 Vsus.
2517 4789 2605 4843 54.
2638 4820 2707 4829 -
2737 4789 2946 4844 Dicebat
2967 4798 3161 4845 autem.
3201 4790 3336 4846 Cum
3371 4789 3629 4861 apostolos
3648 4784 3770 4839 etiam

2252 4877 2319 4933 de
2345 4893 2442 4933 suo
2481 4882 2657 4949 primo
2689 4881 2918 4934 adventu
2949 4881 3316 4945 informassct,
3371 4884 3637 4936 insinuans
3675 4871 3772 4944 quid

2254 4969 2307 5023 in
2339 4985 2404 5024 eo
2432 4970 2632 5025 factum
2660 4971 2754 5036 sit,
2793 4980 2848 5025 et
2895 4971 2960 5027 de
2985 4971 3188 5037 futuro,
3212 4975 3447 5043 qualiter
3483 4987 3597 5026 eum
3623 4979 3773 5033 exspe-

2252 5071 2403 5117 ctare
2459 5063 2707 5128 debeant,
2757 5063 3148 5129 admonuisset,
3195 5067 3357 5119 vertit
3412 5075 3692 5120 sermonem
3725 5053 3772 5107 ad

2251 5152 2457 5216 turbas,
2485 5154 2537 5207 in
2569 5154 2766 5223 quibus
2791 5154 3048 5209 Pharisaei
3075 5165 3251 5218 erant,
3286 5165 3343 5207 ut
3373 5156 3639 5209 Mattheus
3671 5145 3774 5202 indi—

2249 5251 2339 5301 cat
2371 5263 2382 5298 :
2411 5246 2546 5312 Quia
2584 5261 2684 5301 nec
2715 5247 2949 5316 primum
2977 5247 3259 5302 adventum
3286 5246 3489 5302 factum
3519 5244 3772 5300 credentes.

2253 5352 2354 5392 nec
2383 5338 2680 5392 secundum
2711 5347 2856 5393 recte
2883 5346 3280 5408 exspectantes,
3330 5339 3538 5408 signum
3570 5336 3628 5389 de
3669 5327 3774 5386 caelo

2252 5427 2566 5496 quaerebant
2612 5435 2898 5482 tentantes.
2951 5427 3059 5483 llos
3085 5443 3213 5498 ergo
3253 5429 3450 5496 arguit,
3491 5427 3609 5496 quia
3634 5424 3672 5477 si
3698 5419 3776 5473 vel-

2253 5515 2369 5571 lent
2403 5516 2700 5582 attendere,
2735 5525 2953 5586 possent
2976 5532 3042 5571 ex
3075 5516 3255 5571 verbis
3291 5516 3660 5584 prophetarum
3689 5522 3777 5563 cer-

2258 5618 2372 5664 tum
2402 5609 2685 5678 utriusque
2727 5610 2984 5664 adventus
3019 5608 3216 5664 habere
3259 5607 3537 5662 indicium.
3574 5603 3687 5659 Cum
3723 5598 3777 5651 ri-

2259 5700 2458 5756 deritis.
2496 5699 2738 5771 Mystice.
2787 5699 2965 5758 Nubes
3012 5699 3081 5756 ab
3132 5713 3324 5756 occasu
3361 5699 3558 5764 oriens,
3598 5704 3776 5750 carnem
