3960 6336
233 327 336 390 soi

1270 339 1538 397 GLOSSA
1573 336 1970 395 ODDINARIA.
2007 369 2079 380 —-
2113 339 2366 398 EVANG.
2406 343 2559 400 LUC.

2317 186 2344 211 Ο

3390 358 3498 416 502

230 445 438 507 Christi
468 467 499 505 a
529 460 704 506 morte
733 463 1104 538 resurgentem
1131 454 1421 525 signiﬁcat,
1445 470 1512 508 ex
1539 470 1648 524 quo
1681 464 1814 508 tem-
1842 457 1887 514 Α
1915 452 2130 509 Iudaeos
2153 454 2457 524 incipiendo
2481 471 2513 512 a
2549 457 2764 514 Galilaea
2792 460 2927 517 adeo
2966 463 3406 538 devastaverunt,
3439 486 3498 530 ut

228 555 364 611 pore
389 540 563 595 imber
589 535 921 612 Evangelia!)
957 544 1355 614 pradicationis
1383 543 1632 598 omnibus
1654 542 1813 597 terris

227 641 317 688 est
342 629 571 687 infusus.
601 632 799 687 Auster
827 632 963 689 ﬁans
985 643 1109 690 ante
1133 643 1347 700 :estum,
1386 633 1615 688 leviores
1643 632 1814 688 tribu-

228 722 463 776 lationes
490 731 615 776 ante
638 721 902 791 judicium
931 723 1218 793 signiﬁcat.

303 807 528 864 Nimbus
556 810 709 864 venit.
746 809 828 866 Ad
868 811 1103 866 litteram
1133 810 1450 866 manifestus
1474 819 1561 866 est
1587 823 1810 866 sensus:

226 903 332 971 Qui
369 921 436 959 ex
478 903 872 958 elementorum
904 904 1281 958 immutatione
1310 918 1564 957 aurarum
1609 911 1812 956 statum

224 1004 454 1068 possunt
490 1009 852 1065 praenoscere,
891 1005 1110 1065 possent
1139 996 1304 1051 etiam
1353 1004 1566 1064 tempus
1603 994 1810 1049 utrius-

223 1104 333 1159 que
360 1089 622 1142 adventus
643 1088 805 1153 scire,
835 1097 948 1142 tum
977 1099 1046 1143 ex
1071 1088 1231 1143 dictis
1251 1086 1662 1157 prophetarum,
1697 1091 1812 1138 tum

221 1197 292 1238 ex
320 1181 720 1253 magniﬁcentia
742 1195 990 1252 operum».

295 1264 463 1327 Vsus.
488 1271 578 1326 56.
607 1301 679 1312 —
712 1271 1039 1343 ngocritw,
1067 1280 1176 1328 etc.
1225 1267 1294 1327 Et
1334 1285 1403 1327 ne
1438 1271 1605 1342 aliqui
1649 1271 1813 1328 rudes

221 1360 280 1415 in
314 1361 472 1416 turba
499 1361 566 1415 de
595 1361 863 1432 imperitia
895 1377 995 1417 sua
1045 1362 1151 1418 sibi
1179 1362 1516 1418 blandientes
1557 1377 1616 1418 se
1642 1371 1812 1417 excu-

219 1462 428 1519 sarent,
457 1453 696 1510 dicentes
717 1469 774 1509 se
803 1455 975 1525 legem
1003 1464 1059 1510 et
1081 1456 1375 1525 prophetas
1402 1455 1672 1526 ignorare,
1691 1466 1814 1526 sup-

217 1547 374 1622 ponit
405 1561 498 1601 eos
526 1561 622 1617 per
649 1546 948 1601 naturalem
987 1547 1252 1602 rationem
1283 1559 1440 1616 posse
1481 1542 1811 1612 discernere,

215 1639 304 1694 vel
330 1653 454 1694 eum
482 1637 575 1708 qui
605 1652 768 1708 opera
793 1633 924 1694 facit
953 1647 1076 1708 qua:
1106 1638 1284 1694 nullus
1312 1635 1448 1691 alios
1476 1636 1695 1700 fecerat,
1723 1652 1814 1691 su-

215 1747 317 1803 pra
370 1732 642 1787 hominem
678 1740 733 1786 et
764 1732 932 1786 Deum
967 1746 1089 1786 esse
1117 1749 1130 1784 :
1170 1731 1253 1785 vel
1276 1740 1397 1800 post
1419 1738 1495 1784 tot
1525 1729 1708 1785 seaculi
1733 1729 1814 1783 in-

1913 558 2021 597 non
2049 543 2220 598 solum
2253 547 2391 600 atria
2424 549 2626 618 templi,
2673 551 2768 606 sed
2806 553 2968 608 etiam
2996 556 3258 614 interiora
3282 563 3494 630 domus,

1912 648 2021 702 quo
2039 633 2381 692 Galilaeorum
2408 653 2660 695 accessus
2679 657 2788 698 non
2809 653 2948 712 erat,
2973 647 3211 707 humano
3233 657 3498 728 sanguine

1911 723 2215 781 fmdarentu
2223 744 2270 782 r.

1987 814 2148 872 Vsus.
2186 818 2241 872 4.
2283 849 2354 860 -—-
2381 820 2529 876 Sicut
2571 822 2651 878 illi
2691 825 2886 882 decem.
2927 826 3020 885 Isti
3068 830 3497 908 Hierosolymitae

1911 907 2052 963 sicut
2078 917 2135 964 et
2161 909 2365 966 Galilxei
2397 929 2503 968 non
2541 916 2640 971 soli
2680 931 2993 986 peccatores
3024 923 3262 993 fuerunt,
3317 907 3411 987 sed
3439 935 3493 988 in

1912 1010 2174 1060 terrorem
2218 1005 2548 1075 reliquorum
2593 1012 2763 1080 puniti
2810 1024 2967 1081 sunt;
3001 1019 3092 1087 qui
3130 1023 3284 1077 ruina
3331 1027 3495 1082 turris

1910 1093 2082 1161 pressi
2129 1094 2436 1166 significant
2480 1093 2695 1156 Judteos
2725 1103 2818 1170 qui
2863 1107 3133 1172 poenitere
3183 1112 3492 1182 noluerant,

1911 1194 2033 1237 cum
2055 1185 2169 1239 suis
2192 1187 2460 1243 moenibus
2488 1204 2610 1245 esse
2637 1202 2926 1261 perituros.
2949 1195 3060 1252 Nec
3080 1198 3278 1256 frustra
3307 1203 3492 1261 decem

1910 1281 1968 1330 et
1992 1283 2138 1342 octo,
2167 1277 2259 1347 qui
2293 1293 2552 1337 numerus
2592 1284 2735 1352 apud
2785 1283 3006 1342 Graecos
3051 1303 3120 1343 ex
3168 1292 3275 1346 iota
3319 1303 3374 1349 et
3418 1297 3493 1352 ita

1911 1365 2256 1434 exprimitur,
2281 1369 2385 1424 hoc
2421 1380 2506 1426 est
2532 1386 2599 1428 ex
2625 1373 2830 1429 eisdem
2859 1375 3056 1433 litteris
3078 1383 3273 1449 quibus
3298 1401 3495 1443 nomen

1910 1452 2068 1510 Jesus
2099 1455 2302 1527 incipit.
2338 1460 2618 1530 Signiﬁcat
2641 1470 2824 1518 autem
2865 1464 3079 1522 Judteos
3110 1469 3236 1527 hinc
3258 1475 3495 1532 maxime

1911 1545 2202 1613 perituros,
2233 1549 2326 1617 qui
2367 1565 2562 1606 nomen
2603 1552 2900 1610 Salvatoris
2931 1559 3173 1628 recipere
3201 1565 3491 1621 noluerint.

1912 1633 2007 1688 Illa
2034 1637 2201 1692 turris
2228 1638 2498 1708 signiﬁcat
2523 1640 2672 1698 illum
2704 1646 2796 1714 qui
2821 1653 2909 1700 est
2949 1653 3115 1704 turris
3141 1649 3490 1723 fortitudinis,

1913 1741 2035 1822 qua:
2060 1727 2255 1822 merito
2379 1729 2545 1797 Siloa,
2585 1734 2711 1822 quia
2741 1734 2911 1801 Siloa,
2942 1741 3082 1807 quod
3106 1741 3494 1814 interpretatur

210 1805 483 1888 inﬁmas,
503 1820 734 1893 -juswm
761 1821 1037 1877 Creatoris
1058 1822 1320 1894 judicium
1351 1836 1470 1876 esse
1497 1829 1806 1876 venturum,
1843 1805 1888 1865 Β
1914 1817 2125 1882 missus,
2155 1817 2424 1889 signiﬁcat
2450 1836 2574 1876 eum
2611 1805 2704 1894 qui
2733 1826 2932 1882 missus
2959 1805 3000 1883 _a
3044 1829 3205 1888 Patre
3249 1805 3398 1890 venit
3436 1837 3492 1892 in

287 1913 455 1968 Vsus.
481 1913 571 1968 58.
597 1943 666 1954 ——
691 1913 823 1967 Cum
858 1925 1032 1967 autem
1075 1913 1242 1967 vadis.
1285 1912 1420 1966 Cum
1466 1912 1519 1965 in
1555 1912 1654 1966 hac
1691 1910 1804 1966 vita

213 2020 493 2077 prteparas
523 2012 574 2060 te
608 2003 673 2058 ad
702 2004 967 2074 placatam
1001 2001 1196 2056 faciem
1242 2001 1440 2072 judicis
1482 2001 1795 2064 videndam,

213 2097 466 2168 quamvis
496 2110 676 2150 sermo
705 2094 798 2149 Dei
829 2095 900 2148 sit
939 2093 1244 2148 contrarius
1272 2102 1375 2146 tuae
1411 2090 1586 2155 carni,
1621 2101 1803 2145 tamen

212 2201 282 2242 eo
308 2193 463 2240 utere
489 2184 631 2238 sicut
672 2183 916 2237 custodia
952 2183 1076 2236 data
1108 2181 1204 2236 tibi
1250 2181 1303 2234 in
1343 2179 1444 2234 hoc
1483 2180 1696 2243 itinere,
1734 2193 1803 2233 ne

212 2284 556 2346 contemptus
587 2282 637 2328 te
680 2283 918 2327 accuset.
969 2270 1103 2327 Cum
1157 2271 1481 2325 adversario.
1534 2270 1803 2324 Adversa-

213 2367 331 2421 rius
385 2373 568 2420 uoster
615 2363 668 2416 in
697 2364 784 2417 via
830 2371 915 2417 est
962 2377 1143 2417 sermo
1185 2361 1302 2424 Dei,
1345 2360 1654 2415 contrarius
1703 2377 1801 2414 no-

212 2457 347 2511 stris
369 2453 677 2509 carnalibus
705 2453 992 2507 desideriis
1025 2453 1079 2506 in
1123 2452 1378 2522 prmsenti
1432 2451 1564 2515 vita,
1609 2466 1638 2504 a
1687 2465 1802 2520 quo

211 2546 476 2603 liberatur
526 2543 616 2613 qui
666 2543 950 2612 praeceptis
987 2542 1104 2611 ejus
1153 2541 1428 2596 humiliter
1498 2542 1798 2596 subditur:

211 2635 449 2706 alioquin
519 2650 585 2690 ex
643 2633 912 2688 sermonis
970 2641 1282 2703 contemptu
1353 2647 1478 2687 rcus
1508 2672 1522 2697 ,
1580 2633 1632 2687 in
1675 2649 1802 2688 exn-

212 2730 580 2799 minejudicis
613 2730 896 2784 tenebitur
939 2737 1212 2798 peccator,
1265 2742 1424 2796 quem
1459 2726 1624 2794 judex
1671 2742 1802 2781 exa-

210 2821 374 2886 ctori,
403 2821 455 2874 id
477 2829 559 2874 est
584 2818 820 2884 diabolo,
847 2819 1055 2884 tradet;
1085 2819 1209 2887 quia
1237 2819 1512 2887 permittet
1534 2826 1590 2870 ut
1615 2817 1801 2871 diabo-

209 2911 297 2966 lus
329 2913 564 2966 animam
601 2911 717 2978 ejus
752 2911 818 2965 ad
844 2925 1063 2981 ptenam
1107 2912 1304 2975 trahat,
1336 2918 1390 2964 et
1417 2909 1530 2978 ipse
1573 2919 1798 2963 exactor

207 3005 304 3076 qui
332 3018 550 3074 pmnam
591 3005 759 3074 exigit
798 3018 898 3072 pro
927 3012 1080 3057 reatu
1130 3018 1289 3072 quem
1338 3003 1626 3073 suggessit,
1678 3017 1798 3056 eam

207 3101 452 3154 retrudet
482 3102 534 3154 in
580 3101 900 3170 gehennam.

279 3190 368 3244 Da
389 3160 620 3260 operarii,
660 3201 766 3244 etc.
796 3189 920 3245 Hzec
947 3192 1112 3245 etiam
1155 3190 1223 3244 ad
1276 3190 1566 3245 calcandas
1612 3185 1797 3242 mundi
1827 3160 1870 3222 C

205 3278 496 3334 illecebras
518 3288 573 3333 et
601 3281 666 3334 ad
688 3281 886 3349 judieis
918 3281 1204 3335 adventum
1231 3279 1648 3349 prmstolandum
1679 3294 1802 3347 per-

207 3369 404 3424 tinent.
435 3370 600 3435 Quasi
638 3369 821 3424 dicat:
871 3370 1314 3440 Quandoquidem
1364 3377 1574 3423 constat
1621 3369 1802 3422 distri-

207 3471 356 3515 ctum
380 3461 618 3530 judicem
649 3477 769 3517 esse
789 3470 1096 3527 venturum,
1126 3478 1255 3534 ergo
1280 3462 1368 3517 hic
1402 3462 1491 3532 ita.
1518 3460 1698 3522 vivite,
1733 3475 1801 3514 ne

208 3550 265 3607 in
295 3553 386 3607 illo
419 3553 623 3623 judicio
653 3553 1007 3608 damnemini.
1072 3569 1077 3573 ·

280 3644 446 3700 Vens.
473 3646 561 3701 59.
602 3675 673 3686 —-
703 3645 934 3701 Reddas.
977 3646 1174 3702 Reddit
1217 3660 1434 3716 semper
1472 3658 1660 3715 poenas
1699 3659 1799 3714 pro

206 3737 450 3808 peccatis
504 3735 778 3806 patiendo,
848 3737 942 3792 sed
1017 3750 1292 3806 nunquam
1339 3734 1557 3790 veniam
1611 3748 1800 3788 conse~

206 3826 447 3896 qlcndo.

798 3892 1026 3951 CAPUT
1066 3893 1204 3949 Xlll.

281 4004 447 4060 Vsus.
498 4007 550 4060 i.
600 4036 672 4047 —
712 4005 942 4059 Aderant
969 4015 1163 4058 autem.
1195 4005 1332 4080 Qum
1368 4004 1628 4075 magister
1660 4004 1794 4058 veri-

209 4097 340 4152 tatis
353 4106 642 4165 przesentes
663 4098 954 4152 instrueret
972 4095 1202 4166 qualiter
1222 4111 1280 4152 se
1308 4111 1612 4166 prmparare
1639 4095 1799 4150 debe-

208 4195 336 4242 rent
366 4188 433 4242 ad
457 4188 742 4242 adventum
767 4187 985 4257 judicis,
1008 4197 1061 4241 et
1082 4187 1312 4256 qualiter
1337 4187 1428 4257 qui
1455 4202 1514 4241 se
1539 4202 1646 4241 non
1668 4202 1798 4256 pra:-

205 4284 406 4348 parant
444 4284 569 4330 sunt
624 4276 948 4340 damnandi.
993 4277 1269 4332 nuntiatur
1322 4277 1372 4332 ei
1424 4277 1492 4331 de
1539 4275 1792 4342 Galilmis,

207 4367 355 4440 quod
380 4369 533 4438 quasi
566 4369 710 4439 juste
749 4369 870 4424 ideo
910 4368 1204 4438 petierunt,
1238 4369 1379 4438 quod
1408 4383 1515 4424 non
1558 4369 1697 4424 bene
1736 4384 1796 4424 se

206 4467 649 4527 przeparavcrunt
680 4476 692 4511 :
725 4467 780 4512 et
819 4459 1108 4528 respondet
1135 4458 1417 4523 Dominus,
1445 4466 1498 4512 et
1529 4457 1646 4513 illos
1667 4473 1794 4513 vere

207 4549 382 4602 fuisse
427 4557 739 4618 peceatores
771 4557 824 4604 et
849 4547 990 4617 juste
1017 4549 1260 4618 periisse,
1300 4557 1354 4602 et
1382 4547 1631 4602 similiter
1657 4549 1791 4604 alios

203 4649 526 4712 peccatores
573 4640 864 4709 perituros,
914 4640 958 4694 si
1013 4655 1071 4694 se
1111 4648 1422 4708 peccatores
1464 4655 1570 4692 non
1620 4647 1795 4693 atten-

203 4732 369 4785 dunt.
448 4730 788 4785 Nuntiantes.
847 4731 1009 4798 Quasi
1067 4731 1249 4786 dicant
1299 4749 1310 4784 :
1373 4730 1610 4801 Apparet
1663 4731 1796 4786 istos

205 4823 380 4878 fuisse
407 4832 722 4893 peccatores
775 4831 829 4876 et
886 4822 1218 4876 damnandos
1264 4823 1317 4876 in
1371 4830 1651 4886 :eteruum,
1705 4822 1796 4891 qui

205 4925 320 4968 tam
365 4913 622 4967 scelerata
660 4922 830 4967 morte
860 4912 927 4966 ab
960 4913 1125 4982 impio
1153 4913 1382 4982 praeside
1411 4914 1553 4968 inter
1580 4929 1675 4966 sua
1703 4930 1790 4968 sa-

204 5000 415 5056 criﬁeia
447 5003 610 5057 occisi
639 5013 784 5056 sunt.
830 5001 904 5056 De
929 5001 1184 5056 Galilteis.
1224 5001 1426 5058 Galilzei
1461 5003 1652 5071 impias
1680 5019 1790 5058 sce-

206 5091 382 5146 lerata
415 5099 586 5146 morte
635 5093 898 5146 scelerum
943 5108 1162 5147 suorum
1192 5107 1381 5163 poenas
1416 5093 1648 5157 solvunt,
1679 5094 1792 5164 qui-

203 5183 315 5238 bus
344 5175 526 5238 tamen
570 5200 677 5238 non
730 5184 844 5253 ipsa
883 5199 1028 5239 mors
1071 5183 1259 5250 obfuit,
1298 5193 1358 5238 ut
1404 5185 1458 5238 in
1499 5187 1788 5240 secundam

207 5284 445 5330 mortem
484 5277 848 5340 mitterentur,
878 5275 971 5329 sed
1015 5275 1256 5345 improba
1283 5276 1416 5329 vita.
1448 5274 1629 5329 Puniti
1664 5286 1791 5331 sunt

208 5374 397 5418 autem
423 5365 489 5418 ad
519 5365 910 5420 correctionem
937 5365 1254 5430 viventium,
1300 5374 1360 5418 ut
1399 5363 1661 5434 ﬂagellato
1701 5381 1792 5436 pe-

208 5453 432 5510 etilente
459 5454 654 5510 stultus
691 5455 985 5525 sapientior
1018 5454 1132 5520 ﬁat,
1158 5455 1242 5510 vel
1274 5455 1338 5509 ad
1375 5455 1650 5527 exemplar
1673 5472 1793 5512 cor-

210 5545 314 5614 rigi
346 5546 665 5611 nolentium,
698 5548 922 5616 ideoque
948 5547 1181 5616 pessime
1207 5547 1593 5616 periturorum.

286 5635 451 5692 Vens.
478 5638 531 5691 5.
562 5669 630 5678 -
661 5637 875 5703 Omnes,
923 5647 1027 5692 etc.
1062 5637 1174 5693 Hoc
1219 5637 1495 5708 impletum
1545 5649 1628 5694 est
1670 5645 1794 5709 post

209 5730 523 5800 passionem
577 5732 785 5787 Domini
845 5733 1057 5802 quando
1109 5732 1337 5790 Romani
1390 5733 1789 5806 impcenitcntes

1905 1909 2184 1974 mundum,
2229 1912 2318 1981 qui
2346 1928 2537 1969 omnes
2567 1931 2726 1985 super
2766 1933 2901 1987 quos
2931 1923 3188 1978 ceciderit
3221 1936 3485 1984 conteret.

1976 1997 2138 2054 Vens.
2165 2001 2218 2055 6.
2249 2032 2317 2042 —-
2343 2003 2593 2059 Arborem
2614 2007 2727 2075 ﬁci.
2758 2008 2814 2062 ln
2840 2011 3050 2080 origine
3077 2014 3490 2089 humanigene-

1905 2088 1982 2143 ris
2007 2089 2177 2144 Adam
2203 2101 2259 2146 et
2302 2092 2413 2147 Eva
2431 2111 2573 2150 -cum
2602 2110 2922 2166 peccassent
2971 2104 3038 2157 de
3067 2105 3210 2161 foliis
3245 2088 3489 2166 ﬁculnea:

1905 2180 2263 2236 succinctorta
2307 2183 2408 2239 sibi
2457 2184 2721 2242 fecerunt.
2771 2189 2874 2244 Per
2915 2191 3044 2247 folia
3083 2210 3211 2265 ergo
3247 2197 3490 2255 ﬁculneae

1905 2269 2277 2341 intelliguntur
2319 2285 2561 2343 peccata.
2607 2278 2776 2334 Erant
2802 2291 2983 2337 autem
3027 2287 3126 2340 sub
3157 2287 3346 2345 arbore
3376 2290 3487 2358 fici,

1906 2370 2161 2433 tanquam
2191 2367 2291 2420 sub
2326 2371 2518 2424 umbra
2549 2373 2760 2438 mortis,
2794 2375 2860 2428 de
2885 2377 3081 2444 quibus
3113 2379 3315 2434 dictum
3359 2393 3441 2438 est
3469 2401 3484 2438 :

1905 2451 2013 2516 Qui
2051 2454 2296 2509 sedebant
2321 2458 2415 2512 sub
2458 2459 2644 2513 umbra
2680 2464 2862 2517 mortis
2901 2463 3076 2520 lumen
3107 2477 3280 2523 ortum
3307 2481 3381 2524 est
3411 2473 3485 2527 eis

1907 2544 2043 2618 (ιεα.
2078 2548 2177 2619 ιχ).

1977 2637 2141 2694 Vens.
2177 2640 2227 2694 7.
2258 2671 2328 2681 —
2369 2641 2624 2708 Quaereris
2662 2646 2914 2714 fructum.
2961 2647 3118 2705 Vinea
3157 2651 3369 2709 Domini
3397 2674 3486 2711 sa-

1905 2727 2038 2781 baoh
2057 2769 2071 2793 ,
2103 2729 2287 2783 domus
2319 2730 2489 2786 Israel
2517 2745 2612 2798 est,
2643 2741 2696 2789 in
2727 2753 2832 2807 qua
2860 2740 3020 2794 domo
3043 2741 3486 2814 Synagoga.con-

1903 2823 2015 2877 dita
2044 2832 2127 2878 est
2161 2826 2299 2880 sicut
2339 2827 2471 2882 ﬁcus
2514 2829 2566 2884 in
2594 2831 2769 2886 vinea.
2806 2831 2911 2888 Sed
2960 2837 3048 2906 qui
3079 2835 3132 2892 in
3165 2839 3317 2894 vinea
3358 2857 3484 2912 pec-

1904 2923 2116 2969 cantem
2145 2931 2174 2969 a
2201 2917 2500 2974 viatoribus
2533 2925 2780 2990 permisit
2822 2926 3002 2996 diripi,
3035 2930 3176 2985 hanc
3220 2933 3382 2988 etiam
3420 2935 3485 2989 ﬁ-

1903 3021 2023 3060 cum
2044 3005 2208 3073 jussit
2237 3009 2434 3063 excidi.
2477 3010 2534 3065 ln
2574 3028 2678 3082 qua
2725 3017 2920 3084 quterit
2962 3016 3219 3086 fructum,
3255 3039 3360 3077 non
3390 3026 3482 3094 qui

1905 3097 2378 3188 adessenesciret,
2412 3103 2754 3174 sedostendit
2787 3107 2839 3162 in
2867 3108 3058 3177 ﬁgura,
3087 3113 3214 3182 quia
3254 3115 3308 3169 in
3343 3115 3482 3188 Syn-

1902 3202 2068 3257 agoga
2101 3187 2213 3255 jam
2252 3189 2486 3246 fructum
2520 3195 2720 3251 habere
2765 3197 3004 3254 deberet.
3029 3201 3139 3256 Nec
3185 3215 3310 3260 ante
3340 3187 3478 3263 tem-

1900 3291 2002 3345 pus
2030 3278 2222 3346 quterit
2240 3279 2330 3347 qui
2359 3295 2458 3348 per
2486 3283 2776 3338 triennium
2805 3288 2973 3342 venit.
3008 3289 3108 3354 Qui
3135 3306 3234 3360 per
3260 3293 3482 3365 Moysen

1903 3365 2240 3438 Synagogam
2307 3369 2558 3436 instituit,
2610 3373 2724 3443 ipse
2779 3375 2835 3430 in
2893 3392 3058 3433 carne
3104 3396 3370 3450 apparens
3425 3387 3481 3440 in

1902 3455 2186 3528 Synagoga
2215 3460 2424 3517 crebris
2463 3465 2636 3529 docet,
2682 3465 2917 3522 fructum
2967 3469 3090 3524 fidei
3133 3455 3344 3541 quaerit,
3387 3478 3480 3533 sed

1899 3546 2266 3618 irrPliarisreis
2292 3567 2407 3605 non
2442 3555 2663 3622 reperit.

1968 3637 2120 3694 Dixit
2174 3652 2350 3698 autem
2403 3645 2474 3699 ad
2514 3647 2762 3704 cultorem
2814 3653 2994 3708 vincar.
3041 3653 3228 3712 Cultor
3277 3659 3480 3726 viuere,

1897 3730 2148 3788 doctores
2179 3743 2309 3790 sunt
2333 3745 2389 3791 et
2428 3741 2655 3808 apostoli
2697 3758 2925 3813 quorum
2989 3751 3240 3817 precibus
3271 3761 3328 3808 et
3361 3770 3479 3809 mo-

1897 3823 2026 3878 nitis
2083 3826 2299 3881 assidua
2345 3829 2437 3883 Dei
2497 3846 2625 3886 cura
2673 3837 2997 3905 suggeritur,
3053 3841 3248 3909 quibus
3299 3843 3479 3900 Domi-

1899 3925 2005 3968 nus
2036 3929 2178 3983 saepe
2197 3916 2264 3969 de
2294 3916 2626 3974 infructuosa
2656 3932 2814 3991 gente
2859 3922 3164 3982 Judteorum
3195 3935 3480 4002 conqueri-

1896 4011 2004 4070 tur,
2033 4006 2175 4073 quod
2200 4021 2298 4075 per
2321 4017 2431 4063 tres
2455 4023 2625 4066 annos
2653 4027 2764 4066 suae
2790 4014 3134 4082 visitationis,
3181 4018 3234 4072 id
3265 4029 3370 4087 est,
3423 4023 3475 4075 in

1896 4094 2157 4166 legalibus
2179 4097 2391 4162 edictis,
2417 4101 2746 4170 prepheticis
2769 4107 3269 4175 contestationibus,
3304 4111 3478 4166 Evan-

1897 4185 2019 4257 gelii
2046 4186 2239 4256 gratia,
2263 4182 2540 4259 negligens
2567 4191 2857 4246 exstiterit.

1969 4272 2038 4328 Ut
2056 4274 2182 4345 quid
2202 4276 2361 4328 etiam
2385 4285 2602 4342 terram,
2627 4287 2731 4333 etc.
2762 4277 2944 4335 Potest
2966 4296 3063 4351 per
3081 4291 3277 4340 terram
3303 4288 3473 4343 sterili

1898 4365 2002 4420 ﬁcu
2055 4373 2371 4435 occupatam
2409 4366 2633 4424 Iudaica
2677 4368 2827 4439 plebs
2873 4371 3096 4442 signari,
3140 4389 3259 4444 quae
3307 4379 3467 4433 noxia

1895 4457 2306 4528 praepositorum
2348 4459 2537 4513 umbra
2565 4461 2847 4530 premitur,
2893 4478 2962 4518 ne
3009 4463 3190 4521 lumen
3229 4469 3474 4525 veritatis

1895 4547 2075 4602 videat
2103 4555 2158 4602 et
2203 4547 2464 4616 exemplis
2515 4564 2700 4604 eorum
2735 4551 3045 4620 impeditur,
3091 4569 3160 4609 ne
3188 4556 3302 4612 sole
3343 4559 3474 4614 dile-

1896 4636 2092 4692 ctionis
2125 4636 2398 4703 calescat;
2453 4639 2595 4694 unde
2650 4639 2863 4710 (Matth.
2908 4644 3102 4714 xxm):
3165 4643 3258 4699 Va!
3306 4648 3466 4714 vobis,

1897 4723 2094 4780 Scriba:
2128 4735 2176 4779 et
2200 4726 2478 4792 Phariswi,
2504 4739 2608 4784 etc.
2643 4729 2863 4785 Terram
2892 4743 3140 4803 occupat,
3178 4737 3267 4806 qui
3291 4736 3465 4793 locum

1897 4831 2056 4886 quem
2086 4824 2232 4872 tenet
2250 4819 2405 4873 bonis
2429 4821 2682 4888 operibus
2712 4838 2818 4877 non
2839 4834 3076 4886 exercet,
3105 4829 3194 4897 qui
3222 4830 3468 4899 exemplo

1897 4907 2182 4977 pravitatis
2209 4909 2645 4978 impedimentum
2666 4923 2885 4981 pnestat
2906 4918 3134 4972 caeteris.

1961 4996 2124 5052 Vens.
2165 4997 2218 5051 8.
2265 5027 2337 5037 —-
2366 4996 2661 5069 Usquedum
2690 5001 2912 5070 fodiam,
2943 5015 3048 5061 etc.
3108 5007 3289 5064 Donec
3323 5010 3467 5066 radi-

1891 5099 2009 5140 cem
2056 5084 2402 5142 infructuosaa
2449 5090 2643 5144 mentis
2691 5091 2968 5159 humilem,
3021 5104 3075 5150 et
3118 5101 3462 5166 praesentium

1889 5192 2285 5248 pressurarum,
2311 5186 2365 5233 et
2393 5187 2606 5234 aeternae
2633 5181 2993 5238 damnationis
3023 5186 3330 5244 incutiendo
3353 5205 3465 5245 me-

1892 5277 2026 5324 tum.
2052 5269 2218 5324 Fossa
2256 5270 2453 5341 quippe
2491 5272 2544 5326 in
2597 5273 2705 5328 imo
2741 5283 2844 5340 est,
2875 5291 2930 5330 et
2972 5277 3288 5348 increpatio,
3335 5281 3460 5336 dum

1893 5371 2129 5416 mentem
2159 5361 2257 5415 sibi
2283 5362 2635 5428 demonstrat,
2680 5364 2946 5421 humiliat.
2977 5367 3332 5424 Novitcultor
3357 5381 3463 5425 ter-

1890 5466 2006 5504 ram
2036 5451 2301 5515 excolere,
2331 5452 2423 5520 qui
2463 5453 2612 5506 novit
2659 5454 2788 5508 vitia
2837 5459 3249 5525 reprehendere.
3299 5460 3458 5515 Intel-

1888 5543 2018 5599 lexit
2053 5544 2302 5598 duritiam
2326 5553 2380 5598 et
2417 5547 2721 5614 superbiam
2749 5546 3055 5604 Judworum
3101 5566 3318 5606 causam
3343 5567 3459 5606 esse

1889 5636 2209 5692 sterilitatis.
2241 5634 2529 5690 Pollicetur
2563 5637 2742 5708 itaque
2782 5640 2915 5694 dura
2940 5645 3102 5696 corda
3150 5642 3458 5712 apostolicis

1888 5730 2154 5802 ligonibus
2177 5744 2296 5784 esse
2342 5728 2610 5798 fodienda,
2641 5740 2696 5788 et
2733 5734 3093 5803 superbientia
3137 5736 3202 5789 ad
3244 5732 3456 5788 humili-
