3960 6336
549 359 656 421 3ος

1051 359 1438 414 WALAFRIDI
1480 358 1724 414 STRABI
1764 355 1965 412 FULD.
2007 353 2170 412 ΜΟΝ.
2209 354 2358 412 OPP.
2400 352 2581 411 PARS
2615 353 2660 409 1.
2698 381 2768 395 -
2805 351 3257 409 TllEOLOGlCA.

3653 358 3736 414 3M

551 480 720 526 tatem
748 469 1066 524 revocanda.
1099 469 1305 522 Mittam
1337 478 1586 522 stercora.
1615 468 1669 522 ld
1699 476 1802 530 est,
1855 465 2118 520 malorum
2149 469 2192 526 Λ
2223 481 2462 536 praesepe
2490 465 2689 520 domini
2718 465 2820 528 sui,
2848 463 3127 520 Iudaicum
3161 475 3214 519 et
3241 461 3500 520 Gentilem
3525 468 3739 537 populum

551 577 672 632 quae
699 561 823 615 fecit
869 560 1320 614 abominationem
1370 561 1434 614 ad
1474 561 1712 613 animum
1765 560 2040 622 reducam,
2063 567 2119 613 et

553 651 980 722 oompunctionis
1011 645 1258 719 gratiam
1306 665 1430 704 cum
1461 650 1723 704 fructibus
1764 649 1892 704 boni
1941 649 2121 718 operis

550 740 705 812 quasi
744 741 810 795 de
843 740 1164 808 pinguedine
1206 741 1462 795 stercoris
1499 741 1844 794 exsuscitem.
1891 738 2121 793 Peccata

550 835 693 888 enim
731 831 912 887 carnis
945 839 1182 885 stercnra
1213 831 1479 891 dicantur,
1511 846 1630 900 qua:
1672 831 2034 884 immittuntur
2052 831 2120 885 ad

551 923 786 978 radicem
817 921 1046 985 arboris,
1073 923 1287 991 quando
1313 923 1593 991 pravitatis
1625 924 1969 977 conscientiae
2005 933 2122 978 tan-

550 1013 696 1084 gitur
741 1009 1084 1081 cogitationis
1131 1011 1410 1077 memoria,
1457 1021 1512 1066 et
1558 1012 1685 1066 dum
1734 1012 1858 1067 inde
1895 1013 2122 1081 poenitet

549 1103 701 1173 quasi
750 1115 846 1172 per
893 1109 1094 1156 tactum
1139 1103 1398 1157 stercoris
1445 1103 1579 1157 redit
1629 1105 1696 1158 ad
1738 1101 2124 1158 fecunditatem

547 1193 745 1263 operis.

619 1283 784 1337 Vens.
812 1282 868 1338 9.
892 1313 960 1323 —
988 1280 1054 1337 Et
1109 1283 1188 1339 εἰ·
1209 1283 1436 1352 quidem.
1471 1284 1601 1339 Cum
1633 1285 1961 1355 pmnitentite
1989 1286 2122 1339 ordo

548 1375 827 1444 exigeret,
881 1382 942 1427 ut
994 1381 1307 1442 apponeret,
1370 1375 1735 1429 reservabitur
1782 1373 1865 1428 vel
1920 1373 2122 1441 aliquid

552 1465 677 1530 tale,
724 1462 857 1518 nihil
903 1470 1082 1516 tamen
1132 1462 1429 1530 subjunxit,
1457 1463 1550 1517 sed
1591 1464 1866 1532 suspendit
1906 1471 2121 1517 senten-

551 1556 702 1609 tiam.

631 1646 727 1701 Sin
752 1654 947 1700 autem.
981 1643 1221 1709 Scilicet,
1245 1659 1350 1700 non
1376 1643 1564 1700 fecerit
1586 1642 1847 1708 fructum,
1872 1643 2123 1698 continue

547 1737 809 1807 judicium
850 1745 1094 1791 Ventura:
1126 1737 1490 1791 damnationis
1519 1736 1797 1799 annexuit,
1849 1734 1974 1804 quia
1999 1749 2124 1802 pro-

2220 560 2547 629 signiﬁcant,
2595 560 2687 627 qui
2717 559 3188 628 uterqne'peccati
3232 559 3456 612 vinculis
3483 560 3738 628 absolutus,

2218 649 2365 705 sitim
2394 661 2689 720 aestumque
2714 651 2871 720 huius
2895 665 3080 706 manat
3110 665 3208 720 per
3234 651 3488 706 haustum
3516 654 3740 713 Dominici

2219 741 2385 794 tontis
2410 741 2675 810 deposuit.
2702 741 2759 794 In
2790 742 2876 795 bis
2897 755 3028 811 ergo
3056 741 3263 796 duobus
3289 741 3597 798 animaiibus
3612 761 3742 801 voca-

2221 830 2420 884 tionem
2469 831 2692 884 duorum
2738 831 3078 901 populorum,
3109 831 3512 888 adversantibus
3558 835 3740 904 iudicis,

2218 916 2542 984 praenuntiat
2569 916 2843 972 Dominus.

2290 1009 2450 1064 Vsus.
2484 1008 2570 1062 16.
2590 1039 2662 1050 -—
2686 1008 2836 1064 Hanc
2853 1020 3051 1074 autem,
3073 1016 3178 1063 etc.
3208 1007 3344 1063 Filia
3371 1006 3606 1078 Abrahzc,
3629 1028 3743 1082 qua:-

2219 1115 2322 1170 que
2355 1101 2524 1156 ﬁdelis
2551 1101 2731 1155 anima
2766 1100 2875 1155 ﬁlia
2900 1101 3154 1166 Abrahae,
3199 1102 3434 1156 Ecclesia
3463 1103 3526 1157 de
3555 1114 3745 1173 utroque

2220 1193 2416 1262 populo
2462 1194 2526 1246 ad
2557 1193 2713 1247 ﬁdem
2755 1193 2997 1258 collecta,
3029 1209 3148 1264 qua!
3175 1202 3415 1264 tempore
3445 1194 3570 1265 legis
3591 1207 3640 1252 et
3660 1199 3742 1252 Do-

2220 1282 2432 1336 minica:
2454 1283 2866 1337 resurrectionis
2887 1283 3128 1352 impleto,
3165 1299 3262 1354 per
3282 1285 3630 1354 septiformem
3650 1303 3745 1357 gra-

2222 1370 2352 1424 tiam
2379 1370 2611 1440 Spiritus
2649 1373 2819 1426 sancti
2863 1373 3072 1427 vincula
3103 1373 3274 1441 longae
3305 1375 3615 1444 captivitatis
3647 1393 3745 1432 eru-

2220 1463 2334 1532 pit:
2363 1472 2418 1518 et
2460 1463 2541 1519 sic
2585 1463 2725 1518 idem
2771 1472 2855 1519 eSt
2894 1464 3085 1520 bovem
3123 1466 3205 1520 vel
3233 1467 3448 1521 asinum
3472 1483 3500 1520 a
3526 1470 3747 1539 pnesepio

2221 1553 2426 1608 solutos
2450 1556 2516 1607 ad
2545 1564 2729 1622 potum
2759 1557 2865 1625 agi,
2901 1557 3043 1624 quod
3071 1566 3153 1612 est
3174 1555 3341 1612 ﬁliam
3369 1557 3632 1614 Abrahaea
3652 1563 3746 1614 vin-

2223 1644 2344 1699 culo
2368 1645 2542 1699 noxia:
2563 1645 2932 1701 inclinationis
2955 1647 3086 1717 erigi

2295 1735 2458 1788 Vens.
2493 1736 2580 1788 17.
2603 1765 2671 1774 -
2699 1735 3082 1791 Erubescebant
3131 1754 3329 1792 omnes.
3395 1739 3492 1806 Qui
3538 1740 3598 1794 de
3622 1740 3748 1796 dictis

552 1831 801 1885 t-liviores
865 1831 936 1884 ad
978 1833 1289 1901 negandum
1345 1845 1508 1899 quam
1558 1828 1626 1884 ad
1675 1828 2000 1884 credendum
2048 1827 2126 1880 vi-
2153 1810 2200 1868 Β
2230 1823 2528 1879 Salvatoris
2549 1826 2894 1891 erubescunt,
2927 1825 3166 1882 ﬁculneae
3199 1827 3371 1881 sterili
3395 1844 3452 1882 se
3479 1829 3660 1883 similes
3682 1846 3748 1883 os-

551 1921 681 1974 tlcba
691 1929 729 1974 ι.

627 2009 783 2064 Vens.
816 2009 901 2064 10.
934 2040 1005 2051 -
1029 2007 1160 2064 Erat
1186 2019 1358 2064 autem
1399 2011 1608 2065 docens.
1635 2009 1786 2065 Hanc
1825 2008 2130 2063 similitudi-

550 2117 674 2156 nem
699 2103 765 2157 de
800 2101 1024 2156 ﬁculnea
1060 2103 1257 2156 dicitur
1299 2103 1561 2157 Dominus
1597 2102 1844 2156 docuisse
1887 2101 1940 2154 in
1987 2099 2126 2170 Syn-

551 2205 741 2261 agoga,
766 2199 823 2244 ut
850 2191 1132 2245 intimetnr
1162 2193 1228 2246 ad
1253 2193 1424 2262 ipsam
1450 2191 1784 2262 Synagogam
1802 2191 2129 2260 pertinuisse

550 2281 883 2348 parabolam.
931 2280 1082 2348 Quod
1132 2281 1274 2335 enim
1319 2279 1553 2336 fructum
1577 2281 1778 2349 quaerit
1820 2281 1871 2335 in
1903 2280 2129 2335 ﬁculnea

554 2386 653 2425 nec
693 2371 922 2434 invenit,
945 2371 1210 2441 signiﬁcat
1237 2372 1380 2441 quod
1408 2372 1628 2425 verbum
1659 2371 1966 2426 commodat
1994 2368 2132 2440 Sync

553 2475 762 2530 agogre,
804 2476 906 2515 nec
941 2461 1028 2514 illa
1074 2461 1285 2530 recipit,
1327 2474 1487 2530 quam
1521 2463 1707 2515 tamen
1744 2475 1859 2514 non
1907 2475 1970 2514 ex
2019 2466 2131 2514 toto

552 2552 972 2620 exstirpandam,
997 2552 1091 2604 sed
1135 2552 1392 2620 reliquias
1425 2566 1522 2622 per
1549 2552 1707 2604 ﬁdem
1737 2550 2022 2604 salvandas
2051 2549 2132 2603 in-

556 2641 824 2712 telligens,
849 2657 970 2695 mox
1000 2641 1196 2696 ibidem
1222 2642 1504 2710 primitivte
1526 2641 1780 2697 Ecclesia:
1801 2640 2011 2695 sanatio
2032 2639 2132 2694 sub

555 2734 733 2804 specie
760 2733 994 2788 incurva:
1020 2734 1267 2788 mulieris
1309 2733 1676 2802 subsequitur.
1710 2732 1854 2786 Idem
1885 2732 2030 2785 enim
2059 2731 2134 2784 si-

556 2826 777 2898 gniﬁcat
807 2825 1033 2881 ﬁculnea
1053 2834 1326 2880 reservata
1354 2825 1494 2895 quod
1546 2825 1739 2880 mulier
1765 2832 1965 2878 erecta.
1994 2822 2130 2876 Sab-

557 2909 710 2972 batis.
753 2915 1006 2971 Sabbatis
1051 2911 1206 2970 docet
1250 2924 1305 2970 et
1351 2928 1570 2969 curvam
1629 2913 1807 2982 erigit,
1858 2913 1986 2981 quia
2022 2914 2134 2979 per

556 3009 779 3063 verbum
809 3005 1206 3076 praedicationis
1232 3020 1262 3059 a
1288 3002 1669 3074 temporalibus
1701 3001 1768 3056 ad
1800 3011 1999 3056 aeterna
2021 3015 2134 3055 ere-

556 3109 673 3154 ctos
693 3099 758 3153 ad
787 3099 1025 3169 quietem
1053 3097 1464 3152 resurrectionis
1489 3095 1753 3169 perducit.

2232 1915 2472 1969 tendunt.
2502 1913 2601 1980 Qui
2632 1929 2758 1985 ergo
2782 1917 3014 1984 gaudent
3034 1918 3100 1973 de
3125 1917 3418 1982 miraculis,
3443 1920 3748 1988 pertinentad

2231 2006 2396 2060 ﬁliam
2435 2007 2685 2072 Abrahae,
2708 2007 2761 2061 id
2788 2016 2870 2062 est
2903 2009 3215 2073 Ecclesiam,
3248 2011 3416 2064 D‘eum
3441 2011 3506 2064 de
3546 2026 3629 2064 sua
3655 2025 3750 2064 ere-

2230 2098 2410 2153 ctione
2435 2097 2844 2168 gioriﬁcantem.
2869 2099 3186 2154 Adversarii.
3214 2099 3417 2155 Scriba)
3435 2108 3488 2155 ct
3513 2100 3750 2163 Pharisaei;

2231 2189 2321 2259 qui
2353 2203 2452 2243 nec
2505 2196 2689 2257 aperte
2733 2190 2953 2244 veritati
2983 2191 3362 2246 contradicere
3405 2200 3637 2261 possunt,
3675 2203 3752 2245 nec

2230 2291 2453 2352 propter
2479 2282 2731 2336 invidiam
2757 2283 2978 2338 credere
2999 2283 3204 2337 volunt.
3235 2282 3419 2337 Omnis
3441 2282 3641 2354 populus
3655 2299 3751 2350 gau-

2232 2372 2404 2425 debat.
2438 2369 2744 2442 Simplices,
2775 2372 3002 2427 humiles
3023 2371 3185 2427 verba
3209 2373 3452 2427 veritatis
3471 2382 3524 2426 et
3542 2370 3752 2427 miracula

2233 2470 2494 2525 amantes,
2527 2471 2581 2516 et
2615 2463 2702 2516 isti
2731 2473 2859 2516 sunt
2891 2463 3059 2534 ﬁgura
3091 2464 3349 2534 gentium,
3375 2480 3492 2534 quae
3517 2465 3758 2519 exeamus

2232 2547 2433 2604 Iuda-is
2457 2551 2848 2620 congreganda:
2869 2560 2993 2606 sunt
3023 2551 3088 2605 ad
3119 2551 3280 2606 ﬁdem
3312 2568 3406 2622 per
3423 2553 3752 2607 humilitatem.-

2235 2640 2389 2696 Unde
2415 2650 2470 2695 et
2497 2640 2748 2696 Salvator
2767 2642 2928 2697 ﬁdem
2956 2659 3145 2699 eorum
3169 2645 3510 2700 commendat
3529 2645 3618 2700 sub
3635 2657 3752 2700 com:

2233 2732 2515 2800 paratione
2543 2732 2696 2802 grani
2726 2733 2956 2803 sinapis.

2310 2823 2474 2877 Vsus.
2500 2823 2588 2878 18.
2607 2853 2678 2863 —
2698 2823 2912 2878 Dicebat
2940 2843 3082 2897 ergo.
3115 2827 3550 2898 Quandoquidem
3575 2827 3755 2882 aderant

2235 2913 2530 2982 gaudentes
2557 2921 2610 2966 et
2637 2913 3024 2984 gloriﬁcantes,
3050 2917 3269 2973 dicebat
3292 2920 3358 2974 ad
3393 2919 3756 2974 commendatur

2238 3017 2359 3056 nem
2395 3010 2448 3057 et
2485 3003 2894 3060 instructionem
2938 3005 3150 3060 illorum
3183 3008 3279 3076 qui
3321 3019 3419 3077 per
3454 3008 3755 3062 humilitatem

2243 3101 2297 3145 et
2326 3091 2446 3145 ﬁdei
2472 3091 2736 3146 fervorem
2768 3094 3037 3149 exaltandi
3062 3104 3188 3150 sunt
3217 3097 3274 3151 in
3299 3098 3549 3153 Ecclesia.-

629 3168 912 3244 V'snsail.
941 3219 1010 3229 —
1035 3187 1171 3242 Ecce
1217 3187 1425 3252 mulier,
1466 3195 1571 3242 etc.
1627 3168 1752 3240 Haec
1794 3185 1996 3240 "mulier
2023 3199 2128 3238 non
2157 3173 2201 3236 C
2304 3183 2468 3237 Vsus.
2498 3184 2584 3237 19.
2608 3213 2679 3223 -
2707 3183 2892 3240 Simile
2935 3196 3032 3252 est,
3059 3196 3163 3242 etc.
3201 3187 3442 3243 Granum
3471 3189 3667 3257 sinapis,
3690 3197 3754 3241 res

557 3283 658 3338 nisi
689 3291 809 3352 post
829 3283 1013 3337 decem
1044 3288 1098 3334 et
1127 3290 1250 3336 octo
1285 3296 1458 3335 annos
1481 3279 1614 3350 erigi
1653 3277 1848 3348 potuit,
1875 3277 2001 3346 quia
2031 3277 2131 3331 hu-

557 3389 718 3428 mana
742 3381 936 3427 natura
964 3373 1103 3428 hanc
1147 3373 1550 3443 corruptionem
1591 3371 1858 3439 deponere
1883 3379 1938 3422 et
1959 3370 2024 3422 ad
2047 3369 2132 3433 in-

557 3462 826 3518 duendum
865 3462 1319 3530 incorruptionem
1361 3470 1576 3516 aeternae
1608 3459 1954 3514 beatitudinis
1997 3457 2130 3527 erigi

559 3569 666 3607 non
690 3553 908 3622 poterit,
931 3539 1030 3606 nisi
1055 3553 1202 3621 prius
1223 3552 1521 3621 impleverit
1546 3550 1716 3619 legem
1739 3564 1856 3617 quae
1875 3549 1926 3601 in
1947 3549 2133 3602 decem

557 3643 844 3712 praeceptis
865 3643 1188 3706 continetur,
1211 3651 1266 3696 et
1285 3642 1513 3712 gratiam
1537 3641 1590 3694 in
1614 3655 1719 3710 qua
1741 3638 1938 3693 Christi
1963 3653 2135 3693 resur-

564 3733 736 3787 rectio
769 3731 904 3786 facta
928 3742 1010 3786 est
1033 3736 1292 3786 et'nostra
1323 3739 1684 3801 exspectatur.

637 3821 816 3885 Annis,
858 3829 963 3875 etc.
996 3807 1253 3876 Senarius
1274 3807 1333 3875 in
1362 3836 1469 3890 quo
1499 3819 1680 3874 mundi
1711 3827 1959 3873 creatura
2013 3833 2136 3888 per-

565 3911 700 3966 fecta
723 3918 824 3975 est,
853 3925 1076 3980 operum
1115 3911 1498 3985 perfectionem
1523 3910 1718 3978 signat,
1768 3909 1858 3979 qui
1906 3922 2002 3978 per
2029 3918 2137 3963 tres

563 4000 944 4071 multiplicatos
966 4001 1151 4056 decem
1175 4007 1228 4055 et
1253 4008 1375 4056 octo
1417 3985 1614 4063 reddit,
1641 4007 1696 4051 et
1732 3997 1910 4078 signat
1929 4013 2021 4052 eos
2044 3997 2136 4067 qui

564 4095 617 4147 in
647 4093 818 4148 tribus
857 4092 1188 4162 temporibus
1231 4091 1520 4146 Dominicaz
1547 4088 1888 4152 visitationis,
1932 4086 2138 4142 scilicet

564 4193 692 4241 ante
721 4184 890 4257 legem
921 4195 975 4239 et
1000 4185 1100 4240 sub
1143 4183 1258 4254 lege
1304 4191 1360 4238 et
1385 4183 1484 4238 sub
1511 4182 1704 4252 gratia,
1754 4180 2137 4250 perfectionem

563 4293 786 4352 operum
834 4278 1051 4334 habent.
1103 4275 1217 4331 Hoc
1269 4291 1398 4346 ergo
1443 4283 1684 4343 tempore
1725 4273 1908 4328 Judzca
1957 4287 1987 4326 a
2028 4287 2138 4327 suae

566 4372 762 4429 tuentis
809 4370 1130 4427 rectitudine
1175 4376 1394 4423 curvata
1432 4366 1550 4430 fuit,
1582 4381 1702 4434 quae
1727 4364 1898 4434 magis
1923 4374 2137 4419 terrena

565 4468 727 4533 quam
757 4460 992 4518 cmlestia
1026 4467 1269 4523 noverat,
1294 4466 1566 4528 operatur.

2234 3271 2358 3325 vilis
2383 3281 2436 3326 et
2469 3272 2717 3341 simplex,
2760 3275 2877 3339 sed,
2932 3275 2978 3328 si
3028 3276 3244 3340 teritur,
3296 3278 3404 3332 vim
3441 3293 3581 3332 suam
3600 3277 3751 3331 fundit.

2238 3361 2482 3432 Regnum
2522 3377 2650 3432 ergo
2673 3363 2957 3429 cmlorum,
3007 3365 3060 3421 id
3107 3375 3191 3421 est
3229 3367 3365 3423 ﬁdes
3393 3384 3488 3438 per
3529 3383 3667 3438 quam
3689 3381 3757 3418 ve-

2239 3449 2386 3502 nitur
2415 3450 2481 3504 ad
2522 3465 2765 3520 regnum,
2806 3466 3152 3521 comparatur
3198 3471 3368 3527 grano
3415 3458 3634 3527 sinapis:
3660 3455 3754 3524 quia

2238 3541 2414 3610 primo
2441 3541 2659 3597 humilis
2687 3552 2742 3596 et
2769 3545 2922 3612 quasi
2951 3546 3159 3616 abjecta
3183 3557 3236 3601 et
3261 3549 3429 3604 amari
3453 3550 3644 3618 saporis
3661 3562 3756 3615 pro-

2239 3638 2360 3700 pter
2387 3630 2750 3687 inﬁrmitatem
2787 3632 2986 3689 Christi
3033 3643 3088 3690 et
3132 3638 3444 3692 scandalum
3474 3637 3657 3698 crucis;
3687 3631 3755 3688 sed

2241 3723 2366 3777 trita
2390 3723 2663 3788 adversis,
2685 3725 2916 3791 gratiam
2946 3741 3055 3780 sure
3078 3727 3298 3782 virtutis
3319 3726 3534 3782 eﬁ‘undit
3559 3735 3608 3780 et
3630 3725 3760 3778 odore

2242 3829 2340 3869 suo
2368 3815 2780 3869 circumstantes
2810 3815 3081 3885 adimplet,
3139 3817 3266 3870 dum
3323 3817 3538 3886 gloriam
3566 3825 3758 3870 resurre-

2243 3906 2440 3962 ctionis
2461 3915 2514 3959 et
2543 3907 2877 3962 ascensionis
2902 3909 3064 3962 etiam
3102 3914 3222 3978 p‘ost
3246 3920 3474 3965 mortem
3503 3905 3758 3980 pra‘tlicavit

2245 4005 2358 4052 toto
2383 3998 2516 4053 orbe
2536 4006 2828 4053 terrarum.
2869 3998 2964 4053 Vel
3012 4016 3206 4071 corpus
3240 4001 3440 4057 Christi
3485 4015 3682 4073 granum
3707 3997 3758 4048 si-

2244 4090 2418 4158 napis,
2445 4091 2585 4159 quod
2609 4077 2879 4160 accipiens
2898 4092 3097 4162 Joseph
3128 4094 3180 4147 in
3205 4095 3366 4148 horto
3389 4095 3632 4165 sepelivit,
3651 4089 3760 4159 quod

2243 4191 2428 4250 postea
2464 4181 2515 4235 in
2575 4184 2968 4239 resurrectione
3022 4194 3077 4238 et
3125 4187 3439 4240 ascensione
3488 4185 3655 4239 crevit.
3682 4181 3761 4233 Et-

2245 4273 2429 4342 pandit
2460 4287 2660 4338 ramos,
2692 4275 3072 4344 praedicatores
3093 4293 3188 4348 per
3217 4285 3386 4330 totum
3415 4276 3648 4330 mundum
3667 4272 3762 4325 mit-

2247 4371 2385 4427 tens,
2411 4362 2464 4416 in
2491 4377 2718 4430 quorum
2743 4364 2899 4420 dictis
2918 4373 2974 4419 et
2989 4365 3446 4422 consolationibus
3472 4363 3639 4418 ﬁdeles
3658 4375 3682 4412 a
3704 4358 3761 4410 fa-

2247 4451 2506 4518 tigatione
2529 4454 2710 4508 mundi
2736 4455 3024 4524 respirant.

641 4549 801 4604 Vsus.
823 4547 983 4605 ης-
1006 4548 1144 4617 Quia
1164 4547 1414 4604 Sabbato.
1440 4547 1581 4601 Deus
1597 4549 1664 4602 ab
1680 4543 1931 4616 operibus
1957 4541 2141 4598 mundi
2171 4530 2218 4590 D
2314 4539 2474 4595 Vens.
2505 4542 2593 4596 st.
2615 4573 2687 4583 —
2713 4543 2865 4608 Quod
2887 4557 3172 4616 acceptum,
3204 4555 3309 4601 etc.
3333 4547 3524 4601 Muiier
3547 4529 3759 4598 Ecclesia.

569 4640 808 4696 Sabbato
835 4639 1118 4710 requievit.
1142 4638 1294 4695 Unde
1324 4647 1380 4693 et
1405 4638 1614 4708 Moyses
1643 4636 1878 4692 Sabbato
1904 4651 1933 4687 a
1959 4632 2141 4710 servili

568 4739 622 4787 et
656 4730 818 4786 noxia
865 4729 1077 4784 actione
1126 4726 1428 4784 feriundum
1470 4727 1740 4798 praecepit,
1791 4724 2142 4796 pnnﬁgurans

568 4831 782 4891 tempus
803 4835 910 4890 quo
938 4829 1121 4875 nostra
1168 4819 1447 4876 saecularia
1497 4833 1679 4889 Opera,
1710 4834 1815 4873 non
1859 4833 1984 4872 vero
2012 4815 2139 4870 reli-

570 4913 739 4982 giosa,
792 4911 844 4964 id
875 4919 959 4964 est
1002 4909 1250 4964 laudandi
1299 4909 1464 4965 Deum
1490 4910 1792 4964 cessabunt.
1843 4907 1897 4960 In
1929 4907 2142 4976 signum

572 4999 732 5072 hujus
755 5000 831 5056 rei
858 5000 1021 5054 etiam
1047 4997 1289 5055 Sabbato
1315 4999 1571 5054 Dominus
1615 5006 1787 5052 curat.
1819 4997 1931 5054 Hoc
1959 5006 2138 5051 autem

573 5108 679 5147 non
717 5089 1018 5158 intelligens
1045 5089 1497 5160 archisynagogus
1525 5088 1726 5142 fallitur
1749 5097 1800 5144 et
1828 5087 1982 5151 fallit.
2014 5088 2140 5157 quia

575 5182 741 5237 lexin
772 5179 1012 5234 Sabbato
1057 5195 1164 5234 non
1210 5180 1482 5234 hominem
1527 5195 1738 5240 curare,
1783 5180 1878 5233 sed
1921 5178 2126 5236 servilia

574 5285 739 5341 opera
770 5269 967 5333 facere,
997 5269 1048 5323 id
1073 5276 1158 5324 est
1208 5270 1444 5339 peccatis
1466 5268 1676 5338 gravari
1708 5266 1996 5336 prohibuit.

653 5361 811 5416 Vsus.
842 5362 928 5418 i5.
956 5393 1024 5402 —
1053 5361 1370 5434 Hypocritto.
1396 5361 1586 5417 Merito
1624 5359 1957 5430 hypocritas,
1987 5359 2038 5413 id
2057 5366 2141 5414 est

575 5454 919 5512 simulatores
952 5463 1121 5516 vocat,
1150 5452 1243 5522 qui
1279 5468 1398 5508 cum
1430 5451 1674 5520 magistri
1714 5448 1945 5520 plebium
1971 5448 2139 5505 videri

575 5552 849 5616 appetant,
877 5544 1212 5598 sanationem
1260 5540 1494 5595 hominis
1516 5556 1620 5595 non
1650 5547 1964 5592 reverentur
1996 5546 2143 5608 post-

576 5651 777 5709 ponere
797 5652 942 5692 curte
971 5635 1199 5705 pecoris.
1238 5632 1357 5688 Non
1377 5631 1524 5686 solvit
1548 5633 1742 5686 bovem.
1772 5630 2011 5701 Mystice.
2043 5631 2146 5685 Bos

575 5727 666 5796 qui
692 5725 939 5797 cognovit
974 5736 1334 5796 possessorem
1366 5737 1521 5776 suum
1565 5729 1618 5778 et
1656 5721 1838 5777 asinus
1869 5720 1959 5794 qui
1999 5721 2146 5777 novit

2245 4627 2399 4696 cujus
2445 4629 2616 4686 farina
2649 4649 2856 4699 sumus,
2885 4644 3150 4704 quotquot
3181 4638 3392 4692 timoris
3420 4645 3472 4692 et
3518 4635 3620 4703 spei
3637 4644 3760 4686 exer-

2247 4719 2375 4772 citio
2400 4719 2553 4787 quasi
2581 4721 2718 4776 mola
2771 4725 3045 4792 superiore
3071 4735 3125 4780 et
3175 4726 3430 4781 inferiore
3455 4723 3759 4781 conterimur.

2249 4817 2310 4862 ut
2336 4825 2471 4863 unus
2503 4811 2656 4880 panis
2704 4812 2854 4865 multi
2917 4797 3086 4869 simus
3117 4816 3170 4868 in
3230 4815 3462 4871 Christo.
3515 4805 3762 4868 Abscontlil

2249 4916 2377 4971 ergo
2402 4901 2642 4956 Ecclesia
2668 4901 2986 4957 fermentum
3019 4906 3320 4960 dilectionis
3363 4907 3415 4961 in
3470 4905 3638 4959 farina:
3673 4906 3760 4951 sala

2247 4993 2373 5056 tria,
2403 4993 2524 5060 quia
2553 4992 2793 5061 prarcipit
2837 5001 2895 5046 ut
2944 4994 3228 5066 diligamus
3273 4995 3438 5050 Deum
3485 5001 3589 5047 toto
3616 4985 3760 5043 corde.

2246 5092 2354 5138 tota
2385 5083 2584 5147 anima,
2616 5089 2724 5136 tota
2751 5083 2966 5136 virtute.

2315 5170 2474 5225 Vens.
2501 5170 2590 5223 2‘2.
2613 5201 2685 5208 —
2708 5170 2772 5224 Et
2797 5171 2920 5236 ibat,
2943 5181 3047 5225 etc.
3072 5169 3279 5241 Ubique
3297 5171 3642 5226 indilierenter
3657 5172 3764 5232 pm

2246 5262 2484 5326 dicabat,
2518 5278 2623 5316 non
2645 5276 2902 5330 personas
2931 5262 3261 5326 discernens,
3309 5261 3404 5317 sed
3434 5259 3644 5314 salutem
3667 5262 3761 5303 ere.

2245 5353 2493 5414 dentibus
2519 5367 2782 5420 quaerens.

2318 5444 2480 5501 Vens.
2506 5444 2540 5498 2
2558 5445 2599 5498 ι.
2625 5473 2695 5484 —-
2735 5443 3044 5501 Contendite
3072 5436 3290 5508 inirare,
3333 5451 3438 5497 etc.
3475 5435 3624 5505 Quasi
3643 5429 3761 5484 dice-

2247 5548 2364 5594 ret:
2403 5537 2537 5592 Vere
2558 5536 2736 5606 pauci,
2767 5544 2823 5589 et
2849 5534 2923 5589 illi
2956 5550 3077 5590 cum
3122 5535 3328 5605 magnis
3357 5531 3631 5587 laboribus.
3656 5516 3764 5612 quia

2248 5627 2354 5682 nisi
2381 5627 2578 5683 mentis
2603 5626 2831 5680 intentio
2874 5622 3099 5688 ferveat,
3131 5625 3272 5678 unda
3296 5621 3480 5676 mundi
3508 5630 3603 5671 non
3625 5609 3760 5663 vincto

2249 5728 2356 5785 tur,
2393 5734 2488 5792 per
2511 5733 2672 5790 quam
2702 5717 2879 5774 anima
2905 5715 2974 5771 ad
2999 5717 3106 5773 ima
3136 5729 3347 5785 semper
3369 5717 3648 5768 revocatur.
