  <div class='ocr_page' id='page_1' title='image "/cluster/home/n/w/nwhite01/storage/ocr_20150623/114/hvd.32044018909580/158.png"; bbox 0 0 3960 6336; ppageno 0'>
   <div class='ocr_carea' id='block_1_1' title="bbox 207 434 316 490">
    <p class='ocr_par' dir='ltr' id='par_1_1' title="bbox 207 434 316 490">
     <span class='ocr_line' id='line_1_1' title="bbox 207 434 316 490; baseline -0.009 -1"><span class='ocrx_word' id='word_1_1' title='bbox 207 434 316 490; x_wconf 75' lang='grc'><strong>505</strong></span> 
     </span>
    </p>
   </div>
   <div class='ocr_carea' id='block_1_2' title="bbox 1239 436 2545 512">
    <p class='ocr_par' dir='ltr' id='par_1_2' title="bbox 1239 436 2545 512">
     <span class='ocr_line' id='line_1_2' title="bbox 1239 436 2545 512; baseline 0.005 -17"><span class='ocrx_word' id='word_1_2' title='bbox 1239 438 1505 496; x_wconf 77' lang='lat' dir='ltr'><strong>GLOSSA</strong></span> <span class='ocrx_word' id='word_1_3' title='bbox 1534 440 1932 498; x_wconf 75' lang='lat' dir='ltr'><strong>ORDINARIA.</strong></span> <span class='ocrx_word' id='word_1_4' title='bbox 1970 436 2333 503; x_wconf 44' lang='lat' dir='ltr'><strong>--&#39;EV.ANG.</strong></span> <span class='ocrx_word' id='word_1_5' title='bbox 2374 446 2545 512; x_wconf 37' lang='lat' dir='ltr'><strong>Luc.</strong></span> 
     </span>
    </p>
   </div>
   <div class='ocr_carea' id='block_1_3' title="bbox 3350 448 3457 505">
    <p class='ocr_par' dir='ltr' id='par_1_3' title="bbox 3350 448 3457 505">
     <span class='ocr_line' id='line_1_3' title="bbox 3350 448 3457 505; baseline 0.019 -1"><span class='ocrx_word' id='word_1_6' title='bbox 3350 448 3457 505; x_wconf 73' lang='lat'><strong>506</strong></span> 
     </span>
    </p>
   </div>
   <div class='ocr_carea' id='block_1_4' title="bbox 285 536 3457 665">
    <p class='ocr_par' dir='ltr' id='par_1_4' title="bbox 285 536 3457 665">
     <span class='ocr_line' id='line_1_4' title="bbox 285 536 3457 665; baseline 0.006 -65"><span class='ocrx_word' id='word_1_7' title='bbox 285 546 448 602; x_wconf 82' lang='lat' dir='ltr'><strong>Vens.</strong></span> <span class='ocrx_word' id='word_1_8' title='bbox 475 547 568 602; x_wconf 73' lang='lat'><strong>23.</strong></span> <span class='ocrx_word' id='word_1_9' title='bbox 591 576 665 589; x_wconf 93' lang='lat'><strong>—</strong></span> <span class='ocrx_word' id='word_1_10' title='bbox 691 546 823 603; x_wconf 81' lang='lat' dir='ltr'><strong>Cum</strong></span> <span class='ocrx_word' id='word_1_11' title='bbox 851 559 1047 613; x_wconf 80' lang='lat' dir='ltr'><strong>autem,</strong></span> <span class='ocrx_word' id='word_1_12' title='bbox 1070 560 1176 607; x_wconf 91' lang='lat' dir='ltr'><strong>etc.</strong></span> <span class='ocrx_word' id='word_1_13' title='bbox 1198 552 1595 611; x_wconf 72' lang='lat' dir='ltr'><strong>Paterfamilias</strong></span> <span class='ocrx_word' id='word_1_14' title='bbox 1620 554 1781 612; x_wconf 86' lang='lat' dir='ltr'><strong>Chri-</strong></span> <span class='ocrx_word' id='word_1_15' title='bbox 1806 557 1857 617; x_wconf 81' lang='grc' dir='ltr'>Α</span> <span class='ocrx_word' id='word_1_16' title='bbox 1882 557 2025 626; x_wconf 88' lang='lat' dir='ltr'><strong>quod</strong></span> <span class='ocrx_word' id='word_1_17' title='bbox 2065 563 2150 612; x_wconf 87' lang='lat' dir='ltr'><strong>est</strong></span> <span class='ocrx_word' id='word_1_18' title='bbox 2188 557 2443 665; x_wconf 64' lang='lat' dir='ltr'><strong>Efclesia,</strong></span> <span class='ocrx_word' id='word_1_19' title='bbox 2486 536 2671 661; x_wconf 26' lang='lat' dir='ltr'><strong>quam.</strong></span> <span class='ocrx_word' id='word_1_20' title='bbox 2692 559 2749 615; x_wconf 89' lang='lat' dir='ltr'><strong>in</strong></span> <span class='ocrx_word' id='word_1_21' title='bbox 2769 560 2868 665; x_wconf 63' lang='lat' dir='ltr'><strong>die</strong></span> <span class='ocrx_word' id='word_1_22' title='bbox 2905 560 3320 665; x_wconf 74' lang='lat' dir='ltr'><strong>resurrectionis</strong></span> 
     </span>
    </p>
   </div>
   <div class='ocr_carea' id='block_1_5' title="bbox 208 640 1787 716">
    <p class='ocr_par' dir='ltr' id='par_1_5' title="bbox 208 640 1787 716">
     <span class='ocr_line' id='line_1_5' title="bbox 208 640 1787 716; baseline 0.006 -22"><span class='ocrx_word' id='word_1_23' title='bbox 208 647 348 702; x_wconf 82' lang='lat' dir='ltr'><strong>stus,</strong></span> <span class='ocrx_word' id='word_1_24' title='bbox 381 654 504 694; x_wconf 85' lang='lat' dir='ltr'><strong>cum</strong></span> <span class='ocrx_word' id='word_1_25' title='bbox 548 640 750 709; x_wconf 79' lang='lat' dir='ltr'><strong>ubique</strong></span> <span class='ocrx_word' id='word_1_26' title='bbox 775 656 839 696; x_wconf 82' lang='lat' dir='ltr'><strong>ex</strong></span> <span class='ocrx_word' id='word_1_27' title='bbox 879 641 1169 700; x_wconf 87' lang='lat' dir='ltr'><strong>Divinitate</strong></span> <span class='ocrx_word' id='word_1_28' title='bbox 1214 646 1304 709; x_wconf 91' lang='lat' dir='ltr'><strong>sit,</strong></span> <span class='ocrx_word' id='word_1_29' title='bbox 1348 645 1455 702; x_wconf 82' lang='lat' dir='ltr'><strong>illis</strong></span> <span class='ocrx_word' id='word_1_30' title='bbox 1477 646 1590 716; x_wconf 84' lang='lat' dir='ltr'><strong>jam</strong></span> <span class='ocrx_word' id='word_1_31' title='bbox 1639 648 1787 705; x_wconf 87' lang='lat' dir='ltr'><strong>intus</strong></span> 
     </span>
    </p>
   </div>
   <div class='ocr_carea' id='block_1_6' title="bbox 204 731 1788 811">
    <p class='ocr_par' dir='ltr' id='par_1_6' title="bbox 204 731 1788 811">
     <span class='ocr_line' id='line_1_6' title="bbox 204 731 1788 811; baseline 0.006 -25"><span class='ocrx_word' id='word_1_32' title='bbox 204 745 329 787; x_wconf 82' lang='lat' dir='ltr'><strong>esse</strong></span> <span class='ocrx_word' id='word_1_33' title='bbox 353 731 571 799; x_wconf 74' lang='lat' dir='ltr'><strong>dicitur,</strong></span> <span class='ocrx_word' id='word_1_34' title='bbox 596 746 733 801; x_wconf 91' lang='lat' dir='ltr'><strong>quos</strong></span> <span class='ocrx_word' id='word_1_35' title='bbox 761 734 816 788; x_wconf 91' lang='lat' dir='ltr'><strong>in</strong></span> <span class='ocrx_word' id='word_1_36' title='bbox 846 735 982 790; x_wconf 75' lang='lat' dir='ltr'><strong>omlo</strong></span> <span class='ocrx_word' id='word_1_37' title='bbox 1016 749 1254 811; x_wconf 64' lang='lat' dir='ltr'><strong>praesens</strong></span> <span class='ocrx_word' id='word_1_38' title='bbox 1293 753 1389 792; x_wconf 91' lang='lat' dir='ltr'><strong>sua</strong></span> <span class='ocrx_word' id='word_1_39' title='bbox 1417 737 1624 795; x_wconf 82' lang='lat' dir='ltr'><strong>visione</strong></span> <span class='ocrx_word' id='word_1_40' title='bbox 1651 739 1788 795; x_wconf 62' lang='lat' dir='ltr'><strong>lasti-</strong></span> 
     </span>
    </p>
   </div>
   <div class='ocr_carea' id='block_1_7' title="bbox 206 825 1785 903">
    <p class='ocr_par' dir='ltr' id='par_1_7' title="bbox 206 825 1785 903">
     <span class='ocr_line' id='line_1_7' title="bbox 206 825 1785 903; baseline 0.004 -23"><span class='ocrx_word' id='word_1_41' title='bbox 206 825 360 889; x_wconf 82' lang='lat' dir='ltr'><strong>llcat,</strong></span> <span class='ocrx_word' id='word_1_42' title='bbox 384 826 478 881; x_wconf 90' lang='lat' dir='ltr'><strong>sed</strong></span> <span class='ocrx_word' id='word_1_43' title='bbox 505 827 659 896; x_wconf 82' lang='lat' dir='ltr'><strong>quasi</strong></span> <span class='ocrx_word' id='word_1_44' title='bbox 684 826 815 892; x_wconf 83' lang='lat' dir='ltr'><strong>foris</strong></span> <span class='ocrx_word' id='word_1_45' title='bbox 836 836 918 883; x_wconf 89' lang='lat' dir='ltr'><strong>est</strong></span> <span class='ocrx_word' id='word_1_46' title='bbox 944 829 1029 883; x_wconf 91' lang='lat' dir='ltr'><strong>his</strong></span> <span class='ocrx_word' id='word_1_47' title='bbox 1062 830 1276 897; x_wconf 88' lang='lat' dir='ltr'><strong>quosin</strong></span> <span class='ocrx_word' id='word_1_48' title='bbox 1327 830 1431 885; x_wconf 90' lang='lat' dir='ltr'><strong>hac</strong></span> <span class='ocrx_word' id='word_1_49' title='bbox 1473 832 1785 903; x_wconf 80' lang='lat' dir='ltr'><strong>peregrina-</strong></span> 
     </span>
    </p>
   </div>
   <div class='ocr_carea' id='block_1_8' title="bbox 208 915 1783 995">
    <p class='ocr_par' dir='ltr' id='par_1_8' title="bbox 208 915 1783 995">
     <span class='ocr_line' id='line_1_8' title="bbox 208 915 1783 995; baseline 0.005 -25"><span class='ocrx_word' id='word_1_50' title='bbox 208 915 358 970; x_wconf 93' lang='lat' dir='ltr'><strong>tione</strong></span> <span class='ocrx_word' id='word_1_51' title='bbox 386 925 653 973; x_wconf 74' lang='lat' dir='ltr'><strong>certantes</strong></span> <span class='ocrx_word' id='word_1_52' title='bbox 677 918 919 973; x_wconf 86' lang='lat' dir='ltr'><strong>occultus</strong></span> <span class='ocrx_word' id='word_1_53' title='bbox 949 918 1186 989; x_wconf 76' lang='lat' dir='ltr'><strong>adjuvat.</strong></span> <span class='ocrx_word' id='word_1_54' title='bbox 1239 919 1473 976; x_wconf 76' lang='lat' dir='ltr'><strong>intrabit</strong></span> <span class='ocrx_word' id='word_1_55' title='bbox 1507 936 1638 995; x_wconf 87' lang='lat' dir='ltr'><strong>ergo</strong></span> <span class='ocrx_word' id='word_1_56' title='bbox 1660 938 1783 978; x_wconf 89' lang='lat' dir='ltr'><strong>cum</strong></span> 
     </span>
    </p>
   </div>
   <div class='ocr_carea' id='block_1_9' title="bbox 206 1007 1778 1083">
    <p class='ocr_par' dir='ltr' id='par_1_9' title="bbox 206 1007 1778 1083">
     <span class='ocr_line' id='line_1_9' title="bbox 206 1007 1778 1083; baseline 0.006 -23"><span class='ocrx_word' id='word_1_57' title='bbox 206 1015 381 1061; x_wconf 87' lang='lat' dir='ltr'><strong>totam</strong></span> <span class='ocrx_word' id='word_1_58' title='bbox 410 1007 706 1063; x_wconf 80' lang='lat' dir='ltr'><strong>Ecclesium</strong></span> <span class='ocrx_word' id='word_1_59' title='bbox 749 1010 817 1064; x_wconf 92' lang='lat' dir='ltr'><strong>ad</strong></span> <span class='ocrx_word' id='word_1_60' title='bbox 852 1009 935 1064; x_wconf 91' lang='lat' dir='ltr'><strong>sui</strong></span> <span class='ocrx_word' id='word_1_61' title='bbox 968 1010 1477 1081; x_wconf 85' lang='lat' dir='ltr'><strong>contemplationem</strong></span> <span class='ocrx_word' id='word_1_62' title='bbox 1501 1014 1778 1083; x_wconf 90' lang='lat' dir='ltr'><strong>perducet.</strong></span> 
     </span>
    </p>
   </div>
   <div class='ocr_carea' id='block_1_10' title="bbox 198 1100 1784 1175">
    <p class='ocr_par' dir='ltr' id='par_1_10' title="bbox 198 1100 1784 1175">
     <span class='ocr_line' id='line_1_10' title="bbox 198 1100 1784 1175; baseline 0.003 -18"><span class='ocrx_word' id='word_1_63' title='bbox 198 1100 437 1157; x_wconf 84' lang='lat' dir='ltr'><strong>Claudet</strong></span> <span class='ocrx_word' id='word_1_64' title='bbox 460 1102 683 1168; x_wconf 91' lang='lat' dir='ltr'><strong>ostium,</strong></span> <span class='ocrx_word' id='word_1_65' title='bbox 712 1117 835 1158; x_wconf 88' lang='lat' dir='ltr'><strong>cum</strong></span> <span class='ocrx_word' id='word_1_66' title='bbox 861 1104 1106 1173; x_wconf 88' lang='lat' dir='ltr'><strong>reprobis</strong></span> <span class='ocrx_word' id='word_1_67' title='bbox 1122 1103 1301 1158; x_wconf 87' lang='lat' dir='ltr'><strong>locum</strong></span> <span class='ocrx_word' id='word_1_68' title='bbox 1329 1106 1662 1175; x_wconf 71' lang='lat' dir='ltr'><strong>prenitentia:</strong></span> <span class='ocrx_word' id='word_1_69' title='bbox 1684 1106 1784 1164; x_wconf 86' lang='lat' dir='ltr'><strong>tol-</strong></span> 
     </span>
    </p>
   </div>
   <div class='ocr_carea' id='block_1_11' title="bbox 201 1190 1782 1268">
    <p class='ocr_par' dir='ltr' id='par_1_11' title="bbox 201 1190 1782 1268">
     <span class='ocr_line' id='line_1_11' title="bbox 201 1190 1782 1268; baseline 0.007 -24"><span class='ocrx_word' id='word_1_70' title='bbox 201 1190 302 1255; x_wconf 75' lang='lat' dir='ltr'><strong>let,</strong></span> <span class='ocrx_word' id='word_1_71' title='bbox 332 1192 423 1261; x_wconf 90' lang='lat' dir='ltr'><strong>qui</strong></span> <span class='ocrx_word' id='word_1_72' title='bbox 448 1190 581 1247; x_wconf 88' lang='lat' dir='ltr'><strong>foris</strong></span> <span class='ocrx_word' id='word_1_73' title='bbox 616 1201 826 1248; x_wconf 89' lang='lat' dir='ltr'><strong>stantes</strong></span> <span class='ocrx_word' id='word_1_74' title='bbox 875 1192 1183 1264; x_wconf 90' lang='lat' dir='ltr'><strong>pulsabunt,</strong></span> <span class='ocrx_word' id='word_1_75' title='bbox 1214 1196 1270 1251; x_wconf 92' lang='lat' dir='ltr'><strong>id</strong></span> <span class='ocrx_word' id='word_1_76' title='bbox 1297 1204 1382 1251; x_wconf 90' lang='lat' dir='ltr'><strong>est</strong></span> <span class='ocrx_word' id='word_1_77' title='bbox 1425 1212 1456 1252; x_wconf 91' lang='lat' dir='ltr'><strong>a</strong></span> <span class='ocrx_word' id='word_1_78' title='bbox 1490 1198 1652 1268; x_wconf 87' lang='lat' dir='ltr'><strong>justis</strong></span> <span class='ocrx_word' id='word_1_79' title='bbox 1699 1215 1782 1255; x_wconf 88' lang='lat' dir='ltr'><strong>se-</strong></span> 
     </span>
    </p>
   </div>
   <div class='ocr_carea' id='block_1_12' title="bbox 202 1284 1781 1359">
    <p class='ocr_par' dir='ltr' id='par_1_12' title="bbox 202 1284 1781 1359">
     <span class='ocr_line' id='line_1_12' title="bbox 202 1284 1781 1359; baseline 0.008 -24"><span class='ocrx_word' id='word_1_80' title='bbox 202 1284 435 1355; x_wconf 74' lang='lat' dir='ltr'><strong>gregati,</strong></span> <span class='ocrx_word' id='word_1_81' title='bbox 462 1284 887 1341; x_wconf 81' lang='lat' dir='ltr'><strong>misericordiam</strong></span> <span class='ocrx_word' id='word_1_82' title='bbox 927 1301 1088 1356; x_wconf 87' lang='lat' dir='ltr'><strong>quam</strong></span> <span class='ocrx_word' id='word_1_83' title='bbox 1112 1298 1553 1359; x_wconf 89' lang='lat' dir='ltr'><strong>contempserunt</strong></span> <span class='ocrx_word' id='word_1_84' title='bbox 1582 1289 1781 1347; x_wconf 82' lang='lat' dir='ltr'><strong>frustra</strong></span> 
     </span>
    </p>
   </div>
   <div class='ocr_carea' id='block_1_13' title="bbox 204 1373 1784 1451">
    <p class='ocr_par' dir='ltr' id='par_1_13' title="bbox 204 1373 1784 1451">
     <span class='ocr_line' id='line_1_13' title="bbox 204 1373 1784 1451; baseline 0.006 -23"><span class='ocrx_word' id='word_1_85' title='bbox 204 1373 589 1443; x_wconf 86' lang='lat' dir='ltr'><strong>itnplorabunt.</strong></span> <span class='ocrx_word' id='word_1_86' title='bbox 614 1374 880 1446; x_wconf 86' lang='lat' dir='ltr'><strong>Incipietis</strong></span> <span class='ocrx_word' id='word_1_87' title='bbox 907 1376 1036 1446; x_wconf 78' lang='lat' dir='ltr'><strong>foris</strong></span> <span class='ocrx_word' id='word_1_88' title='bbox 1061 1389 1219 1433; x_wconf 83' lang='lat' dir='ltr'><strong>stare.</strong></span> <span class='ocrx_word' id='word_1_89' title='bbox 1245 1379 1401 1435; x_wconf 80' lang='lat' dir='ltr'><strong>Modo</strong></span> <span class='ocrx_word' id='word_1_90' title='bbox 1422 1389 1663 1451; x_wconf 86' lang='lat' dir='ltr'><strong>tempore</strong></span> <span class='ocrx_word' id='word_1_91' title='bbox 1682 1383 1784 1438; x_wconf 89' lang='lat' dir='ltr'><strong>mi-</strong></span> 
     </span>
    </p>
   </div>
   <div class='ocr_carea' id='block_1_14' title="bbox 202 1463 1780 1541">
    <p class='ocr_par' dir='ltr' id='par_1_14' title="bbox 202 1463 1780 1541">
     <span class='ocr_line' id='line_1_14' title="bbox 202 1463 1780 1541; baseline 0.005 -22"><span class='ocrx_word' id='word_1_92' title='bbox 202 1463 516 1519; x_wconf 71' lang='lat' dir='ltr'><strong>sericordiae</strong></span> <span class='ocrx_word' id='word_1_93' title='bbox 548 1465 875 1530; x_wconf 83' lang='lat' dir='ltr'><strong>contendite,</strong></span> <span class='ocrx_word' id='word_1_94' title='bbox 897 1465 1020 1535; x_wconf 84' lang='lat' dir='ltr'><strong>quia</strong></span> <span class='ocrx_word' id='word_1_95' title='bbox 1048 1474 1290 1536; x_wconf 90' lang='lat' dir='ltr'><strong>tempore</strong></span> <span class='ocrx_word' id='word_1_96' title='bbox 1312 1469 1500 1539; x_wconf 87' lang='lat' dir='ltr'><strong>judicii</strong></span> <span class='ocrx_word' id='word_1_97' title='bbox 1539 1471 1780 1541; x_wconf 90' lang='lat' dir='ltr'><strong>reprobis</strong></span> 
     </span>
    </p>
   </div>
   <div class='ocr_carea' id='block_1_15' title="bbox 204 1552 1780 1630">
    <p class='ocr_par' dir='ltr' id='par_1_15' title="bbox 204 1552 1780 1630">
     <span class='ocr_line' id='line_1_15' title="bbox 204 1552 1780 1630; baseline 0.007 -23"><span class='ocrx_word' id='word_1_98' title='bbox 204 1552 414 1608; x_wconf 83' lang='lat' dir='ltr'><strong>tollitur</strong></span> <span class='ocrx_word' id='word_1_99' title='bbox 440 1552 592 1608; x_wconf 90' lang='lat' dir='ltr'><strong>locus</strong></span> <span class='ocrx_word' id='word_1_100' title='bbox 612 1552 963 1623; x_wconf 72' lang='lat' dir='ltr'><strong>poenitentize,</strong></span> <span class='ocrx_word' id='word_1_101' title='bbox 992 1557 1085 1626; x_wconf 89' lang='lat' dir='ltr'><strong>qui</strong></span> <span class='ocrx_word' id='word_1_102' title='bbox 1106 1573 1250 1614; x_wconf 89' lang='lat' dir='ltr'><strong>nunc</strong></span> <span class='ocrx_word' id='word_1_103' title='bbox 1293 1560 1531 1630; x_wconf 89' lang='lat' dir='ltr'><strong>aperitur</strong></span> <span class='ocrx_word' id='word_1_104' title='bbox 1572 1562 1780 1618; x_wconf 89' lang='lat' dir='ltr'><strong>cunctis</strong></span> 
     </span>
    </p>
   </div>
   <div class='ocr_carea' id='block_1_16' title="bbox 200 1643 701 1712">
    <p class='ocr_par' dir='ltr' id='par_1_16' title="bbox 200 1643 701 1712">
     <span class='ocr_line' id='line_1_16' title="bbox 200 1643 701 1712; baseline 0.008 -17"><span class='ocrx_word' id='word_1_105' title='bbox 200 1643 291 1712; x_wconf 87' lang='lat' dir='ltr'><strong>pie</strong></span> <span class='ocrx_word' id='word_1_106' title='bbox 316 1644 701 1712; x_wconf 63' lang='lat' dir='ltr'><strong>quaerentibus.</strong></span> 
     </span>
    </p>
   </div>
   <div class='ocr_carea' id='block_1_17' title="bbox 272 1731 1777 1806">
    <p class='ocr_par' dir='ltr' id='par_1_17' title="bbox 272 1731 1777 1806">
     <span class='ocr_line' id='line_1_17' title="bbox 272 1731 1777 1806; baseline 0.01 -21"><span class='ocrx_word' id='word_1_107' title='bbox 272 1731 467 1786; x_wconf 81' lang='lat' dir='ltr'><strong>Nescio</strong></span> <span class='ocrx_word' id='word_1_108' title='bbox 513 1751 619 1789; x_wconf 77' lang='lat' dir='ltr'><strong>eos.</strong></span> <span class='ocrx_word' id='word_1_109' title='bbox 672 1734 789 1792; x_wconf 87' lang='lat' dir='ltr'><strong>Non</strong></span> <span class='ocrx_word' id='word_1_110' title='bbox 814 1737 964 1792; x_wconf 89' lang='lat' dir='ltr'><strong>novit</strong></span> <span class='ocrx_word' id='word_1_111' title='bbox 1002 1736 1092 1792; x_wconf 81' lang='lat' dir='ltr'><strong>lux</strong></span> <span class='ocrx_word' id='word_1_112' title='bbox 1126 1740 1394 1806; x_wconf 82' lang='lat' dir='ltr'><strong>tenebras,</strong></span> <span class='ocrx_word' id='word_1_113' title='bbox 1446 1741 1499 1796; x_wconf 92' lang='lat' dir='ltr'><strong>id</strong></span> <span class='ocrx_word' id='word_1_114' title='bbox 1540 1751 1624 1799; x_wconf 88' lang='lat' dir='ltr'><strong>est</strong></span> <span class='ocrx_word' id='word_1_115' title='bbox 1667 1759 1777 1800; x_wconf 91' lang='lat' dir='ltr'><strong>non</strong></span> 
     </span>
    </p>
   </div>
   <div class='ocr_carea' id='block_1_18' title="bbox 198 1823 1563 1908">
    <p class='ocr_par' dir='ltr' id='par_1_18' title="bbox 198 1823 1563 1908">
     <span class='ocr_line' id='line_1_18' title="bbox 198 1823 1563 1908; baseline 0.007 -31"><span class='ocrx_word' id='word_1_116' title='bbox 198 1823 417 1895; x_wconf 80' lang='lat' dir='ltr'><strong>aspicit,</strong></span> <span class='ocrx_word' id='word_1_117' title='bbox 430 1824 583 1898; x_wconf 65' lang='lat' dir='ltr'><strong>quia,</strong></span> <span class='ocrx_word' id='word_1_118' title='bbox 598 1825 649 1881; x_wconf 93' lang='lat' dir='ltr'><strong>si</strong></span> <span class='ocrx_word' id='word_1_119' title='bbox 670 1827 952 1908; x_wconf 76' lang='lat' dir='ltr'><strong>aspiceret,</strong></span> <span class='ocrx_word' id='word_1_120' title='bbox 970 1829 1210 1893; x_wconf 77' lang='lat' dir='ltr'><strong>tenebrae</strong></span> <span class='ocrx_word' id='word_1_121' title='bbox 1229 1846 1335 1886; x_wconf 91' lang='lat' dir='ltr'><strong>non</strong></span> <span class='ocrx_word' id='word_1_122' title='bbox 1361 1840 1563 1886; x_wconf 84' lang='lat' dir='ltr'><strong>essent.</strong></span> 
     </span>
    </p>
   </div>
   <div class='ocr_carea' id='block_1_19' title="bbox 1890 646 3285 722">
    <p class='ocr_par' dir='ltr' id='par_1_19' title="bbox 1890 646 3285 722">
     <span class='ocr_line' id='line_1_19' title="bbox 1890 646 3285 722; baseline 0.004 -21"><span class='ocrx_word' id='word_1_123' title='bbox 1890 646 2156 701; x_wconf 84' lang='lat' dir='ltr'><strong>riﬂcatam</strong></span> <span class='ocrx_word' id='word_1_124' title='bbox 2181 646 2251 702; x_wconf 88' lang='lat' dir='ltr'><strong>ad</strong></span> <span class='ocrx_word' id='word_1_125' title='bbox 2275 648 2607 703; x_wconf 88' lang='lat' dir='ltr'><strong>consortium</strong></span> <span class='ocrx_word' id='word_1_126' title='bbox 2632 649 2943 720; x_wconf 80' lang='lat' dir='ltr'><strong>angelorum</strong></span> <span class='ocrx_word' id='word_1_127' title='bbox 2972 652 3285 722; x_wconf 84' lang='lat' dir='ltr'><strong>perducam.</strong></span> 
     </span>
    </p>
   </div>
   <div class='ocr_carea' id='block_1_20' title="bbox 1957 735 3456 812">
    <p class='ocr_par' dir='ltr' id='par_1_20' title="bbox 1957 735 3456 812">
     <span class='ocr_line' id='line_1_20' title="bbox 1957 735 3456 812; baseline 0.008 -23"><span class='ocrx_word' id='word_1_128' title='bbox 1957 735 2120 790; x_wconf 72' lang='lat' dir='ltr'><strong>Vens.</strong></span> <span class='ocrx_word' id='word_1_129' title='bbox 2152 736 2241 790; x_wconf 75' lang='lat'><strong>55.</strong></span> <span class='ocrx_word' id='word_1_130' title='bbox 2285 765 2358 776; x_wconf 88' lang='lat'><strong>-—</strong></span> <span class='ocrx_word' id='word_1_131' title='bbox 2409 735 2774 793; x_wconf 79' lang='lat' dir='ltr'><strong>Verumtamen</strong></span> <span class='ocrx_word' id='word_1_132' title='bbox 2825 742 3043 810; x_wconf 79' lang='lat' dir='ltr'><strong>oportet.</strong></span> <span class='ocrx_word' id='word_1_133' title='bbox 3091 741 3207 798; x_wconf 84' lang='lat' dir='ltr'><strong>Non</strong></span> <span class='ocrx_word' id='word_1_134' title='bbox 3258 745 3456 812; x_wconf 80' lang='lat' dir='ltr'><strong>poterit</strong></span> 
     </span>
    </p>
   </div>
   <div class='ocr_carea' id='block_1_21' title="bbox 1884 825 3455 905">
    <p class='ocr_par' dir='ltr' id='par_1_21' title="bbox 1884 825 3455 905">
     <span class='ocr_line' id='line_1_21' title="bbox 1884 825 3455 905; baseline 0.007 -25"><span class='ocrx_word' id='word_1_135' title='bbox 1884 827 2202 895; x_wconf 87' lang='lat' dir='ltr'><strong>perturbare</strong></span> <span class='ocrx_word' id='word_1_136' title='bbox 2250 825 2489 882; x_wconf 78' lang='lat' dir='ltr'><strong>Herodes</strong></span> <span class='ocrx_word' id='word_1_137' title='bbox 2543 829 2673 898; x_wconf 87' lang='lat' dir='ltr'><strong>quin</strong></span> <span class='ocrx_word' id='word_1_138' title='bbox 2702 837 2772 883; x_wconf 79' lang='lat' dir='ltr'><strong>ita</strong></span> <span class='ocrx_word' id='word_1_139' title='bbox 2803 845 2959 902; x_wconf 85' lang='lat' dir='ltr'><strong>agam</strong></span> <span class='ocrx_word' id='word_1_140' title='bbox 3000 840 3054 887; x_wconf 89' lang='lat' dir='ltr'><strong>et</strong></span> <span class='ocrx_word' id='word_1_141' title='bbox 3082 834 3157 888; x_wconf 90' lang='lat' dir='ltr'><strong>ita</strong></span> <span class='ocrx_word' id='word_1_142' title='bbox 3204 848 3455 905; x_wconf 86' lang='lat' dir='ltr'><strong>consum-</strong></span> 
     </span>
    </p>
   </div>
   <div class='ocr_carea' id='block_1_22' title="bbox 1885 918 3453 995">
    <p class='ocr_par' dir='ltr' id='par_1_22' title="bbox 1885 918 3453 995">
     <span class='ocr_line' id='line_1_22' title="bbox 1885 918 3453 995; baseline 0.004 -25"><span class='ocrx_word' id='word_1_143' title='bbox 1885 930 2022 982; x_wconf 91' lang='lat' dir='ltr'><strong>mar,</strong></span> <span class='ocrx_word' id='word_1_144' title='bbox 2054 918 2149 972; x_wconf 82' lang='lat' dir='ltr'><strong>sed</strong></span> <span class='ocrx_word' id='word_1_145' title='bbox 2176 931 2277 972; x_wconf 88' lang='lat' dir='ltr'><strong>nec</strong></span> <span class='ocrx_word' id='word_1_146' title='bbox 2319 925 2548 972; x_wconf 88' lang='lat' dir='ltr'><strong>mortem</strong></span> <span class='ocrx_word' id='word_1_147' title='bbox 2591 920 2836 988; x_wconf 86' lang='lat' dir='ltr'><strong>corporis</strong></span> <span class='ocrx_word' id='word_1_148' title='bbox 2863 922 2967 977; x_wconf 87' lang='lat' dir='ltr'><strong>mei</strong></span> <span class='ocrx_word' id='word_1_149' title='bbox 2996 922 3453 995; x_wconf 76' lang='lat' dir='ltr'><strong>potetitoperari,</strong></span> 
     </span>
    </p>
   </div>
   <div class='ocr_carea' id='block_1_23' title="bbox 1882 1004 3454 1084">
    <p class='ocr_par' dir='ltr' id='par_1_23' title="bbox 1882 1004 3454 1084">
     <span class='ocr_line' id='line_1_23' title="bbox 1882 1004 3454 1084; baseline 0.008 -25"><span class='ocrx_word' id='word_1_150' title='bbox 1882 1021 2045 1076; x_wconf 87' lang='lat' dir='ltr'><strong>quam</strong></span> <span class='ocrx_word' id='word_1_151' title='bbox 2077 1007 2131 1061; x_wconf 93' lang='lat' dir='ltr'><strong>in</strong></span> <span class='ocrx_word' id='word_1_152' title='bbox 2159 1004 2457 1062; x_wconf 80' lang='lat' dir='ltr'><strong>Jerusalem</strong></span> <span class='ocrx_word' id='word_1_153' title='bbox 2490 1015 2705 1077; x_wconf 87' lang='lat' dir='ltr'><strong>oportet</strong></span> <span class='ocrx_word' id='word_1_154' title='bbox 2732 1008 2873 1076; x_wconf 89' lang='lat' dir='ltr'><strong>ﬂeri,</strong></span> <span class='ocrx_word' id='word_1_155' title='bbox 2923 1013 3013 1067; x_wconf 92' lang='lat' dir='ltr'><strong>ubi</strong></span> <span class='ocrx_word' id='word_1_156' title='bbox 3065 1028 3172 1068; x_wconf 91' lang='lat' dir='ltr'><strong>non</strong></span> <span class='ocrx_word' id='word_1_157' title='bbox 3220 1013 3335 1084; x_wconf 85' lang='lat' dir='ltr'><strong>ipse</strong></span> <span class='ocrx_word' id='word_1_158' title='bbox 3360 1015 3454 1077; x_wconf 86' lang='lat' dir='ltr'><strong>sed</strong></span> 
     </span>
    </p>
   </div>
   <div class='ocr_carea' id='block_1_24' title="bbox 1881 1093 3452 1173">
    <p class='ocr_par' dir='ltr' id='par_1_24' title="bbox 1881 1093 3452 1173">
     <span class='ocr_line' id='line_1_24' title="bbox 1881 1093 3452 1173; baseline 0.006 -21"><span class='ocrx_word' id='word_1_159' title='bbox 1881 1093 2086 1152; x_wconf 84' lang='lat' dir='ltr'><strong>Pilatus</strong></span> <span class='ocrx_word' id='word_1_160' title='bbox 2112 1098 2440 1153; x_wconf 85' lang='lat' dir='ltr'><strong>dominatur.</strong></span> <span class='ocrx_word' id='word_1_161' title='bbox 2492 1098 2663 1154; x_wconf 79' lang='lat' dir='ltr'><strong>Hodie</strong></span> <span class='ocrx_word' id='word_1_162' title='bbox 2703 1111 2753 1156; x_wconf 85' lang='lat' dir='ltr'><strong>et</strong></span> <span class='ocrx_word' id='word_1_163' title='bbox 2783 1118 2919 1167; x_wconf 84' lang='lat' dir='ltr'><strong>eras,</strong></span> <span class='ocrx_word' id='word_1_164' title='bbox 2953 1111 3059 1159; x_wconf 86' lang='lat' dir='ltr'><strong>etc.</strong></span> <span class='ocrx_word' id='word_1_165' title='bbox 3087 1104 3267 1160; x_wconf 71' lang='lat' dir='ltr'><strong>Prima</strong></span> <span class='ocrx_word' id='word_1_166' title='bbox 3314 1106 3452 1173; x_wconf 81' lang='lat' dir='ltr'><strong>dies,</strong></span> 
     </span>
    </p>
   </div>
   <div class='ocr_carea' id='block_1_25' title="bbox 1880 1186 3453 1258">
    <p class='ocr_par' dir='ltr' id='par_1_25' title="bbox 1880 1186 3453 1258">
     <span class='ocr_line' id='line_1_25' title="bbox 1880 1186 3453 1258; baseline 0.007 -19"><span class='ocrx_word' id='word_1_167' title='bbox 1880 1192 1965 1241; x_wconf 85' lang='lat' dir='ltr'><strong>est</strong></span> <span class='ocrx_word' id='word_1_168' title='bbox 1987 1200 2085 1255; x_wconf 88' lang='lat' dir='ltr'><strong>per</strong></span> <span class='ocrx_word' id='word_1_169' title='bbox 2130 1186 2227 1241; x_wconf 80' lang='lat' dir='ltr'><strong>Dei</strong></span> <span class='ocrx_word' id='word_1_170' title='bbox 2270 1188 2498 1258; x_wconf 73' lang='lat' dir='ltr'><strong>gratiam</strong></span> <span class='ocrx_word' id='word_1_171' title='bbox 2543 1189 2926 1251; x_wconf 86' lang='lat' dir='ltr'><strong>abrenuntiare</strong></span> <span class='ocrx_word' id='word_1_172' title='bbox 2958 1194 3307 1257; x_wconf 82' lang='lat' dir='ltr'><strong>vanitatibus.</strong></span> <span class='ocrx_word' id='word_1_173' title='bbox 3350 1195 3453 1250; x_wconf 87' lang='lat' dir='ltr'><strong>Se-</strong></span> 
     </span>
    </p>
   </div>
   <div class='ocr_carea' id='block_1_26' title="bbox 1880 1276 3450 1351">
    <p class='ocr_par' dir='ltr' id='par_1_26' title="bbox 1880 1276 3450 1351">
     <span class='ocr_line' id='line_1_26' title="bbox 1880 1276 3450 1351; baseline 0.004 -19"><span class='ocrx_word' id='word_1_174' title='bbox 1880 1276 2077 1342; x_wconf 83' lang='lat' dir='ltr'><strong>cunda,</strong></span> <span class='ocrx_word' id='word_1_175' title='bbox 2104 1278 2434 1334; x_wconf 88' lang='lat' dir='ltr'><strong>concordare</strong></span> <span class='ocrx_word' id='word_1_176' title='bbox 2463 1279 2679 1335; x_wconf 77' lang='lat' dir='ltr'><strong>veritati</strong></span> <span class='ocrx_word' id='word_1_177' title='bbox 2726 1281 2968 1338; x_wconf 83' lang='lat' dir='ltr'><strong>moribus</strong></span> <span class='ocrx_word' id='word_1_178' title='bbox 2993 1292 3049 1337; x_wconf 89' lang='lat' dir='ltr'><strong>et</strong></span> <span class='ocrx_word' id='word_1_179' title='bbox 3081 1280 3214 1338; x_wconf 85' lang='lat' dir='ltr'><strong>vita.</strong></span> <span class='ocrx_word' id='word_1_180' title='bbox 3241 1285 3450 1351; x_wconf 79' lang='lat' dir='ltr'><strong>Tertia,</strong></span> 
     </span>
    </p>
   </div>
   <div class='ocr_carea' id='block_1_27' title="bbox 1878 1366 2535 1439">
    <p class='ocr_par' dir='ltr' id='par_1_27' title="bbox 1878 1366 2535 1439">
     <span class='ocr_line' id='line_1_27' title="bbox 1878 1366 2535 1439; baseline 0.003 -15"><span class='ocrx_word' id='word_1_181' title='bbox 1878 1374 1963 1424; x_wconf 87' lang='lat' dir='ltr'><strong>est</strong></span> <span class='ocrx_word' id='word_1_182' title='bbox 1984 1366 2170 1423; x_wconf 87' lang='lat' dir='ltr'><strong>ultima</strong></span> <span class='ocrx_word' id='word_1_183' title='bbox 2199 1369 2535 1439; x_wconf 78' lang='lat' dir='ltr'><strong>gloriﬁcatio.</strong></span> 
     </span>
    </p>
   </div>
   <div class='ocr_carea' id='block_1_28' title="bbox 1952 1459 3450 1544">
    <p class='ocr_par' dir='ltr' id='par_1_28' title="bbox 1952 1459 3450 1544">
     <span class='ocr_line' id='line_1_28' title="bbox 1952 1459 3450 1544; baseline 0.011 -30"><span class='ocrx_word' id='word_1_184' title='bbox 1952 1459 2116 1516; x_wconf 72' lang='lat' dir='ltr'><strong>Vens.</strong></span> <span class='ocrx_word' id='word_1_185' title='bbox 2140 1461 2228 1518; x_wconf 72' lang='grc'><strong>54.</strong></span> <span class='ocrx_word' id='word_1_186' title='bbox 2253 1493 2325 1505; x_wconf 93' lang='lat'><strong>-—</strong></span> <span class='ocrx_word' id='word_1_187' title='bbox 2349 1463 2667 1531; x_wconf 80' lang='lat' dir='ltr'><strong>Jerusalem,</strong></span> <span class='ocrx_word' id='word_1_188' title='bbox 2719 1477 2824 1525; x_wconf 90' lang='lat' dir='ltr'><strong>etc.</strong></span> <span class='ocrx_word' id='word_1_189' title='bbox 2859 1469 2959 1527; x_wconf 84' lang='lat' dir='ltr'><strong>Ubi</strong></span> <span class='ocrx_word' id='word_1_190' title='bbox 3008 1473 3280 1544; x_wconf 66' lang='lat' dir='ltr'><strong>prophetae</strong></span> <span class='ocrx_word' id='word_1_191' title='bbox 3325 1476 3450 1540; x_wconf 86' lang='lat' dir='ltr'><strong>mei,</strong></span> 
     </span>
    </p>
   </div>
   <div class='ocr_carea' id='block_1_29' title="bbox 1880 1548 3454 1637">
    <p class='ocr_par' dir='ltr' id='par_1_29' title="bbox 1880 1548 3454 1637">
     <span class='ocr_line' id='line_1_29' title="bbox 1880 1548 3454 1637; baseline 0.013 -34"><span class='ocrx_word' id='word_1_192' title='bbox 1880 1548 1952 1605; x_wconf 89' lang='lat' dir='ltr'><strong>ibi</strong></span> <span class='ocrx_word' id='word_1_193' title='bbox 1977 1566 2076 1623; x_wconf 96' lang='lat' dir='ltr'><strong>ego</strong></span> <span class='ocrx_word' id='word_1_194' title='bbox 2100 1563 2259 1623; x_wconf 89' lang='lat' dir='ltr'><strong>caput</strong></span> <span class='ocrx_word' id='word_1_195' title='bbox 2292 1558 2677 1627; x_wconf 83' lang='lat' dir='ltr'><strong>prOphetarum</strong></span> <span class='ocrx_word' id='word_1_196' title='bbox 2713 1561 2882 1618; x_wconf 89' lang='lat' dir='ltr'><strong>debeo</strong></span> <span class='ocrx_word' id='word_1_197' title='bbox 2912 1562 3199 1630; x_wconf 89' lang='lat' dir='ltr'><strong>immolari,</strong></span> <span class='ocrx_word' id='word_1_198' title='bbox 3228 1582 3325 1637; x_wconf 90' lang='lat' dir='ltr'><strong>pro</strong></span> <span class='ocrx_word' id='word_1_199' title='bbox 3346 1584 3454 1636; x_wconf 90' lang='lat' dir='ltr'><strong>quo</strong></span> 
     </span>
    </p>
   </div>
   <div class='ocr_carea' id='block_1_30' title="bbox 1877 1641 3456 1717">
    <p class='ocr_par' dir='ltr' id='par_1_30' title="bbox 1877 1641 3456 1717">
     <span class='ocr_line' id='line_1_30' title="bbox 1877 1641 3456 1717; baseline 0.012 -24"><span class='ocrx_word' id='word_1_200' title='bbox 1877 1651 2099 1710; x_wconf 84' lang='lat' dir='ltr'><strong>peccato</strong></span> <span class='ocrx_word' id='word_1_201' title='bbox 2138 1641 2284 1710; x_wconf 86' lang='lat' dir='ltr'><strong>juste</strong></span> <span class='ocrx_word' id='word_1_202' title='bbox 2327 1646 2439 1716; x_wconf 90' lang='lat' dir='ltr'><strong>ipsa</strong></span> <span class='ocrx_word' id='word_1_203' title='bbox 2481 1648 2809 1717; x_wconf 87' lang='lat' dir='ltr'><strong>destruetur,</strong></span> <span class='ocrx_word' id='word_1_204' title='bbox 2846 1654 2933 1707; x_wconf 89' lang='lat' dir='ltr'><strong>cui</strong></span> <span class='ocrx_word' id='word_1_205' title='bbox 2979 1656 3332 1711; x_wconf 84' lang='lat' dir='ltr'><strong>destructioni</strong></span> <span class='ocrx_word' id='word_1_206' title='bbox 3363 1673 3456 1712; x_wconf 91' lang='lat' dir='ltr'><strong>eo-</strong></span> 
     </span>
    </p>
   </div>
   <div class='ocr_carea' id='block_1_31' title="bbox 1877 1731 3451 1817">
    <p class='ocr_par' dir='ltr' id='par_1_31' title="bbox 1877 1731 3451 1817">
     <span class='ocr_line' id='line_1_31' title="bbox 1877 1731 3451 1817; baseline 0.01 -33"><span class='ocrx_word' id='word_1_207' title='bbox 1877 1743 1997 1785; x_wconf 87' lang='lat' dir='ltr'><strong>rum</strong></span> <span class='ocrx_word' id='word_1_208' title='bbox 2016 1731 2156 1787; x_wconf 89' lang='lat' dir='ltr'><strong>sicut</strong></span> <span class='ocrx_word' id='word_1_209' title='bbox 2182 1734 2302 1803; x_wconf 89' lang='lat' dir='ltr'><strong>pius</strong></span> <span class='ocrx_word' id='word_1_210' title='bbox 2325 1746 2475 1806; x_wconf 88' lang='lat' dir='ltr'><strong>pater</strong></span> <span class='ocrx_word' id='word_1_211' title='bbox 2500 1740 2779 1796; x_wconf 90' lang='lat' dir='ltr'><strong>condoleo.</strong></span> <span class='ocrx_word' id='word_1_212' title='bbox 2816 1741 3029 1808; x_wconf 76' lang='lat' dir='ltr'><strong>Quoties</strong></span> <span class='ocrx_word' id='word_1_213' title='bbox 3053 1744 3193 1799; x_wconf 81' lang='lat' dir='ltr'><strong>volui</strong></span> <span class='ocrx_word' id='word_1_214' title='bbox 3232 1763 3451 1817; x_wconf 81' lang='lat' dir='ltr'><strong>congre-</strong></span> 
     </span>
    </p>
   </div>
   <div class='ocr_carea' id='block_1_32' title="bbox 1875 1822 3453 1907">
    <p class='ocr_par' dir='ltr' id='par_1_32' title="bbox 1875 1822 3453 1907">
     <span class='ocr_line' id='line_1_32' title="bbox 1875 1822 3453 1907; baseline 0.01 -33"><span class='ocrx_word' id='word_1_215' title='bbox 1875 1836 2020 1891; x_wconf 85' lang='lat' dir='ltr'><strong>gare.</strong></span> <span class='ocrx_word' id='word_1_216' title='bbox 2043 1822 2124 1879; x_wconf 85' lang='lat' dir='ltr'><strong>Ac</strong></span> <span class='ocrx_word' id='word_1_217' title='bbox 2151 1825 2194 1879; x_wconf 90' lang='lat' dir='ltr'><strong>si</strong></span> <span class='ocrx_word' id='word_1_218' title='bbox 2224 1826 2403 1882; x_wconf 91' lang='lat' dir='ltr'><strong>dicat:</strong></span> <span class='ocrx_word' id='word_1_219' title='bbox 2439 1828 2553 1899; x_wconf 82' lang='lat' dir='ltr'><strong>Ego</strong></span> <span class='ocrx_word' id='word_1_220' title='bbox 2588 1829 2729 1886; x_wconf 92' lang='lat' dir='ltr'><strong>volui</strong></span> <span class='ocrx_word' id='word_1_221' title='bbox 2760 1841 2815 1886; x_wconf 92' lang='lat' dir='ltr'><strong>et</strong></span> <span class='ocrx_word' id='word_1_222' title='bbox 2841 1840 2898 1887; x_wconf 92' lang='lat' dir='ltr'><strong>tu</strong></span> <span class='ocrx_word' id='word_1_223' title='bbox 2925 1832 3142 1889; x_wconf 89' lang='lat' dir='ltr'><strong>noluisti</strong></span> <span class='ocrx_word' id='word_1_224' title='bbox 3169 1853 3183 1889; x_wconf 90' lang='lat'><strong>:</strong></span> <span class='ocrx_word' id='word_1_225' title='bbox 3214 1844 3269 1890; x_wconf 87' lang='lat' dir='ltr'><strong>et</strong></span> <span class='ocrx_word' id='word_1_226' title='bbox 3294 1845 3453 1907; x_wconf 79' lang='lat' dir='ltr'><strong>quot-</strong></span> 
     </span>
    </p>
   </div>
   <div class='ocr_carea' id='block_1_33' title="bbox 269 1902 1766 1993">
    <p class='ocr_par' dir='ltr' id='par_1_33' title="bbox 269 1902 1766 1993">
     <span class='ocr_line' id='line_1_33' title="bbox 269 1902 1766 1993; baseline 0.007 -26"><span class='ocrx_word' id='word_1_227' title='bbox 269 1902 436 1968; x_wconf 71' lang='lat' dir='ltr'><strong>Vens.</strong></span> <span class='ocrx_word' id='word_1_228' title='bbox 461 1914 551 1969; x_wconf 73' lang='lat'><strong>26.</strong></span> <span class='ocrx_word' id='word_1_229' title='bbox 580 1946 650 1955; x_wconf 94' lang='lat'><em>—</em></span> <span class='ocrx_word' id='word_1_230' title='bbox 676 1902 1134 1993; x_wconf 67' lang='lat' dir='ltr'><strong>Handucavimus,</strong></span> <span class='ocrx_word' id='word_1_231' title='bbox 1158 1928 1264 1975; x_wconf 85' lang='lat' dir='ltr'><strong>etc.</strong></span> <span class='ocrx_word' id='word_1_232' title='bbox 1286 1920 1404 1976; x_wconf 87' lang='lat' dir='ltr'><strong>Non</strong></span> <span class='ocrx_word' id='word_1_233' title='bbox 1426 1922 1766 1979; x_wconf 81' lang='lat' dir='ltr'><strong>festiv’itatum</strong></span> 
     </span>
    </p>
   </div>
   <div class='ocr_carea' id='block_1_34' title="bbox 1877 1902 3451 1993">
    <p class='ocr_par' dir='ltr' id='par_1_34' title="bbox 1881 1902 3451 1993">
     <span class='ocr_line' id='line_1_34' title="bbox 1881 1902 3451 1993; baseline 0.01 -28"><span class='ocrx_word' id='word_1_234' title='bbox 1881 1919 2014 1982; x_wconf 87' lang='lat' dir='ltr'><strong>quot</strong></span> <span class='ocrx_word' id='word_1_235' title='bbox 2040 1917 2360 1987; x_wconf 75' lang='lat' dir='ltr'><strong>congregavi</strong></span> <span class='ocrx_word' id='word_1_236' title='bbox 2406 1933 2525 1973; x_wconf 90' lang='lat' dir='ltr'><strong>mea</strong></span> <span class='ocrx_word' id='word_1_237' title='bbox 2566 1918 2841 1977; x_wconf 84' lang='lat' dir='ltr'><strong>voluntate</strong></span> <span class='ocrx_word' id='word_1_238' title='bbox 2887 1935 3103 1993; x_wconf 89' lang='lat' dir='ltr'><strong>semper</strong></span> <span class='ocrx_word' id='word_1_239' title='bbox 3140 1902 3363 1991; x_wconf 76' lang='lat' dir='ltr'><strong>efﬁcaci,</strong></span> <span class='ocrx_word' id='word_1_240' title='bbox 3399 1934 3451 1980; x_wconf 90' lang='lat' dir='ltr'><strong>te</strong></span> 
     </span>
    </p>
   </div>
   <div class='ocr_carea' id='block_1_35' title="bbox 194 1992 1777 2080">
    <p class='ocr_par' dir='ltr' id='par_1_35' title="bbox 194 1992 1777 2080">
     <span class='ocr_line' id='line_1_35' title="bbox 194 1992 1777 2080; baseline 0.009 -23"><span class='ocrx_word' id='word_1_241' title='bbox 194 2004 438 2074; x_wconf 84' lang='lat' dir='ltr'><strong>epulatio</strong></span> <span class='ocrx_word' id='word_1_242' title='bbox 451 2004 624 2073; x_wconf 87' lang='lat' dir='ltr'><strong>juvat,</strong></span> <span class='ocrx_word' id='word_1_243' title='bbox 656 2021 775 2076; x_wconf 74' lang='lat' dir='ltr'><strong>quae</strong></span> <span class='ocrx_word' id='word_1_244' title='bbox 803 1992 927 2063; x_wconf 75' lang='lat' dir='ltr'><strong>fidei</strong></span> <span class='ocrx_word' id='word_1_245' title='bbox 952 2009 1123 2080; x_wconf 90' lang='lat' dir='ltr'><strong>pietas</strong></span> <span class='ocrx_word' id='word_1_246' title='bbox 1149 2027 1256 2066; x_wconf 91' lang='lat' dir='ltr'><strong>non</strong></span> <span class='ocrx_word' id='word_1_247' title='bbox 1278 2015 1637 2070; x_wconf 88' lang='lat' dir='ltr'><strong>commendat.</strong></span> <span class='ocrx_word' id='word_1_248' title='bbox 1660 2014 1777 2071; x_wconf 88' lang='lat' dir='ltr'><strong>Non</strong></span> 
     </span>
    </p>
   </div>
   <div class='ocr_carea' id='block_1_36' title="bbox 195 2094 1777 2177">
    <p class='ocr_par' dir='ltr' id='par_1_36' title="bbox 195 2094 1777 2177">
     <span class='ocr_line' id='line_1_36' title="bbox 195 2094 1777 2177; baseline 0.01 -29"><span class='ocrx_word' id='word_1_249' title='bbox 195 2094 427 2149; x_wconf 82' lang='lat' dir='ltr'><strong>scientia</strong></span> <span class='ocrx_word' id='word_1_250' title='bbox 454 2094 856 2166; x_wconf 86' lang='lat' dir='ltr'><strong>Scripturarum</strong></span> <span class='ocrx_word' id='word_1_251' title='bbox 900 2108 1084 2155; x_wconf 89' lang='lat' dir='ltr'><strong>notum</strong></span> <span class='ocrx_word' id='word_1_252' title='bbox 1113 2101 1224 2158; x_wconf 91' lang='lat' dir='ltr'><strong>Deo</strong></span> <span class='ocrx_word' id='word_1_253' title='bbox 1256 2102 1409 2170; x_wconf 80' lang='lat' dir='ltr'><strong>facit,</strong></span> <span class='ocrx_word' id='word_1_254' title='bbox 1437 2120 1598 2175; x_wconf 88' lang='lat' dir='ltr'><strong>quem</strong></span> <span class='ocrx_word' id='word_1_255' title='bbox 1644 2122 1777 2177; x_wconf 86' lang='lat' dir='ltr'><strong>ope-</strong></span> 
     </span>
    </p>
   </div>
   <div class='ocr_carea' id='block_1_37' title="bbox 197 2184 1776 2260">
    <p class='ocr_par' dir='ltr' id='par_1_37' title="bbox 197 2184 1776 2260">
     <span class='ocr_line' id='line_1_37' title="bbox 197 2184 1776 2260; baseline 0.011 -23"><span class='ocrx_word' id='word_1_256' title='bbox 197 2198 322 2238; x_wconf 85' lang='lat' dir='ltr'><strong>rum</strong></span> <span class='ocrx_word' id='word_1_257' title='bbox 350 2184 605 2254; x_wconf 88' lang='lat' dir='ltr'><strong>iniquitas</strong></span> <span class='ocrx_word' id='word_1_258' title='bbox 633 2187 906 2258; x_wconf 88' lang='lat' dir='ltr'><strong>indignum</strong></span> <span class='ocrx_word' id='word_1_259' title='bbox 927 2191 1181 2260; x_wconf 80' lang='lat' dir='ltr'><strong>ostendit.</strong></span> <span class='ocrx_word' id='word_1_260' title='bbox 1205 2190 1301 2248; x_wconf 85' lang='lat' dir='ltr'><strong>Vel</strong></span> <span class='ocrx_word' id='word_1_261' title='bbox 1331 2194 1396 2249; x_wconf 88' lang='lat' dir='ltr'><strong>de</strong></span> <span class='ocrx_word' id='word_1_262' title='bbox 1416 2193 1614 2252; x_wconf 76' lang='lat' dir='ltr'><strong>Judteis</strong></span> <span class='ocrx_word' id='word_1_263' title='bbox 1643 2197 1776 2254; x_wconf 84' lang='lat' dir='ltr'><strong>sim-</strong></span> 
     </span>
    </p>
   </div>
   <div class='ocr_carea' id='block_1_38' title="bbox 190 2275 1775 2364">
    <p class='ocr_par' dir='ltr' id='par_1_38' title="bbox 190 2275 1775 2364">
     <span class='ocr_line' id='line_1_38' title="bbox 190 2275 1775 2364; baseline 0.013 -36"><span class='ocrx_word' id='word_1_264' title='bbox 190 2275 841 2360; x_wconf 67' lang='lat' dir='ltr'><strong>pliciteriutclligendum</strong></span> <span class='ocrx_word' id='word_1_265' title='bbox 888 2291 988 2352; x_wconf 77' lang='lat' dir='ltr'><strong>est,</strong></span> <span class='ocrx_word' id='word_1_266' title='bbox 1019 2285 1111 2354; x_wconf 89' lang='lat' dir='ltr'><strong>qui</strong></span> <span class='ocrx_word' id='word_1_267' title='bbox 1160 2299 1473 2358; x_wconf 88' lang='lat' dir='ltr'><strong>respuentes</strong></span> <span class='ocrx_word' id='word_1_268' title='bbox 1516 2294 1775 2364; x_wconf 85' lang='lat' dir='ltr'><strong>mysteria</strong></span> 
     </span>
    </p>
   </div>
   <div class='ocr_carea' id='block_1_39' title="bbox 191 2366 1776 2456">
    <p class='ocr_par' dir='ltr' id='par_1_39' title="bbox 191 2366 1776 2456">
     <span class='ocr_line' id='line_1_39' title="bbox 191 2366 1776 2456; baseline 0.015 -37"><span class='ocrx_word' id='word_1_269' title='bbox 191 2366 349 2431; x_wconf 80' lang='lat' dir='ltr'><strong>ﬁdei,</strong></span> <span class='ocrx_word' id='word_1_270' title='bbox 393 2376 574 2437; x_wconf 85' lang='lat' dir='ltr'><strong>gratos</strong></span> <span class='ocrx_word' id='word_1_271' title='bbox 627 2384 686 2425; x_wconf 90' lang='lat' dir='ltr'><strong>se</strong></span> <span class='ocrx_word' id='word_1_272' title='bbox 721 2371 831 2426; x_wconf 84' lang='lat' dir='ltr'><strong>Deo</strong></span> <span class='ocrx_word' id='word_1_273' title='bbox 864 2373 1217 2442; x_wconf 83' lang='lat' dir='ltr'><strong>arbitrantur,</strong></span> <span class='ocrx_word' id='word_1_274' title='bbox 1273 2381 1416 2449; x_wconf 90' lang='lat' dir='ltr'><strong>quod</strong></span> <span class='ocrx_word' id='word_1_275' title='bbox 1474 2383 1542 2437; x_wconf 87' lang='lat' dir='ltr'><strong>in</strong></span> <span class='ocrx_word' id='word_1_276' title='bbox 1577 2386 1776 2456; x_wconf 84' lang='lat' dir='ltr'><strong>templo</strong></span> 
     </span>
    </p>
   </div>
   <div class='ocr_carea' id='block_1_40' title="bbox 197 2457 1775 2539">
    <p class='ocr_par' dir='ltr' id='par_1_40' title="bbox 197 2457 1775 2539">
     <span class='ocr_line' id='line_1_40' title="bbox 197 2457 1775 2539; baseline 0.013 -28"><span class='ocrx_word' id='word_1_277' title='bbox 197 2457 439 2523; x_wconf 81' lang='lat' dir='ltr'><strong>victimis</strong></span> <span class='ocrx_word' id='word_1_278' title='bbox 484 2458 682 2514; x_wconf 90' lang='lat' dir='ltr'><strong>oblatis</strong></span> <span class='ocrx_word' id='word_1_279' title='bbox 736 2476 920 2517; x_wconf 88' lang='lat' dir='ltr'><strong>coram</strong></span> <span class='ocrx_word' id='word_1_280' title='bbox 973 2464 1200 2522; x_wconf 91' lang='lat' dir='ltr'><strong>Domino</strong></span> <span class='ocrx_word' id='word_1_281' title='bbox 1249 2470 1554 2539; x_wconf 89' lang='lat' dir='ltr'><strong>epulantur,</strong></span> <span class='ocrx_word' id='word_1_282' title='bbox 1594 2481 1648 2529; x_wconf 88' lang='lat' dir='ltr'><strong>et</strong></span> <span class='ocrx_word' id='word_1_283' title='bbox 1699 2475 1775 2532; x_wconf 92' lang='lat' dir='ltr'><strong>le-</strong></span> 
     </span>
    </p>
   </div>
   <div class='ocr_carea' id='block_1_41' title="bbox 192 2548 1775 2632">
    <p class='ocr_par' dir='ltr' id='par_1_41' title="bbox 192 2548 1775 2632">
     <span class='ocr_line' id='line_1_41' title="bbox 192 2548 1775 2632; baseline 0.012 -29"><span class='ocrx_word' id='word_1_284' title='bbox 192 2548 435 2604; x_wconf 84' lang='lat' dir='ltr'><strong>ctionem</strong></span> <span class='ocrx_word' id='word_1_285' title='bbox 463 2550 848 2622; x_wconf 85' lang='lat' dir='ltr'><strong>prophetarum</strong></span> <span class='ocrx_word' id='word_1_286' title='bbox 877 2554 1203 2615; x_wconf 87' lang='lat' dir='ltr'><strong>auscultant.</strong></span> <span class='ocrx_word' id='word_1_287' title='bbox 1220 2556 1314 2613; x_wconf 89' lang='lat' dir='ltr'><strong>Vel</strong></span> <span class='ocrx_word' id='word_1_288' title='bbox 1335 2563 1560 2632; x_wconf 81' lang='lat' dir='ltr'><strong>mystice</strong></span> <span class='ocrx_word' id='word_1_289' title='bbox 1586 2582 1600 2619; x_wconf 91' lang='lat'><strong>:</strong></span> <span class='ocrx_word' id='word_1_290' title='bbox 1627 2564 1775 2622; x_wconf 82' lang='lat' dir='ltr'><strong>Man-</strong></span> 
     </span>
    </p>
   </div>
   <div class='ocr_carea' id='block_1_42' title="bbox 196 2640 1772 2730">
    <p class='ocr_par' dir='ltr' id='par_1_42' title="bbox 196 2640 1772 2730">
     <span class='ocr_line' id='line_1_42' title="bbox 196 2640 1772 2730; baseline 0.015 -36"><span class='ocrx_word' id='word_1_291' title='bbox 196 2640 590 2714; x_wconf 67' lang='lat' dir='ltr'><strong>ducat-coram</strong></span> <span class='ocrx_word' id='word_1_292' title='bbox 618 2645 846 2712; x_wconf 71' lang='lat' dir='ltr'><strong>Domino</strong></span> <span class='ocrx_word' id='word_1_293' title='bbox 895 2657 951 2706; x_wconf 90' lang='lat' dir='ltr'><strong>et</strong></span> <span class='ocrx_word' id='word_1_294' title='bbox 991 2650 1148 2719; x_wconf 88' lang='lat' dir='ltr'><strong>bibit,</strong></span> <span class='ocrx_word' id='word_1_295' title='bbox 1195 2654 1288 2725; x_wconf 88' lang='lat' dir='ltr'><strong>qui</strong></span> <span class='ocrx_word' id='word_1_296' title='bbox 1339 2658 1490 2714; x_wconf 83' lang='lat' dir='ltr'><strong>verbi</strong></span> <span class='ocrx_word' id='word_1_297' title='bbox 1520 2660 1772 2730; x_wconf 89' lang='lat' dir='ltr'><strong>pabulum</strong></span> 
     </span>
    </p>
   </div>
   <div class='ocr_carea' id='block_1_43' title="bbox 198 2734 995 2807">
    <p class='ocr_par' dir='ltr' id='par_1_43' title="bbox 198 2734 995 2807">
     <span class='ocr_line' id='line_1_43' title="bbox 198 2734 995 2807; baseline 0.013 -22"><span class='ocrx_word' id='word_1_298' title='bbox 198 2734 363 2790; x_wconf 87' lang='lat' dir='ltr'><strong>avide</strong></span> <span class='ocrx_word' id='word_1_299' title='bbox 388 2737 632 2807; x_wconf 80' lang='lat' dir='ltr'><strong>suscipit.</strong></span> <span class='ocrx_word' id='word_1_300' title='bbox 990 2761 995 2767; x_wconf 63' lang='lat'><strong>&#39;</strong></span> 
     </span>
    </p>
   </div>
   <div class='ocr_carea' id='block_1_44' title="bbox 269 2843 1771 2925">
    <p class='ocr_par' dir='ltr' id='par_1_44' title="bbox 269 2843 1771 2925">
     <span class='ocr_line' id='line_1_44' title="bbox 269 2843 1771 2925; baseline 0.017 -28"><span class='ocrx_word' id='word_1_301' title='bbox 269 2843 345 2899; x_wconf 80' lang='lat' dir='ltr'><strong>In</strong></span> <span class='ocrx_word' id='word_1_302' title='bbox 367 2845 576 2914; x_wconf 73' lang='lat' dir='ltr'><strong>plateis,</strong></span> <span class='ocrx_word' id='word_1_303' title='bbox 611 2858 726 2907; x_wconf 70' lang='lat' dir='ltr'><strong>etc.</strong></span> <span class='ocrx_word' id='word_1_304' title='bbox 758 2851 1050 2924; x_wconf 78' lang='lat' dir='ltr'><strong>Scriptura</strong></span> <span class='ocrx_word' id='word_1_305' title='bbox 1079 2856 1135 2912; x_wconf 89' lang='lat' dir='ltr'><strong>in</strong></span> <span class='ocrx_word' id='word_1_306' title='bbox 1180 2859 1585 2921; x_wconf 86' lang='lat' dir='ltr'><strong>obscurioribus</strong></span> <span class='ocrx_word' id='word_1_307' title='bbox 1618 2865 1771 2925; x_wconf 89' lang='lat' dir='ltr'><strong>cibus</strong></span> 
     </span>
    </p>
   </div>
   <div class='ocr_carea' id='block_1_45' title="bbox 193 2937 1770 3021">
    <p class='ocr_par' dir='ltr' id='par_1_45' title="bbox 193 2937 1770 3021">
     <span class='ocr_line' id='line_1_45' title="bbox 193 2937 1770 3021; baseline 0.016 -34"><span class='ocrx_word' id='word_1_308' title='bbox 193 2942 301 2999; x_wconf 59' lang='lat' dir='ltr'><strong>est.</strong></span> <span class='ocrx_word' id='word_1_309' title='bbox 329 2937 455 3006; x_wconf 87' lang='lat' dir='ltr'><strong>quia</strong></span> <span class='ocrx_word' id='word_1_310' title='bbox 480 2940 633 3008; x_wconf 79' lang='lat' dir='ltr'><strong>quasi</strong></span> <span class='ocrx_word' id='word_1_311' title='bbox 656 2945 972 3013; x_wconf 82' lang='lat' dir='ltr'><strong>exponendo</strong></span> <span class='ocrx_word' id='word_1_312' title='bbox 999 2945 1285 3021; x_wconf 73' lang='lat' dir='ltr'><strong>frangitur,</strong></span> <span class='ocrx_word' id='word_1_313' title='bbox 1320 2960 1377 3007; x_wconf 90' lang='lat' dir='ltr'><strong>et</strong></span> <span class='ocrx_word' id='word_1_314' title='bbox 1400 2955 1770 3012; x_wconf 87' lang='lat' dir='ltr'><strong>manducando</strong></span> 
     </span>
    </p>
   </div>
   <div class='ocr_carea' id='block_1_46' title="bbox 194 3024 1771 3107">
    <p class='ocr_par' dir='ltr' id='par_1_46' title="bbox 194 3024 1771 3107">
     <span class='ocr_line' id='line_1_46' title="bbox 194 3024 1771 3107; baseline 0.014 -29"><span class='ocrx_word' id='word_1_315' title='bbox 194 3024 440 3088; x_wconf 73' lang='lat' dir='ltr'><strong>glutitur.</strong></span> <span class='ocrx_word' id='word_1_316' title='bbox 469 3028 637 3086; x_wconf 89' lang='lat' dir='ltr'><strong>Potus</strong></span> <span class='ocrx_word' id='word_1_317' title='bbox 674 3032 821 3086; x_wconf 87' lang='lat' dir='ltr'><strong>enim</strong></span> <span class='ocrx_word' id='word_1_318' title='bbox 862 3033 916 3088; x_wconf 90' lang='lat' dir='ltr'><strong>in</strong></span> <span class='ocrx_word' id='word_1_319' title='bbox 962 3038 1340 3107; x_wconf 88' lang='lat' dir='ltr'><strong>apertioribus,</strong></span> <span class='ocrx_word' id='word_1_320' title='bbox 1365 3042 1456 3098; x_wconf 90' lang='lat' dir='ltr'><strong>ubi</strong></span> <span class='ocrx_word' id='word_1_321' title='bbox 1484 3043 1556 3098; x_wconf 90' lang='lat' dir='ltr'><strong>ita</strong></span> <span class='ocrx_word' id='word_1_322' title='bbox 1587 3045 1771 3102; x_wconf 79' lang='lat' dir='ltr'><strong>absor-</strong></span> 
     </span>
    </p>
   </div>
   <div class='ocr_carea' id='block_1_47' title="bbox 192 3112 1770 3204">
    <p class='ocr_par' dir='ltr' id='par_1_47' title="bbox 192 3112 1770 3204">
     <span class='ocr_line' id='line_1_47' title="bbox 192 3112 1770 3204; baseline 0.016 -38"><span class='ocrx_word' id='word_1_323' title='bbox 192 3112 357 3174; x_wconf 79' lang='lat' dir='ltr'><strong>betur</strong></span> <span class='ocrx_word' id='word_1_324' title='bbox 385 3117 527 3172; x_wconf 92' lang='lat' dir='ltr'><strong>sicut</strong></span> <span class='ocrx_word' id='word_1_325' title='bbox 551 3119 842 3175; x_wconf 88' lang='lat' dir='ltr'><strong>invenitur.</strong></span> <span class='ocrx_word' id='word_1_326' title='bbox 873 3123 942 3178; x_wconf 87' lang='lat' dir='ltr'><strong>Et</strong></span> <span class='ocrx_word' id='word_1_327' title='bbox 967 3128 1179 3183; x_wconf 86' lang='lat' dir='ltr'><strong>occulta</strong></span> <span class='ocrx_word' id='word_1_328' title='bbox 1218 3146 1347 3201; x_wconf 87' lang='lat' dir='ltr'><strong>ergo</strong></span> <span class='ocrx_word' id='word_1_329' title='bbox 1392 3141 1446 3187; x_wconf 91' lang='lat' dir='ltr'><strong>et</strong></span> <span class='ocrx_word' id='word_1_330' title='bbox 1481 3143 1667 3204; x_wconf 87' lang='lat' dir='ltr'><strong>aperta</strong></span> <span class='ocrx_word' id='word_1_331' title='bbox 1711 3151 1770 3192; x_wconf 89' lang='lat' dir='ltr'><strong>se</strong></span> 
     </span>
    </p>
   </div>
   <div class='ocr_carea' id='block_1_48' title="bbox 190 3204 1841 3304">
    <p class='ocr_par' dir='ltr' id='par_1_48' title="bbox 190 3204 1841 3304">
     <span class='ocr_line' id='line_1_48' title="bbox 190 3204 1841 3304; baseline 0.015 -46"><span class='ocrx_word' id='word_1_332' title='bbox 190 3204 528 3304; x_wconf 75' lang='lat' dir='ltr'><strong>intellexisse</strong></span> <span class='ocrx_word' id='word_1_333' title='bbox 555 3217 840 3283; x_wconf 78' lang='lat' dir='ltr'><strong>testantur,</strong></span> <span class='ocrx_word' id='word_1_334' title='bbox 883 3218 999 3288; x_wconf 88' lang='lat' dir='ltr'><strong>qui,</strong></span> <span class='ocrx_word' id='word_1_335' title='bbox 1042 3221 1362 3304; x_wconf 79' lang='lat' dir='ltr'><strong>reprobante</strong></span> <span class='ocrx_word' id='word_1_336' title='bbox 1391 3220 1591 3291; x_wconf 86' lang='lat' dir='ltr'><strong>judice,</strong></span> <span class='ocrx_word' id='word_1_337' title='bbox 1626 3227 1769 3295; x_wconf 86' lang='lat' dir='ltr'><strong>quod</strong></span> <span class='ocrx_word' id='word_1_338' title='bbox 1798 3244 1841 3304; x_wconf 72' lang='grc' dir='ltr'><strong>ρ</strong></span> 
     </span>
    </p>
   </div>
   <div class='ocr_carea' id='block_1_49' title="bbox 191 3296 1110 3375">
    <p class='ocr_par' dir='ltr' id='par_1_49' title="bbox 191 3296 1110 3375">
     <span class='ocr_line' id='line_1_49' title="bbox 191 3296 1110 3375; baseline 0.018 -30"><span class='ocrx_word' id='word_1_339' title='bbox 191 3296 661 3362; x_wconf 61' lang='lat' dir='ltr'><strong>milucaverunt</strong></span> <span class='ocrx_word' id='word_1_340' title='bbox 688 3314 1110 3375; x_wconf 88' lang='lat' dir='ltr'><strong>conqueruntur.</strong></span> 
     </span>
    </p>
   </div>
   <div class='ocr_carea' id='block_1_50' title="bbox 190 3404 1762 3493">
    <p class='ocr_par' dir='ltr' id='par_1_50' title="bbox 190 3404 1762 3493">
     <span class='ocr_line' id='line_1_50' title="bbox 190 3404 1762 3493; baseline 0.017 -37"><span class='ocrx_word' id='word_1_341' title='bbox 190 3442 199 3447; x_wconf 83' lang='grc'><strong>-</strong></span> <span class='ocrx_word' id='word_1_342' title='bbox 260 3404 431 3462; x_wconf 66' lang='lat' dir='ltr'><strong>Vens.</strong></span> <span class='ocrx_word' id='word_1_343' title='bbox 460 3408 550 3463; x_wconf 76' lang='lat'><strong>28.</strong></span> <span class='ocrx_word' id='word_1_344' title='bbox 576 3439 644 3451; x_wconf 87' lang='lat'><strong>-—</strong></span> <span class='ocrx_word' id='word_1_345' title='bbox 667 3411 753 3467; x_wconf 80' lang='lat' dir='ltr'><strong>Ibi</strong></span> <span class='ocrx_word' id='word_1_346' title='bbox 778 3415 874 3468; x_wconf 88' lang='lat' dir='ltr'><strong>erit</strong></span> <span class='ocrx_word' id='word_1_347' title='bbox 916 3417 1090 3485; x_wconf 82' lang='lat' dir='ltr'><strong>ﬂetus,</strong></span> <span class='ocrx_word' id='word_1_348' title='bbox 1117 3426 1221 3475; x_wconf 89' lang='lat' dir='ltr'><strong>etc.</strong></span> <span class='ocrx_word' id='word_1_349' title='bbox 1251 3419 1435 3479; x_wconf 84' lang='lat' dir='ltr'><strong>Fletus</strong></span> <span class='ocrx_word' id='word_1_350' title='bbox 1458 3424 1524 3479; x_wconf 91' lang='lat' dir='ltr'><strong>de</strong></span> <span class='ocrx_word' id='word_1_351' title='bbox 1549 3426 1762 3493; x_wconf 86' lang='lat' dir='ltr'><strong>ardore,</strong></span> 
     </span>
    </p>
   </div>
   <div class='ocr_carea' id='block_1_51' title="bbox 190 3496 1764 3586">
    <p class='ocr_par' dir='ltr' id='par_1_51' title="bbox 190 3496 1764 3586">
     <span class='ocr_line' id='line_1_51' title="bbox 190 3496 1764 3586; baseline 0.015 -37"><span class='ocrx_word' id='word_1_352' title='bbox 190 3496 401 3552; x_wconf 82' lang='lat' dir='ltr'><strong>stridor</strong></span> <span class='ocrx_word' id='word_1_353' title='bbox 427 3499 671 3556; x_wconf 88' lang='lat' dir='ltr'><strong>dentium</strong></span> <span class='ocrx_word' id='word_1_354' title='bbox 721 3503 789 3560; x_wconf 87' lang='lat' dir='ltr'><strong>de</strong></span> <span class='ocrx_word' id='word_1_355' title='bbox 814 3503 1017 3577; x_wconf 80' lang='lat' dir='ltr'><strong>frigore</strong></span> <span class='ocrx_word' id='word_1_356' title='bbox 1063 3510 1201 3565; x_wconf 90' lang='lat' dir='ltr'><strong>solet</strong></span> <span class='ocrx_word' id='word_1_357' title='bbox 1242 3513 1488 3579; x_wconf 79' lang='lat' dir='ltr'><strong>excitari,</strong></span> <span class='ocrx_word' id='word_1_358' title='bbox 1535 3517 1662 3586; x_wconf 88' lang='lat' dir='ltr'><strong>quia</strong></span> <span class='ocrx_word' id='word_1_359' title='bbox 1691 3518 1764 3573; x_wconf 91' lang='lat' dir='ltr'><strong>ibi</strong></span> 
     </span>
    </p>
   </div>
   <div class='ocr_carea' id='block_1_52' title="bbox 185 3585 1763 3661">
    <p class='ocr_par' dir='ltr' id='par_1_52' title="bbox 185 3585 1763 3661">
     <span class='ocr_line' id='line_1_52' title="bbox 185 3585 1763 3661; baseline 0.015 -24"><span class='ocrx_word' id='word_1_360' title='bbox 185 3585 500 3642; x_wconf 76' lang='lat' dir='ltr'><strong>transibunt</strong></span> <span class='ocrx_word' id='word_1_361' title='bbox 518 3589 587 3643; x_wconf 90' lang='lat' dir='ltr'><strong>ab</strong></span> <span class='ocrx_word' id='word_1_362' title='bbox 623 3591 778 3661; x_wconf 88' lang='lat' dir='ltr'><strong>aquis</strong></span> <span class='ocrx_word' id='word_1_363' title='bbox 802 3593 1003 3649; x_wconf 92' lang='lat' dir='ltr'><strong>nivium</strong></span> <span class='ocrx_word' id='word_1_364' title='bbox 1025 3597 1093 3651; x_wconf 91' lang='lat' dir='ltr'><strong>ad</strong></span> <span class='ocrx_word' id='word_1_365' title='bbox 1136 3599 1369 3657; x_wconf 87' lang='lat' dir='ltr'><strong>calorem</strong></span> <span class='ocrx_word' id='word_1_366' title='bbox 1395 3585 1641 3661; x_wconf 88' lang='lat' dir='ltr'><strong>nimium.</strong></span> <span class='ocrx_word' id='word_1_367' title='bbox 1668 3606 1763 3661; x_wconf 92' lang='lat' dir='ltr'><strong>Vel</strong></span> 
     </span>
    </p>
   </div>
   <div class='ocr_carea' id='block_1_53' title="bbox 185 3673 1763 3768">
    <p class='ocr_par' dir='ltr' id='par_1_53' title="bbox 185 3673 1763 3768">
     <span class='ocr_line' id='line_1_53' title="bbox 185 3673 1763 3768; baseline 0.018 -41"><span class='ocrx_word' id='word_1_368' title='bbox 185 3673 394 3730; x_wconf 79' lang='lat' dir='ltr'><strong>stridor</strong></span> <span class='ocrx_word' id='word_1_369' title='bbox 413 3679 590 3768; x_wconf 80' lang='lat' dir='ltr'><strong>prodit</strong></span> <span class='ocrx_word' id='word_1_370' title='bbox 620 3680 945 3752; x_wconf 77' lang='lat' dir='ltr'><strong>indignantis</strong></span> <span class='ocrx_word' id='word_1_371' title='bbox 972 3685 1242 3758; x_wconf 79' lang='lat' dir='ltr'><strong>allectum,</strong></span> <span class='ocrx_word' id='word_1_372' title='bbox 1267 3695 1410 3764; x_wconf 90' lang='lat' dir='ltr'><strong>quod</strong></span> <span class='ocrx_word' id='word_1_373' title='bbox 1440 3711 1564 3752; x_wconf 89' lang='lat' dir='ltr'><strong>sero</strong></span> <span class='ocrx_word' id='word_1_374' title='bbox 1590 3699 1763 3768; x_wconf 73' lang='lat' dir='ltr'><strong>poeni-</strong></span> 
     </span>
    </p>
   </div>
   <div class='ocr_carea' id='block_1_54' title="bbox 191 3766 1763 3844">
    <p class='ocr_par' dir='ltr' id='par_1_54' title="bbox 191 3766 1763 3844">
     <span class='ocr_line' id='line_1_54' title="bbox 191 3766 1763 3844; baseline 0.018 -28"><span class='ocrx_word' id='word_1_375' title='bbox 191 3770 289 3827; x_wconf 86' lang='lat' dir='ltr'><strong>tet,</strong></span> <span class='ocrx_word' id='word_1_376' title='bbox 320 3766 463 3834; x_wconf 91' lang='lat' dir='ltr'><strong>quod</strong></span> <span class='ocrx_word' id='word_1_377' title='bbox 498 3768 725 3841; x_wconf 89' lang='lat' dir='ltr'><strong>deliquit</strong></span> <span class='ocrx_word' id='word_1_378' title='bbox 749 3775 1118 3842; x_wconf 86' lang='lat' dir='ltr'><strong>pertinaciter.</strong></span> <span class='ocrx_word' id='word_1_379' title='bbox 1176 3780 1270 3836; x_wconf 90' lang='lat' dir='ltr'><strong>Vel</strong></span> <span class='ocrx_word' id='word_1_380' title='bbox 1294 3766 1606 3841; x_wconf 19' lang='lat' dir='ltr'><strong>stridebunt‘</strong></span> <span class='ocrx_word' id='word_1_381' title='bbox 1626 3788 1763 3844; x_wconf 84' lang='lat' dir='ltr'><strong>den-</strong></span> 
     </span>
    </p>
   </div>
   <div class='ocr_carea' id='block_1_55' title="bbox 191 3855 1761 3939">
    <p class='ocr_par' dir='ltr' id='par_1_55' title="bbox 191 3855 1761 3939">
     <span class='ocr_line' id='line_1_55' title="bbox 191 3855 1761 3939; baseline 0.017 -32"><span class='ocrx_word' id='word_1_382' title='bbox 191 3855 359 3920; x_wconf 61' lang='lat' dir='ltr'><strong>tibus,</strong></span> <span class='ocrx_word' id='word_1_383' title='bbox 384 3858 473 3926; x_wconf 92' lang='lat' dir='ltr'><strong>qui</strong></span> <span class='ocrx_word' id='word_1_384' title='bbox 495 3859 583 3914; x_wconf 90' lang='lat' dir='ltr'><strong>hic</strong></span> <span class='ocrx_word' id='word_1_385' title='bbox 607 3861 673 3917; x_wconf 90' lang='lat' dir='ltr'><strong>de</strong></span> <span class='ocrx_word' id='word_1_386' title='bbox 701 3864 965 3924; x_wconf 88' lang='lat' dir='ltr'><strong>edacitate</strong></span> <span class='ocrx_word' id='word_1_387' title='bbox 990 3870 1315 3939; x_wconf 88' lang='lat' dir='ltr'><strong>gaudebunt.</strong></span> <span class='ocrx_word' id='word_1_388' title='bbox 1366 3873 1594 3932; x_wconf 83' lang='lat' dir='ltr'><strong>Flebunt</strong></span> <span class='ocrx_word' id='word_1_389' title='bbox 1619 3879 1761 3935; x_wconf 88' lang='lat' dir='ltr'><strong>oculi</strong></span> 
     </span>
    </p>
   </div>
   <div class='ocr_carea' id='block_1_56' title="bbox 193 3946 1762 4038">
    <p class='ocr_par' dir='ltr' id='par_1_56' title="bbox 193 3946 1762 4038">
     <span class='ocr_line' id='line_1_56' title="bbox 193 3946 1762 4038; baseline 0.018 -41"><span class='ocrx_word' id='word_1_390' title='bbox 193 3946 283 4013; x_wconf 73' lang='lat' dir='ltr'><strong>qui</strong></span> <span class='ocrx_word' id='word_1_391' title='bbox 308 3946 397 4001; x_wconf 89' lang='lat' dir='ltr'><strong>hic</strong></span> <span class='ocrx_word' id='word_1_392' title='bbox 420 3962 517 4017; x_wconf 90' lang='lat' dir='ltr'><strong>per</strong></span> <span class='ocrx_word' id='word_1_393' title='bbox 536 3953 998 4022; x_wconf 85' lang='lat' dir='ltr'><strong>concupiscentias</strong></span> <span class='ocrx_word' id='word_1_394' title='bbox 1024 3962 1376 4031; x_wconf 87' lang='lat' dir='ltr'><strong>vagabuntur.</strong></span> <span class='ocrx_word' id='word_1_395' title='bbox 1415 3964 1481 4019; x_wconf 90' lang='lat' dir='ltr'><strong>Et</strong></span> <span class='ocrx_word' id='word_1_396' title='bbox 1509 3976 1633 4022; x_wconf 89' lang='lat' dir='ltr'><strong>nota</strong></span> <span class='ocrx_word' id='word_1_397' title='bbox 1665 3983 1762 4038; x_wconf 85' lang='lat' dir='ltr'><strong>per</strong></span> 
     </span>
    </p>
   </div>
   <div class='ocr_carea' id='block_1_57' title="bbox 186 4032 1761 4125">
    <p class='ocr_par' dir='ltr' id='par_1_57' title="bbox 186 4032 1761 4125">
     <span class='ocr_line' id='line_1_57' title="bbox 186 4032 1761 4125; baseline 0.018 -39"><span class='ocrx_word' id='word_1_398' title='bbox 186 4032 373 4088; x_wconf 89' lang='lat' dir='ltr'><strong>ﬂetum</strong></span> <span class='ocrx_word' id='word_1_399' title='bbox 398 4038 489 4106; x_wconf 86' lang='lat' dir='ltr'><strong>qui</strong></span> <span class='ocrx_word' id='word_1_400' title='bbox 517 4048 603 4094; x_wconf 88' lang='lat' dir='ltr'><strong>est</strong></span> <span class='ocrx_word' id='word_1_401' title='bbox 626 4042 924 4113; x_wconf 83' lang='lat' dir='ltr'><strong>oculorum,</strong></span> <span class='ocrx_word' id='word_1_402' title='bbox 954 4055 1009 4102; x_wconf 90' lang='lat' dir='ltr'><strong>et</strong></span> <span class='ocrx_word' id='word_1_403' title='bbox 1049 4050 1338 4108; x_wconf 82' lang='lat' dir='ltr'><strong>stridorem</strong></span> <span class='ocrx_word' id='word_1_404' title='bbox 1378 4054 1638 4125; x_wconf 89' lang='lat' dir='ltr'><strong>dentium,</strong></span> <span class='ocrx_word' id='word_1_405' title='bbox 1667 4032 1761 4116; x_wconf 71' lang='lat' dir='ltr'><strong>ve-</strong></span> 
     </span>
    </p>
   </div>
   <div class='ocr_carea' id='block_1_58' title="bbox 186 4127 1104 4197">
    <p class='ocr_par' dir='ltr' id='par_1_58' title="bbox 186 4127 1104 4197">
     <span class='ocr_line' id='line_1_58' title="bbox 186 4127 1104 4197; baseline 0.021 -19"><span class='ocrx_word' id='word_1_406' title='bbox 186 4141 306 4181; x_wconf 85' lang='lat' dir='ltr'><strong>ram</strong></span> <span class='ocrx_word' id='word_1_407' title='bbox 328 4127 613 4196; x_wconf 86' lang='lat' dir='ltr'><strong>impiorum</strong></span> <span class='ocrx_word' id='word_1_408' title='bbox 636 4138 1104 4197; x_wconf 87' lang='lat' dir='ltr'><strong>resurrectionem.</strong></span> 
     </span>
    </p>
   </div>
   <div class='ocr_carea' id='block_1_59' title="bbox 258 4233 1757 4333">
    <p class='ocr_par' dir='ltr' id='par_1_59' title="bbox 258 4233 1757 4333">
     <span class='ocr_line' id='line_1_59' title="bbox 258 4233 1757 4333; baseline 0.021 -45"><span class='ocrx_word' id='word_1_409' title='bbox 258 4233 420 4291; x_wconf 80' lang='lat' dir='ltr'><strong>Vens.</strong></span> <span class='ocrx_word' id='word_1_410' title='bbox 453 4238 542 4295; x_wconf 78' lang='lat'><strong>29.</strong></span> <span class='ocrx_word' id='word_1_411' title='bbox 571 4272 642 4333; x_wconf 54' lang='grc' dir='ltr'><strong>έ-</strong></span> <span class='ocrx_word' id='word_1_412' title='bbox 666 4243 734 4297; x_wconf 84' lang='grc' dir='ltr'><strong>Ει</strong></span> <span class='ocrx_word' id='word_1_413' title='bbox 763 4248 979 4304; x_wconf 71' lang='lat' dir='ltr'><strong>venient.</strong></span> <span class='ocrx_word' id='word_1_414' title='bbox 1016 4250 1164 4308; x_wconf 76' lang='lat' dir='ltr'><strong>Multi</strong></span> <span class='ocrx_word' id='word_1_415' title='bbox 1193 4255 1341 4325; x_wconf 90' lang='lat' dir='ltr'><strong>prius</strong></span> <span class='ocrx_word' id='word_1_416' title='bbox 1368 4256 1636 4317; x_wconf 87' lang='lat' dir='ltr'><strong>ferventes</strong></span> <span class='ocrx_word' id='word_1_417' title='bbox 1662 4277 1757 4333; x_wconf 92' lang='lat' dir='ltr'><strong>po-</strong></span> 
     </span>
    </p>
   </div>
   <div class='ocr_carea' id='block_1_60' title="bbox 183 4331 1751 4415">
    <p class='ocr_par' dir='ltr' id='par_1_60' title="bbox 183 4331 1751 4415">
     <span class='ocr_line' id='line_1_60' title="bbox 183 4331 1751 4415; baseline 0.019 -37"><span class='ocrx_word' id='word_1_418' title='bbox 183 4335 303 4381; x_wconf 87' lang='lat' dir='ltr'><strong>stea</strong></span> <span class='ocrx_word' id='word_1_419' title='bbox 329 4335 560 4399; x_wconf 87' lang='lat' dir='ltr'><strong>torpent.</strong></span> <span class='ocrx_word' id='word_1_420' title='bbox 605 4331 754 4390; x_wconf 83' lang='lat' dir='ltr'><strong>Multi</strong></span> <span class='ocrx_word' id='word_1_421' title='bbox 804 4340 957 4409; x_wconf 89' lang='lat' dir='ltr'><strong>prius</strong></span> <span class='ocrx_word' id='word_1_422' title='bbox 1007 4341 1204 4415; x_wconf 76' lang='lat' dir='ltr'><strong>frigidi,</strong></span> <span class='ocrx_word' id='word_1_423' title='bbox 1236 4348 1415 4404; x_wconf 89' lang='lat' dir='ltr'><strong>subito</strong></span> <span class='ocrx_word' id='word_1_424' title='bbox 1441 4331 1751 4410; x_wconf 77' lang='lat' dir='ltr'><strong>ardescunt.</strong></span> 
     </span>
    </p>
   </div>
   <div class='ocr_carea' id='block_1_61' title="bbox 184 4416 1750 4510">
    <p class='ocr_par' dir='ltr' id='par_1_61' title="bbox 184 4416 1750 4510">
     <span class='ocr_line' id='line_1_61' title="bbox 184 4416 1750 4510; baseline 0.019 -40"><span class='ocrx_word' id='word_1_425' title='bbox 184 4416 337 4473; x_wconf 74' lang='lat' dir='ltr'><strong>llulti</strong></span> <span class='ocrx_word' id='word_1_426' title='bbox 370 4420 421 4474; x_wconf 88' lang='lat' dir='ltr'><strong>in</strong></span> <span class='ocrx_word' id='word_1_427' title='bbox 450 4423 644 4479; x_wconf 67' lang='lat' dir='ltr'><strong>seculo</strong></span> <span class='ocrx_word' id='word_1_428' title='bbox 670 4426 927 4496; x_wconf 86' lang='lat' dir='ltr'><strong>despecti,</strong></span> <span class='ocrx_word' id='word_1_429' title='bbox 956 4431 1010 4485; x_wconf 93' lang='lat' dir='ltr'><strong>in</strong></span> <span class='ocrx_word' id='word_1_430' title='bbox 1038 4430 1220 4490; x_wconf 88' lang='lat' dir='ltr'><strong>futuro</strong></span> <span class='ocrx_word' id='word_1_431' title='bbox 1247 4446 1371 4492; x_wconf 89' lang='lat' dir='ltr'><strong>sunt</strong></span> <span class='ocrx_word' id='word_1_432' title='bbox 1394 4439 1750 4510; x_wconf 81' lang='lat' dir='ltr'><strong>glorificaudi.</strong></span> 
     </span>
    </p>
   </div>
   <div class='ocr_carea' id='block_1_62' title="bbox 182 4508 1748 4589">
    <p class='ocr_par' dir='ltr' id='par_1_62' title="bbox 182 4508 1748 4589">
     <span class='ocr_line' id='line_1_62' title="bbox 182 4508 1748 4589; baseline 0.018 -28"><span class='ocrx_word' id='word_1_433' title='bbox 182 4508 290 4564; x_wconf 84' lang='lat' dir='ltr'><strong>Alii</strong></span> <span class='ocrx_word' id='word_1_434' title='bbox 315 4511 457 4579; x_wconf 84' lang='lat' dir='ltr'><strong>apud</strong></span> <span class='ocrx_word' id='word_1_435' title='bbox 486 4512 732 4571; x_wconf 85' lang='lat' dir='ltr'><strong>homines</strong></span> <span class='ocrx_word' id='word_1_436' title='bbox 750 4517 989 4588; x_wconf 89' lang='lat' dir='ltr'><strong>gloriosi,</strong></span> <span class='ocrx_word' id='word_1_437' title='bbox 1014 4522 1069 4577; x_wconf 91' lang='lat' dir='ltr'><strong>in</strong></span> <span class='ocrx_word' id='word_1_438' title='bbox 1088 4523 1273 4580; x_wconf 88' lang='lat' dir='ltr'><strong>futuro</strong></span> <span class='ocrx_word' id='word_1_439' title='bbox 1291 4508 1417 4583; x_wconf 79' lang='lat' dir='ltr'><strong>sunt</strong></span> <span class='ocrx_word' id='word_1_440' title='bbox 1436 4530 1748 4589; x_wconf 88' lang='lat' dir='ltr'><strong>damnandi.</strong></span> 
     </span>
    </p>
   </div>
   <div class='ocr_carea' id='block_1_63' title="bbox 187 4599 1757 4689">
    <p class='ocr_par' dir='ltr' id='par_1_63' title="bbox 187 4599 1757 4689">
     <span class='ocr_line' id='line_1_63' title="bbox 187 4599 1757 4689; baseline 0.02 -36"><span class='ocrx_word' id='word_1_441' title='bbox 187 4599 284 4654; x_wconf 87' lang='lat' dir='ltr'><strong>Vel</strong></span> <span class='ocrx_word' id='word_1_442' title='bbox 311 4604 556 4673; x_wconf 84' lang='lat' dir='ltr'><strong>gentiles,</strong></span> <span class='ocrx_word' id='word_1_443' title='bbox 576 4607 668 4676; x_wconf 89' lang='lat' dir='ltr'><strong>qui</strong></span> <span class='ocrx_word' id='word_1_444' title='bbox 692 4609 782 4663; x_wconf 93' lang='lat' dir='ltr'><strong>diu</strong></span> <span class='ocrx_word' id='word_1_445' title='bbox 809 4610 926 4666; x_wconf 83' lang='lat' dir='ltr'><strong>sine</strong></span> <span class='ocrx_word' id='word_1_446' title='bbox 948 4612 1052 4670; x_wconf 90' lang='lat' dir='ltr'><strong>ﬁde</strong></span> <span class='ocrx_word' id='word_1_447' title='bbox 1068 4616 1336 4685; x_wconf 78' lang='lat' dir='ltr'><strong>vixerant,</strong></span> <span class='ocrx_word' id='word_1_448' title='bbox 1367 4620 1435 4676; x_wconf 87' lang='lat' dir='ltr'><strong>ad</strong></span> <span class='ocrx_word' id='word_1_449' title='bbox 1450 4622 1610 4689; x_wconf 75' lang='lat' dir='ltr'><strong>ﬁdem</strong></span> <span class='ocrx_word' id='word_1_450' title='bbox 1631 4636 1757 4686; x_wconf 80' lang='lat' dir='ltr'><strong>sunt</strong></span> 
     </span>
    </p>
   </div>
   <div class='ocr_carea' id='block_1_64' title="bbox 180 4695 982 4765">
    <p class='ocr_par' dir='ltr' id='par_1_64' title="bbox 180 4695 982 4765">
     <span class='ocr_line' id='line_1_64' title="bbox 180 4695 982 4765; baseline 0.02 -19"><span class='ocrx_word' id='word_1_451' title='bbox 180 4695 429 4758; x_wconf 87' lang='lat' dir='ltr'><strong>vocandi,</strong></span> <span class='ocrx_word' id='word_1_452' title='bbox 453 4695 618 4755; x_wconf 79' lang='lat' dir='ltr'><strong>Juda2i</strong></span> <span class='ocrx_word' id='word_1_453' title='bbox 645 4704 982 4765; x_wconf 71' lang='lat' dir='ltr'><strong>exsecrandi.</strong></span> 
     </span>
    </p>
   </div>
   <div class='ocr_carea' id='block_1_65' title="bbox 252 4804 1758 4890">
    <p class='ocr_par' dir='ltr' id='par_1_65' title="bbox 252 4804 1758 4890">
     <span class='ocr_line' id='line_1_65' title="bbox 252 4804 1758 4890; baseline 0.018 -31"><span class='ocrx_word' id='word_1_454' title='bbox 252 4804 419 4862; x_wconf 74' lang='lat' dir='ltr'><strong>Vens.</strong></span> <span class='ocrx_word' id='word_1_455' title='bbox 442 4807 530 4863; x_wconf 72' lang='lat'><strong>52.</strong></span> <span class='ocrx_word' id='word_1_456' title='bbox 552 4838 621 4851; x_wconf 91' lang='lat'><strong>--</strong></span> <span class='ocrx_word' id='word_1_457' title='bbox 649 4811 817 4867; x_wconf 81' lang='lat' dir='ltr'><strong>Dicite</strong></span> <span class='ocrx_word' id='word_1_458' title='bbox 841 4813 1003 4885; x_wconf 74' lang='lat' dir='ltr'><strong>vulpi,</strong></span> <span class='ocrx_word' id='word_1_459' title='bbox 1023 4826 1131 4873; x_wconf 88' lang='lat' dir='ltr'><strong>etc.</strong></span> <span class='ocrx_word' id='word_1_460' title='bbox 1159 4818 1345 4890; x_wconf 89' lang='lat' dir='ltr'><strong>Vulpis</strong></span> <span class='ocrx_word' id='word_1_461' title='bbox 1373 4821 1572 4880; x_wconf 89' lang='lat' dir='ltr'><strong>animal</strong></span> <span class='ocrx_word' id='word_1_462' title='bbox 1611 4827 1758 4885; x_wconf 88' lang='lat' dir='ltr'><strong>dolo-</strong></span> 
     </span>
    </p>
   </div>
   <div class='ocr_carea' id='block_1_66' title="bbox 178 4898 1757 4978">
    <p class='ocr_par' dir='ltr' id='par_1_66' title="bbox 178 4898 1757 4978">
     <span class='ocr_line' id='line_1_66' title="bbox 178 4898 1757 4978; baseline 0.011 -22"><span class='ocrx_word' id='word_1_463' title='bbox 178 4913 325 4962; x_wconf 88' lang='lat' dir='ltr'><strong>sum,</strong></span> <span class='ocrx_word' id='word_1_464' title='bbox 357 4898 412 4952; x_wconf 89' lang='lat' dir='ltr'><strong>in</strong></span> <span class='ocrx_word' id='word_1_465' title='bbox 442 4898 592 4954; x_wconf 89' lang='lat' dir='ltr'><strong>fovea</strong></span> <span class='ocrx_word' id='word_1_466' title='bbox 619 4900 684 4954; x_wconf 88' lang='lat' dir='ltr'><strong>ad</strong></span> <span class='ocrx_word' id='word_1_467' title='bbox 712 4900 937 4970; x_wconf 85' lang='lat' dir='ltr'><strong>insidias</strong></span> <span class='ocrx_word' id='word_1_468' title='bbox 963 4902 1156 4972; x_wconf 86' lang='lat' dir='ltr'><strong>latens,</strong></span> <span class='ocrx_word' id='word_1_469' title='bbox 1184 4908 1350 4965; x_wconf 88' lang='lat' dir='ltr'><strong>odore</strong></span> <span class='ocrx_word' id='word_1_470' title='bbox 1378 4908 1568 4978; x_wconf 72' lang='lat' dir='ltr'><strong>fetens,</strong></span> <span class='ocrx_word' id='word_1_471' title='bbox 1620 4919 1757 4973; x_wconf 84' lang='lat' dir='ltr'><strong>nun-</strong></span> 
     </span>
    </p>
   </div>
   <div class='ocr_carea' id='block_1_67' title="bbox 175 4988 1750 5065">
    <p class='ocr_par' dir='ltr' id='par_1_67' title="bbox 175 4988 1750 5065">
     <span class='ocr_line' id='line_1_67' title="bbox 175 4988 1750 5065; baseline 0.015 -24"><span class='ocrx_word' id='word_1_472' title='bbox 175 5003 345 5057; x_wconf 89' lang='lat' dir='ltr'><strong>quam</strong></span> <span class='ocrx_word' id='word_1_473' title='bbox 371 4988 533 5043; x_wconf 89' lang='lat' dir='ltr'><strong>rectis</strong></span> <span class='ocrx_word' id='word_1_474' title='bbox 559 4989 844 5048; x_wconf 89' lang='lat' dir='ltr'><strong>itineribus</strong></span> <span class='ocrx_word' id='word_1_475' title='bbox 892 4992 1167 5051; x_wconf 87' lang='lat' dir='ltr'><strong>incedens.</strong></span> <span class='ocrx_word' id='word_1_476' title='bbox 1215 4998 1342 5055; x_wconf 71' lang='lat' dir='ltr'><strong>Haec</strong></span> <span class='ocrx_word' id='word_1_477' title='bbox 1365 5005 1546 5058; x_wconf 90' lang='lat' dir='ltr'><strong>omnia</strong></span> <span class='ocrx_word' id='word_1_478' title='bbox 1577 5006 1750 5065; x_wconf 58' lang='lat' dir='ltr'><strong>habre-</strong></span> 
     </span>
    </p>
   </div>
   <div class='ocr_carea' id='block_1_68' title="bbox 175 5078 1747 5166">
    <p class='ocr_par' dir='ltr' id='par_1_68' title="bbox 175 5078 1747 5166">
     <span class='ocr_line' id='line_1_68' title="bbox 175 5078 1747 5166; baseline 0.011 -32"><span class='ocrx_word' id='word_1_479' title='bbox 175 5079 307 5135; x_wconf 90' lang='lat' dir='ltr'><strong>ticis</strong></span> <span class='ocrx_word' id='word_1_480' title='bbox 333 5078 583 5157; x_wconf 87' lang='lat' dir='ltr'><strong>(quorum</strong></span> <span class='ocrx_word' id='word_1_481' title='bbox 620 5087 804 5150; x_wconf 88' lang='lat' dir='ltr'><strong>typum</strong></span> <span class='ocrx_word' id='word_1_482' title='bbox 832 5088 977 5137; x_wconf 87' lang='lat' dir='ltr'><strong>tenet</strong></span> <span class='ocrx_word' id='word_1_483' title='bbox 1019 5083 1279 5157; x_wconf 77' lang='lat' dir='ltr'><strong>Herodes)</strong></span> <span class='ocrx_word' id='word_1_484' title='bbox 1310 5103 1628 5161; x_wconf 90' lang='lat' dir='ltr'><strong>congruunt,</strong></span> <span class='ocrx_word' id='word_1_485' title='bbox 1656 5097 1747 5166; x_wconf 91' lang='lat' dir='ltr'><strong>qui</strong></span> 
     </span>
    </p>
   </div>
   <div class='ocr_carea' id='block_1_69' title="bbox 173 5168 1748 5249">
    <p class='ocr_par' dir='ltr' id='par_1_69' title="bbox 173 5168 1748 5249">
     <span class='ocr_line' id='line_1_69' title="bbox 173 5168 1748 5249; baseline 0.008 -22"><span class='ocrx_word' id='word_1_486' title='bbox 173 5168 481 5234; x_wconf 82' lang='lat' dir='ltr'><strong>Christum,</strong></span> <span class='ocrx_word' id='word_1_487' title='bbox 536 5170 589 5224; x_wconf 89' lang='lat' dir='ltr'><strong>id</strong></span> <span class='ocrx_word' id='word_1_488' title='bbox 626 5181 711 5226; x_wconf 86' lang='lat' dir='ltr'><strong>est</strong></span> <span class='ocrx_word' id='word_1_489' title='bbox 758 5171 1111 5228; x_wconf 85' lang='lat' dir='ltr'><strong>humilitatem</strong></span> <span class='ocrx_word' id='word_1_490' title='bbox 1154 5174 1473 5235; x_wconf 68' lang='lat' dir='ltr'><strong>Christianae</strong></span> <span class='ocrx_word' id='word_1_491' title='bbox 1500 5180 1644 5249; x_wconf 89' lang='lat' dir='ltr'><strong>ﬁdei,</strong></span> <span class='ocrx_word' id='word_1_492' title='bbox 1690 5184 1748 5240; x_wconf 89' lang='lat' dir='ltr'><strong>in</strong></span> 
     </span>
    </p>
   </div>
   <div class='ocr_carea' id='block_1_70' title="bbox 171 5259 1751 5341">
    <p class='ocr_par' dir='ltr' id='par_1_70' title="bbox 171 5259 1751 5341">
     <span class='ocr_line' id='line_1_70' title="bbox 171 5259 1751 5341; baseline 0.006 -24"><span class='ocrx_word' id='word_1_493' title='bbox 171 5259 523 5317; x_wconf 85' lang='lat' dir='ltr'><strong>credentibus</strong></span> <span class='ocrx_word' id='word_1_494' title='bbox 546 5269 812 5316; x_wconf 81' lang='lat' dir='ltr'><strong>conantur</strong></span> <span class='ocrx_word' id='word_1_495' title='bbox 836 5263 1193 5333; x_wconf 82' lang='lat' dir='ltr'><strong>exstinguere.</strong></span> <span class='ocrx_word' id='word_1_496' title='bbox 1220 5265 1356 5321; x_wconf 83' lang='lat' dir='ltr'><strong>Ecce</strong></span> <span class='ocrx_word' id='word_1_497' title='bbox 1381 5268 1531 5341; x_wconf 88' lang='lat' dir='ltr'><strong>ejicio</strong></span> <span class='ocrx_word' id='word_1_498' title='bbox 1554 5272 1751 5327; x_wconf 64' lang='lat' dir='ltr'><strong>dieme-</strong></span> 
     </span>
    </p>
   </div>
   <div class='ocr_carea' id='block_1_71' title="bbox 172 5344 1748 5422">
    <p class='ocr_par' dir='ltr' id='par_1_71' title="bbox 172 5344 1748 5422">
     <span class='ocr_line' id='line_1_71' title="bbox 172 5344 1748 5422; baseline 0.01 -19"><span class='ocrx_word' id='word_1_499' title='bbox 172 5352 293 5415; x_wconf 81' lang='lat' dir='ltr'><strong>nia,</strong></span> <span class='ocrx_word' id='word_1_500' title='bbox 320 5359 427 5404; x_wconf 91' lang='lat' dir='ltr'><strong>etc.</strong></span> <span class='ocrx_word' id='word_1_501' title='bbox 471 5349 632 5417; x_wconf 85' lang='lat' dir='ltr'><strong>Quasi</strong></span> <span class='ocrx_word' id='word_1_502' title='bbox 675 5350 877 5406; x_wconf 86' lang='lat' dir='ltr'><strong>diceret</strong></span> <span class='ocrx_word' id='word_1_503' title='bbox 908 5368 921 5406; x_wconf 89' lang='lat'><strong>:</strong></span> <span class='ocrx_word' id='word_1_504' title='bbox 959 5351 1068 5409; x_wconf 87' lang='lat' dir='ltr'><strong>Nec</strong></span> <span class='ocrx_word' id='word_1_505' title='bbox 1092 5352 1354 5422; x_wconf 87' lang='lat' dir='ltr'><strong>Herodes,</strong></span> <span class='ocrx_word' id='word_1_506' title='bbox 1383 5344 1485 5415; x_wconf 82' lang='lat' dir='ltr'><strong>nec</strong></span> <span class='ocrx_word' id='word_1_507' title='bbox 1509 5360 1748 5420; x_wconf 66' lang='lat' dir='ltr'><strong>haeretici</strong></span> 
     </span>
    </p>
   </div>
   <div class='ocr_carea' id='block_1_72' title="bbox 170 5441 1748 5523">
    <p class='ocr_par' dir='ltr' id='par_1_72' title="bbox 170 5441 1748 5523">
     <span class='ocr_line' id='line_1_72' title="bbox 170 5441 1748 5523; baseline 0.009 -27"><span class='ocrx_word' id='word_1_508' title='bbox 170 5457 410 5514; x_wconf 89' lang='lat' dir='ltr'><strong>quorum</strong></span> <span class='ocrx_word' id='word_1_509' title='bbox 433 5441 546 5511; x_wconf 89' lang='lat' dir='ltr'><strong>ipse</strong></span> <span class='ocrx_word' id='word_1_510' title='bbox 569 5441 739 5514; x_wconf 85' lang='lat' dir='ltr'><strong>ﬁgura</strong></span> <span class='ocrx_word' id='word_1_511' title='bbox 758 5452 858 5509; x_wconf 91' lang='lat' dir='ltr'><strong>est,</strong></span> <span class='ocrx_word' id='word_1_512' title='bbox 881 5453 1131 5514; x_wconf 88' lang='lat' dir='ltr'><strong>poterunt</strong></span> <span class='ocrx_word' id='word_1_513' title='bbox 1154 5450 1473 5523; x_wconf 81' lang='lat' dir='ltr'><strong>perturbare</strong></span> <span class='ocrx_word' id='word_1_514' title='bbox 1500 5455 1644 5522; x_wconf 91' lang='lat' dir='ltr'><strong>quod</strong></span> <span class='ocrx_word' id='word_1_515' title='bbox 1666 5455 1748 5510; x_wconf 88' lang='lat' dir='ltr'><strong>in-</strong></span> 
     </span>
    </p>
   </div>
   <div class='ocr_carea' id='block_1_73' title="bbox 175 5528 1749 5612">
    <p class='ocr_par' dir='ltr' id='par_1_73' title="bbox 175 5528 1749 5612">
     <span class='ocr_line' id='line_1_73' title="bbox 175 5528 1749 5612; baseline 0.007 -22"><span class='ocrx_word' id='word_1_516' title='bbox 175 5533 343 5590; x_wconf 87' lang='lat' dir='ltr'><strong>tendo</strong></span> <span class='ocrx_word' id='word_1_517' title='bbox 379 5532 576 5588; x_wconf 87' lang='lat' dir='ltr'><strong>facere.</strong></span> <span class='ocrx_word' id='word_1_518' title='bbox 630 5528 852 5589; x_wconf 85' lang='lat' dir='ltr'><strong>lntendo</strong></span> <span class='ocrx_word' id='word_1_519' title='bbox 906 5543 1088 5591; x_wconf 86' lang='lat' dir='ltr'><strong>autem</strong></span> <span class='ocrx_word' id='word_1_520' title='bbox 1138 5537 1335 5608; x_wconf 86' lang='lat' dir='ltr'><strong>ejicere</strong></span> <span class='ocrx_word' id='word_1_521' title='bbox 1381 5542 1643 5612; x_wconf 58' lang='lat' dir='ltr'><strong>daemonia</strong></span> <span class='ocrx_word' id='word_1_522' title='bbox 1680 5546 1749 5600; x_wconf 90' lang='lat' dir='ltr'><strong>de</strong></span> 
     </span>
    </p>
   </div>
   <div class='ocr_carea' id='block_1_74' title="bbox 170 5622 1749 5695">
    <p class='ocr_par' dir='ltr' id='par_1_74' title="bbox 170 5622 1749 5695">
     <span class='ocr_line' id='line_1_74' title="bbox 170 5622 1749 5695; baseline 0.006 -16"><span class='ocrx_word' id='word_1_523' title='bbox 170 5624 433 5679; x_wconf 76' lang='lat' dir='ltr'><strong>cordibus</strong></span> <span class='ocrx_word' id='word_1_524' title='bbox 480 5622 779 5695; x_wconf 86' lang='lat' dir='ltr'><strong>hominum,</strong></span> <span class='ocrx_word' id='word_1_525' title='bbox 822 5632 883 5677; x_wconf 88' lang='lat' dir='ltr'><strong>ut</strong></span> <span class='ocrx_word' id='word_1_526' title='bbox 930 5624 1132 5680; x_wconf 89' lang='lat' dir='ltr'><strong>relictis</strong></span> <span class='ocrx_word' id='word_1_527' title='bbox 1190 5628 1518 5687; x_wconf 82' lang='lat' dir='ltr'><strong>vanitatibus</strong></span> <span class='ocrx_word' id='word_1_528' title='bbox 1563 5631 1616 5686; x_wconf 91' lang='lat' dir='ltr'><strong>in</strong></span> <span class='ocrx_word' id='word_1_529' title='bbox 1661 5647 1749 5687; x_wconf 84' lang='lat' dir='ltr'><strong>me</strong></span> 
     </span>
    </p>
   </div>
   <div class='ocr_carea' id='block_1_75' title="bbox 169 5712 1747 5783">
    <p class='ocr_par' dir='ltr' id='par_1_75' title="bbox 169 5712 1747 5783">
     <span class='ocr_line' id='line_1_75' title="bbox 169 5712 1747 5783; baseline 0.004 -12"><span class='ocrx_word' id='word_1_530' title='bbox 169 5715 441 5779; x_wconf 83' lang='lat' dir='ltr'><strong>credant;</strong></span> <span class='ocrx_word' id='word_1_531' title='bbox 492 5722 549 5769; x_wconf 92' lang='lat' dir='ltr'><strong>et</strong></span> <span class='ocrx_word' id='word_1_532' title='bbox 578 5712 835 5783; x_wconf 85' lang='lat' dir='ltr'><strong>perﬁcere</strong></span> <span class='ocrx_word' id='word_1_533' title='bbox 879 5715 1160 5781; x_wconf 85' lang='lat' dir='ltr'><strong>sanitates,</strong></span> <span class='ocrx_word' id='word_1_534' title='bbox 1204 5730 1265 5774; x_wconf 87' lang='lat' dir='ltr'><strong>ut</strong></span> <span class='ocrx_word' id='word_1_535' title='bbox 1307 5722 1601 5777; x_wconf 87' lang='lat' dir='ltr'><strong>secundum</strong></span> <span class='ocrx_word' id='word_1_536' title='bbox 1629 5738 1747 5779; x_wconf 88' lang='lat' dir='ltr'><strong>mea</strong></span> 
     </span>
    </p>
   </div>
   <div class='ocr_carea' id='block_1_76' title="bbox 174 5807 1747 5885">
    <p class='ocr_par' dir='ltr' id='par_1_76' title="bbox 174 5807 1747 5885">
     <span class='ocr_line' id='line_1_76' title="bbox 174 5807 1747 5885; baseline 0.004 -21"><span class='ocrx_word' id='word_1_537' title='bbox 174 5816 449 5878; x_wconf 66' lang='lat' dir='ltr'><strong>[incoepta</strong></span> <span class='ocrx_word' id='word_1_538' title='bbox 473 5807 685 5875; x_wconf 87' lang='lat' dir='ltr'><strong>vivant;</strong></span> <span class='ocrx_word' id='word_1_539' title='bbox 710 5815 893 5877; x_wconf 88' lang='lat' dir='ltr'><strong>postea</strong></span> <span class='ocrx_word' id='word_1_540' title='bbox 913 5823 1256 5866; x_wconf 89' lang='lat' dir='ltr'><strong>consummor</strong></span> <span class='ocrx_word' id='word_1_541' title='bbox 1277 5811 1331 5866; x_wconf 88' lang='lat' dir='ltr'><strong>in</strong></span> <span class='ocrx_word' id='word_1_542' title='bbox 1361 5828 1479 5869; x_wconf 90' lang='lat' dir='ltr'><strong>meo</strong></span> <span class='ocrx_word' id='word_1_543' title='bbox 1501 5829 1747 5885; x_wconf 87' lang='lat' dir='ltr'><strong>corpore,</strong></span> 
     </span>
    </p>
   </div>
   <div class='ocr_carea' id='block_1_77' title="bbox 1876 2002 3446 2085">
    <p class='ocr_par' dir='ltr' id='par_1_77' title="bbox 1876 2002 3446 2085">
     <span class='ocr_line' id='line_1_77' title="bbox 1876 2002 3446 2085; baseline 0.008 -29"><span class='ocrx_word' id='word_1_544' title='bbox 1876 2002 2094 2060; x_wconf 88' lang='lat' dir='ltr'><strong>nolente</strong></span> <span class='ocrx_word' id='word_1_545' title='bbox 2120 2003 2246 2072; x_wconf 84' lang='lat' dir='ltr'><strong>feci,</strong></span> <span class='ocrx_word' id='word_1_546' title='bbox 2276 2008 2400 2078; x_wconf 89' lang='lat' dir='ltr'><strong>quia</strong></span> <span class='ocrx_word' id='word_1_547' title='bbox 2431 2009 2643 2080; x_wconf 85' lang='lat' dir='ltr'><strong>ingrata</strong></span> <span class='ocrx_word' id='word_1_548' title='bbox 2676 2026 2891 2085; x_wconf 88' lang='lat' dir='ltr'><strong>semper</strong></span> <span class='ocrx_word' id='word_1_549' title='bbox 2918 2012 3086 2069; x_wconf 88' lang='lat' dir='ltr'><strong>fuisti.</strong></span> <span class='ocrx_word' id='word_1_550' title='bbox 3120 2012 3289 2069; x_wconf 82' lang='lat' dir='ltr'><strong>Filios</strong></span> <span class='ocrx_word' id='word_1_551' title='bbox 3312 2026 3446 2072; x_wconf 87' lang='lat' dir='ltr'><strong>tuos.</strong></span> 
     </span>
    </p>
   </div>
   <div class='ocr_carea' id='block_1_78' title="bbox 1875 2090 3449 2173">
    <p class='ocr_par' dir='ltr' id='par_1_78' title="bbox 1875 2090 3449 2173">
     <span class='ocr_line' id='line_1_78' title="bbox 1875 2090 3449 2173; baseline 0.008 -28"><span class='ocrx_word' id='word_1_552' title='bbox 1875 2090 1933 2146; x_wconf 89' lang='lat' dir='ltr'><strong>ln</strong></span> <span class='ocrx_word' id='word_1_553' title='bbox 1965 2093 2067 2148; x_wconf 89' lang='lat' dir='ltr'><strong>hoc</strong></span> <span class='ocrx_word' id='word_1_554' title='bbox 2113 2096 2258 2165; x_wconf 90' lang='lat' dir='ltr'><strong>quod</strong></span> <span class='ocrx_word' id='word_1_555' title='bbox 2302 2097 2472 2152; x_wconf 87' lang='lat' dir='ltr'><strong>dicit:</strong></span> <span class='ocrx_word' id='word_1_556' title='bbox 2525 2097 2737 2164; x_wconf 76' lang='lat' dir='ltr'><strong>Quoties</strong></span> <span class='ocrx_word' id='word_1_557' title='bbox 2774 2099 2913 2155; x_wconf 77' lang='lat' dir='ltr'><strong>volui</strong></span> <span class='ocrx_word' id='word_1_558' title='bbox 2949 2118 3262 2173; x_wconf 84' lang='lat' dir='ltr'><strong>congregare</strong></span> <span class='ocrx_word' id='word_1_559' title='bbox 3311 2104 3449 2172; x_wconf 74' lang='lat' dir='ltr'><strong>ﬁlios</strong></span> 
     </span>
    </p>
   </div>
   <div class='ocr_carea' id='block_1_79' title="bbox 1874 2190 3452 2260">
    <p class='ocr_par' dir='ltr' id='par_1_79' title="bbox 1874 2190 3452 2260">
     <span class='ocr_line' id='line_1_79' title="bbox 1874 2190 3452 2260; baseline 0.01 -25"><span class='ocrx_word' id='word_1_560' title='bbox 1874 2190 2011 2249; x_wconf 87' lang='lat' dir='ltr'><strong>tuos,</strong></span> <span class='ocrx_word' id='word_1_561' title='bbox 2035 2192 2162 2251; x_wconf 89' lang='lat' dir='ltr'><strong>etc.,</strong></span> <span class='ocrx_word' id='word_1_562' title='bbox 2197 2201 2386 2243; x_wconf 90' lang='lat' dir='ltr'><strong>omnes</strong></span> <span class='ocrx_word' id='word_1_563' title='bbox 2412 2195 2559 2244; x_wconf 88' lang='lat' dir='ltr'><strong>retro</strong></span> <span class='ocrx_word' id='word_1_564' title='bbox 2580 2191 2869 2260; x_wconf 87' lang='lat' dir='ltr'><strong>prophetas</strong></span> <span class='ocrx_word' id='word_1_565' title='bbox 2890 2206 2919 2245; x_wconf 93' lang='lat' dir='ltr'><strong>a</strong></span> <span class='ocrx_word' id='word_1_566' title='bbox 2959 2207 3019 2248; x_wconf 90' lang='lat' dir='ltr'><strong>se</strong></span> <span class='ocrx_word' id='word_1_567' title='bbox 3062 2192 3258 2248; x_wconf 87' lang='lat' dir='ltr'><strong>missos</strong></span> <span class='ocrx_word' id='word_1_568' title='bbox 3288 2203 3452 2249; x_wconf 79' lang='lat' dir='ltr'><strong>testa-</strong></span> 
     </span>
    </p>
   </div>
   <div class='ocr_carea' id='block_1_80' title="bbox 1875 2273 3447 2354">
    <p class='ocr_par' dir='ltr' id='par_1_80' title="bbox 1875 2273 3447 2354">
     <span class='ocr_line' id='line_1_80' title="bbox 1875 2273 3447 2354; baseline 0.009 -27"><span class='ocrx_word' id='word_1_569' title='bbox 1875 2281 1984 2328; x_wconf 92' lang='lat' dir='ltr'><strong>tur.</strong></span> <span class='ocrx_word' id='word_1_570' title='bbox 2016 2273 2467 2341; x_wconf 81' lang='lat' dir='ltr'><strong>Quemadmodum</strong></span> <span class='ocrx_word' id='word_1_571' title='bbox 2505 2280 2635 2344; x_wconf 82' lang='lat' dir='ltr'><strong>avis,</strong></span> <span class='ocrx_word' id='word_1_572' title='bbox 2657 2289 2763 2336; x_wconf 89' lang='lat' dir='ltr'><strong>etc.</strong></span> <span class='ocrx_word' id='word_1_573' title='bbox 2805 2281 3036 2339; x_wconf 85' lang='lat' dir='ltr'><strong>Pulchre</strong></span> <span class='ocrx_word' id='word_1_574' title='bbox 3062 2284 3153 2354; x_wconf 89' lang='lat' dir='ltr'><strong>qui</strong></span> <span class='ocrx_word' id='word_1_575' title='bbox 3180 2284 3447 2341; x_wconf 81' lang='lat' dir='ltr'><strong>Herodem</strong></span> 
     </span>
    </p>
   </div>
   <div class='ocr_carea' id='block_1_81' title="bbox 1875 2364 3447 2450">
    <p class='ocr_par' dir='ltr' id='par_1_81' title="bbox 1875 2364 3447 2450">
     <span class='ocr_line' id='line_1_81' title="bbox 1875 2364 3447 2450; baseline 0.008 -30"><span class='ocrx_word' id='word_1_576' title='bbox 1875 2364 1942 2421; x_wconf 91' lang='lat' dir='ltr'><strong>de</strong></span> <span class='ocrx_word' id='word_1_577' title='bbox 1972 2381 2070 2421; x_wconf 85' lang='lat' dir='ltr'><strong>sua</strong></span> <span class='ocrx_word' id='word_1_578' title='bbox 2113 2383 2244 2424; x_wconf 85' lang='lat' dir='ltr'><strong>nece</strong></span> <span class='ocrx_word' id='word_1_579' title='bbox 2279 2377 2603 2425; x_wconf 88' lang='lat' dir='ltr'><strong>tractantem</strong></span> <span class='ocrx_word' id='word_1_580' title='bbox 2654 2373 2868 2443; x_wconf 75' lang='lat' dir='ltr'><strong>vulpem</strong></span> <span class='ocrx_word' id='word_1_581' title='bbox 2917 2386 3227 2450; x_wconf 85' lang='lat' dir='ltr'><strong>vocaverat,</strong></span> <span class='ocrx_word' id='word_1_582' title='bbox 3276 2393 3335 2434; x_wconf 87' lang='lat' dir='ltr'><strong>se</strong></span> <span class='ocrx_word' id='word_1_583' title='bbox 3362 2381 3447 2433; x_wconf 88' lang='lat' dir='ltr'><strong>avi</strong></span> 
     </span>
    </p>
   </div>
   <div class='ocr_carea' id='block_1_82' title="bbox 1871 2459 3448 2538">
    <p class='ocr_par' dir='ltr' id='par_1_82' title="bbox 1871 2459 3448 2538">
     <span class='ocr_line' id='line_1_82' title="bbox 1871 2459 3448 2538; baseline 0.008 -26"><span class='ocrx_word' id='word_1_584' title='bbox 1871 2465 2173 2526; x_wconf 89' lang='lat' dir='ltr'><strong>comparat,</strong></span> <span class='ocrx_word' id='word_1_585' title='bbox 2225 2459 2352 2529; x_wconf 89' lang='lat' dir='ltr'><strong>quia</strong></span> <span class='ocrx_word' id='word_1_586' title='bbox 2401 2460 2738 2518; x_wconf 86' lang='lat' dir='ltr'><strong>fraudulenta</strong></span> <span class='ocrx_word' id='word_1_587' title='bbox 2786 2464 2974 2536; x_wconf 90' lang='lat' dir='ltr'><strong>vulpes</strong></span> <span class='ocrx_word' id='word_1_588' title='bbox 3021 2481 3235 2538; x_wconf 89' lang='lat' dir='ltr'><strong>semper</strong></span> <span class='ocrx_word' id='word_1_589' title='bbox 3260 2468 3448 2526; x_wconf 90' lang='lat' dir='ltr'><strong>avibus</strong></span> 
     </span>
    </p>
   </div>
   <div class='ocr_carea' id='block_1_83' title="bbox 1873 2545 2301 2605">
    <p class='ocr_par' dir='ltr' id='par_1_83' title="bbox 1873 2545 2301 2605">
     <span class='ocr_line' id='line_1_83' title="bbox 1873 2545 2301 2605; baseline 0.007 -3"><span class='ocrx_word' id='word_1_590' title='bbox 1873 2545 2094 2603; x_wconf 85' lang='lat' dir='ltr'><strong>insidias</strong></span> <span class='ocrx_word' id='word_1_591' title='bbox 2116 2548 2301 2605; x_wconf 88' lang='lat' dir='ltr'><strong>tendit.</strong></span> 
     </span>
    </p>
   </div>
   <div class='ocr_carea' id='block_1_84' title="bbox 1944 2640 3444 2720">
    <p class='ocr_par' dir='ltr' id='par_1_84' title="bbox 1944 2640 3444 2720">
     <span class='ocr_line' id='line_1_84' title="bbox 1944 2640 3444 2720; baseline 0.01 -26"><span class='ocrx_word' id='word_1_592' title='bbox 1944 2640 2108 2696; x_wconf 73' lang='lat' dir='ltr'><strong>Vens.</strong></span> <span class='ocrx_word' id='word_1_593' title='bbox 2133 2640 2223 2697; x_wconf 78' lang='lat'><strong>35.</strong></span> <span class='ocrx_word' id='word_1_594' title='bbox 2252 2673 2323 2683; x_wconf 94' lang='lat'><strong><em>—</em></strong></span> <span class='ocrx_word' id='word_1_595' title='bbox 2343 2643 2541 2701; x_wconf 85' lang='lat' dir='ltr'><strong>Damus</strong></span> <span class='ocrx_word' id='word_1_596' title='bbox 2569 2656 2756 2703; x_wconf 83' lang='lat' dir='ltr'><strong>vestra.</strong></span> <span class='ocrx_word' id='word_1_597' title='bbox 2798 2649 3078 2720; x_wconf 87' lang='lat' dir='ltr'><strong>Templum</strong></span> <span class='ocrx_word' id='word_1_598' title='bbox 3103 2652 3187 2707; x_wconf 88' lang='lat' dir='ltr'><strong>vel</strong></span> <span class='ocrx_word' id='word_1_599' title='bbox 3232 2652 3444 2718; x_wconf 81' lang='lat' dir='ltr'><strong>civitas.</strong></span> 
     </span>
    </p>
   </div>
   <div class='ocr_carea' id='block_1_85' title="bbox 1872 2731 3445 2810">
    <p class='ocr_par' dir='ltr' id='par_1_85' title="bbox 1872 2731 3445 2810">
     <span class='ocr_line' id='line_1_85' title="bbox 1872 2731 3445 2810; baseline 0.011 -28"><span class='ocrx_word' id='word_1_600' title='bbox 1872 2731 2021 2800; x_wconf 88' lang='lat' dir='ltr'><strong>quia,</strong></span> <span class='ocrx_word' id='word_1_601' title='bbox 2048 2733 2228 2788; x_wconf 84' lang='lat' dir='ltr'><strong>occiso</strong></span> <span class='ocrx_word' id='word_1_602' title='bbox 2271 2732 2519 2801; x_wconf 88' lang='lat' dir='ltr'><strong>Domino,</strong></span> <span class='ocrx_word' id='word_1_603' title='bbox 2553 2736 2780 2795; x_wconf 82' lang='lat' dir='ltr'><strong>Romani</strong></span> <span class='ocrx_word' id='word_1_604' title='bbox 2804 2743 2957 2810; x_wconf 88' lang='lat' dir='ltr'><strong>quasi</strong></span> <span class='ocrx_word' id='word_1_605' title='bbox 2988 2757 3217 2797; x_wconf 89' lang='lat' dir='ltr'><strong>vacuum</strong></span> <span class='ocrx_word' id='word_1_606' title='bbox 3262 2744 3445 2798; x_wconf 89' lang='lat' dir='ltr'><strong>nidum</strong></span> 
     </span>
    </p>
   </div>
   <div class='ocr_carea' id='block_1_86' title="bbox 1872 2821 3492 2904">
    <p class='ocr_par' dir='ltr' id='par_1_86' title="bbox 1872 2821 3492 2904">
     <span class='ocr_line' id='line_1_86' title="bbox 1872 2821 3492 2904; baseline 0.009 -27"><span class='ocrx_word' id='word_1_607' title='bbox 1872 2821 2204 2893; x_wconf 88' lang='lat' dir='ltr'><strong>diripientes,</strong></span> <span class='ocrx_word' id='word_1_608' title='bbox 2242 2825 2481 2883; x_wconf 85' lang='lat' dir='ltr'><strong>tulerunt</strong></span> <span class='ocrx_word' id='word_1_609' title='bbox 2508 2829 2681 2886; x_wconf 92' lang='lat' dir='ltr'><strong>locum</strong></span> <span class='ocrx_word' id='word_1_610' title='bbox 2711 2840 2766 2887; x_wconf 92' lang='lat' dir='ltr'><strong>et</strong></span> <span class='ocrx_word' id='word_1_611' title='bbox 2793 2842 3029 2904; x_wconf 74' lang='lat' dir='ltr'><strong>gentem;</strong></span> <span class='ocrx_word' id='word_1_612' title='bbox 3061 2832 3183 2889; x_wconf 84' lang='lat' dir='ltr'><strong>Non</strong></span> <span class='ocrx_word' id='word_1_613' title='bbox 3206 2837 3445 2892; x_wconf 81' lang='lat' dir='ltr'><strong>videbitis</strong></span> <span class='ocrx_word' id='word_1_614' title='bbox 3488 2887 3492 2891; x_wconf 92' lang='lat'><strong>.</strong></span> 
     </span>
    </p>
   </div>
   <div class='ocr_carea' id='block_1_87' title="bbox 1870 2913 3445 2992">
    <p class='ocr_par' dir='ltr' id='par_1_87' title="bbox 1870 2913 3445 2992">
     <span class='ocr_line' id='line_1_87' title="bbox 1870 2913 3445 2992; baseline 0.01 -27"><span class='ocrx_word' id='word_1_615' title='bbox 1870 2927 1971 2976; x_wconf 88' lang='lat' dir='ltr'><strong>me,</strong></span> <span class='ocrx_word' id='word_1_616' title='bbox 2001 2921 2105 2969; x_wconf 91' lang='lat' dir='ltr'><strong>etc.</strong></span> <span class='ocrx_word' id='word_1_617' title='bbox 2156 2913 2269 2971; x_wconf 86' lang='lat' dir='ltr'><strong>Nisi</strong></span> <span class='ocrx_word' id='word_1_618' title='bbox 2312 2918 2682 2988; x_wconf 62' lang='lat' dir='ltr'><strong>paenitentiam</strong></span> <span class='ocrx_word' id='word_1_619' title='bbox 2717 2922 2934 2992; x_wconf 83' lang='lat' dir='ltr'><strong>egeritis</strong></span> <span class='ocrx_word' id='word_1_620' title='bbox 2957 2931 3012 2978; x_wconf 89' lang='lat' dir='ltr'><strong>et</strong></span> <span class='ocrx_word' id='word_1_621' title='bbox 3054 2923 3282 2980; x_wconf 88' lang='lat' dir='ltr'><strong>confessi</strong></span> <span class='ocrx_word' id='word_1_622' title='bbox 3331 2924 3445 2980; x_wconf 88' lang='lat' dir='ltr'><strong>fue-</strong></span> 
     </span>
    </p>
   </div>
   <div class='ocr_carea' id='block_1_88' title="bbox 1870 3003 3443 3082">
    <p class='ocr_par' dir='ltr' id='par_1_88' title="bbox 1870 3003 3443 3082">
     <span class='ocr_line' id='line_1_88' title="bbox 1870 3003 3443 3082; baseline 0.01 -25"><span class='ocrx_word' id='word_1_623' title='bbox 1870 3003 1989 3058; x_wconf 90' lang='lat' dir='ltr'><strong>ritis</strong></span> <span class='ocrx_word' id='word_1_624' title='bbox 2017 3020 2103 3061; x_wconf 92' lang='lat' dir='ltr'><strong>me</strong></span> <span class='ocrx_word' id='word_1_625' title='bbox 2123 3006 2315 3063; x_wconf 83' lang='lat' dir='ltr'><strong>Filium</strong></span> <span class='ocrx_word' id='word_1_626' title='bbox 2342 3011 2723 3082; x_wconf 90' lang='lat' dir='ltr'><strong>omnipotentis</strong></span> <span class='ocrx_word' id='word_1_627' title='bbox 2745 3012 2941 3078; x_wconf 90' lang='lat' dir='ltr'><strong>Patris,</strong></span> <span class='ocrx_word' id='word_1_628' title='bbox 2972 3014 3026 3069; x_wconf 92' lang='lat' dir='ltr'><strong>in</strong></span> <span class='ocrx_word' id='word_1_629' title='bbox 3072 3018 3308 3071; x_wconf 88' lang='lat' dir='ltr'><strong>secundo</strong></span> <span class='ocrx_word' id='word_1_630' title='bbox 3350 3020 3443 3072; x_wconf 90' lang='lat' dir='ltr'><strong>ad-</strong></span> 
     </span>
    </p>
   </div>
   <div class='ocr_carea' id='block_1_89' title="bbox 1872 3095 3436 3172">
    <p class='ocr_par' dir='ltr' id='par_1_89' title="bbox 1872 3095 3436 3172">
     <span class='ocr_line' id='line_1_89' title="bbox 1872 3095 3436 3172; baseline 0.01 -25"><span class='ocrx_word' id='word_1_631' title='bbox 1872 3104 2032 3150; x_wconf 89' lang='lat' dir='ltr'><strong>ventu</strong></span> <span class='ocrx_word' id='word_1_632' title='bbox 2059 3095 2249 3153; x_wconf 87' lang='lat' dir='ltr'><strong>faciem</strong></span> <span class='ocrx_word' id='word_1_633' title='bbox 2279 3114 2452 3155; x_wconf 90' lang='lat' dir='ltr'><strong>meam</strong></span> <span class='ocrx_word' id='word_1_634' title='bbox 2478 3116 2586 3156; x_wconf 88' lang='lat' dir='ltr'><strong>non</strong></span> <span class='ocrx_word' id='word_1_635' title='bbox 2615 3103 2882 3159; x_wconf 88' lang='lat' dir='ltr'><strong>videbitis.</strong></span> <span class='ocrx_word' id='word_1_636' title='bbox 2926 3105 3058 3159; x_wconf 83' lang='lat' dir='ltr'><strong>Cum</strong></span> <span class='ocrx_word' id='word_1_637' title='bbox 3105 3107 3305 3172; x_wconf 84' lang='lat' dir='ltr'><strong>dicetis,</strong></span> <span class='ocrx_word' id='word_1_638' title='bbox 3333 3117 3436 3164; x_wconf 90' lang='lat' dir='ltr'><strong>etc.</strong></span> 
     </span>
    </p>
   </div>
   <div class='ocr_carea' id='block_1_90' title="bbox 1872 3180 3441 3254">
    <p class='ocr_par' dir='ltr' id='par_1_90' title="bbox 1872 3180 3441 3254">
     <span class='ocr_line' id='line_1_90' title="bbox 1872 3180 3441 3254; baseline 0.011 -17"><span class='ocrx_word' id='word_1_639' title='bbox 1872 3180 1986 3238; x_wconf 77' lang='lat' dir='ltr'><strong>Hoc</strong></span> <span class='ocrx_word' id='word_1_640' title='bbox 2014 3185 2228 3254; x_wconf 89' lang='lat' dir='ltr'><strong>quidem</strong></span> <span class='ocrx_word' id='word_1_641' title='bbox 2258 3190 2427 3244; x_wconf 66' lang='lat' dir='ltr'><strong>turbae</strong></span> <span class='ocrx_word' id='word_1_642' title='bbox 2454 3189 2706 3247; x_wconf 83' lang='lat' dir='ltr'><strong>dixerunt</strong></span> <span class='ocrx_word' id='word_1_643' title='bbox 2734 3194 2961 3249; x_wconf 89' lang='lat' dir='ltr'><strong>Domino</strong></span> <span class='ocrx_word' id='word_1_644' title='bbox 2981 3199 3229 3253; x_wconf 86' lang='lat' dir='ltr'><strong>veniente</strong></span> <span class='ocrx_word' id='word_1_645' title='bbox 3264 3200 3317 3252; x_wconf 91' lang='lat' dir='ltr'><strong>iu</strong></span> <span class='ocrx_word' id='word_1_646' title='bbox 3346 3198 3441 3254; x_wconf 76' lang='grc' dir='ltr'><strong>⁴ιε-</strong></span> 
     </span>
    </p>
   </div>
   <div class='ocr_carea' id='block_1_91' title="bbox 1874 3273 3438 3360">
    <p class='ocr_par' dir='ltr' id='par_1_91' title="bbox 1874 3273 3438 3360">
     <span class='ocr_line' id='line_1_91' title="bbox 1874 3273 3438 3360; baseline 0.012 -34"><span class='ocrx_word' id='word_1_647' title='bbox 1874 3273 2125 3328; x_wconf 89' lang='lat' dir='ltr'><strong>rusalem.</strong></span> <span class='ocrx_word' id='word_1_648' title='bbox 2157 3274 2261 3330; x_wconf 89' lang='lat' dir='ltr'><strong>Sed</strong></span> <span class='ocrx_word' id='word_1_649' title='bbox 2291 3278 2413 3347; x_wconf 88' lang='lat' dir='ltr'><strong>quia</strong></span> <span class='ocrx_word' id='word_1_650' title='bbox 2436 3279 2609 3336; x_wconf 90' lang='lat' dir='ltr'><strong>Lucas</strong></span> <span class='ocrx_word' id='word_1_651' title='bbox 2635 3298 2739 3338; x_wconf 91' lang='lat' dir='ltr'><strong>non</strong></span> <span class='ocrx_word' id='word_1_652' title='bbox 2769 3284 2899 3339; x_wconf 88' lang='lat' dir='ltr'><strong>dicit</strong></span> <span class='ocrx_word' id='word_1_653' title='bbox 2928 3285 3209 3357; x_wconf 79' lang='lat' dir='ltr'><strong>Dominum</strong></span> <span class='ocrx_word' id='word_1_654' title='bbox 3244 3289 3308 3356; x_wconf 79' lang='lat' dir='ltr'><strong>ad</strong></span> <span class='ocrx_word' id='word_1_655' title='bbox 3331 3289 3438 3360; x_wconf 77' lang='lat' dir='ltr'><strong>Ga-</strong></span> 
     </span>
    </p>
   </div>
   <div class='ocr_carea' id='block_1_92' title="bbox 1869 3362 3441 3451">
    <p class='ocr_par' dir='ltr' id='par_1_92' title="bbox 1869 3362 3441 3451">
     <span class='ocr_line' id='line_1_92' title="bbox 1869 3362 3441 3451; baseline 0.01 -33"><span class='ocrx_word' id='word_1_656' title='bbox 1869 3362 2038 3420; x_wconf 68' lang='lat' dir='ltr'><strong>lilaeos</strong></span> <span class='ocrx_word' id='word_1_657' title='bbox 2062 3375 2247 3435; x_wconf 87' lang='lat' dir='ltr'><strong>postea</strong></span> <span class='ocrx_word' id='word_1_658' title='bbox 2293 3383 2592 3433; x_wconf 87' lang='lat' dir='ltr'><strong>reversum,</strong></span> <span class='ocrx_word' id='word_1_659' title='bbox 2634 3381 2696 3428; x_wconf 90' lang='lat' dir='ltr'><strong>ut</strong></span> <span class='ocrx_word' id='word_1_660' title='bbox 2729 3373 2798 3430; x_wconf 89' lang='lat' dir='ltr'><strong>ab</strong></span> <span class='ocrx_word' id='word_1_661' title='bbox 2826 3374 2932 3442; x_wconf 86' lang='lat' dir='ltr'><strong>illis</strong></span> <span class='ocrx_word' id='word_1_662' title='bbox 2980 3377 3080 3432; x_wconf 91' lang='lat' dir='ltr'><strong>hoc</strong></span> <span class='ocrx_word' id='word_1_663' title='bbox 3108 3377 3158 3431; x_wconf 90' lang='lat' dir='ltr'><strong>ei</strong></span> <span class='ocrx_word' id='word_1_664' title='bbox 3186 3377 3441 3451; x_wconf 81' lang='lat' dir='ltr'><strong>decanta-</strong></span> 
     </span>
    </p>
   </div>
   <div class='ocr_carea' id='block_1_93' title="bbox 1867 3455 3438 3529">
    <p class='ocr_par' dir='ltr' id='par_1_93' title="bbox 1867 3455 3438 3529">
     <span class='ocr_line' id='line_1_93' title="bbox 1867 3455 3438 3529; baseline 0.01 -19"><span class='ocrx_word' id='word_1_665' title='bbox 1867 3462 2036 3518; x_wconf 78' lang='lat' dir='ltr'><strong>retur,</strong></span> <span class='ocrx_word' id='word_1_666' title='bbox 2082 3455 2225 3527; x_wconf 82' lang='lat' dir='ltr'><strong>cogit</strong></span> <span class='ocrx_word' id='word_1_667' title='bbox 2264 3459 2487 3529; x_wconf 82' lang='lat' dir='ltr'><strong>mystice</strong></span> <span class='ocrx_word' id='word_1_668' title='bbox 2530 3461 2633 3518; x_wconf 88' lang='lat' dir='ltr'><strong>hoe</strong></span> <span class='ocrx_word' id='word_1_669' title='bbox 2669 3462 2737 3519; x_wconf 90' lang='lat' dir='ltr'><strong>de</strong></span> <span class='ocrx_word' id='word_1_670' title='bbox 2788 3466 3018 3521; x_wconf 87' lang='lat' dir='ltr'><strong>adventu</strong></span> <span class='ocrx_word' id='word_1_671' title='bbox 3062 3466 3326 3526; x_wconf 87' lang='lat' dir='ltr'><strong>claritatis</strong></span> <span class='ocrx_word' id='word_1_672' title='bbox 3358 3469 3438 3526; x_wconf 89' lang='lat' dir='ltr'><strong>in-</strong></span> 
     </span>
    </p>
   </div>
   <div class='ocr_carea' id='block_1_94' title="bbox 1867 3542 2056 3615">
    <p class='ocr_par' dir='ltr' id='par_1_94' title="bbox 1867 3542 2056 3615">
     <span class='ocr_line' id='line_1_94' title="bbox 1867 3542 2056 3615; baseline 0.011 -18"><span class='ocrx_word' id='word_1_673' title='bbox 1867 3542 2056 3615; x_wconf 85' lang='lat' dir='ltr'><strong>telligi.</strong></span> 
     </span>
    </p>
   </div>
   <div class='ocr_carea' id='block_1_95' title="bbox 2470 3621 2867 3683">
    <p class='ocr_par' dir='ltr' id='par_1_95' title="bbox 2470 3621 2867 3683">
     <span class='ocr_line' id='line_1_95' title="bbox 2470 3621 2867 3683; baseline 0.015 -6"><span class='ocrx_word' id='word_1_674' title='bbox 2470 3621 2699 3680; x_wconf 78' lang='lat' dir='ltr'><strong>CAPUT</strong></span> <span class='ocrx_word' id='word_1_675' title='bbox 2731 3624 2867 3683; x_wconf 84' lang='lat' dir='ltr'><strong>XIV.</strong></span> 
     </span>
    </p>
   </div>
   <div class='ocr_carea' id='block_1_96' title="bbox 1935 3725 3434 3817">
    <p class='ocr_par' dir='ltr' id='par_1_96' title="bbox 1935 3725 3434 3817">
     <span class='ocr_line' id='line_1_96' title="bbox 1935 3725 3434 3817; baseline 0.014 -37"><span class='ocrx_word' id='word_1_676' title='bbox 1935 3725 2004 3780; x_wconf 84' lang='lat' dir='ltr'><strong>Et</strong></span> <span class='ocrx_word' id='word_1_677' title='bbox 2049 3727 2245 3797; x_wconf 79' lang='lat' dir='ltr'><strong>factum</strong></span> <span class='ocrx_word' id='word_1_678' title='bbox 2291 3740 2387 3798; x_wconf 85' lang='lat' dir='ltr'><strong>est,</strong></span> <span class='ocrx_word' id='word_1_679' title='bbox 2433 3741 2537 3789; x_wconf 90' lang='lat' dir='ltr'><strong>etc.</strong></span> <span class='ocrx_word' id='word_1_680' title='bbox 2564 3733 2753 3817; x_wconf 67' lang='lat' dir='ltr'><strong>&#39;rdup,</strong></span> <span class='ocrx_word' id='word_1_681' title='bbox 2793 3754 2952 3810; x_wconf 88' lang='lat' dir='ltr'><strong>aqua,</strong></span> <span class='ocrx_word' id='word_1_682' title='bbox 2984 3741 3108 3799; x_wconf 91' lang='lat' dir='ltr'><strong>inde</strong></span> <span class='ocrx_word' id='word_1_683' title='bbox 3155 3744 3434 3816; x_wconf 87' lang='lat' dir='ltr'><strong>hydropis.</strong></span> 
     </span>
    </p>
   </div>
   <div class='ocr_carea' id='block_1_97' title="bbox 1863 3820 3438 3897">
    <p class='ocr_par' dir='ltr' id='par_1_97' title="bbox 1863 3820 3438 3897">
     <span class='ocr_line' id='line_1_97' title="bbox 1863 3820 3438 3897; baseline 0.013 -24"><span class='ocrx_word' id='word_1_684' title='bbox 1863 3820 2081 3875; x_wconf 90' lang='lat' dir='ltr'><strong>morbus</strong></span> <span class='ocrx_word' id='word_1_685' title='bbox 2103 3835 2338 3891; x_wconf 88' lang='lat' dir='ltr'><strong>aquosus</strong></span> <span class='ocrx_word' id='word_1_686' title='bbox 2366 3826 2743 3897; x_wconf 87' lang='lat' dir='ltr'><strong>subcutaneus,</strong></span> <span class='ocrx_word' id='word_1_687' title='bbox 2777 3834 2843 3887; x_wconf 88' lang='lat' dir='ltr'><strong>de</strong></span> <span class='ocrx_word' id='word_1_688' title='bbox 2869 3833 3000 3889; x_wconf 90' lang='lat' dir='ltr'><strong>vitio</strong></span> <span class='ocrx_word' id='word_1_689' title='bbox 3045 3836 3237 3892; x_wconf 82' lang='lat' dir='ltr'><strong>vesicae</strong></span> <span class='ocrx_word' id='word_1_690' title='bbox 3277 3848 3438 3893; x_wconf 90' lang='lat' dir='ltr'><strong>natus</strong></span> 
     </span>
    </p>
   </div>
   <div class='ocr_carea' id='block_1_98' title="bbox 1864 3910 3438 3988">
    <p class='ocr_par' dir='ltr' id='par_1_98' title="bbox 1864 3910 3438 3988">
     <span class='ocr_line' id='line_1_98' title="bbox 1864 3910 3438 3988; baseline 0.011 -23"><span class='ocrx_word' id='word_1_691' title='bbox 1864 3924 1985 3965; x_wconf 91' lang='lat' dir='ltr'><strong>cum</strong></span> <span class='ocrx_word' id='word_1_692' title='bbox 2014 3910 2287 3969; x_wconf 87' lang='lat' dir='ltr'><strong>inﬂatione</strong></span> <span class='ocrx_word' id='word_1_693' title='bbox 2333 3923 2581 3986; x_wconf 89' lang='lat' dir='ltr'><strong>turgente</strong></span> <span class='ocrx_word' id='word_1_694' title='bbox 2608 3928 2665 3974; x_wconf 90' lang='lat' dir='ltr'><strong>et</strong></span> <span class='ocrx_word' id='word_1_695' title='bbox 2713 3921 2951 3988; x_wconf 83' lang='lat' dir='ltr'><strong>anhelitu</strong></span> <span class='ocrx_word' id='word_1_696' title='bbox 2990 3922 3176 3980; x_wconf 89' lang='lat' dir='ltr'><strong>fetido.</strong></span> <span class='ocrx_word' id='word_1_697' title='bbox 3235 3926 3298 3981; x_wconf 85' lang='lat' dir='ltr'><strong>Et</strong></span> <span class='ocrx_word' id='word_1_698' title='bbox 3351 3936 3438 3982; x_wconf 89' lang='lat' dir='ltr'><strong>est</strong></span> 
     </span>
    </p>
   </div>
   <div class='ocr_carea' id='block_1_99' title="bbox 1861 4002 3435 4086">
    <p class='ocr_par' dir='ltr' id='par_1_99' title="bbox 1861 4002 3435 4086">
     <span class='ocr_line' id='line_1_99' title="bbox 1861 4002 3435 4086; baseline 0.012 -33"><span class='ocrx_word' id='word_1_699' title='bbox 1861 4002 2139 4071; x_wconf 87' lang='lat' dir='ltr'><strong>proprium</strong></span> <span class='ocrx_word' id='word_1_700' title='bbox 2189 4003 2489 4076; x_wconf 88' lang='lat' dir='ltr'><strong>hydropici,</strong></span> <span class='ocrx_word' id='word_1_701' title='bbox 2536 4018 2739 4078; x_wconf 91' lang='lat' dir='ltr'><strong>quanto</strong></span> <span class='ocrx_word' id='word_1_702' title='bbox 2776 4012 2897 4081; x_wconf 90' lang='lat' dir='ltr'><strong>plus</strong></span> <span class='ocrx_word' id='word_1_703' title='bbox 2938 4012 3092 4077; x_wconf 89' lang='lat' dir='ltr'><strong>bibit,</strong></span> <span class='ocrx_word' id='word_1_704' title='bbox 3134 4025 3284 4070; x_wconf 87' lang='lat' dir='ltr'><strong>tanto</strong></span> <span class='ocrx_word' id='word_1_705' title='bbox 3315 4018 3435 4086; x_wconf 88' lang='lat' dir='ltr'><strong>plus</strong></span> 
     </span>
    </p>
   </div>
   <div class='ocr_carea' id='block_1_100' title="bbox 1861 4091 3433 4171">
    <p class='ocr_par' dir='ltr' id='par_1_100' title="bbox 1861 4091 3433 4171">
     <span class='ocr_line' id='line_1_100' title="bbox 1861 4091 3433 4171; baseline 0.011 -25"><span class='ocrx_word' id='word_1_706' title='bbox 1861 4091 1996 4157; x_wconf 89' lang='lat' dir='ltr'><strong>sitit,</strong></span> <span class='ocrx_word' id='word_1_707' title='bbox 2028 4100 2084 4147; x_wconf 92' lang='lat' dir='ltr'><strong>et</strong></span> <span class='ocrx_word' id='word_1_708' title='bbox 2108 4092 2228 4149; x_wconf 86' lang='lat' dir='ltr'><strong>ideo</strong></span> <span class='ocrx_word' id='word_1_709' title='bbox 2274 4107 2620 4165; x_wconf 88' lang='lat' dir='ltr'><strong>comparatur</strong></span> <span class='ocrx_word' id='word_1_710' title='bbox 2647 4102 2695 4156; x_wconf 91' lang='lat' dir='ltr'><strong>ei</strong></span> <span class='ocrx_word' id='word_1_711' title='bbox 2724 4117 2885 4171; x_wconf 90' lang='lat' dir='ltr'><strong>quem</strong></span> <span class='ocrx_word' id='word_1_712' title='bbox 2933 4103 3107 4161; x_wconf 81' lang='lat' dir='ltr'><strong>ﬂuxus</strong></span> <span class='ocrx_word' id='word_1_713' title='bbox 3136 4109 3433 4163; x_wconf 87' lang='lat' dir='ltr'><strong>carnalium</strong></span> 
     </span>
    </p>
   </div>
   <div class='ocr_carea' id='block_1_101' title="bbox 1866 4181 3431 4274">
    <p class='ocr_par' dir='ltr' id='par_1_101' title="bbox 1866 4181 3431 4274">
     <span class='ocr_line' id='line_1_101' title="bbox 1866 4181 3431 4274; baseline 0.013 -40"><span class='ocrx_word' id='word_1_714' title='bbox 1866 4181 2195 4267; x_wconf 73' lang='lat' dir='ltr'><strong>voluptatum</strong></span> <span class='ocrx_word' id='word_1_715' title='bbox 2225 4185 2527 4243; x_wconf 76' lang='lat' dir='ltr'><strong>exuberans</strong></span> <span class='ocrx_word' id='word_1_716' title='bbox 2573 4201 2847 4274; x_wconf 73' lang='lat' dir='ltr'><strong>aggravet,</strong></span> <span class='ocrx_word' id='word_1_717' title='bbox 2878 4205 3329 4266; x_wconf 87' lang='lat' dir='ltr'><strong>comparaturque</strong></span> <span class='ocrx_word' id='word_1_718' title='bbox 3356 4186 3431 4253; x_wconf 48' lang='lat' dir='ltr'><strong>di;</strong></span> 
     </span>
    </p>
   </div>
   <div class='ocr_carea' id='block_1_102' title="bbox 1857 4272 2164 4343">
    <p class='ocr_par' dir='ltr' id='par_1_102' title="bbox 1857 4272 2164 4343">
     <span class='ocr_line' id='line_1_102' title="bbox 1857 4272 2164 4343; baseline 0.01 -17"><span class='ocrx_word' id='word_1_719' title='bbox 1857 4272 1953 4326; x_wconf 85' lang='lat' dir='ltr'><strong>viti</strong></span> <span class='ocrx_word' id='word_1_720' title='bbox 1983 4287 2164 4343; x_wconf 78' lang='lat' dir='ltr'><strong>avaro.</strong></span> 
     </span>
    </p>
   </div>
   <div class='ocr_carea' id='block_1_103' title="bbox 1927 4361 3434 4450">
    <p class='ocr_par' dir='ltr' id='par_1_103' title="bbox 1927 4361 3434 4450">
     <span class='ocr_line' id='line_1_103' title="bbox 1927 4361 3434 4450; baseline 0.011 -31"><span class='ocrx_word' id='word_1_721' title='bbox 1927 4361 2096 4434; x_wconf 68' lang='lat' dir='ltr'><strong>Vens.</strong></span> <span class='ocrx_word' id='word_1_722' title='bbox 2118 4367 2173 4422; x_wconf 80' lang='lat'><strong>3.</strong></span> <span class='ocrx_word' id='word_1_723' title='bbox 2203 4399 2273 4410; x_wconf 91' lang='lat'><strong><em>—</em></strong></span> <span class='ocrx_word' id='word_1_724' title='bbox 2296 4365 2355 4423; x_wconf 89' lang='lat' dir='ltr'><strong>Si</strong></span> <span class='ocrx_word' id='word_1_725' title='bbox 2384 4368 2524 4438; x_wconf 79' lang='lat' dir='ltr'><strong>licet,</strong></span> <span class='ocrx_word' id='word_1_726' title='bbox 2548 4384 2651 4429; x_wconf 90' lang='lat' dir='ltr'><strong>ctc.</strong></span> <span class='ocrx_word' id='word_1_727' title='bbox 2707 4374 2958 4442; x_wconf 80' lang='lat' dir='ltr'><strong>sabbatis</strong></span> <span class='ocrx_word' id='word_1_728' title='bbox 2983 4378 3252 4450; x_wconf 69' lang='lat' dir='ltr'><strong>pmcipue</strong></span> <span class='ocrx_word' id='word_1_729' title='bbox 3276 4378 3434 4449; x_wconf 75' lang='lat' dir='ltr'><strong>docet</strong></span> 
     </span>
    </p>
   </div>
   <div class='ocr_carea' id='block_1_104' title="bbox 1854 4455 3436 4539">
    <p class='ocr_par' dir='ltr' id='par_1_104' title="bbox 1854 4455 3436 4539">
     <span class='ocr_line' id='line_1_104' title="bbox 1854 4455 3436 4539; baseline 0.013 -30"><span class='ocrx_word' id='word_1_730' title='bbox 1854 4462 1911 4521; x_wconf 84' lang='lat' dir='ltr'><strong>et</strong></span> <span class='ocrx_word' id='word_1_731' title='bbox 1934 4463 2192 4534; x_wconf 88' lang='lat' dir='ltr'><strong>operatur</strong></span> <span class='ocrx_word' id='word_1_732' title='bbox 2221 4455 2399 4526; x_wconf 72' lang='lat' dir='ltr'><strong>Iesus,</strong></span> <span class='ocrx_word' id='word_1_733' title='bbox 2427 4476 2534 4529; x_wconf 82' lang='lat' dir='ltr'><strong>non</strong></span> <span class='ocrx_word' id='word_1_734' title='bbox 2560 4463 2730 4519; x_wconf 91' lang='lat' dir='ltr'><strong>solum</strong></span> <span class='ocrx_word' id='word_1_735' title='bbox 2761 4476 2981 4539; x_wconf 90' lang='lat' dir='ltr'><strong>propter</strong></span> <span class='ocrx_word' id='word_1_736' title='bbox 3007 4457 3285 4539; x_wconf 66' lang='lat' dir='ltr'><strong>Spirituale</strong></span> <span class='ocrx_word' id='word_1_737' title='bbox 3310 4472 3436 4537; x_wconf 77' lang='lat' dir='ltr'><strong>sab-</strong></span> 
     </span>
    </p>
   </div>
   <div class='ocr_carea' id='block_1_105' title="bbox 1858 4542 3432 4629">
    <p class='ocr_par' dir='ltr' id='par_1_105' title="bbox 1858 4542 3432 4629">
     <span class='ocr_line' id='line_1_105' title="bbox 1858 4542 3432 4629; baseline 0.01 -28"><span class='ocrx_word' id='word_1_738' title='bbox 1858 4547 2071 4613; x_wconf 89' lang='lat' dir='ltr'><strong>batum,</strong></span> <span class='ocrx_word' id='word_1_739' title='bbox 2118 4550 2213 4604; x_wconf 85' lang='lat' dir='ltr'><strong>sed</strong></span> <span class='ocrx_word' id='word_1_740' title='bbox 2237 4559 2291 4606; x_wconf 86' lang='lat' dir='ltr'><strong>et</strong></span> <span class='ocrx_word' id='word_1_741' title='bbox 2319 4562 2540 4623; x_wconf 90' lang='lat' dir='ltr'><strong>propter</strong></span> <span class='ocrx_word' id='word_1_742' title='bbox 2566 4542 3152 4627; x_wconf 24' lang='lat' dir='ltr'><strong>populi.“_celcbi-iorem</strong></span> <span class='ocrx_word' id='word_1_743' title='bbox 3196 4575 3432 4629; x_wconf 54' lang='lat' dir='ltr'><strong>cont/cn:</strong></span> 
     </span>
    </p>
   </div>
   <div class='ocr_carea' id='block_1_106' title="bbox 1859 4630 2792 4713">
    <p class='ocr_par' dir='ltr' id='par_1_106' title="bbox 1859 4630 2792 4713">
     <span class='ocr_line' id='line_1_106' title="bbox 1859 4630 2792 4713; baseline 0.011 -22"><span class='ocrx_word' id='word_1_744' title='bbox 1859 4646 1993 4705; x_wconf 87' lang='lat' dir='ltr'><strong>tum,</strong></span> <span class='ocrx_word' id='word_1_745' title='bbox 2022 4654 2268 4709; x_wconf 69' lang='lat' dir='ltr'><strong>quaerens</strong></span> <span class='ocrx_word' id='word_1_746' title='bbox 2288 4630 2513 4713; x_wconf 79' lang='lat' dir='ltr'><strong>salutem</strong></span> <span class='ocrx_word' id='word_1_747' title='bbox 2534 4636 2792 4713; x_wconf 82' lang='lat' dir='ltr'><strong>omnium.</strong></span> 
     </span>
    </p>
   </div>
   <div class='ocr_carea' id='block_1_107' title="bbox 1927 4724 3428 4814">
    <p class='ocr_par' dir='ltr' id='par_1_107' title="bbox 1927 4724 3428 4814">
     <span class='ocr_line' id='line_1_107' title="bbox 1927 4724 3428 4814; baseline 0.012 -33"><span class='ocrx_word' id='word_1_748' title='bbox 1927 4724 2095 4784; x_wconf 77' lang='lat' dir='ltr'><strong>Vens.</strong></span> <span class='ocrx_word' id='word_1_749' title='bbox 2119 4727 2173 4783; x_wconf 76' lang='grc'><strong>4.</strong></span> <span class='ocrx_word' id='word_1_750' title='bbox 2204 4731 2362 4786; x_wconf 76' lang='grc' dir='ltr'><strong>-Αι</strong></span> <span class='ocrx_word' id='word_1_751' title='bbox 2402 4732 2481 4787; x_wconf 85' lang='lat' dir='ltr'><strong>illi</strong></span> <span class='ocrx_word' id='word_1_752' title='bbox 2525 4743 2818 4804; x_wconf 62' lang='lat' dir='ltr'><strong>tacuerunt.</strong></span> <span class='ocrx_word' id='word_1_753' title='bbox 2864 4737 3056 4795; x_wconf 81' lang='lat' dir='ltr'><strong>Merito</strong></span> <span class='ocrx_word' id='word_1_754' title='bbox 3085 4749 3284 4808; x_wconf 86' lang='lat' dir='ltr'><strong>tacent,</strong></span> <span class='ocrx_word' id='word_1_755' title='bbox 3334 4745 3428 4814; x_wconf 88' lang='lat' dir='ltr'><strong>qui</strong></span> 
     </span>
    </p>
   </div>
   <div class='ocr_carea' id='block_1_108' title="bbox 1857 4824 3425 4911">
    <p class='ocr_par' dir='ltr' id='par_1_108' title="bbox 1857 4824 3425 4911">
     <span class='ocr_line' id='line_1_108' title="bbox 1857 4824 3425 4911; baseline 0.01 -34"><span class='ocrx_word' id='word_1_756' title='bbox 1857 4829 2045 4877; x_wconf 89' lang='lat' dir='ltr'><strong>contra</strong></span> <span class='ocrx_word' id='word_1_757' title='bbox 2069 4838 2129 4879; x_wconf 90' lang='lat' dir='ltr'><strong>se</strong></span> <span class='ocrx_word' id='word_1_758' title='bbox 2154 4824 2420 4880; x_wconf 90' lang='lat' dir='ltr'><strong>dicturum</strong></span> <span class='ocrx_word' id='word_1_759' title='bbox 2450 4828 2710 4911; x_wconf 73' lang='lat' dir='ltr'><strong>quidquid</strong></span> <span class='ocrx_word' id='word_1_760' title='bbox 2736 4831 2945 4887; x_wconf 80' lang='lat' dir='ltr'><strong>dixerat</strong></span> <span class='ocrx_word' id='word_1_761' title='bbox 2972 4834 3173 4890; x_wconf 89' lang='lat' dir='ltr'><strong>vident.</strong></span> <span class='ocrx_word' id='word_1_762' title='bbox 3202 4834 3261 4890; x_wconf 91' lang='lat' dir='ltr'><strong>Si</strong></span> <span class='ocrx_word' id='word_1_763' title='bbox 3281 4836 3425 4892; x_wconf 90' lang='lat' dir='ltr'><strong>enim</strong></span> 
     </span>
    </p>
   </div>
   <div class='ocr_carea' id='block_1_109' title="bbox 1855 4909 3429 4992">
    <p class='ocr_par' dir='ltr' id='par_1_109' title="bbox 1855 4909 3429 4992">
     <span class='ocr_line' id='line_1_109' title="bbox 1855 4909 3429 4992; baseline 0.01 -28"><span class='ocrx_word' id='word_1_764' title='bbox 1855 4909 2000 4975; x_wconf 91' lang='lat' dir='ltr'><strong>licet,</strong></span> <span class='ocrx_word' id='word_1_765' title='bbox 2046 4926 2145 4967; x_wconf 88' lang='lat' dir='ltr'><strong>cur</strong></span> <span class='ocrx_word' id='word_1_766' title='bbox 2169 4909 2500 4970; x_wconf 73' lang='lat' dir='ltr'><strong>observant?</strong></span> <span class='ocrx_word' id='word_1_767' title='bbox 2538 4915 2594 4977; x_wconf 90' lang='lat' dir='ltr'><strong>Si</strong></span> <span class='ocrx_word' id='word_1_768' title='bbox 2627 4933 2731 4973; x_wconf 88' lang='lat' dir='ltr'><strong>non</strong></span> <span class='ocrx_word' id='word_1_769' title='bbox 2770 4918 2912 4988; x_wconf 91' lang='lat' dir='ltr'><strong>licet,</strong></span> <span class='ocrx_word' id='word_1_770' title='bbox 2956 4938 3056 4977; x_wconf 91' lang='lat' dir='ltr'><strong>cur</strong></span> <span class='ocrx_word' id='word_1_771' title='bbox 3083 4938 3278 4992; x_wconf 88' lang='lat' dir='ltr'><strong>pecora</strong></span> <span class='ocrx_word' id='word_1_772' title='bbox 3334 4942 3429 4982; x_wconf 81' lang='lat' dir='ltr'><strong>cu-</strong></span> 
     </span>
    </p>
   </div>
   <div class='ocr_carea' id='block_1_110' title="bbox 1856 4998 3424 5088">
    <p class='ocr_par' dir='ltr' id='par_1_110' title="bbox 1856 4998 3424 5088">
     <span class='ocr_line' id='line_1_110' title="bbox 1856 4998 3424 5088; baseline 0.011 -33"><span class='ocrx_word' id='word_1_773' title='bbox 1856 5002 2018 5056; x_wconf 84' lang='lat' dir='ltr'><strong>rant?</strong></span> <span class='ocrx_word' id='word_1_774' title='bbox 2068 5000 2189 5073; x_wconf 85' lang='lat' dir='ltr'><strong>Ipse</strong></span> <span class='ocrx_word' id='word_1_775' title='bbox 2233 5021 2367 5059; x_wconf 75' lang='lat' dir='ltr'><strong>vero.</strong></span> <span class='ocrx_word' id='word_1_776' title='bbox 2405 5006 2533 5076; x_wconf 30' lang='lat' dir='ltr'><strong>Ideo,</strong></span> <span class='ocrx_word' id='word_1_777' title='bbox 2566 5016 2692 5067; x_wconf 85' lang='lat' dir='ltr'><strong>ante</strong></span> <span class='ocrx_word' id='word_1_778' title='bbox 2742 5007 3041 5069; x_wconf 77' lang='lat' dir='ltr'><strong>Pharisaeos</strong></span> <span class='ocrx_word' id='word_1_779' title='bbox 3070 4998 3424 5088; x_wconf 83' lang='lat' dir='ltr'><strong>hydropicum</strong></span> 
     </span>
    </p>
   </div>
   <div class='ocr_carea' id='block_1_111' title="bbox 1857 5092 3426 5176">
    <p class='ocr_par' dir='ltr' id='par_1_111' title="bbox 1857 5092 3426 5176">
     <span class='ocr_line' id='line_1_111' title="bbox 1857 5092 3426 5176; baseline 0.011 -30"><span class='ocrx_word' id='word_1_780' title='bbox 1857 5099 2034 5157; x_wconf 85' lang='lat' dir='ltr'><strong>sanat,</strong></span> <span class='ocrx_word' id='word_1_781' title='bbox 2060 5101 2116 5147; x_wconf 88' lang='lat' dir='ltr'><strong>et</strong></span> <span class='ocrx_word' id='word_1_782' title='bbox 2160 5108 2284 5151; x_wconf 83' lang='lat' dir='ltr'><strong>mox</strong></span> <span class='ocrx_word' id='word_1_783' title='bbox 2311 5104 2501 5161; x_wconf 83' lang='lat' dir='ltr'><strong>contra</strong></span> <span class='ocrx_word' id='word_1_784' title='bbox 2544 5092 2824 5168; x_wconf 79' lang='lat' dir='ltr'><strong>avaritiam</strong></span> <span class='ocrx_word' id='word_1_785' title='bbox 2872 5101 3128 5173; x_wconf 88' lang='lat' dir='ltr'><strong>disputat,</strong></span> <span class='ocrx_word' id='word_1_786' title='bbox 3171 5114 3232 5176; x_wconf 76' lang='lat' dir='ltr'><strong>ut</strong></span> <span class='ocrx_word' id='word_1_787' title='bbox 3277 5105 3426 5176; x_wconf 84' lang='lat' dir='ltr'><strong>ipsos</strong></span> 
     </span>
    </p>
   </div>
   <div class='ocr_carea' id='block_1_112' title="bbox 1857 5185 3425 5262">
    <p class='ocr_par' dir='ltr' id='par_1_112' title="bbox 1857 5185 3425 5262">
     <span class='ocr_line' id='line_1_112' title="bbox 1857 5185 3425 5262; baseline 0.011 -25"><span class='ocrx_word' id='word_1_788' title='bbox 1857 5185 2097 5241; x_wconf 73' lang='lat' dir='ltr'><strong>avaritia:</strong></span> <span class='ocrx_word' id='word_1_789' title='bbox 2143 5197 2333 5258; x_wconf 86' lang='lat' dir='ltr'><strong>arguat</strong></span> <span class='ocrx_word' id='word_1_790' title='bbox 2377 5205 2473 5262; x_wconf 90' lang='lat' dir='ltr'><strong>per</strong></span> <span class='ocrx_word' id='word_1_791' title='bbox 2522 5206 2685 5260; x_wconf 89' lang='lat' dir='ltr'><strong>quam</strong></span> <span class='ocrx_word' id='word_1_792' title='bbox 2714 5193 2989 5256; x_wconf 85' lang='lat' dir='ltr'><strong>sabbatum</strong></span> <span class='ocrx_word' id='word_1_793' title='bbox 3019 5195 3237 5261; x_wconf 83' lang='lat' dir='ltr'><strong>violant,</strong></span> <span class='ocrx_word' id='word_1_794' title='bbox 3270 5206 3324 5254; x_wconf 90' lang='lat' dir='ltr'><strong>et</strong></span> <span class='ocrx_word' id='word_1_795' title='bbox 3348 5197 3425 5254; x_wconf 83' lang='lat' dir='ltr'><strong>le—</strong></span> 
     </span>
    </p>
   </div>
   <div class='ocr_carea' id='block_1_113' title="bbox 1856 5276 3419 5351">
    <p class='ocr_par' dir='ltr' id='par_1_113' title="bbox 1856 5276 3419 5351">
     <span class='ocr_line' id='line_1_113' title="bbox 1856 5276 3419 5351; baseline 0.012 -25"><span class='ocrx_word' id='word_1_796' title='bbox 1856 5287 1977 5343; x_wconf 80' lang='lat' dir='ltr'><strong>gem</strong></span> <span class='ocrx_word' id='word_1_797' title='bbox 2021 5276 2160 5332; x_wconf 88' lang='lat' dir='ltr'><strong>male</strong></span> <span class='ocrx_word' id='word_1_798' title='bbox 2205 5278 2644 5350; x_wconf 85' lang='lat' dir='ltr'><strong>interpretantur.</strong></span> <span class='ocrx_word' id='word_1_799' title='bbox 2680 5282 2737 5351; x_wconf 81' lang='lat' dir='ltr'><strong>In</strong></span> <span class='ocrx_word' id='word_1_800' title='bbox 2792 5285 3014 5340; x_wconf 87' lang='lat' dir='ltr'><strong>sabbato</strong></span> <span class='ocrx_word' id='word_1_801' title='bbox 3056 5287 3199 5342; x_wconf 90' lang='lat' dir='ltr'><strong>enim</strong></span> <span class='ocrx_word' id='word_1_802' title='bbox 3234 5304 3341 5344; x_wconf 89' lang='lat' dir='ltr'><strong>non</strong></span> <span class='ocrx_word' id='word_1_803' title='bbox 3385 5306 3419 5345; x_wconf 82' lang='lat' dir='ltr'><strong>a</strong></span> 
     </span>
    </p>
   </div>
   <div class='ocr_carea' id='block_1_114' title="bbox 1853 5365 3422 5442">
    <p class='ocr_par' dir='ltr' id='par_1_114' title="bbox 1853 5365 3422 5442">
     <span class='ocr_line' id='line_1_114' title="bbox 1853 5365 3422 5442; baseline 0.008 -21"><span class='ocrx_word' id='word_1_804' title='bbox 1853 5365 2030 5433; x_wconf 88' lang='lat' dir='ltr'><strong>bonis,</strong></span> <span class='ocrx_word' id='word_1_805' title='bbox 2061 5367 2155 5422; x_wconf 90' lang='lat' dir='ltr'><strong>sed</strong></span> <span class='ocrx_word' id='word_1_806' title='bbox 2183 5384 2213 5422; x_wconf 93' lang='lat' dir='ltr'><strong>a</strong></span> <span class='ocrx_word' id='word_1_807' title='bbox 2240 5369 2392 5424; x_wconf 89' lang='lat' dir='ltr'><strong>malis</strong></span> <span class='ocrx_word' id='word_1_808' title='bbox 2417 5371 2669 5440; x_wconf 89' lang='lat' dir='ltr'><strong>operibus</strong></span> <span class='ocrx_word' id='word_1_809' title='bbox 2689 5372 2987 5429; x_wconf 78' lang='lat' dir='ltr'><strong>feriundum</strong></span> <span class='ocrx_word' id='word_1_810' title='bbox 3029 5384 3132 5442; x_wconf 89' lang='lat' dir='ltr'><strong>est,</strong></span> <span class='ocrx_word' id='word_1_811' title='bbox 3164 5377 3304 5433; x_wconf 89' lang='lat' dir='ltr'><strong>unde</strong></span> <span class='ocrx_word' id='word_1_812' title='bbox 3339 5378 3422 5434; x_wconf 88' lang='lat' dir='ltr'><strong>di-</strong></span> 
     </span>
    </p>
   </div>
   <div class='ocr_carea' id='block_1_115' title="bbox 1852 5455 3413 5539">
    <p class='ocr_par' dir='ltr' id='par_1_115' title="bbox 1852 5455 3413 5539">
     <span class='ocr_line' id='line_1_115' title="bbox 1852 5455 3413 5539; baseline 0.007 -29"><span class='ocrx_word' id='word_1_813' title='bbox 1852 5456 2030 5511; x_wconf 89' lang='lat' dir='ltr'><strong>citur:</strong></span> <span class='ocrx_word' id='word_1_814' title='bbox 2085 5455 2250 5512; x_wconf 87' lang='lat' dir='ltr'><strong>Omne</strong></span> <span class='ocrx_word' id='word_1_815' title='bbox 2285 5475 2410 5528; x_wconf 84' lang='lat' dir='ltr'><strong>opus</strong></span> <span class='ocrx_word' id='word_1_816' title='bbox 2455 5460 2641 5515; x_wconf 75' lang='lat' dir='ltr'><strong>seruile</strong></span> <span class='ocrx_word' id='word_1_817' title='bbox 2690 5479 2793 5517; x_wconf 82' lang='lat' dir='ltr'><strong>non</strong></span> <span class='ocrx_word' id='word_1_818' title='bbox 2840 5464 3043 5534; x_wconf 81' lang='lat' dir='ltr'><strong>facietis</strong></span> <span class='ocrx_word' id='word_1_819' title='bbox 3072 5465 3126 5520; x_wconf 86' lang='lat' dir='ltr'><strong>in</strong></span> <span class='ocrx_word' id='word_1_820' title='bbox 3160 5483 3219 5521; x_wconf 88' lang='lat' dir='ltr'><strong>eo</strong></span> <span class='ocrx_word' id='word_1_821' title='bbox 3269 5467 3413 5539; x_wconf 82' lang='lat' dir='ltr'><strong>(Leu.</strong></span> 
     </span>
    </p>
   </div>
   <div class='ocr_carea' id='block_1_116' title="bbox 1852 5547 3418 5627">
    <p class='ocr_par' dir='ltr' id='par_1_116' title="bbox 1852 5547 3418 5627">
     <span class='ocr_line' id='line_1_116' title="bbox 1852 5547 3418 5627; baseline 0.007 -25"><span class='ocrx_word' id='word_1_822' title='bbox 1852 5547 2034 5617; x_wconf 69' lang='grc' dir='ltr'><strong>χχιιι),</strong></span> <span class='ocrx_word' id='word_1_823' title='bbox 2057 5548 2111 5604; x_wconf 92' lang='lat' dir='ltr'><strong>id</strong></span> <span class='ocrx_word' id='word_1_824' title='bbox 2132 5560 2213 5603; x_wconf 91' lang='lat' dir='ltr'><strong>est</strong></span> <span class='ocrx_word' id='word_1_825' title='bbox 2235 5559 2533 5619; x_wconf 87' lang='lat' dir='ltr'><strong>peccatum.</strong></span> <span class='ocrx_word' id='word_1_826' title='bbox 2566 5552 2659 5608; x_wconf 90' lang='lat' dir='ltr'><strong>Sic</strong></span> <span class='ocrx_word' id='word_1_827' title='bbox 2688 5554 2743 5608; x_wconf 91' lang='lat' dir='ltr'><strong>in</strong></span> <span class='ocrx_word' id='word_1_828' title='bbox 2768 5564 2970 5612; x_wconf 65' lang='lat' dir='ltr'><strong>aeterna</strong></span> <span class='ocrx_word' id='word_1_829' title='bbox 2998 5558 3183 5627; x_wconf 89' lang='lat' dir='ltr'><strong>requie</strong></span> <span class='ocrx_word' id='word_1_830' title='bbox 3202 5575 3232 5613; x_wconf 91' lang='lat' dir='ltr'><strong>a</strong></span> <span class='ocrx_word' id='word_1_831' title='bbox 3262 5558 3418 5621; x_wconf 82' lang='lat' dir='ltr'><strong>malis</strong></span> 
     </span>
    </p>
   </div>
   <div class='ocr_carea' id='block_1_117' title="bbox 1851 5637 2785 5704">
    <p class='ocr_par' dir='ltr' id='par_1_117' title="bbox 1851 5637 2785 5704">
     <span class='ocr_line' id='line_1_117' title="bbox 1851 5637 2785 5704; baseline 0.007 -13"><span class='ocrx_word' id='word_1_832' title='bbox 1851 5644 2057 5692; x_wconf 90' lang='lat' dir='ltr'><strong>tantum</strong></span> <span class='ocrx_word' id='word_1_833' title='bbox 2086 5637 2385 5704; x_wconf 87' lang='lat' dir='ltr'><strong>feriabitur,</strong></span> <span class='ocrx_word' id='word_1_834' title='bbox 2421 5656 2527 5697; x_wconf 88' lang='lat' dir='ltr'><strong>non</strong></span> <span class='ocrx_word' id='word_1_835' title='bbox 2551 5657 2582 5696; x_wconf 90' lang='lat' dir='ltr'><strong>a</strong></span> <span class='ocrx_word' id='word_1_836' title='bbox 2607 5642 2785 5700; x_wconf 89' lang='lat' dir='ltr'><strong>bonis.</strong></span> 
     </span>
    </p>
   </div>
   <div class='ocr_carea' id='block_1_118' title="bbox 1924 5727 3419 5813">
    <p class='ocr_par' dir='ltr' id='par_1_118' title="bbox 1924 5727 3419 5813">
     <span class='ocr_line' id='line_1_118' title="bbox 1924 5727 3419 5813; baseline 0.008 -32"><span class='ocrx_word' id='word_1_837' title='bbox 1924 5727 2085 5784; x_wconf 75' lang='lat' dir='ltr'><strong>Vens.</strong></span> <span class='ocrx_word' id='word_1_838' title='bbox 2116 5728 2170 5783; x_wconf 81' lang='lat'><strong>5.</strong></span> <span class='ocrx_word' id='word_1_839' title='bbox 2202 5760 2268 5771; x_wconf 96' lang='lat'><strong><em>—</em></strong></span> <span class='ocrx_word' id='word_1_840' title='bbox 2292 5730 2455 5802; x_wconf 87' lang='lat' dir='ltr'><strong>Cujus</strong></span> <span class='ocrx_word' id='word_1_841' title='bbox 2496 5745 2738 5790; x_wconf 83' lang='lat' dir='ltr'><strong>vestrum.</strong></span> <span class='ocrx_word' id='word_1_842' title='bbox 2787 5735 3121 5813; x_wconf 85' lang='lat' dir='ltr'><strong>Competenti</strong></span> <span class='ocrx_word' id='word_1_843' title='bbox 3173 5737 3419 5811; x_wconf 77' lang='lat' dir='ltr'><strong>exemplo</strong></span> 
     </span>
    </p>
   </div>
   <div class='ocr_carea' id='block_1_119' title="bbox 1800 5818 3419 5902">
    <p class='ocr_par' dir='ltr' id='par_1_119' title="bbox 1800 5818 3419 5902">
     <span class='ocr_line' id='line_1_119' title="bbox 1800 5818 3419 5902; baseline 0.006 -30"><span class='ocrx_word' id='word_1_844' title='bbox 1800 5877 1806 5883; x_wconf 54' lang='grc'><strong><em>,</em></strong></span> <span class='ocrx_word' id='word_1_845' title='bbox 1852 5818 2009 5873; x_wconf 84' lang='lat' dir='ltr'><strong>solvit</strong></span> <span class='ocrx_word' id='word_1_846' title='bbox 2037 5818 2406 5890; x_wconf 66' lang='lat' dir='ltr'><strong>quaestionem,</strong></span> <span class='ocrx_word' id='word_1_847' title='bbox 2438 5831 2497 5878; x_wconf 91' lang='lat' dir='ltr'><strong>ut</strong></span> <span class='ocrx_word' id='word_1_848' title='bbox 2518 5824 2763 5881; x_wconf 87' lang='lat' dir='ltr'><strong>ostendat</strong></span> <span class='ocrx_word' id='word_1_849' title='bbox 2791 5841 2884 5882; x_wconf 87' lang='lat' dir='ltr'><strong>eos</strong></span> <span class='ocrx_word' id='word_1_850' title='bbox 2914 5826 3195 5895; x_wconf 78' lang='lat' dir='ltr'><strong>sabbatum</strong></span> <span class='ocrx_word' id='word_1_851' title='bbox 3218 5827 3419 5902; x_wconf 70' lang='lat' dir='ltr'><strong>violare</strong></span> 
     </span>
    </p>
   </div>
  </div>
