3960 6336
545 387 650 444 507

1061 387 1448 444 WALAFRIDI
1485 383 1730 443 STRABl
1765 381 1967 438 FULD.
2006 375 2172 434 MON.
2212 374 2363 433 OPP.
2400 376 2578 432 PARS
2613 376 2654 430 Ι.
2693 404 2765 416 --
2797 372 3247 441 THEOLOGICA.

3667 364 3761 428 508

545 498 600 550 in
642 511 806 566 opere
857 496 1184 565 cupiditatis.
1238 496 1328 564 qui
1359 511 1482 550 eum
1530 493 1733 548 violare
1781 497 2012 562 arguunt
2055 488 2107 542 in
2138 489 2182 548 Α
2214 487 2362 540 nibus
2388 495 2436 540 et
2459 487 2787 542 ebrietatibus
2818 486 2994 559 (Rom.
3020 485 3164 557 vm),
3195 485 3247 541 id
3270 493 3353 541 est
3403 484 3457 540 in
3491 482 3761 542 luxuriosis

545 598 707 654 opere
737 585 1036 640 charilatis.
1069 583 1172 637 Bos
1205 585 1274 637 in-
1309 593 1538 652 puteum.
1589 582 1837 651 Congrue
1890 577 2108 632 animali

545 673 686 740 quod
715 673 914 728 decidit
944 674 997 726 in
1042 681 1259 742 puteum
1280 673 1632 743 hydropicum
1663 678 1958 740 comparat,
1983 667 2108 737 quia

545 765 707 818 noxio
739 765 964 819 humore
1015 765 1245 833 peribat.
1305 764 1372 818 Et
1421 763 1556 817 bene
1599 761 1789 816 bovem
1817 769 1870 814 et
1898 759 2108 814 asinum

543 855 802 917 nominat,
833 861 896 908 ut
919 853 1005 909 vel
1031 854 1304 922 sapientes
1325 851 1408 906 vel
1445 852 1682 916 hebetes,
1711 851 1794 904 vel
1824 859 2110 917 utrumque

543 943 790 1012 populum
815 943 1008 1012 signat,
1040 944 1244 1000 scilicet
1269 943 1512 998 Judaeum
1536 956 1780 1010 pressum
1802 939 1932 1010 iugo
1951 939 2108 1009 legis,

540 1042 594 1084 et
621 1031 874 1101 gentilem
919 1033 1062 1087 nulla
1092 1033 1302 1089 ratione
1331 1033 1613 1095 domitum,
1662 1032 1754 1086 sed
1779 1030 2028 1085 stolidum
2056 1037 2111 1084 et

540 1121 781 1198 brutum,
809 1137 948 1191 quos
968 1137 1155 1177 omnes
1175 1140 1206 1176 a
1231 1132 1394 1191 puteo
1427 1120 1874 1189 concupiscentia:
1902 1119 2111 1174 demer—

541 1213 631 1263 so's
669 1211 943 1268 extrahit:
985 1209 1176 1266 Omnes
1205 1211 1343 1265 enim
1366 1217 1793 1279 peccaverunt,“
1817 1217 1964 1278 egent
1989 1224 2110 1276 gra-

541 1299 613 1354 tia
644 1300 741 1354 Dei
771 1298 941 1370 (Rom.
971 1298 1158 1370 xxxv).

614 1388 776 1441 Vens.
813 1389 864 1441 7.
897 1419 963 1428 —
1001 1388 1218 1442 Dicebat
1257 1397 1453 1442 autem.
1482 1387 1771 1458 Postquam
1798 1388 2108 1445 convicerat

544 1475 662 1530 illos
693 1477 757 1531 de
781 1478 1005 1532 avaritia
1029 1488 1084 1533 et
1127 1478 1414 1534 violatione
1442 1480 1671 1546 sabbati,
1703 1479 1892 1549 incipit
1915 1480 2110 1534 docere

542 1566 608 1618 de
639 1566 954 1637 Evangelica
998 1568 1168 1638 gratia
1199 1569 1315 1623 illos
1355 1570 1445 1639 qui
1489 1571 1711 1625 aderant
1740 1571 1936 1633 idonei,
1968 1569 2108 1624 invi-

543 1663 664 1708 tans
691 1654 810 1714 illos
844 1657 909 1716 ad
941 1657 1298 1721 humilitatem
1327 1667 1514 1714 contra
1538 1669 1803 1719 tumorem
1828 1674 1986 1730 quem
2013 1659 2106 1714 hae

541 1745 739 1800 hebant
766 1745 819 1804 in
871 1745 986 1816 lege
1014 1746 1290 1813 Pharisaei,
1319 1747 1404 1802 vel
1438 1748 1722 1803 intendens
1770 1749 1826 1801 in
1863 1747 2105 1802 doctrina

2210 577 2486 642 conviviis,
2525 593 2645 647 quae
2678 587 2769 631 aut
2793 578 3078 637 collatione
3119 575 3359 632 omnium
3411 574 3760 643 celebrantur,

2209 677 2302 722 aut
2330 668 2537 722 vicibus
2569 668 3044 726 contubernalibus
3073 668 3246 723 solent
3271 667 3536 730 exhiberi,
3567 667 3654 720 ubi
3681 683 3763 722 ue-

2209 758 2407 814 minem
2437 760 2634 829 pudeat
2661 760 2860 829 aliquid
2891 760 3232 814 inhonestum
3261 757 3438 812 facere
3469 755 3553 810 vel
3578 757 3760 812 dicere.

2212 845 2294 902 Ne
2321 849 2475 919 forte.
2505 848 2668 916 Quasi
2697 851 2876 904 dicat:
2909 849 2966 904 Si
3008 849 3240 904 intendis
3264 848 3514 910 invitare,
3539 855 3600 899 ut
3637 844 3762 908 invi-

2211 939 2364 1004 teris,
2411 938 2484 994 ibi
2510 949 2664 1010 potes
2688 938 2798 994 falli
2826 956 2841 1004 ;
2876 940 2968 996 sed
2994 939 3038 994 si
3069 938 3408 994 distribueris
3433 935 3762 1007 pauperibus,

2209 1028 2276 1085 de
2303 1033 2548 1088 mercede
2576 1049 2680 1088 non
2712 1032 2933 1088 falleris.

2278 1121 2441 1178 Vsus.
2469 1124 2555 1179 15.
2588 1155 2662 1166 -
2691 1123 2832 1179 Voca
2861 1140 3133 1195 pauperes.
3178 1121 3278 1189 Qui
3316 1136 3583 1191 pauperes
3619 1128 3767 1174 vocat

2210 1210 2266 1265 in
2290 1211 2472 1267 futuro
2500 1213 2783 1284 praemium
2811 1214 3093 1283 percipiet.
3128 1211 3228 1278 Qui
3259 1212 3462 1266 amicos
3497 1219 3554 1265 et
3584 1209 3766 1264 fratres

2209 1311 2265 1356 et
2301 1303 2494 1358 divites
2544 1311 2722 1368 vocat,
2772 1303 2978 1371 recepit
3025 1301 3328 1356 mercedem
3379 1316 3552 1356 suam.
3587 1298 3693 1353 Sed
3727 1298 3767 1352 si

2209 1391 2313 1447 hoc
2343 1401 2564 1462 propter
2593 1393 2763 1448 Deum
2795 1391 2946 1454 facit,
2979 1391 3032 1444 in
3061 1389 3360 1458 exemplum
3392 1388 3623 1443 ﬁliorum
3657 1385 3764 1451 Job,

2209 1483 2349 1538 sicut
2401 1491 2595 1538 caetera
2647 1481 2897 1537 fraternae
2949 1479 3252 1534 dilectionis
3294 1477 3506 1540 ofﬁcia,
3550 1477 3668 1548 ipse
3689 1477 3767 1545 qui

2203 1569 2367 1640 jussit
2414 1577 2740 1625 remunerat.
2780 1565 2882 1635 Qui
2918 1567 3225 1624 luxuriosos
3254 1576 3474 1638 propter
3500 1565 3772 1626 lasciviam

2207 1669 2382 1725 vocat,
2406 1677 2562 1732 poena
2589 1677 2693 1716 non
2715 1661 2945 1717 carebit.

2281 1748 2442 1804 Vens.
2477 1750 2564 1805 M.
2591 1782 2662 1790 —
2688 1751 2754 1805 In
2783 1749 3172 1811 resurrectione.
3214 1746 3347 1804 Cum
3379 1763 3567 1803 omnes
3596 1761 3768 1802 resur.

539 1849 638 1890 sua
663 1837 930 1904 quomodo
955 1838 1184 1892 debeant
1227 1838 1504 1894 accubitus
1545 1837 1600 1893 in
1628 1837 1864 1894 Ecclesia
1891 1838 2107 1907 eligere.
2141 1835 2187 1894 Β
2214 1841 2413 1895 recturi
2453 1841 2578 1905 sint,
2623 1854 2798 1895 tamen
2847 1840 3194 1912 singulariter
3247 1849 3300 1893 et
3352 1840 3508 1910 quasi
3560 1839 3774 1908 propria,

617 1921 774 1977 Vsus.
799 1924 852 1978 8.
878 1955 949 1964 —
973 1925 1102 1981 Cum
1129 1927 1375 1983 invitatus
1402 1927 1583 1995 fueris.
1611 1926 1742 1982 Cum
1764 1942 1861 1997 per
1879 1927 2106 1996 gratiam

541 2017 662 2072 ﬁdei
709 2028 930 2076 vocatus
964 2036 994 2075 a
1039 2023 1414 2091 praedicatore,
1466 2020 1723 2076 membris
1752 2019 2008 2075 Ecclesia:
2052 2027 2106 2073 te

533 2107 801 2175 iunxeris,
835 2125 940 2164 non
987 2119 1039 2166 te
1069 2112 1132 2165 de
1160 2113 1364 2168 meritis
1390 2111 1687 2182 gloriando,
1709 2110 1863 2180 quasi
1896 2109 2105 2164 cteteris

541 2199 821 2256 sublimior
841 2201 1083 2256 extollas.
1113 2201 1194 2257 Ne
1225 2204 1358 2272 forte
1393 2187 1718 2258 honoratior.
1761 2201 2103 2257 llonoratiori

538 2300 662 2362 post
688 2292 910 2347 invitato
939 2293 1114 2348 locum
1169 2295 1280 2358 dat,
1311 2295 1401 2364 qui
1453 2295 1518 2348 de
1543 2309 1654 2349 suae
1681 2294 2104 2350 conversationis

538 2379 864 2436 confidentia
915 2383 1155 2437 securior
1193 2382 1386 2446 factus,
1418 2383 1528 2440 cito
1564 2383 1776 2438 illorum
1823 2383 1915 2454 qui
1955 2399 2012 2438 se
2047 2384 2100 2436 in

537 2471 754 2526 Christo
772 2472 943 2526 secuti
978 2480 1101 2527 sunt
1125 2472 1362 2544 agilitate
1388 2473 1626 2543 prmitur.
1660 2473 1728 2528 Et
1755 2489 1875 2528 cum
1905 2474 2104 2546 rubore

538 2561 886 2618 novissimum
917 2563 1091 2619 locum
1133 2573 1298 2631 tenet,
1321 2572 1450 2629 etc.,
1491 2579 1614 2620 cum
1641 2565 1705 2620 de
1733 2565 1852 2620 abis
1879 2564 2102 2620 meliora

537 2667 885 2721 cognoscens,
935 2655 1191 2725 quidquid
1227 2654 1292 2711 de
1320 2671 1416 2711 sua
1445 2656 1756 2725 operatione
1784 2656 1949 2711 altum
1981 2671 2104 2710 sen-

535 2751 700 2806 serat,
725 2743 990 2805 humiliat,
1014 2745 1197 2800 dicens
1217 2760 1337 2801 cum
1367 2745 1632 2816 Propheta
1657 2760 1679 2822 :g
1697 2745 1976 2801 Exaltatus
2001 2762 2101 2800 att-

534 2844 634 2884 tem
660 2833 964 2890 humiliatus
990 2851 1104 2890 sum
1131 2845 1177 2890 et
1203 2837 1449 2906 confusus
1470 2834 1640 2908 (Psal.
1675 2837 1936 2907 txxxvn).

605 2919 767 2977 Vens.
801 2922 853 2978 9.
883 2953 940 2964 —
977 2922 1046 2980 Et
1084 2933 1208 2980 tunc
1247 2926 1486 2995 incipias,
1509 2935 1614 2982 etc.
1644 2924 1708 2979 Et
1728 2933 1878 2991 tunc,
1911 2925 2102 2982 erube-

535 3029 692 3070 scens
721 3016 862 3086 quod
903 3016 970 3072 de
1016 3024 1072 3072 te
1115 3017 1406 3088 aliquando
1439 3016 1643 3086 majora
1687 3018 2096 3088 prmsumpsisti,

535 3106 757 3174 incipies
807 3107 876 3162 ad
919 3109 1289 3176 ptenitentiam
1333 3107 1624 3174 humiliari,
1673 3115 1728 3163 et
1773 3116 1823 3163 te
1872 3107 2098 3164 minoris

535 3211 856 3267 cegnoscere
885 3200 1087 3266 meriti,
1132 3216 1201 3255 ne
1246 3217 1388 3257 nunc
1413 3200 1639 3272 incipias
1684 3215 1926 3272 quaerere
1953 3202 2097 3271 quod
2125 3173 2170 3236 Ο

533 3288 627 3341 tibi
653 3297 900 3344 servatur
923 3291 978 3344 in
1009 3291 1137 3357 ﬁne,
1167 3291 1291 3362 quia
1327 3292 1609 3348 hmreditas
1649 3293 1716 3348 ad
1760 3307 1923 3363 quam
1950 3292 2100 3364 festi-

533 3389 696 3439 natur
736 3379 791 3434 in
816 3381 1105 3452 principio,
1151 3382 1208 3438 in
1236 3384 1528 3444 novissima
1570 3385 1942 3442 benedictione
1971 3385 2102 3442 deﬁ-

530 3470 658 3524 ciet.

602 3559 764 3614 Vens.
796 3558 975 3616 l0.—-
1001 3560 1147 3616 Tunc
1193 3564 1291 3616 erit
1337 3562 1430 3617 tibi
1467 3560 1656 3633 gloria,
1705 3571 1809 3619 etc.
1853 3561 2102 3630 Quotidie

531 3647 811 3717 Dominus,
855 3651 980 3706 dum
1031 3652 1287 3708 convivas
1331 3667 1459 3707 suos
1513 3652 1692 3706 visitat
1735 3660 1791 3707 et
1819 3650 2098 3720 diiudicat,

532 3748 678 3799 tanta
730 3742 952 3813 spiritus
999 3743 1081 3798 sui
1136 3743 1428 3801 humilibus
1457 3744 1597 3798 dona
1630 3751 1869 3812 prazstat,
1901 3752 1962 3798 ut
2006 3757 2102 3798 eos

531 3841 708 3888 coetus
731 3830 965 3886 ﬁdelium
989 3847 1112 3887 cum
1138 3832 1493 3894 admiratione
1519 3831 1782 3902 gloriﬁcet
1806 3848 1821 3897 ;
1853 3839 2101 3903 stupens-

529 3935 634 3989 que
671 3920 725 3977 in
771 3921 1010 3979 auctoris
1051 3921 1136 3976 sui
1176 3919 1385 3977 laudem
1413 3920 1680 3994 prosiliat,
1710 3921 1932 3978 dicens:
1967 3922 2101 3982 Mihi

530 4018 705 4065 autem
734 4010 888 4064 nimis
929 4011 1262 4082 Itonoriﬁcati
1299 4021 1420 4067 sunt
1447 4010 1604 4068 amici
1628 4011 1726 4078 tui,
1753 4010 1896 4067 Deus
1924 4009 2097 4085 (Psal.

525 4103 810 4172 cmvut).

460 4185 463 4188 ’
600 4191 765 4249 Vens.
796 4193 883 4248 12.
910 4224 981 4234 -
1005 4192 1222 4248 Dicebat
1273 4201 1467 4248 auem.
1500 4192 1804 4253 Secundum
1855 4192 2098 4251 ordinem

529 4281 741 4339 litterae.
768 4283 1058 4354 Postquam
1101 4285 1310 4340 monuit
1333 4284 1590 4341 invitatos
1609 4285 1841 4356 qualiter
1868 4286 2098 4342 debeant

527 4376 868 4437 accumbere,
904 4382 1084 4430 monet
1107 4383 1164 4429 et
1193 4374 1535 4430 invitatorem
1573 4390 1707 4445 quos
1733 4375 1922 4430 debeat
1954 4375 2095 4430 invi-

530 4475 670 4530 tane,
714 4481 783 4521 ne
809 4466 1118 4537 temporalis
1154 4467 1411 4536 expensio
1453 4465 1716 4521 honorum
1762 4482 1922 4536 quam
1967 4465 2099 4522 facit

527 4558 684 4613 cedat
711 4557 763 4612 ln
792 4574 1036 4620 vacuum,
1069 4557 1152 4613 vel
1183 4557 1408 4614 forsitan
1441 4567 1748 4630 augmentet
1774 4567 2051 4630 peccatum
2076 4577 2092 4614 :

527 4649 623 4704 sed
645 4647 723 4702 ita
769 4648 1032 4718 expendat
1069 4648 1406 4719 temporalia,
1444 4657 1502 4702 ut
1528 4664 1625 4718 per
1649 4649 1764 4703 lucc
1799 4657 1974 4718 pateat
2009 4649 2092 4704 via

527 4739 595 4793 ad
611 4747 839 4793 aeterna.
869 4737 937 4792 Et
963 4739 1010 4791 ei
1045 4739 1133 4809 qui
1179 4755 1234 4793 se
1260 4739 1583 4793 invitaverat.
1628 4735 1862 4807 Principi
1913 4737 2094 4792 Phari-

526 4843 754 4882 satorum
806 4826 1064 4895 loquitur,
1109 4827 1200 4898 qui
1255 4826 1479 4883 forsitan
1530 4825 1810 4896 superbire
1857 4834 2089 4896 poterat,

525 4919 650 4985 quia
676 4923 756 4970 tot
796 4913 863 4968 ad
894 4915 1195 4970 convivium
1239 4915 1393 4985 quasi
1423 4930 1491 4969 ex
1540 4914 1906 4970 misericordia
1937 4930 2090 4970 voca«

523 5013 710 5069 verat;
744 5004 827 5058 vel
863 5005 1001 5059 sicut
1035 5020 1101 5060 ex
1150 5005 1327 5058 verbis
1381 5001 1591 5056 Domini
1635 5010 1813 5070 potest
1856 5003 2088 5074 concipi,

521 5095 643 5150 ideo
669 5094 843 5163 potius
869 5094 1206 5158 invitaverat,
1234 5102 1293 5146 ut
1312 5095 1381 5147 ab
1404 5091 1509 5145 illis
1533 5091 1726 5146 iterum
1752 5091 2089 5160 invitaretur,

518 5193 576 5238 ct
604 5185 681 5238 sic
713 5185 857 5241 nulla
894 5184 1142 5255 specialis
1171 5181 1449 5236 retributio
1478 5189 1811 5250 sequeretur.
1845 5179 1970 5236 Noli
1999 5201 2094 5238 vo-

517 5292 643 5328 care
681 5277 894 5332 amicos.
940 5274 1182 5336 Fratres,
1217 5272 1441 5334 amicos,
1469 5279 1522 5325 ct
1559 5271 1750 5325 divites
1775 5271 2089 5329 alterutrum

515 5369 760 5427 convivia
790 5367 1088 5430 celebrare,
1120 5379 1224 5418 non
1267 5363 1419 5432 quasi
1454 5363 1629 5419 scelus
1662 5362 1950 5429 interdicit,
1997 5363 2090 5419 sed

513 5459 750 5512 ostendit
782 5473 887 5510 non
911 5455 1091 5509 valere
1126 5453 1190 5512 ad
1212 5454 1434 5524 praemia
1461 5455 1602 5509 vitae.
1650 5453 1786 5509 Sunt
1829 5463 2008 5508 autem
2035 5461 2090 5509 et

513 5549 761 5618 quzedam
787 5547 970 5600 talium
993 5543 1214 5599 divitum
1244 5544 1508 5608 convivia,
1538 5560 1656 5614 quze
1699 5560 1804 5599 non
1832 5543 2006 5598 solum
2035 5544 2088 5598 in

517 5635 769 5706 praesenti
799 5633 1201 5698 retributiones,
1230 5633 1326 5689 sed
1352 5633 1514 5688 etiam
1539 5633 1936 5689 damnationem
1968 5647 2089 5702 per-

517 5725 723 5801 cipiunt
751 5723 929 5780 futuro
952 5740 965 5788 ;
1012 5723 1152 5784 unde
1180 5723 1464 5800 Apostolus
1491 5742 1500 5776 :
1536 5722 1657 5777 Non
1689 5725 1739 5775 in
1765 5721 2089 5777 comessatio-

2211 1930 2404 1987 dicitur
2449 1930 2772 1986 resurrectio
2792 1929 3082 2000 iustorum,
3113 1927 3205 1998 qui
3243 1929 3298 1982 in
3317 1943 3393 1993 ea.
3427 1936 3554 1982 sunt
3584 1928 3771 1982 immu-

2208 2023 2376 2078 tandi.

2277 2111 2440 2168 Vens.
2476 2115 2560 2170 15.
2581 2144 2651 2154 ——
2685 2113 2815 2169 Hart:
2845 2130 2963 2168 cum
2991 2113 3253 2176 audisset,
3285 2119 3390 2167 etc.
3418 2111 3638 2166 lllectns
3665 2109 3769 2164 dul~

2207 2203 2392 2257 cedine
2427 2204 2620 2258 audita:
2661 2204 3075 2259 resurrectionis
3116 2204 3167 2257 in
3216 2202 3430 2265 laudem
3481 2201 3598 2269 eius
3654 2217 3770 2271 pro-

2206 2292 2446 2360 rumpit,
2499 2301 2552 2348 et
2579 2293 2632 2346 in
2667 2308 2731 2347 ea
2757 2308 2886 2347 vere
2913 2294 3101 2351 beatos
3132 2292 3247 2346 fore
3277 2291 3490 2355 asserit,
3523 2293 3626 2345 etsi
3678 2305 3771 2344 non

2205 2379 2344 2436 bene
2375 2381 2634 2452 intelligat
2657 2381 2853 2452 quibus
2881 2381 3089 2437 meritis
3113 2382 3178 2436 ad
3209 2381 3352 2435 illam
3391 2381 3772 2435 beatitudinem

2203 2471 2376 2539 possit
2403 2471 2614 2541 attingi.
2648 2470 2864 2536 Beatus,
2895 2479 3001 2525 etc.
3062 2469 3122 2526 Si
3153 2471 3266 2541 quis
3298 2471 3693 2524 manducauerit
3718 2485 3774 2522 ea:

2203 2561 2304 2615 hoc
2328 2579 2483 2631 pane,
2514 2563 2639 2615 vivet
2665 2579 2718 2616 tn
2750 2574 3000 2616 a’ternum
3029 2559 3209 2630 (Joan.
3249 2559 3347 2628 vt).
3377 2557 3434 2614 Si
3459 2559 3580 2628 quis
3603 2559 3772 2612 incar-

2206 2653 2443 2706 nationis
2474 2660 2814 2706 sacramento
2863 2651 3100 2721 perfecte
3140 2653 3527 2721 incorporatus,
3584 2652 3774 2705 divina:

2206 2741 2508 2811 maiestatis
2538 2742 2743 2796 visione
2771 2743 2874 2797 frui
2919 2743 3209 2806 meruerit,
3261 2743 3349 2796 hic
3376 2750 3574 2797 aeterna
3603 2743 3769 2797 beati-

2204 2833 2390 2886 tudine
2439 2832 2704 2903 gaudebit.
2756 2831 2861 2887 Sed
2891 2835 3014 2903 quia
3068 2833 3223 2887 multi
3278 2833 3382 2888 ﬁde
3435 2842 3593 2887 tenus
3625 2834 3772 2902 quasi

2204 2925 2410 2977 orando
2435 2922 2770 2992 percipiunt,
2805 2923 3143 2978 dulcedinem
3179 2940 3308 2979 vero
3360 2925 3477 2994 eius
3513 2926 3773 2980 veraciter

2204 3013 2470 3082 attingere
2497 3011 2792 3077 fastidiunt,
2824 3020 3010 3083 torpor
3041 3027 3227 3068 eorum
3274 3015 3636 3086 redarguitur.

2273 3103 2439 3158 Vnus.
2468 3102 2556 3156 l6.
2577 3132 2648 3144 —-
2677 3101 2850 3158 Homo
2875 3104 3088 3174 quidam
3112 3145 3128 3170 ,
3174 3114 3280 3160 etc.
3328 3104 3563 3159 Verbum
3595 3107 3769 3160 incar-

2201 3204 2385 3256 natum
2421 3196 2726 3251 satietatem
2774 3197 2997 3251 internae
3025 3197 3320 3253 dulcedinis
3348 3197 3532 3252 multis
3569 3212 3773 3267 prmpa.

2202 3288 2364 3352 ravi't,
2391 3288 2484 3342 sed
2513 3286 2668 3356 pauci
2697 3288 2945 3349 veniunt,
2978 3287 3102 3356 quia
3149 3286 3300 3340 multi
3344 3287 3436 3356 qui
3478 3303 3577 3356 per
3616 3287 3774 3342 ﬁdem

2203 3379 2253 3433 ei
2305 3378 2665 3448 subiiciuntur
2690 3378 2831 3433 male
2859 3379 3088 3433 vwendo
3125 3378 3177 3433 ei
3222 3379 3481 3433 continuo
3505 3379 3772 3436 contradi-

2200 3478 2350 3526 cunt.
2393 3467 2604 3525 Camam
2632 3485 2898 3538 magnam.
2941 3467 3054 3524 Hoc
3085 3469 3384 3525 convivium
3409 3508 3423 3532 ,
3457 3484 3562 3524 non
3610 3483 3774 3537 prauo

2202 3563 2346 3617 dium
2377 3563 2472 3620 sed
2511 3578 2666 3619 caena
2695 3562 2891 3617 dicitur
2909 3602 2924 3627 ,
2954 3562 3079 3632 quia
3106 3571 3230 3632 post
3259 3563 3546 3632 prandium
3573 3563 3645 3620 de
3675 3577 3777 3632 quo

2202 3655 2487 3711 Matthteus
2527 3655 2654 3725 agit,
2691 3669 2850 3711 creua
2887 3664 3100 3720 restat,
3147 3664 3270 3725 post
3310 3670 3522 3711 coenam
3569 3655 3773 3709 nullum

2199 3745 2508 3800 convivium
2525 3753 2724 3800 restat:
2751 3744 2818 3800 de
2844 3745 3072 3815 prandio
3095 3744 3267 3808 multi,
3295 3753 3353 3799 et
3379 3745 3446 3799 de
3468 3759 3626 3800 creua
3659 3744 3773 3800 nul-

2201 3837 2286 3892 lus
2317 3835 2550 3906 eiicitur.

2271 3929 2434 3984 Vens.
2479 3928 2656 3983 l7.—
2683 3925 2751 3982 Et
2777 3927 2918 3983 misit
2963 3944 3184 3983 servum.
3236 3926 3382 3982 Hora
3429 3941 3601 3984 omna:
3658 3929 3776 3983 ﬁnis

2200 4018 2418 4083 saeculi;
2452 4018 2592 4074 unde
2634 4017 2922 4088 Apostolus
2963 4035 2978 4072 :
3022 4017 3131 4074 Nos
3165 4019 3375 4074 scimus
3406 4019 3460 4074 in
3489 4037 3620 4089 quos
3651 4021 3775 4090 ﬁnes

2199 4109 2515 4168 strculorum
2560 4109 2873 4164 devenerunt
2900 4108 2952 4180 (Ι
2982 4108 3102 4164 Cor.
3142 4109 3218 4179 ι).
3251 4110 3306 4166 lu
3336 4111 3437 4166 hoc
3467 4110 3576 4166 fine
3603 4111 3774 4172 mit-ti-

2202 4212 2292 4257 tur
2329 4216 2538 4267 servus,
2563 4201 2619 4255 id
2665 4209 2749 4256 est
2800 4201 2934 4256 ordo
2961 4201 3381 4271 przedicatorum
3414 4202 3482 4257 ad
3521 4202 3774 4258 invitatos

2197 4307 2296 4364 per
2326 4292 2496 4363 legem
2523 4298 2579 4345 et
2604 4291 2920 4361 prophetas,
2953 4299 3013 4344 ut
3039 4290 3252 4359 repulso
3281 4291 3498 4347 fastidio
3535 4293 3607 4346 ad
3657 4309 3776 4364 gus-

2202 4383 2418 4439 tandam
2464 4397 2672 4440 ctenam
2721 4396 2780 4436 se
2825 4389 3231 4451 praepararent,
3265 4381 3391 4451 quia
3429 4382 3624 4436 omnia,
3663 4384 3772 4453 iam

2203 4484 2328 4532 sunt
2352 4483 2560 4546 parata.
2590 4472 2809 4535 Christo
2835 4473 2981 4530 enim
3009 4473 3307 4541 immolato,
3330 4474 3589 4531 introitus
3621 4475 3773 4544 regni

2198 4577 2365 4645 patet.
3092 4631 3101 4638 _

2268 4661 2431 4716 Vens.
2461 4659 2544 4714 l8.
2573 4689 2646 4701 ——
2666 4657 2734 4713 Et
2755 4669 3036 4731 coeperunt,
3060 4669 3164 4714 etc.
3190 4658 3313 4713 Ideo
3333 4665 3613 4724 excusant,
3641 4657 3767 4728 quia

2196 4751 2395 4806 nemini
2429 4749 2810 4805 intercluditur
2843 4765 3088 4821 regnum,
3136 4749 3238 4803 nisi
3280 4764 3440 4818 quem
3473 4764 3584 4804 sure
3622 4751 3772 4804 vocis

2192 4838 2457 4911 professio
2478 4839 2787 4894 excluserit.
2807 4839 3043 4899 Excusat
3065 4847 3242 4894 autem
3265 4854 3324 4893 se
3345 4839 3518 4892 omnis
3535 4839 3628 4908 qui
3650 4839 3772 4908 plus

2193 4939 2407 4984 terrena
2440 4944 2600 4997 quam
2626 4928 2868 4983 coelestia
2897 4929 3100 5000 diligit,
3157 4929 3370 4984 etiamsi
3401 4929 3468 4982 ad
3521 4929 3769 4984 caelestia

2191 5037 2252 5076 se
2309 5019 2526 5076 tendere
2564 5021 2727 5074 dicat.
2779 5017 2965 5073 Villam
3012 5021 3130 5076 emi.
3167 5019 3326 5084 Villa,
3354 5019 3405 5073 id
3434 5026 3517 5074 est
3550 5030 3768 5075 terrena

2194 5113 2514 5167 substantia.
2562 5112 2686 5166 Exit
2732 5126 2862 5181 ergo
2889 5112 3072 5168 videre
3101 5111 3281 5165 villam
3303 5152 3318 5176 ,
3349 5114 3438 5180 qui
3467 5112 3581 5166 sola
3610 5123 3767 5167 exte-

2194 5202 2338 5256 riora
2368 5203 2566 5270 cogitat
2608 5211 2828 5271 propter
2872 5202 3250 5266 substantiam,
3288 5211 3342 5256 et
3372 5203 3474 5256 hoc
3510 5213 3597 5258 est
3621 5203 3770 5272 quod

2193 5291 2262 5344 ab
2296 5291 2626 5345 amatoribus
2664 5293 2847 5346 mundi
2892 5294 3041 5362 prius
3076 5292 3352 5363 quatritur,
3396 5293 3605 5348 scilicet
3639 5294 3768 5348 sub-

2193 5385 2390 5438 stantia
2421 5385 2681 5454 corporis.

2263 5472 2448 5540 (Auc.)
2476 5473 2531 5526 ln
2557 5483 2733 5544 empta
2764 5474 2924 5537 villa,
2957 5458 3252 5529 dominatio
3299 5481 3519 5528 notatur
3564 5483 3621 5528 et
3672 5488 3769 5527 su-

2187 5563 2395 5631 perbia.
2430 5562 2640 5617 Habere
2677 5565 2822 5618 enim
2865 5564 3068 5628 villam,
3119 5571 3250 5628 etc.,
3299 5580 3458 5634 usque
3507 5563 3577 5616 ad
3605 5577 3766 5619 amor

2189 5667 2371 5706 rerum
2422 5661 2755 5710 terrenarum
2801 5655 2976 5710 viscus
3016 5661 3098 5710 est
3139 5653 3502 5725 spiritualium
3553 5667 3764 5730 penna-

2120 5803 2124 5806 ,
2187 5757 2327 5798 runt.
