3960 6336
211 371 310 427 309

1164 365 1428 424 GLOSSA
1465 365 1856 429 0RDINANA.
1895 395 1966 408 -—
2001 366 2254 425 EVANG.
2292 367 2446 429 LUC.

3321 373 3426 426 5I0

274 479 406 550 Rogo
433 487 500 532 te.
536 477 672 532 Dum
697 478 826 534 dicit
851 497 863 532 :
891 478 1032 549 Rogo
1061 487 1132 543 te,
1159 479 1291 533 habe
1323 495 1404 532 me
1431 487 1756 540 excusatum,
1785 483 1832 542 Α
1859 479 2317 548 comparationem
2371 478 2660 552 subjungit.
2713 479 2988 550 Computa:
3030 490 3282 550 sumplus.
3333 482 3427 538 Ille

213 569 467 628 humilitas
501 577 655 623 sonat
684 569 737 623 in
767 585 898 626 voce
930 571 1055 626 dum
1085 571 1270 626 venire
1301 570 1617 636 contemnit,
1655 585 1750 624 su-

209 661 380 734 perbia
406 660 458 713 in
485 659 714 713 actione.

274 751 510 806 Vsns.l9.
531 750 751 821 —.luga
779 751 951 806 boum.
983 750 1226 820 Quinque
1244 749 1371 821 iuga
1391 750 1750 820 boum,qui_u-

205 856 302 910 que
335 839 568 909 corporis
593 854 806 903 sensus,
838 840 929 909 qui
955 849 1101 895 recte
1121 839 1248 910 juga
1274 840 1548 904 dicuntur,
1577 839 1669 908 qui
1697 839 1750 892 in

207 940 416 998 utroque
444 943 572 984 sexu
599 929 968 998 geminantur;
993 929 1084 998 qui
1110 930 1364 999 quoniam
1386 943 1491 984 non
1518 929 1746 991 interna,

205 1020 290 1075 sed
317 1017 423 1073 sola
451 1018 723 1072 exteriora
768 1027 1098 1090 cognoscunt
1135 1029 1191 1074 et
1218 1028 1463 1090 tangunt,
1488 1028 1633 1073 recte
1654 1033 1751 1088 per

203 1125 286 1165 eos
311 1107 591 1163 curiositas
616 1108 942 1179 designatur,
969 1125 1093 1179 qua:
1109 1109 1234 1164 dum
1261 1110 1500 1164 exterius
1531 1109 1751 1163 investi-

199 1207 280 1269 gat
307 1199 464 1252 vitam
495 1199 747 1266 proximi,
775 1213 870 1252 sua
897 1199 1084 1254 intima
1111 1200 1299 1261 nescit.
1325 1201 1392 1253 lat
1411 1200 1607 1254 curiosi
1635 1199 1750 1254 ani—

200 1305 308 1343 mus
341 1297 540 1358 quanto
571 1298 651 1344 est
682 1289 889 1360 peritus
941 1289 1119 1352 alieni,
1171 1297 1320 1343 tanto
1370 1292 1590 1358 ignarus
1641 1289 1746 1343 sui.

199 1379 295 1432 Nec
319 1379 625 1448 discrepant
656 1381 816 1434 verba
839 1381 1149 1435 excusantis
1187 1395 1218 1434 a
1247 1379 1642 1449 signiﬁcatione
1665 1379 1748 1434 sui

198 1469 320 1532 vitii,
349 1469 481 1522 dum
506 1470 636 1524 dictt
661 1485 674 1522 :
709 1469 786 1524 Eo
815 1471 1035 1539 probare
1077 1469 1189 1523 illa.
1241 1468 1377 1535 Quia
1406 1467 1652 1539 probatio
1680 1467 1747 1522 ad

197 1561 553 1630 curiositatem
590 1561 725 1616 solet
753 1562 1044 1630 pertinere.

255 1629 603 1723 Ytns.20.—
628 1629 851 1707 Uxorem
883 1654 1031 1707 duxi.
1065 1652 1199 1719 Quia
1227 1652 1378 1707 multi
1402 1666 1506 1707 non
1527 1659 1748 1721 propter

194 1737 560 1797 fecunditatem
587 1784 602 1809 ,
649 1744 744 1798 sed
791 1751 1011 1813 propter
1049 1745 1311 1799 desideria
1339 1744 1520 1800 carnis
1546 1758 1744 1799 uxores

1856 578 2130 638 computat
2165 577 2429 638 sumptus,
2483 571 2577 640 qui
2624 571 2882 626 discernit
2925 585 3046 626 esse
3099 571 3426 641 erogandam

1855 657 2200 726 temporalem
2227 658 2508 724 pecuniam
2536 698 2551 722 ,
2597 667 2653 712 et
2679 674 2774 714 cor
2797 659 3144 712 avertendum
3186 673 3218 712 a
3269 661 3441 734 cupis,

1854 746 2108 800 ditatibus
2156 746 2366 812 mundi,
2416 755 2471 800 et
2515 747 2746 802 animam
2790 749 3196 818 praeparandam
3233 759 3424 809 contra

1852 839 2075 892 adversa
2105 838 2311 893 mundi.

1923 926 2082 981 Vens.
2101 928 2189 982 29.
2211 960 2281 969 —
2299 927 2489 983 Omnes
2501 929 2590 997 qui
2616 930 2804 984 vident.
2834 929 2985 986 Sicut
3009 931 3084 985 ait
3101 933 3418 1002 Apostolus:

1851 1013 2008 1069 Facti
2033 1033 2210 1070 sumus
2239 1016 2585 1084 spectaculum
2600 1019 2812 1083 mundo,
2839 1019 3036 1089 angelis
3057 1031 3104 1074 et
3127 1022 3422 1082 hominibus

1851 1103 1936 1175 (ΙΙ
1963 1105 2085 1159 Cor.
2117 1104 2210 1176 tv).
2247 1105 2313 1160 Et
2340 1105 2391 1162 in
2420 1108 2568 1162 omni
2607 1109 2747 1176 quod
2787 1109 2995 1179 agimus
3019 1151 3048 1178 ,,
3079 1112 3421 1172 considerem

1850 1195 2093 1251 occultos
2123 1196 2462 1252 adversarios
2492 1197 2767 1260 debemus,
2799 1199 2889 1266 qui
2928 1200 3128 1254 nostris
3164 1202 3421 1270 operibus

1850 1284 2190 1351 insidiantur,
2231 1293 2287 1339 et
2319 1285 2426 1340 nisi
2462 1294 2651 1340 contra
2698 1301 2792 1344 eos
2837 1288 3140 1354 vigilemus,
3185 1279 3421 1360 patimur

1849 1376 2102 1432 irrisores
2131 1390 2265 1445 quos
2293 1377 2553 1433 habemus
2581 1377 2648 1432 ad
2679 1378 2877 1433 malum
2905 1395 3173 1435 suasores.
3365 1367 3372 1372 ’

1918 1465 2080 1519 Vens.
2107 1465 2194 1519 5t.
2227 1497 2292 1506 —
2323 1466 2424 1520 Aut
2453 1468 2591 1536 quis,
2617 1476 2721 1523 etc.
2764 1469 2892 1523 Post
2920 1469 3324 1524 similitudinem
3353 1471 3420 1525 do

1848 1564 1996 1612 turre
2025 1557 2370 1624 :cdilicanda,
2426 1561 2679 1629 supponit
2734 1560 3142 1616 similitudinem
3197 1563 3418 1634 majoris

1846 1647 1948 1711 rei,
1975 1647 2041 1701 de
2062 1662 2187 1716 rege
2212 1656 2533 1719 Dugnaturo.
2559 1651 2614 1703 In
2639 1665 2746 1719 quo
2775 1652 3078 1706 ostenditur
3105 1668 3198 1721 per
3227 1653 3398 1723 imple

1847 1739 2048 1794 tionem
2097 1741 2514 1809 praecedentium
2545 1743 2919 1798 mandatorum
2971 1745 3174 1799 nullum
3207 1747 3272 1799 ad
3304 1747 3419 1817 glo-

193 1832 393 1898 ducunt,
429 1833 556 1887 ideo
579 1848 675 1902 per
702 1847 810 1888 rem
835 1834 991 1888 istam
1016 1835 1196 1888 carnis
1224 1834 1466 1904 voluptas
1495 1833 1737 1902 designa-
1769 1826 1815 1886 B
1845 1829 1979 1884 riam
2007 1846 2165 1900 posse
2199 1833 2502 1902 pertingere
2529 1873 2545 1898 ,
2573 1833 2676 1890 nisi
2721 1835 2893 1890 severi
2925 1834 3122 1904 judicis
3151 1837 3415 1892 sententia

193 1933 289 1987 tur,
317 1933 542 1994 propter
570 1939 730 1994 quam
765 1924 831 1978 ad
862 1939 1071 1993 egenam
1100 1925 1195 1980 Dei
1219 1925 1530 1980 fastidiosus
1557 1925 1742 1990 venire

189 2024 401 2070 recusat.

254 2106 400 2162 Vens.
428 2105 522 2162 22.
558 2137 624 2147 —
646 2105 870 2162 Factum
898 2117 990 2174 est,
1027 2115 1133 2162 etc.
1178 2106 1372 2163 Multos
1399 2107 1532 2164 tales
1553 2123 1620 2162 ex
1644 2106 1739 2161 Ju-

187 2196 303 2250 dzcis
348 2197 413 2252 ad
467 2211 680 2252 ctenam
730 2205 876 2250 tuam
925 2196 1276 2268 collegimus,
1313 2197 1408 2252 sed
1439 2197 1526 2251 isti
1561 2196 1740 2252 locum

185 2289 396 2345 convivii
446 2289 528 2343 tui
555 2304 660 2343 non
715 2289 955 2359 implent,
1004 2298 1246 2359 superest
1292 2287 1441 2344 locus
1485 2288 1574 2343 ubi
1613 2303 1742 2359 grn-

187 2383 305 2447 tium
335 2383 699 2438 numerositas
720 2382 1063 2451 suscipiatur.

246 2469 396 2526 Vens.
432 2473 526 2525 23.
566 2503 627 2511 —
652 2470 754 2525 Exi
790 2472 845 2525 in
881 2472 988 2526 vias
1026 2482 1072 2526 et
1107 2489 1271 2541 sepes,
1300 2480 1404 2527 etc.
1429 2471 1564 2526 Nota
1596 2473 1740 2542 quod

182 2562 230 2615 in
275 2562 372 2617 hac
410 2563 574 2618 tertia
622 2562 939 2617 invitatione
969 2578 1075 2617 non
1125 2563 1360 2617 dicitur:
1399 2561 1588 2628 Invita,
1643 2563 1738 2618 sed

177 2650 436 2722 Compelle
468 2653 692 2706 intrare.
723 2650 823 2718 Qui
853 2653 998 2705 enim
1027 2651 1182 2721 hujus
1213 2651 1398 2705 mundi
1439 2652 1738 2708 adversita-

177 2741 309 2796 tibus
354 2742 513 2796 fracti
551 2743 617 2795 ad
671 2741 763 2795 Dei
800 2756 1034 2794 amorem
1068 2740 1312 2803 redeunt,
1345 2747 1505 2808 atque
1537 2756 1565 2792 a
1595 2756 1735 2810 pra}:-

176 2834 337 2888 sentis
379 2836 504 2889 vitae
531 2833 811 2888 desideriis
837 2833 1200 2904 corriguntur,
1226 2832 1303 2894 illi
1330 2847 1435 2886 non
1459 2832 1558 2888 nisi
1589 2847 1738 2887 com-

175 2926 304 2995 pulsi
341 2927 566 2980 intrant.
609 2925 833 2992 Quidam
875 2933 1053 2978 autem
1101 2932 1360 2979 vocantur
1401 2931 1459 2978 et
1500 2931 1737 2978 contem-

174 3024 322 3081 nunt,
355 3017 448 3085 qui
476 3017 691 3070 domum
738 3015 1039 3068 intellectus
1073 3014 1380 3082 accipiunt,
1434 3013 1528 3067 sed
1573 3028 1736 3082 opere

172 3121 270 3159 non
309 3106 555 3175 implent.
606 3105 832 3171 Quidam
863 3113 1118 3162 vocantur
1145 3112 1199 3158 et
1225 3103 1467 3171 veniunt,
1511 3103 1602 3178 qui
1641 3118 1732 3158 ac.-

169 3204 378 3265 ceptam
421 3194 829 3265 intelligentiam
868 3208 1034 3262 opere
1061 3193 1370 3261 adimplent.

232 3284 403 3337 Vens.
447 3283 538 3336 25.
571 3313 636 3322 —
669 3283 823 3348 Ibant
851 3293 1024 3337 autem
1048 3282 1234 3347 turba',
1265 3291 1371 3337 etc.
1403 3281 1593 3341 Turbae
1618 3297 1736 3351 quae

170 3373 664 3447 sequunturJesum
680 3373 1079 3442 iterlacientem
1104 3373 1156 3426 in
1173 3371 1491 3436 Jerusalem,
1523 3372 1737 3444 signant

166 3481 256 3522 eos
285 3467 376 3536 qui
407 3465 478 3519 ad
519 3478 727 3519 cccuam
761 3464 968 3517 invitati
995 3463 1075 3518 vel
1109 3463 1367 3532 compulsi
1398 3464 1642 3528 veniunt,
1683 3472 1736 3522 et

170 3567 274 3622 tota
312 3557 615 3612 intentione
657 3555 839 3611 Jesum
877 3557 1176 3620 imitantur,
1222 3557 1613 3626 prmccdentem
1667 3557 1734 3610 ad

167 3658 378 3703 aeterna:
403 3650 556 3719 pacis
579 3647 861 3702 visionem.
894 3647 1002 3702 llos
1022 3662 1150 3718 ergo
1176 3648 1391 3716 instruit
1412 3649 1500 3717 qui
1525 3649 1734 3704 sincero

170 3751 346 3792 amore
389 3738 623 3807 patriam
663 3736 803 3790 illam
850 3737 1078 3792 debeant
1121 3748 1411 3808 appetere,
1440 3747 1494 3794 et
1521 3755 1621 3810 pro
1670 3755 1733 3794 ea

163 3829 395 3884 carnalis
422 3829 641 3899 pietatis
666 3828 943 3882 all‘ectibus
972 3829 1298 3885 renuntiare.

237 3920 395 3976 Vens.
420 3921 516 3976 26.
542 3951 611 3960 —
641 3919 698 3974 Si
720 3922 834 3991 quis
862 3921 1014 3975 venit.
1046 3921 1218 3976 Simul
1246 3931 1302 3977 et
1328 3923 1506 3984 odisse
1534 3931 1587 3977 et
1612 3924 1734 3980 dili-

164 4027 286 4083 gere
324 4029 615 4083 possumus
647 4022 743 4068 :ut
780 4023 834 4069 et
877 4015 1181 4084 cognitione
1207 4013 1547 4082 conjuuclos,
1579 4025 1633 4069 et
1657 4017 1736 4070 di-

169 4107 287 4161 vino
313 4115 588 4176 praecepto
615 4106 918 4178 diligamus,
947 4114 1002 4160 et
1028 4120 1162 4175 quos
1190 4106 1531 4161 adversarios
1559 4106 1612 4160 in
1649 4108 1734 4162 via

171 4197 255 4254 Dei
283 4200 544 4269 patimur,
579 4198 806 4253 odiendo
826 4205 880 4251 et
906 4196 1156 4268 fugiendo
1176 4197 1499 4253 nesciamus.
1525 4197 1730 4253 Adhuc.

171 4288 312 4344 Tunc
336 4291 478 4346 bene
503 4288 736 4343 animam
761 4287 990 4352 odimus,
1013 4301 1138 4342 eum
1168 4285 1284 4355 ejus
1307 4287 1616 4342 carnalibus
1642 4287 1737 4343 de-

171 4379 375 4438 sideriis
401 4396 515 4438 non
541 4379 934 4459 acquiescimus
954 4419 970 4445 ,
1013 4379 1110 4436 sed
1144 4378 1477 4436 reluctamur
1501 4387 1559 4436 et
1582 4379 1736 4435 fran-

172 4487 355 4538 gmms.

237 4562 393 4619 Vens.
437 4564 535 4618 27.
578 4559 740 4615 —Et
780 4563 870 4632 qui
919 4578 1020 4616 non
1065 4561 1286 4632 bajulat.
1338 4561 1482 4617 Crux
1527 4563 1735 4620 duobus

173 4655 335 4710 modis
381 4653 656 4724 bajulatur
684 4670 696 4706 :
729 4667 849 4706 cum
895 4651 978 4706 vel
1025 4666 1123 4722 per
1169 4651 1550 4706 abstinentiam
1605 4668 1734 4708 caro

170 4742 392 4806 adicitur
418 4785 434 4810 ,
471 4743 557 4799 vel
599 4757 694 4812 per
740 4742 1166 4810 compassionem
1212 4742 1442 4812 proximi
1483 4742 1736 4811 allligitur

173 4835 397 4890 animus.
429 4833 500 4888 Et
523 4836 657 4888 venit
701 4843 811 4903 post
855 4849 953 4886 me.
993 4832 1200 4903 Aliquis
1238 4834 1380 4887 enim
1419 4848 1634 4888 carnem
1659 4832 1738 4886 la-

169 4933 318 4978 cerat
358 4941 458 4994 pro
507 4924 652 4978 inani
679 4922 870 4993 gloria,
898 4922 981 4977 vel
1008 4921 1254 4992 proximo
1281 4922 1570 4976 carnaliter
1591 4937 1738 4977 com-

171 5018 368 5085 patitur
394 5026 456 5070 ut
483 5015 650 5084 culpa:
687 5013 896 5078 faveat,
930 5014 1019 5068 hic
1044 5029 1258 5069 crucem
1301 5013 1442 5070 ferre
1480 5015 1694 5070 videtur
1717 5056 1734 5084 ,

177 5106 262 5158 sed
293 5106 463 5159 Deum
490 5119 596 5158 non
627 5103 889 5172 sequitur.

243 5196 404 5252 Vens.
437 5197 532 5252 28.
565 5225 635 5235 —
665 5193 794 5260 Quis
825 5195 961 5248 enim
1005 5211 1068 5249 ea:
1106 5195 1262 5250 vobis.
1305 5195 1596 5267 Postquam
1633 5197 1738 5254 Do-

177 5287 350 5342 minus
376 5286 726 5357 scquentibus
777 5299 835 5340 sc
886 5285 940 5338 in
975 5283 1268 5340 Jerusalem
1301 5286 1446 5340 dedit
1487 5287 1736 5342 sublimia

179 5386 438 5448 praecepta
465 5377 532 5431 de
561 5382 865 5444 contemptu
892 5375 1096 5440 mundi,
1124 5383 1178 5430 et
1199 5376 1264 5430 de
1291 5374 1590 5444 abjectione
1616 5393 1736 5433 cor-

171 5469 350 5536 poris,
403 5468 655 5538 supponit
701 5475 1026 5536 praeceptum
1085 5467 1151 5521 de
1198 5469 1626 5535 perseverantia,
1670 5469 1737 5524 ad

177 5574 335 5625 quam
382 5557 686 5613 necessaria
733 5563 816 5610 est
858 5571 982 5610 cum
1022 5555 1320 5611 humilitate
1362 5557 1642 5626 patientia.
1672 5558 1741 5612 Et

174 5649 276 5706 hoc
307 5666 408 5720 per
437 5647 608 5704 simile
633 5647 967 5704 aediﬁcantis.
1020 5646 1228 5702 Turrim
1266 5648 1546 5716 wdiﬁcare.
1603 5649 1736 5715 Quia

175 5741 424 5797 sublimia
477 5747 740 5810 praecepta
787 5738 968 5805 dedit,
1015 5737 1342 5795 aediﬁcanda:
1395 5739 1742 5796 sublimitatis

1845 1929 2174 1992 temperetur
2212 1939 2308 1994 per
2340 1927 2786 1981 misericordiam.
2834 1929 2888 1981 ln
2942 1937 3225 1997 conspectu
3269 1929 3411 1983 enim

1841 2011 1934 2067 Dei
1964 2015 2138 2067 omnis
2166 2015 2326 2068 homo
2362 2015 2723 2083 imperfectus.
2759 2015 2820 2072 Si
2861 2017 3040 2087 possit.
3085 2017 3248 2084 Quasi
3291 2034 3412 2074 cum

1840 2103 2023 2158 decem
2053 2105 2290 2160 millibus
2318 2107 2553 2162 occurrit
2575 2107 2705 2170 Deo,
2724 2108 2814 2178 qui
2842 2107 3000 2163 oll‘ert
3027 2124 3191 2178 opera
3227 2110 3414 2166 decem

1839 2198 2214 2249 mandatorum
2243 2211 2362 2264 quae
2389 2197 2630 2252 exterius
2670 2199 2862 2268 gessit.
2914 2199 3018 2254 Sed
3070 2199 3211 2254 Deus
3257 2201 3414 2270 quasi

1838 2297 1959 2338 cum
1992 2283 2260 2353 duplicato
2299 2301 2523 2340 numero
2574 2289 2934 2354 contravenit,
2982 2304 3104 2361 cum
3135 2289 3222 2342 vix
3266 2289 3411 2345 illum

1838 2388 2197 2447 praeparatum
2236 2379 2288 2432 in
2320 2378 2432 2434 solo
2455 2394 2637 2448 opere,
2672 2379 2892 2434 discutit
2941 2380 3100 2435 simul
3152 2381 3217 2436 de
3251 2398 3414 2452 opere

1836 2475 1891 2521 et
1911 2469 2252 2538 cogitatione.
2277 2469 2343 2522 Et
2366 2469 2503 2531 ideo,
2523 2469 2649 2522 dum
2675 2470 2850 2523 adhuc
2879 2469 3035 2540 longe
3060 2479 3141 2524 est
3164 2487 3260 2540 per
3283 2473 3416 2526 dila-

1841 2559 2036 2613 tionem
2053 2557 2263 2626 judicii,
2297 2574 2396 2613 nos
2424 2558 2726 2628 fragilitatis
2753 2570 2950 2614 nostrae
2985 2559 3414 2616 insuﬂicientiam

1839 2649 2199 2717 attendentes,
2230 2649 2296 2702 ad
2334 2647 2723 2718 impetrandam
2767 2649 2939 2704 severi
2986 2650 3180 2718 iudicis
3223 2667 3412 2720 pacem

1837 2741 2097 2795 debemus
2134 2739 2462 2809 praemittere
2502 2739 2823 2807 legationem
2876 2739 3234 2812 lacrymarum
3260 2782 3273 2806 ,
3317 2743 3414 2798 bo-

1839 2847 2028 2886 norum
2057 2846 2306 2901 operum,
2333 2831 2544 2898 piorum
2580 2829 2851 2885 allectum.

1908 2927 2067 2979 Vens.
2099 2922 2375 2978 35.4-Sic
2402 2940 2543 2992 ergo,
2567 2932 2669 2976 etc.
2698 2922 2862 2977 Infert
2888 2938 2916 2976 a
2943 2924 3236 2994 prmmissis
3263 2925 3413 2980 simi-

1835 3005 2169 3069 litudinilms.
2202 3013 2642 3082 Quandoquidem
2670 3029 2776 3067 non
2809 3014 2947 3068 bene
2973 3023 3152 3083 potest
3175 3015 3412 3070 mdiﬁca-

1839 3120 1894 3157 re
1921 3105 2009 3174 qui
2041 3119 2146 3156 non
2175 3111 2449 3171 computat
2475 3111 2741 3171 sumptus,
2764 3118 2880 3157 -nec
2906 3117 3094 3158 secure
3115 3113 3291 3175 potest
3318 3120 3409 3160 oc-

1839 3207 2058 3247 currere
2108 3192 2199 3260 qui
2241 3206 2345 3245 non
2403 3192 2681 3260 praemittit
2724 3191 3045 3263 legationem
3072 3234 3086 3256 ,
3135 3209 3265 3262 ergo
3311 3210 3412 3250 nec

1835 3297 1988 3335 meus
2017 3289 2195 3351 potest
2218 3295 2336 3336 esse
2370 3283 2660 3353 discipulus
2707 3285 2799 3353 qui
2851 3299 2958 3338 non
2989 3287 3264 3340 renuntiat
3293 3303 3410 3342 om-

1836 3372 2012 3427 nibus.

1907 3461 2069 3516 Vnus.
2095 3463 2185 3517 '54.
2209 3494 2279 3503 —
2303 3462 2527 3518 Bonum.
2559 3463 2699 3520 Vere
2725 3467 2820 3536 qui
2847 3466 2963 3521 vult
3002 3481 3154 3522 meus
3176 3482 3294 3524 esse
3324 3470 3406 3524 di-

1837 3552 2074 3621 scipulus
2107 3561 2320 3621 oportet
2346 3561 2404 3607 ut
2436 3554 2708 3609 renuntiet
2735 3555 2987 3612 omnibus
3013 3597 3028 3623 ,
3055 3557 3182 3627 quia
3209 3558 3280 3612 ita
3304 3560 3411 3614 erit

1835 3643 2034 3698 bonum
2075 3643 2176 3708 sal,
2207 3644 2259 3698 id
2300 3653 2389 3698 .est
2411 3644 2607 3714 dignus
2636 3646 2890 3701 constitui
2934 3648 2986 3701 in
3029 3662 3255 3703 numero
3281 3663 3410 3720 apo-

1835 3730 2118 3797 stolorum,
2143 3732 2209 3787 ad
2241 3732 2540 3788 condienda
2564 3733 2727 3788 corda
2775 3733 3078 3790 auditorum
3110 3736 3408 3806 spiritualla

1835 3822 2118 3892 sapientia.

1906 3910 2072 3964 Vens.
2095 3911 2185 3966 35.
2215 3941 2285 3952 ——
2325 3911 2506 3983 Neque
2527 3915 2582 3968 in
2611 3915 3013 3985 sterquilinium.
3039 3915 3130 3972 Sal
3167 3918 3404 3975 sterilem

1836 4003 1965 4058 facit
2012 4012 2231 4059 terram.
2265 4003 2419 4059 Unde
2467 4007 2547 4060 ira
2585 4007 2849 4061 victorum
2893 4009 3198 4065 destructas
3246 4013 3410 4068 nrbes

1837 4096 1948 4152 sale
1969 4097 2288 4160 scminabat,
2302 4112 2368 4150 ne
2385 4097 2438 4151 in
2460 4098 2539 4152 eis
2558 4112 2773 4169 germen
2793 4099 3048 4154 oriretur.
3065 4100 3140 4154 Ita
3156 4104 3408 4172 apostoli,

1837 4190 2110 4243 destructo
2140 4188 2346 4258 peccati
2380 4203 2580 4260 regno,
2623 4205 2841 4260 germen
2886 4189 3137 4246 vitiorum
3190 4209 3406 4264 compe:

1837 4287 2014 4334 scunt.
2046 4276 2138 4332 Sal
2163 4278 2314 4335 cibos
2352 4279 2557 4345 condit,
2588 4294 2782 4337 carnes
2808 4279 2996 4338 siccat.
3026 4280 3346 4358 Praedicatio
3377 4303 3406 4340 a

1837 4369 2112 4424 vermibus
2135 4376 2190 4425 et
2213 4368 2496 4439 putredine
2528 4368 2787 4426 vitiorum
2839 4369 3057 4450 “laesam
3102 4381 3280 4448 servat
3309 4390 3407 4447 suq

1838 4455 2080 4514 Creatori
2110 4458 2400 4514 humanam
2427 4467 2697 4514 naturam.

2430 4614 2658 4672 CAI‘UT
2688 4613 2806 4671 XV.

1907 4749 2072 4802 Vens.
2097 4747 2153 4802 4.
2177 4777 2247 4788 --
2271 4746 2375 4814 Qui
2403 4764 2468 4802 ea:
2495 4748 2656 4814 vobis,
2681 4757 2788 4803 etc.
2837 4748 3114 4805 Didiceras
3144 4751 3196 4805 in
3252 4767 3407 4822 supe:

1836 4839 2071 4893 rmribns
2101 4838 2368 4909 abnegare
2395 4839 2795 4910 negligentiam,
2821 4841 2992 4895 vitare
3017 4843 3404 4912 arrogantiam,

1839 4927 2174 4992 devotionem
2207 4943 2438 4994 sumere,
2465 4929 2814 4984 smcularibus
2837 4931 3274 5000 occupationibus
3301 4950 3406 4989 non

1839 5019 2009 5073 teneri
2038 5058 2054 5083 ,
2102 5017 2300 5073 caduca
2345 5033 2449 5074 non
2493 5017 2746 5089 prazl‘erre
2789 5022 3080 5090 perpetuis.
3131 5021 3235 5077 Sed
3281 5025 3405 5093 quia

1839 5109 2103 5180 fragilitas
2147 5111 2380 5164 humana
2431 5110 2643 5165 ﬁrmum
2696 5113 2881 5182 nequit
2934 5115 2986 5183 in
3030 5122 3178 5170 tanto
3226 5116 3405 5180 surculi

1839 5199 2045 5254 lubrico
2083 5207 2266 5253 tenere
2294 5199 2576 5268 vestigium
2605 5240 2618 5265 ,
2649 5201 2812 5255 etiam
2858 5203 3114 5257 adversus
3165 5219 3405 5260 errorem

1840 5289 2134 5344 remedium
2164 5290 2235 5344 ibi
2266 5289 2504 5344 medicus
2539 5290 2909 5359 demonstrat,
2954 5295 3199 5360 scilicet,
3241 5296 3408 5366 judex

1841 5394 1988 5448 spem
2028 5379 2196 5433 venim
2226 5395 2330 5434 non
2361 5387 2538 5450 negat.
2580 5378 2796 5437 Centum
2823 5400 2957 5438 oves.
2991 5386 3125 5452 Quia
3154 5365 3406 5450 centena;

1843 5469 1954 5522 rius
1983 5484 2238 5523 numerus
2279 5467 2550 5539 perfectus
2587 5481 2687 5526 est.
2716 5473 2856 5530 Deus
2895 5487 3109 5532 centum
3158 5493 3307 5543 oves,
3357 5481 3408 5534 id

1843 5567 1932 5620 est
1973 5558 2267 5626 perlectum
2305 5575 2586 5615 numerum
2620 5562 2827 5628 habuit,
2859 5580 2979 5620 cum
3015 5567 3324 5637 angelorum
3356 5576 3411 5634 et

1847 5649 2122 5704 hominum
2144 5649 2499 5706 substantiam
2521 5653 2744 5715 creavit;
2763 5655 2855 5709 sed
2877 5671 2978 5710 una
3000 5657 3174 5726 periit,
3195 5657 3410 5725 quando

1850 5742 2009 5796 homo
2052 5756 2248 5811 pascua
2296 5742 2417 5797 vita:
2445 5746 2720 5814 peccando
2759 5746 3040 5816 dereliquit
3072 5762 3085 5800 :
3117 5751 3246 5817 ergo
3285 5749 3408 5816 inuia
