3960 6336
527 391 626 447 511
1023 392 1412 449 WALAFRIDI
1450 392 1695 451 STRABI
1727 384 1932 453 FULD.
1970 393 2140 453 MON.
2176 388 2325 451 OPP.
2364 392 2544 450 PARS
2585 394 2627 449 l.
2661 426 2733 439 —-
2765 395 3230 474 THEOLOGICA.
3678 406 3781 463 319

528 502 814 597 rationalis
841 511 1113 597 creaturae,
1144 520 1404 562 numerus
1447 516 1706 578 pereunte
1742 509 1962 565 homine
1990 516 2112 563 erat
2136 510 2189 570 Α
2213 522 2309 562 sua
2342 517 2611 579 potestate
2646 511 2752 577 uti,
2798 521 2860 567 ut
2893 514 3043 571 nuibo
3068 514 3352 582 formante,
3384 518 3535 576 nullo
3561 536 3781 597 ηςωιο

528 595 846 661 diminutas,
879 595 1072 669 quaerit
1102 595 1157 652 in
1202 604 1345 652 terra
1373 598 1646 653 hominem
1673 607 1732 653 ut
1774 614 1984 656 summa
2014 600 2100 654 in-
2204 601 2371 655 vivat.
2402 600 2587 667 Pater,
2618 604 2707 656 da.
2738 604 3029 661 Dimidium
3068 610 3451 678 patrimonium
3474 616 3782 682 petentibus

529 693 788 756 tegretur.
2202 688 2382 765 datur,
2416 703 2515 743 nec
2556 699 2642 746 est
2686 692 2842 762 culpa
2891 696 3065 764 patris
3092 698 3185 765 qui
3226 698 3319 752 dat
3343 699 3800 760 adolescentiorid

605 779 790 835 Nonne
827 779 1062 834 dimittit.
1110 778 1276 847 Quasi
1316 780 1507 837 dicat:
1537 780 1886 837 Murmuratis
1908 823 1923 848 ,
1972 783 2099 852 quia

522 880 838 947 peccatores
866 871 1106 946 recipio,
1158 872 1255 940 sed
1297 887 1397 947 ego
1425 888 1533 927 non
1569 873 1693 928 veni
1723 873 1828 929 nisi
1856 881 1917 928 ut
1944 875 2098 950 aber-

524 970 711 1018 rantes
735 961 1003 1035 colligam,
1026 962 1168 1018 sicut
1190 958 1557 1035 unusduisque
1583 972 1823 1019 vestrum
1843 966 2101 1037 aberran-

524 1058 631 1105 tem
655 1064 810 1106 ovem
836 1052 1092 1107 reducere
1120 1052 1349 1109 laborat.

593 1142 756 1199 Vsus.
781 1143 835 1199 5.
857 1173 930 1184 —
948 1143 1178 1214 lmponit
1199 1145 1254 1199 in
1274 1145 1566 1199 humerum.
1591 1143 1756 1201 Ovem
1777 1144 1833 1199 in
1854 1144 2107 1200 humeris

519 1239 720 1308 posuit,
754 1238 868 1307 qui,
897 1238 1187 1308 humanam
1230 1246 1484 1292 naturam
1522 1237 1845 1307 suscipiens,
1876 1247 2094 1308 peccata

520 1338 707 1384 nostra
750 1329 866 1399 ipse
908 1329 1144 1400 portavit
1187 1345 1203 1399 ς
1249 1329 1391 1384 unde
1428 1328 1637 1383 humeri
1683 1326 1884 1383 Christi
1918 1330 2097 1384 crucis

520 1421 746 1476 brachia
790 1429 939 1486 sunt,
974 1419 1085 1476 illic
1110 1428 1331 1491 peccata
1365 1428 1555 1474 nostra
1601 1418 1888 1491 deposuit,
1922 1418 1977 1474 in
2006 1418 2094 1474 ilia

522 1506 718 1567 nobilis
740 1512 961 1583 patibuli
986 1501 1196 1567 cervice
1224 1508 1506 1582 requievit.
1694 1506 1695 1509 “

594 1602 827 1660 Vsas.6.
843 1633 911 1643 —
938 1601 1007 1657 Et
1033 1604 1255 1657 veniens.
1286 1596 1555 1673 Reparato
1569 1602 1787 1657 homine
1812 1602 1879 1659 ad
1900 1600 2092 1659 cadum

525 1695 665 1750 redit
686 1704 895 1767 pastor,
916 1694 990 1749 ibi
1018 1694 1333 1767 angelorum
1360 1696 1556 1751 choros
1582 1695 1804 1750 invenit.
1834 1695 1935 1764 Qui
1960 1696 2095 1752 ami-

2200 776 2354 832 Nul-la
2384 778 2440 833 in
2465 794 2633 851 regno
2654 783 2749 838 Dei
2780 780 2994 841 inﬁrma
3028 795 3182 853 astas,
3211 804 3312 845 nec
3353 791 3489 847 ﬁdes
3527 804 3783 864 gravatur

2200 870 2380 934 annis,
2431 871 2535 925 nisi
2578 872 2693 942 ipse
2724 884 2872 930 certe
2900 890 2958 930 se
2996 877 3322 947 iudicaverit
3350 881 3663 939 inidoneum
3689 887 3783 954 qui

2197 960 2394 1029 poscit.
2433 958 2492 1015 Si
2519 961 2624 1015 iste
2649 978 2754 1017 non
2781 967 3098 1022 recessisset
3130 983 3161 1023 a
3193 978 3347 1039 patre
3373 1012 3389 1037 ,
3421 972 3783 1043 impedimen-

2199 1063 2319 1109 tum
2345 1056 2606 1112 nescisset
2630 1059 2828 1126 aetatis,
2860 1064 2957 1116 sed
2987 1076 3228 1133 persegne
3258 1065 3532 1134 profectus
3579 1069 3785 1123 merito

2196 1145 2580 1215 patrimonium
2615 1157 2812 1203 vastat.
2836 1149 2903 1204 Et
2931 1150 3123 1205 divisit.
3157 1152 3432 1211 Fideiibus
3452 1171 3567 1212 suae
3587 1159 3780 1227 gratis

2196 1238 2585 1306 protectionem
2611 1279 2623 1302 ,
2665 1255 2826 1310 quam
2890 1242 3307 1311 desiderabant,
3360 1246 3728 1317 impertienda
3764 1269 3781 1304 :

2198 1327 2502 1383 inﬁdelibus
2534 1344 2663 1383 vero
2684 1330 3024 1386 naturalibus
3049 1332 3222 1388 solum
3257 1336 3458 1406 ingenii
3499 1353 3611 1407 quo
3654 1355 3784 1394 cou-

2198 1417 2328 1471 tenti
2361 1426 2538 1483 erant,
2571 1419 2894 1477 beneﬁcium
2923 1423 3285 1479 concedendo.

2268 1508 2433 1562 Vens.
2481 1508 2569 1562 15.
2623 1539 2677 1548 -
2715 1509 2840 1565 Non
2889 1498 3021 1583 post-
3047 1513 3258 1569 multos.
3303 1515 3418 1571 Non
3462 1518 3637 1573 multo
3664 1527 3784 1588 post

2196 1598 2589 1655 institutionem
2611 1601 2831 1658 humam
2856 1604 3089 1675 generis,
3114 1607 3528 1676 placuitanimae
3548 1611 3784 1666 liberum

2200 1689 2489 1745 arbitrium
2540 1689 2685 1747 ferre
2733 1707 2940 1762 secum,
2971 1701 3125 1767 quasi
3156 1701 3441 1768 quamdam
3482 1704 3783 1771 potentiam

522 1790 596 1855 ci,
623 1790 748 1860 quia
788 1790 844 1844 in
891 1775 1183 1855 stabilitate
1212 1805 1308 1855 sua
1338 1792 1667 1846 voluntatem
1691 1789 1809 1860 eius
1838 1775 2095 1853 continue
2125 1855 2166 1863 __
2195 1792 2405 1840 Balline
2449 1800 2580 1851 Slve.
2627 1794 2686 1843 et
2732 1786 2982 1847 deserere
3031 1805 3153 1848 eum
3185 1808 3214 1847 3
3254 1809 3362 1863 quo
3404 1779 3625 1850 σσηὶίῖῐε
3676 1805 3782 1863 es",

522 1855 866 1946 cusmdiunt;
891 1881 979 1950 qui
1004 1889 1057 1936 et
1078 1880 1240 1935 vicini
1262 1922 1277 1946 ,
1301 1883 1427 1951 quia
1450 1881 1699 1939 claritate
1718 1855 1953 1940 Yvisionis
1977 1882 2094 1957 eius
2125 1855 2169 1912 Β
2196 1874 2478 1932 conﬁdens
2500 1877 2709 1935 Viribus
2734 1881 2866 1935 suis.
2898 1882 2965 1936 Et
2993 1882 3091 1937 has
3117 1855 3435 1940 vires-tanto
3457 1885 3619 1940 citius
3654 1855 3784 1941 con;

520 1974 798 2035 fruuntur.
847 1972 913 2027 Et
964 1980 1127 2039 nota,
1186 1974 1329 2051 quod
1366 1989 1473 2030 non
1507 1974 1641 2030 dicit
1684 1993 1698 2031 :
1743 1974 2095 2047 Congratuia-

519 2062 654 2117 mini
689 2064 774 2127 ovi
824 2064 1081 2135 inventae,
1104 2064 1196 2120 sed
1224 2065 1384 2137 mihi,
1413 2064 1540 2136 quia
1582 2067 1836 2138 gaudium
1870 2068 1986 2139 ejus
2011 2077 2103 2131 est,

519 2154 631 2218 vita
661 2163 872 2221 nostra.
1606 2146 1607 2149 “

591 2243 754 2308 Vens.
771 2245 825 2308 Ἰ.
849 2276 920 2287 -
942 2245 1074 2301 Dico
1103 2248 1264 2303 vobis.
1287 2247 1346 2303 In
1369 2249 1663 2321 nonaginta
1684 2265 1900 2318 novem,
1926 2250 2096 2320 justo-

518 2352 639 2391 rum
666 2352 922 2402 numerus
953 2338 1305 2409 intelligitur;
1355 2340 1408 2394 in
1433 2355 1539 2395 una
1577 2356 1698 2407 ove,
1728 2351 2090 2413 peccatorum.

518 2426 804 2487 Gaudium.
853 2427 1062 2505 Angeli,
1091 2429 1217 2509 quia
1247 2429 1542 2487 rationales
1565 2471 1581 2496 ,
1626 2432 1862 2502 gaudent
1889 2432 1956 2491 de
2008 2447 2092 2486 re-

515 2520 803 2583 conciliato
831 2521 932 2585 sibi
970 2521 1189 2577 homine
1206 2562 1221 2589 ,
1246 2521 1390 2591 quod
1415 2523 1656 2580 incendit
1684 2538 1786 2579 nos
1817 2524 1884 2579 ad
1911 2524 2093 2596 probi-

519 2621 682 2671 tatem
729 2629 743 2667 :
776 2628 998 2692 agamus
1026 2612 1188 2699 'quod
1231 2612 1338 2668 illis
1384 2623 1597 2685 gratum
1628 2614 1741 2681 sit,
1781 2598 2012 2685 quorum
2038 2624 2095 2671 et

516 2704 774 2765 allectare
808 2704 1188 2780 patrocinium,
1219 2714 1274 2761 et
1301 2706 1561 2762 oﬂ‘ensam
1591 2707 1783 2763 timere
1812 2709 2089 2768 debemus.

518 2798 691 2865 Quam
727 2816 901 2870 super.
937 2798 996 2854 Si
1026 2799 1081 2854 in
1110 2800 1404 2871 nonaginta
1446 2815 1637 2854 novem
1664 2799 1827 2870 justis
1852 2800 1944 2869 qui
1982 2814 2089 2854 non

515 2900 836 2952 erraverunt
866 2905 966 2955 nec
1011 2890 1255 2965 indigent
1277 2892 1596 2962 poenitentia
1627 2931 1644 2956 ,
1685 2891 1857 2962 angeli
1892 2890 2088 2946 intelli-

515 2988 739 3052 guntur,
764 2980 937 3055 maius
959 2981 1170 3043 videtur
1194 2981 1390 3058 impios
1407 2981 1709 3053 iustificare
1734 2996 1895 3052 quam
1914 2977 2091 3049 iustos

515 3085 705 3129 creare
740 3078 797 3127 et
827 3086 1173 3139 conservare,
1221 3071 1346 3145 quia
1394 3070 1496 3128 etsi
1550 3078 1839 3140 utrumque
1867 3070 2092 3141 aequalis

514 3164 787 3235 potentias,
811 3161 899 3218 hic
918 3163 1137 3234 majoris
1159 3161 1547 3222 misericordiae
1568 3168 1621 3215 et
1643 3159 1861 3230 majoris
1882 3160 2086 3233 gaudii.
2119 3203 2165 3264 Ο

592 3254 750 3314 Vsus.
773 3253 829 3317 8.
854 3284 924 3295 ——
950 3254 1053 3315 Ant
1102 3270 1219 3326 quia
1246 3253 1455 3317 mulier.
1495 3252 1715 3319 Mulier,
1760 3252 1812 3306 id
1852 3260 1934 3308 est
1995 3252 2091 3308 Dei

514 3344 800 3417 sapientia,
829 3346 1015 3401 decem
1060 3345 1348 3400 drachmas
1384 3344 1592 3411 habuit,
1613 3359 1735 3399 cum
1764 3343 2011 3399 homines
2038 3354 2093 3399 et

514 3438 731 3510 angelos
764 3438 833 3499 ad
860 3437 1152 3507 imaginem
1191 3452 1345 3491 suam
1379 3437 1619 3493 creavit.,
1645 3433 1752 3491 Sed
1779 3451 1941 3489 unam
1971 3451 2094 3505 per-

513 3530 650 3585 didit
679 3569 695 3595 ,
737 3544 860 3584 cum
892 3529 1053 3583 homo
1081 3543 1114 3582 a
1143 3526 1495 3583 similitudine
1525 3525 1800 3587 Creatoris
1846 3526 2090 3580 recessit.

514 3620 623 3676 Sed
648 3621 743 3676 Dei
770 3619 1031 3690 sapientia
1062 3618 1338 3678 lucernam
1362 3619 1428 3672 ad
1452 3618 2092 3688 quaarendurnaccendit,

513 3725 639 3766 cum
665 3709 717 3765 in
741 3723 907 3768 carne
932 3708 1201 3779 apparuit,
1227 3708 1353 3777 quia
1382 3707 1604 3763 lucerna
1632 3716 1714 3763 est
1734 3707 1827 3762 lux
1852 3709 1905 3763 in
1932 3715 2092 3774 testa,

513 3803 567 3857 id
621 3809 708 3856 est
758 3802 980 3856 verbum
1012 3801 1067 3855 in
1109 3814 1292 3855 carne.
1325 3799 1478 3868 Quod
1524 3800 1614 3856 ubi
1658 3799 1802 3855 inter
1849 3799 2095 3857 homines

514 3893 732 3958 claruit,
762 3891 979 3947 domum
1011 3890 1225 3955 evertit,
1257 3892 1383 3962 quia
1417 3890 1779 3946 conscientias
1816 3888 2092 3951 hominum

513 3985 582 4040 de
618 3992 769 4040 reatu
802 3998 901 4039 suo
939 3982 1303 4053 perturbavit,
1325 3991 1383 4041 et
1408 3982 1489 4039 sic
1516 3980 1773 4040 drachma
1803 3979 2090 4050 reperitur,

513 4074 643 4128 dum
702 4073 758 4129 in
811 4073 1031 4129 homine
1082 4073 1377 4131 similitudo
1423 4072 1730 4129 Conditoris
1785 4079 2090 4147 reparatur.

515 4163 728 4221 Haben:
772 4165 1051 4222 drachma:
1102 4160 1310 4224 decem.
1346 4164 1674 4238 Angelorum
1712 4174 1767 4220 et
1815 4165 2093 4225 hominum

511 4264 787 4320 naturam,
816 4272 980 4329 quam
1021 4254 1090 4311 ad
1130 4257 1489 4314 aeternitatem
1510 4256 1772 4315 Dominus
1797 4255 2095 4316 consistere

2194 1975 2373 2023 sumat
2419 1978 2623 2039 quanto
2672 1972 2913 2027 datorem
2961 1974 3182 2030 deserit.
3238 1974 3362 2031 Haec
3409 1984 3494 2030 est
3556 1978 3781 2047 prodiga

2193 2059 2323 2127 vita,
2354 2075 2473 2130 qua:
2498 2071 2645 2117 amat
2690 2062 2916 2125 [undere
2957 2074 3011 2120 et
3058 2067 3285 2137 spatiari
3310 2069 3362 2121 in
3390 2069 3605 2139 pompis
3627 2079 3783 2125 exte-

2194 2152 2455 2220 rioribus,
2483 2155 2797 2226 relinquens
2824 2172 2946 2213 eum
2973 2160 3065 2229 qui
3103 2160 3205 2214 sibi
3240 2168 3324 2215 est
3344 2161 3572 2216 interior

2264 2242 2428 2299 Vsus.
2460 2246 2547 2299 14.
2572 2278 2643 2288 -
2671 2248 2891 2325 Et'ipae
2927 2253 3095 2321 coepit.
3139 2252 3274 2319 Quia
3319 2253 3468 2307 nihil
3509 2254 3645 2309 satis
3693 2263 3781 2310 est

2192 2335 2432 2406 prodiga:
2451 2337 2738 2408 voluptati,
2764 2340 2891 2409 quia
2932 2342 3184 2413 voluptas
3234 2358 3451 2418 semper
3487 2344 3653 2399 habet
3698 2345 3782 2399 fa-

2193 2440 2335 2479 mem
2360 2426 2473 2491 sui;
2502 2430 2700 2483 merito
2721 2444 2850 2500 ergo
2870 2439 3011 2501 eget,
3034 2432 3125 2500 qui
3155 2432 3438 2499 thesauros
3464 2434 3775 2504 sapientia,

2193 2516 2612 2588 divitiarumque
2639 2520 2939 2576 cmiestium
2971 2521 3311 2578 altitudinem
3339 2524 3576 2594 reliquit.

2265 2610 2429 2665 Vsus.
2461 2609 2549 2666 15.
2580 2642 2650 2653 -
2678 2610 2781 2666 Uni
2809 2613 3017 2668 civium.
3051 2614 3201 2670 Unus
3227 2615 3424 2670 civium
3465 2616 3556 2671 ille
3577 2626 3660 2672 est
3681 2618 3789 2688 qu'r

2193 2701 2649 2771 concupiscentiis
2679 2704 2911 2760 terrenis
2956 2706 3151 2761 merito
3185 2705 3468 2776 pravitatis
3496 2724 3605 2762 sua:
3630 2724 3773 2779 pra:-

2192 2791 2402 2861 positus
2435 2791 2688 2862 princeps
2723 2794 2909 2849 mundi
2948 2803 3190 2850 vocatur.
3220 2796 3321 2862 Qui
3353 2797 3407 2851 in
3438 2797 3616 2851 villam
3642 2798 3775 2852 mit-

2194 2881 2279 2947 tit,
2310 2882 2435 2951 quia
2479 2883 2773 2951 cupiditati
2808 2883 3097 2941 mundialis
3154 2887 3465 2942 substantia:
3499 2889 3773 2960 subjugat.

2191 2967 2395 3026 Porcos
2420 2971 2613 3040 pascit,
2644 2986 2764 3026 cum
2791 2986 2854 3026 ea
2883 2974 3080 3043 quibus
3106 2974 3365 3029 immundi
3396 2977 3621 3047 spiritus
3645 2994 3776 3047 gan-

2193 3058 2345 3123 dent,
2411 3068 2682 3130 operatur.
2714 3059 2784 3113 Ut
2809 3072 3040 3130 pasceret
3067 3080 3269 3132 porcas.
3312 3063 3514 3120 Porcus
3542 3067 3776 3121 immun-

2194 3151 2321 3205 dum
2343 3151 2563 3215 animal,
2593 3152 2735 3221 quod
2761 3153 3014 3208 sordibus
3044 3155 3370 3219 delectatur;
3397 3157 3475 3211 sic
3502 3156 3776 3223 diabolus,

2194 3241 2287 3312 qui
2343 3242 2395 3297 in
2442 3242 2599 3303 idolis
2644 3257 2838 3298 cruore
2885 3245 3148 3313 pecudum
3205 3245 3461 3314 pascitur,
3514 3253 3570 3299 et
3599 3255 3780 3301 morte

2194 3332 2364 3402 ipsius
2403 3330 2657 3387 hominis.
2696 3332 2840 3387 Misit
2885 3348 3013 3404 ergo
3065 3334 3118 3389 in
3146 3335 3353 3401 villam,
3399 3335 3449 3388 id
3490 3344 3573 3389 est
3618 3352 3777 3390 suum

2193 3421 2324 3477 fecit
2350 3422 2631 3490 famulum,
2664 3432 2723 3478 ut
2749 3434 2998 3495 pasceret
3026 3440 3239 3496 porcos,
3270 3424 3558 3482 immolatis
3581 3429 3628 3484 ei
3656 3430 3779 3482 aui.

2196 3527 2339 3567 ruam
2374 3528 2546 3568 suam.

2267 3601 2429 3658 Vens.
2462 3604 2547 3658 16.
2592 3635 2658 3645 -
2696 3603 2769 3659 Et
2809 3605 3067 3677 cupiebat.
3123 3605 3292 3663 Cibus
3337 3609 3643 3664 dmmonum
3693 3619 3780 3665 est

2193 3700 2452 3764 ebrietas,
2492 3702 2776 3759 fornicatio
2803 3704 3193 3774 ethujusmodi
3225 3746 3240 3770 ,
3270 3721 3391 3777 quae
3415 3705 3611 3761 blanda
3653 3716 3781 3763 sunt

2194 3798 2251 3846 et
2276 3791 2344 3846 ad
2372 3793 2454 3847 sui
2486 3808 2642 3848 usum
2668 3803 2985 3863 provocant.
3017 3794 3201 3865 Neque
3233 3797 3338 3851 aria
3365 3812 3494 3852 cura
3518 3806 3605 3853 est
3625 3798 3779 3853 luxu—

2193 3883 2356 3939 riosis
2401 3884 2504 3940 nisi
2552 3894 2612 3941 ut
2634 3894 2878 3941 ventrem
2904 3902 3058 3942 suum
3083 3888 3357 3959 impleant,
3400 3906 3625 3961 quorum
3652 3894 3780 3957 deus

2192 3985 2367 4028 uenter
2394 3984 2469 4029 est
2498 3973 2717 4046 (Philip.
2752 3977 2858 4045 ιιι).
2910 3976 3015 4031 Sed
3050 3978 3131 4032 eis
3159 3993 3265 4032 non
3297 3986 3471 4049 potest
3500 3983 3733 4036 satur-ari
3758 4022 3776 4045 ,

2193 4064 2318 4135 quia
2364 4065 2613 4136 voluptas
2643 4080 2859 4135 semper
2909 4066 3076 4122 habet
3124 4066 3321 4122 famem
3362 4070 3465 4123 sui.
3498 4070 3672 4125 Nemo
3702 4072 3781 4125 illi

2192 4153 2369 4207 dabat.
2404 4153 2539 4221 Quia
2570 4153 2814 4209 diabolus
2840 4170 2962 4210 cum
2991 4156 3228 4226 aliquem
3256 4172 3413 4212 suum
3455 4158 3610 4222 facit,
3641 4159 3777 4214 uitta

2196 4247 2263 4301 ad
2294 4246 2547 4301 vitiorum
2578 4247 2961 4303 abundantiam
2995 4262 3101 4302 non
3147 4258 3419 4318 procurat,
3453 4250 3634 4306 sciens
3658 4267 3780 4307 esse

510 4346 701 4408 voluit,
734 4347 801 4402 ad
846 4362 996 4400 suam
1045 4343 1452 4403 similitudinem
1483 4346 1706 4401 creavit.
1734 4344 1931 4399 Decem
1963 4360 2095 4415 ergo
2188 4339 2300 4410 jam
2329 4349 2620 4395 mortuum.

511 4434 804 4490 drachmas
830 4435 1023 4488 mulier
1053 4432 1264 4499 habuit,
1295 4447 1420 4491 cum
1454 4448 1646 4490 novem
1675 4434 1955 4489 ordinibus
1998 4449 2098 4488 an-i

2265 4432 2431 4487 Vnus.
2460 4433 2544 4486 17.
2576 4464 2645 4474 —
2681 4431 2881 4499 Quanti
2907 4435 3234 4489 mercenarii.
3267 4433 3367 4502 Qui
3396 4432 3591 4490 hitur-te
3631 4450 3774 4490 mer—

511 4525 757 4597 gelorum
789 4525 1004 4581 additus
1029 4535 1116 4580 est
1140 4526 1303 4581 homo
1326 4564 1341 4592 ,
1374 4534 1435 4579 ut
1464 4524 1822 4595 compleretur
1851 4526 2091 4583 decimus
2118 4560 2168 4618 ι)
2194 4522 2341 4583 cedis
2380 4522 2575 4587 intuitu
2612 4523 2772 4605 digna
2822 4525 3035 4593 operari
3095 4532 3346 4596 satagunt
3374 4566 3390 4587 ,
3445 4523 3776 4594 quotidianis

509 4618 811 4673 electorum
833 4631 1111 4671 numerus.
1138 4616 1241 4683 Qui
1271 4631 1374 4671 nec
1392 4624 1518 4686 post
1538 4615 1753 4685 culpam
1780 4631 1810 4670 a
1832 4615 2090 4672 Creatore

510 4713 699 4785 periit,
721 4714 848 4784 quia
868 4728 992 4768 eum
1015 4712 1281 4783 sapientia
1318 4712 1414 4768 Dei
1439 4727 1538 4785 per
1564 4727 1785 4770 carnem
1815 4714 2090 4775 miraculis

511 4821 836 4871 coruscans,
890 4821 959 4861 ex
1004 4794 1207 4860 lumine
1266 4812 1419 4859 testae
1463 4804 1751 4875 reparavit.
1808 4804 2087 4861 Convocat.

511 4900 718 4959 Amica:
748 4907 805 4954 et
832 4896 1021 4953 vicinae
1043 4911 1290 4967 superna:
1314 4901 1638 4964 potestates,
1656 4909 1776 4965 quae
1806 4902 1955 4950 tanto
1980 4893 2090 4951 Deo

509 4991 669 5062 juxta
715 4995 889 5054 aunt,
937 4998 1140 5058 quanto
1180 5001 1305 5041 eum
1348 4984 1580 5040 vicinius
1635 4983 2085 5052 contemplantur.

516 5081 664 5156 Quas
682 5088 865 5145 vocat,
888 5076 1014 5133 dum
1037 5092 1134 5147 per
1162 5074 1548 5131 exhibitionem
1573 5073 1758 5144 grau‘:e
1782 5071 2090 5129 hominibus

516 5174 780 5245 impensae
835 5168 904 5224 ad
952 5181 1192 5221 amorem
1267 5165 1349 5221 sui
1397 5162 1771 5219 vehementius
1822 5162 2087 5222 accendit.

591 5260 757 5316 Vsus.
802 5259 891 5315 11.
920 5288 993 5300 -
1028 5256 1198 5321 Homo
1248 5255 1480 5327 quidam.
1536 5252 1751 5309 Duabus
1800 5252 2094 5328 praemissis

515 5351 812 5425 parabolis,
860 5359 1119 5421 quantum
1174 5348 1288 5426 ipse
1338 5361 1462 5402 cum
1514 5344 1719 5416 angelis
1754 5344 1986 5415 gaudeat
2028 5345 2094 5399 de

520 5442 898 5517 pmnitentium
926 5439 1097 5497 salute
1128 5439 1382 5497 insinuat.
1431 5435 1489 5490 ln
1531 5435 1632 5491 hac
1667 5435 1827 5491 tertia
1863 5450 1969 5493 non
2000 5451 2089 5490 so-

520 5534 634 5595 lum
663 5532 915 5602 gaudium
944 5530 1199 5596 ostendit,
1238 5527 1333 5583 sed
1369 5526 1531 5582 etiam
1575 5540 1818 5581 murmur
1854 5524 2095 5580 inviden-

522 5627 656 5693 tium
680 5621 1045 5695 reprehendit.

594 5719 758 5773 Vnus.
790 5715 877 5771 12.
908 5745 977 5755 -
1006 5712 1068 5767 Et
1098 5712 1253 5777 dixit,
1282 5720 1388 5765 etc.
1420 5709 1571 5764 Sicut
1594 5708 1736 5766 Deus
1777 5723 1884 5763 non
1932 5707 2096 5763 habet

520 5810 687 5874 alium
718 5823 748 5863 a
792 5822 900 5877 quo
927 5803 1206 5867 formetur,
1249 5817 1279 5856 a
1315 5816 1423 5871 quo
1472 5807 1717 5871 negatur,
1748 5798 1828 5856 sic
1853 5798 1954 5855 iste
1983 5797 2095 5855 vult

2196 4628 2443 4684 superna:
2470 4614 2657 4684 gratia:
2682 4614 3000 4670 reficiuntur
3015 4615 3429 4671 alimentis.Sed
3445 4615 3589 4670 fame
3615 4617 3772 4686 perit,

2196 4705 2295 4774 qui
2320 4713 2475 4760 extra
2502 4705 2718 4760 domum
2747 4705 2937 4775 patris,
2967 4705 3019 4761 id
3043 4714 3127 4761 est
3165 4707 3283 4761 sine
3315 4705 3419 4761 ﬁde
3449 4707 3665 4771 vivens,
3691 4706 3772 4759 vi-

2199 4805 2310 4851 tam
2342 4797 2557 4851 beatam
2589 4795 2643 4850 in
2675 4796 2829 4851 inani
2848 4796 3183 4867 philosophia
3208 4797 3450 4867 inquirit.

2214 4888 2223 4893 ’
2268 4886 2429 4941 Vsus.
2474 4886 2558 4941 18.
2606 4915 2679 4926 -
2727 4883 2909 4952 Pater,
2949 4887 3175 4957 peccavi.
3231 4888 3344 4942 Etsi
3397 4888 3541 4943 Deus
3592 4884 3791 4943 omnia

2193 4976 2366 5042 novit,
2427 4991 2615 5031 vocem
2652 4983 2832 5031 tamen
2887 4986 3163 5048 exspectat
3215 4978 3591 5034 confessionis.
3644 4978 3772 5034 Sine

2193 5068 2435 5138 periculo
2469 5068 2666 5138 prodas
2691 5069 2833 5138 quod
2862 5070 2969 5124 scis
2988 5069 3101 5140 jam
3123 5084 3243 5125 esse
3264 5071 3536 5140 cognitum
3568 5086 3585 5125 :
3609 5071 3771 5127 habes

2197 5172 2415 5213 causam
2447 5166 2505 5212 ut
2530 5173 2630 5238 pro
2675 5166 2728 5212 te
2777 5157 3102 5215 interveniat
3145 5158 3423 5223 Christus,
3459 5175 3560 5214 nec
3587 5175 3687 5229 pro
3721 5168 3770 5213 te

2197 5253 2368 5321 gratis
2389 5263 2635 5308 mortuus
2649 5252 2749 5320 sit;
2769 5254 2932 5309 habet
2952 5262 3007 5308 et
3027 5268 3244 5309 causam
3266 5253 3576 5325 ignoscendi
3592 5253 3765 5312 Pater.

2197 5342 2322 5413 quia
2350 5345 2491 5413 quod
2520 5343 2634 5398 vult
2659 5344 2828 5400 Filius
2852 5345 2965 5399 vult
2986 5355 3040 5400 et
3066 5345 3244 5399 Pater.

2268 5433 2430 5490 Vnus.
2460 5435 2528 5491 19
2584 5466 2651 5477 -—
2692 5432 2804 5489 Fac
2832 5451 2934 5502 me,
2966 5444 3072 5491 etc.
3103 5434 3184 5490 Ad
3220 5433 3343 5489 Filii
3374 5431 3650 5495 affectum,
3679 5430 3768 5500 qui

2196 5526 2376 5585 omnia
2406 5542 2523 5597 qum
2543 5525 2722 5581 Patris
2746 5534 2868 5581 sunt
2898 5540 2993 5580 sua
3008 5539 3126 5579 esse
3150 5538 3256 5578 non
3273 5523 3516 5592 ambigit,
3531 5521 3769 5592 aspirare

2198 5633 2305 5673 non
2343 5618 2640 5687 praesumit,
2661 5617 2754 5672 sed
2792 5615 3112 5679 mercenarii
3144 5622 3340 5669 statum
3357 5612 3469 5694 jam
3503 5627 3603 5681 pro
3631 5625 3769 5664 mer-

2200 5708 2332 5762 cede
2363 5708 2664 5765 serviturus
2689 5695 2982 5772 desiderat,
3032 5706 3125 5761 sed
3161 5719 3263 5760 nec
3296 5704 3441 5759 hunc
3470 5703 3637 5757 etiam
3667 5699 3771 5766 nisi

2198 5807 2424 5875 paterna
2464 5798 2772 5871 dignatione
2797 5813 2855 5853 se
2882 5795 3174 5867 promereri
3201 5809 3357 5866 posse
3379 5800 3631 5858 testatur.
