3960 6336
458 343 562 398 515

946 337 1332 395 WALAFRIDI
1370 333 1616 392 STRABI
1653 333 1857 392 FULD.
1896 332 2061 390 MON.
2102 333 2254 390 OPP.
2293 334 2474 392 PARS
2512 335 2554 391 l.
2590 361 2662 376 --
2701 333 3161 393 THEOLOGICA.

3593 338 3706 395 518

533 448 700 513 Vsus.
731 488 747 507 .
769 487 783 503 .
811 477 883 489 -—
912 445 1094 501 Facite
1120 446 1280 501 vobis.
1311 444 1612 500 Mammona
1650 444 1828 514 lingua
1856 442 2022 515 Syro-
2052 449 2101 510 Α
2128 445 2260 500 tium
2286 448 2601 513 contemnit,
2631 447 2773 504 sicut
2813 448 3072 505 Dominus
3097 448 3284 505 irritus
3323 458 3406 505 est
3449 464 3483 504 a
3510 449 3708 509 Phari-

462 554 582 593 rum
629 538 827 593 divitiae
856 535 1177 606 iniquitatis,
1216 534 1343 606 quia
1379 535 1444 589 de
1482 534 1766 613 iniquitate
1792 532 2030 588 collectae

461 642 606 690 sunt.
639 630 698 686 Si
738 646 866 702 ergo
897 629 1149 698 iniquitas
1192 629 1330 683 bene
1357 628 1663 697 dispensata
1709 625 1935 679 vertitur
1977 622 2032 678 in

456 724 721 795 justitiam
744 762 759 786 ,
806 730 1007 791 quanto
1038 719 1210 789 magis
1242 719 1412 789 epulae
1456 717 1623 772 divini
1667 715 1950 780 sermonis,
1978 714 2033 771 in

461 829 569 883 quo
596 812 738 867 nulla
758 820 842 866 est
870 809 1145 879 iniquitas,
1176 807 1378 865 bonum
1407 807 1831 878 dispensatorem
1851 804 2035 861 levant

461 902 516 956 in
544 901 758 956 malum.
2004 951 2009 956 .

530 990 694 1046 Vsus.
720 989 806 1045 10.
835 1016 907 1029 -
927 987 1033 1055 Qui
1067 986 1260 1058 ﬁdelis.
1290 985 1348 1042 ln
1387 985 1611 1056 pecunia
1647 999 1769 1039 cum
1799 991 2034 1053 paupere

460 1080 846 1152 participanda.
890 1077 957 1131 Et
1001 1078 1057 1131 in
1101 1076 1314 1146 majori.
1345 1076 1636 1137 Adbacrens
1675 1072 1947 1137 Creatori,
1979 1079 2035 1126 et

459 1188 581 1227 cum
622 1186 686 1226 eo
725 1170 947 1240 spiritus
982 1183 1121 1222 unus
1159 1164 1400 1229 effectus.
1446 1164 1551 1220 Sed
1580 1163 1671 1234 qui
1716 1161 2030 1236 temporalia

458 1277 577 1332 qua:
618 1261 857 1330 possidet
903 1274 1009 1314 non
1057 1259 1195 1315 bene
1225 1258 1521 1325 dispensat,
1559 1261 1886 1311 aeternorum
1929 1252 2031 1309 sibi

459 1353 683 1425 gloriam
712 1351 778 1406 de
801 1366 907 1421 qua
932 1358 1100 1404 tumet
1125 1356 1369 1408 evacuat.

536 1443 696 1496 Vsus.
729 1441 813 1494 11.
845 1469 916 1480 -
946 1438 1006 1493 Si
1044 1455 1199 1508 ergo,
1241 1445 1345 1492 etc.
1374 1436 1476 1504 Qui
1504 1450 1610 1490 non
1647 1435 1739 1489 dat
1775 1431 2032 1488 fratribus

461 1531 527 1586 ad
559 1532 814 1584 utendum
839 1530 983 1599 quod
1019 1543 1049 1583 a
1085 1529 1195 1583 Deo
1220 1542 1320 1599 pro
1359 1527 1608 1585 omnibus
1642 1533 1727 1585 est
1766 1534 2027 1592 creatum,

462 1626 679 1695 iniquus
716 1625 821 1679 erit
854 1624 909 1678 in
950 1622 1211 1694 spirituali
1236 1622 1464 1694 pecunia
1504 1620 1819 1685 dividenda,
1841 1628 2029 1676 utnon

459 1732 557 1785 pro
593 1714 931 1780 necessitate,
960 1712 1055 1769 sed
1091 1727 1191 1793 pro
1228 1711 1475 1789 personis
1494 1710 1796 1770 doctrinam
1817 1707 2029 1771 Domini

458 1805 680 1860 dividat.

528 1895 692 1950 Vens.
716 1895 798 1961 12.
812 1926 883 1935 —
898 1894 963 1949 Et
985 1895 1031 1957 si
1050 1895 1103 1948 in
1124 1893 1316 1957 alieno.
1337 1892 1395 1948 Si
1415 1891 1661 1951 carnales
1679 1890 1894 1948 divitias
1911 1905 2030 1962 quae

456 1987 711 2040 labuntur
753 2000 861 2041 non
917 1987 1054 2041 bene
1100 1985 1457 2055 dispensatis,
1496 1997 1654 2039 veras
1699 1991 1755 2038 et
1797 1991 2030 2041 aeternas

457 2078 672 2143 divitias
695 2077 817 2147 quis
842 2076 991 2131 dabit
1020 2075 1205 2131 vobis?

529 2172 695 2226 Vsus.
724 2171 811 2226 15.
840 2200 913 2212 -—
941 2169 1110 2233 Nemo
1156 2186 1355 2227 servus.
1400 2169 1711 2241 Corripiens
1747 2168 2029 2225 avaritiam

456 2265 590 2331 dicit
611 2275 881 2323 amatores
903 2263 1144 2334 pecunia:
1186 2263 1353 2317 Deum
1376 2277 1563 2317 amore
1591 2277 1697 2316 non
1717 2276 1905 2331 posse;
1938 2258 2032 2329 qui

455 2368 586 2423 ergo
636 2354 803 2410 Deum
850 2360 998 2407 amat
1035 2351 1320 2422 pecuniam
1360 2351 1699 2406 contemnit:
1736 2365 1843 2407 non
1891 2348 2032 2415 valet

454 2445 597 2510 enim
626 2444 787 2512 simul
809 2443 1121 2499 transitoria
1147 2451 1202 2497 et
1228 2451 1429 2498 aeterna
1455 2442 1697 2514 diligere.

524 2537 631 2590 Aut
671 2537 765 2591 uni
818 2535 1120 2591 adimrebit.
1170 2534 1375 2608 (Αυρ.)
1417 2533 1534 2589 Νοη
1569 2535 1783 2604 quidem
1825 2533 2029 2604 diliget.

454 2625 627 2683 Nemo
648 2626 793 2683 enim
818 2624 1010 2694 diligit,
1035 2634 1164 2689 etc.,
1198 2641 1358 2695 usque
1381 2624 1451 2678 ad
1477 2633 1535 2683 et
1556 2625 1622 2679 de
1647 2623 1889 2685 bonitate
1919 2621 2034 2690 ejus

457 2724 512 2775 et
538 2715 857 2784 impunitate
891 2715 992 2769 sibi
1018 2714 1309 2768 blanditur.

527 2803 652 2859 Non
680 2805 911 2874 potestis,
937 2812 1044 2859 etc.
1071 2803 1185 2858 Non
1211 2804 1287 2857 ait
1320 2803 1518 2859 habere
1541 2803 1775 2867 divitias,
1805 2802 1897 2858 sed
1921 2818 2031 2861 ser-

456 2896 590 2949 vire.
620 2895 796 2950 Servit
825 2895 916 2965 qui
943 2894 1179 2951 custodit
1202 2903 1259 2947 ut
1282 2908 1490 2960 servus;
1513 2894 1606 2948 sed
1643 2894 1733 2965 qui
1754 2893 2034 2949 servitutis

454 2986 695 3049 excussit
730 2974 955 3061 iugum,
994 2984 1354 3043 distribuitut
1400 2984 1676 3040 Dominus.
1719 2983 1821 3057 Qui
1867 2985 2035 3039 servit

455 3092 796 3147 mammarum,
828 3077 906 3131 illi
941 3077 1124 3146 utique
1151 3075 1318 3131 servit
1341 3077 1433 3145 qui
1462 3076 1656 3131 merito
1680 3091 1791 3130 suae
1814 3090 2033 3149 perver-

2130 535 2273 590 szeis.
2289 536 2475 591 Omnis
2493 537 2584 607 qui
2606 538 2712 592 vim
2730 538 2875 605 facit,
2898 540 3205 596 vehementi
3225 541 3399 595 studia
3422 552 3705 611 properat,

2130 640 2236 679 non
2264 628 2494 697 torpenti
2520 627 2769 684 lentescit
2787 628 3003 685 attactu.
3025 628 3122 685 Est
3147 644 3277 701 ergo
3297 629 3422 685 fidei
3451 631 3706 702 religiosa

2130 716 2414 782 violentia,
2462 717 2716 789 segnities
2742 718 3055 772 criminosa.
3095 718 3384 776 Faciamus
3424 734 3555 789 ergo
3592 721 3704 778 vim

2130 811 2353 867 naturae,
2382 811 2443 858 ut
2470 805 2675 861 nonad
2700 812 2913 860 terrena
2938 806 3232 878 demergat,
3260 807 3356 864 sed
3377 809 3447 863 ad
3470 823 3710 880 superna

2131 907 2192 945 se
2214 893 2406 965 erigat.
3036 898 3047 905 “

2202 982 2367 1039 Vsus.
2400 983 2485 1039 17.
2513 1014 2582 1024 —
2604 981 2843 1047 Facilius
2865 996 2961 1041 est.
2986 987 3245 1055 Quamvis
3277 990 3477 1056 dicam,
3517 988 3630 1045 Lex
3664 1002 3715 1045 et

2129 1074 2389 1144 propheta:
2428 1091 2589 1145 usque
2638 1076 2707 1129 ad
2747 1074 3039 1145 Joannem,
3090 1087 3274 1137 tamen
3321 1095 3430 1136 non
3470 1081 3717 1151 praedico

2130 1161 2266 1231 legis
2293 1162 2711 1218 destructionem
2735 1181 2749 1218 :
2774 1166 2899 1235 quia
2925 1165 3136 1223 facilius
3158 1176 3242 1223 est
3262 1170 3499 1223 maxima
3520 1171 3716 1224 mundi

2131 1250 2395 1305 elementa
2418 1266 2579 1331 quam
2609 1253 2830 1308 minima
2859 1252 2992 1328 legis
3016 1267 3283 1329 praecepta
3305 1258 3560 1325 transire,
3588 1259 3714 1331 quia

2129 1340 2291 1394 etiam
2320 1339 2411 1394 illa
2454 1355 2572 1411 qua:
2598 1341 2735 1397 levia
2765 1343 2849 1406 vel
2883 1348 3253 1416 superstitiosa
3295 1348 3568 1414 videntur,
3606 1364 3715 1404 non

2131 1439 2325 1486 vacant
2354 1447 2385 1486 a
2415 1436 2767 1490 sacramentis
2795 1436 3164 1506 spiritualibus
3201 1442 3415 1511 quando
3441 1442 3629 1497 omnia
3662 1452 3717 1497 et

2131 1523 2186 1578 in
2216 1524 2507 1594 Evangelia
2530 1525 2935 1596 recapitulatur.

2203 1612 2364 1672 Vsus.
2395 1615 2478 1672 18.
2499 1646 2571 1656 -
2598 1616 2781 1671 Omnis
2804 1628 2907 1673 etc.
2935 1618 3155 1693 (Attum)
3181 1621 3297 1677 Non
3340 1638 3501 1678 omne
3527 1623 3732 1693 canju-'

2131 1708 2275 1779 gium
2328 1718 2411 1764 est
2461 1725 2494 1769 a
2542 1709 2669 1766 Dea.
2706 1710 2821 1766 Non
2875 1715 3019 1769 enim
3062 1717 3352 1788 gentilibus
3392 1718 3717 1775 Christianis

2052 1803 2103 1867 B
2128 1799 2463 1868 copulantur,
2494 1816 2615 1855 cum
2645 1802 2728 1856 lex
2756 1803 3057 1876 prohibeat.
3090 1807 3192 1865 Ubi
3216 1818 3301 1865 est
3323 1810 3498 1881 impar
3519 1810 3715 1880 conju-

2127 1890 2294 1961 gium,
2326 1889 2412 1945 lex
2438 1891 2532 1945 Dei
2553 1908 2659 1946 non
2683 1903 2783 1948 est.

2201 1978 2364 2034 Vsus.
2399 1980 2484 2035 19.
2507 2010 2578 2020 -
2598 1981 2770 2043 Homo
2790 1983 3027 2051 quidam.
3055 1985 3255 2051 Contra
3287 1989 3564 2047 derisores
3587 2008 3717 2048 ava-

2131 2084 2221 2131 ras
2269 2072 2412 2140 quod
2453 2074 2734 2153 proposuit
2769 2076 3016 2147 exemplo
3055 2079 3275 2146 astruit,
3314 2081 3522 2136 scilicet
3569 2070 3717 2153 qudd

2130 2161 2280 2217 dives
2327 2162 2468 2232 apud
2516 2146 2719 2220 inferos
2788 2174 3104 2240 torquetur,
3153 2170 3244 2239 qui
3289 2169 3556 2227 Lazarum
3608 2190 3717 2231 non

2130 2251 2260 2306 fecit
2286 2252 2387 2307 sibi
2417 2254 2667 2320 amicum,
2698 2270 2729 2308 a
2767 2270 2876 2325 qua
2906 2266 3089 2325 posset
3117 2260 3285 2331 recipi
3310 2261 3364 2315 in
3390 2273 3596 2317 aeterna
3632 2274 3718 2319 ta-

2130 2342 2441 2408 bernacula,
2468 2352 2523 2398 et
2545 2345 2716 2415 magis
2745 2346 2956 2401 videtur
2981 2348 3221 2403 narratio
3244 2366 3403 2420 quam
3430 2354 3712 2422 parabala.

2205 2432 2310 2501 Qui
2334 2434 2646 2489 induebatur
2676 2452 2934 2507 purpura,
2963 2449 3068 2494 etc.
3096 2439 3316 2515 (Cum)
3348 2443 3593 2516 Purpura
3623 2463 3717 2504 ea.

2130 2521 2215 2577 lor
2242 2522 2373 2594 regii
2403 2524 2614 2579 habitus
2642 2536 2748 2590 est,
2778 2528 2999 2582 conchis
3025 2530 3269 2596 marinis,
3297 2541 3427 2598 etc.,
3456 2549 3617 2605 usque
3643 2538 3716 2589 ad

2133 2612 2260 2681 quia
2291 2612 2500 2667 viscera
2527 2615 2743 2682 pietatis
2775 2616 3062 2685 ignoravit,
3086 2619 3210 2689 quia
3241 2630 3509 2693 praecepta
3536 2626 3715 2693 pretio

2133 2701 2401 2758 redimere
2436 2704 2626 2759 uoluit.
3242 2696 3247 2701 “
3420 2700 3425 2703 ’

2204 2792 2371 2849 Vsus.
2402 2794 2491 2849 20.
2520 2825 2592 2834 —
2617 2795 2683 2850 Et
2721 2805 2833 2851 erat
2862 2798 3096 2869 quidam.
3139 2800 3198 2857 Si
3228 2816 3333 2872 qua
3363 2807 3712 2876 reprehensi-

2133 2884 2262 2939 bilia
2290 2886 2347 2939 in
2374 2888 2701 2957 pauperibus
2720 2890 2980 2958 videmus,
3003 2892 3281 2963 despicere
3302 2910 3408 2951 non
3432 2898 3711 2965 debemus,

2135 2977 2261 3048 quia
2308 2978 2536 3035 fortasse
2580 2995 2713 3051 quos
2741 2996 2950 3038 morum
2986 2984 3274 3043 infirmitas
3303 2989 3570 3056 vulnerat,
3600 3009 3714 3048 me-

2135 3069 2311 3124 dicina
2354 3072 2686 3142 paupertatis
2734 3082 2907 3141 curat.
2966 3073 3235 3141 Ulceribus
3284 3079 3489 3150 plenus.
3543 3080 3713 3151 Hujus

454 3167 632 3236 sitatis
673 3169 835 3225 rebus
859 3167 977 3223 istis
1006 3166 1325 3243 prcepositus
1359 3166 1609 3238 princeps
1635 3167 1818 3222 mundi
1846 3183 1877 3221 a
1914 3166 2023 3223 Do-g
2057 3152 2101 3215 C
2133 3159 2325 3228 ulcera
2350 3162 2499 3217 dives
2530 3162 2839 3220 fastidiosus
2866 3167 3145 3237 exhorret,
3185 3184 3254 3225 ne
3279 3170 3424 3226 inter
3450 3174 3713 3243 pretiosas

454 3259 603 3317 mino
630 3260 845 3317 dicitur.

532 3348 695 3407 Vsus.
734 3349 822 3406 14.
846 3379 914 3390 -
939 3348 1232 3410 Audiebant
1261 3360 1455 3415 autem.
1486 3348 1734 3417 Manebat
1765 3348 2025 3417 Dominus
2071 3425 2083 3436 θ

453 3443 664 3500 scribas
713 3452 769 3496 et
795 3442 1102 3509 Pharisaeos
1144 3457 1254 3496 non
1288 3442 1520 3515 superbe
1558 3456 1777 3513 sapere,
1809 3457 1917 3497 non
1959 3443 2027 3506 de

454 3550 551 3589 sua
574 3533 785 3602 justitia
830 3546 1185 3605 praesumere,
1212 3534 1307 3587 sed
1349 3540 1662 3607 peccatores
1700 3532 2028 3602 paenitentes

453 3630 775 3697 suscipere:
818 3634 874 3682 et
920 3641 1019 3693 sua
1067 3642 1186 3697 qua:
1234 3627 1376 3682 forte
1419 3629 1718 3693 inciderent
1765 3637 2024 3706 peccata,

453 3717 808 3789 eleemosynis
837 3717 1121 3783 redimere.
1155 3716 1262 3773 Sed
1293 3718 1368 3785 illi
1405 3726 1790 3790 prteceptarem
1818 3721 2029 3777 miseri-

450 3807 672 3873 cordiae,
718 3806 1065 3877 humilitatis,
1082 3815 1138 3863 et
1151 3809 1526 3879 parcimonize,
1559 3811 1841 3878 derident,
1871 3813 2029 3883 quasi

454 3898 635 3962 minus
663 3897 813 3953 utilia
841 3907 899 3952 et
923 3913 1199 3970 nunquam
1227 3898 1469 3961 facienda
1493 3902 1685 3969 noxius
1714 3903 2027 3974 imperaret,

455 3988 540 4051 vel
587 3997 737 4044 certe
781 3988 956 4057 utilia,
1004 3988 1102 4052 sed
1141 4004 1174 4045 a
1216 4004 1276 4057 se
1312 3988 1427 4060 jam
1452 3990 1691 4071 perfecta
1725 3992 2037 4065 superﬂuus

452 4077 747 4150 ingereret.

524 4167 692 4223 Vens.
725 4166 811 4225 15.
837 4198 909 4210 -
938 4167 1010 4237 Et
1053 4171 1130 4237 ait
1152 4210 1169 4237 ,
1213 4179 1323 4237 etc.
1350 4172 1487 4240 Dum
1524 4182 1842 4247 peccatores
1875 4177 2035 4249 quasi

449 4256 699 4320 inﬁrmos
715 4268 772 4313 et
790 4260 1166 4330 desperatam
1180 4266 1552 4333 contemnitis,
1572 4276 1627 4323 et
1647 4283 1747 4326 vos
1760 4269 2032 4341 perfectos

453 4346 509 4407 in
536 4346 788 4403 omnibus
822 4357 1139 4427 cunctaeque
1165 4348 1473 4423 fragilitatis
1494 4365 1768 4428 expertes,
1794 4360 2030 4419 eleemo-

453 4452 710 4507 synarum
757 4440 995 4503 remedio
1033 4455 1145 4507 non
1173 4457 1335 4514 egere
1381 4447 1620 4504 creditis.
1653 4448 1759 4511 Sed
1785 4452 1902 4509 haec
1946 4461 2030 4510 tu-

454 4529 623 4589 moris
654 4527 880 4585 altitudo
908 4546 1072 4601 quam
1108 4533 1254 4605 juste
1282 4535 1586 4595 damnanda
1626 4541 1722 4608 sit,
1764 4543 1912 4599 videt
1938 4545 2031 4602 ille

452 4618 545 4686 qui
586 4618 845 4677 illuminat
874 4623 1188 4683 abscondita
1221 4627 1597 4697 tenebrarum,
1625 4641 1680 4688 et
1718 4635 2031 4704 manifestat

448 4708 676 4765 consilia
700 4712 968 4776 cordium.

526 4799 692 4854 Vsus.
726 4802 813 4857 16.
838 4834 910 4845 -
926 4803 1037 4869 Ler-
1065 4816 1112 4861 et
1134 4810 1416 4879 prophetis.
1440 4812 1819 4885 Disputantem
1837 4828 2028 4876 contra

450 4890 839 4971 philargyriam
869 4895 1205 4966 deridebant,
1249 4903 1402 4973 quasi
1443 4906 1777 4961 contrarium
1822 4907 1927 4980 legi
1971 4921 2027 4969 et

449 4985 729 5065 prophetis
753 5002 766 5038 :
797 5002 919 5053 cum
944 4988 997 5042 in
1019 4988 1135 5061 lege
1160 4993 1314 5048 multi
1343 4995 1536 5051 divites
1556 4996 1667 5052 Dea
1684 4999 2025 5070 placuerunt,

448 5083 510 5137 et
553 5090 675 5129 cum
716 5076 802 5130 lex
830 5079 944 5133 suis
974 5080 1406 5147 abservatoribus
1433 5087 1572 5143 bona
1613 5098 1773 5146 terra:
1801 5093 2043 5177 promit:

451 5172 569 5229 tat,
601 5166 798 5235 quibus
843 5172 1079 5226 occurrit
1124 5174 1325 5239 docens
1370 5177 1681 5235 distantiam
1730 5196 1852 5238 esse
1883 5184 2026 5242 inter

450 5254 622 5325 legem
656 5265 712 5321 et
756 5258 1101 5333 Evangelium
1131 5280 1146 5319 :
1175 5268 1302 5345 quia
1339 5267 1395 5322 in
1418 5267 1535 5341 lege
1568 5273 1874 5331 carnalibus
1900 5292 2025 5347 pro—

448 5353 574 5424 pter
603 5354 800 5402 terram
840 5353 1222 5422 praecipiuntur
1261 5357 1504 5425 minora,
1535 5369 1590 5416 et
1635 5362 1689 5416 in
1737 5363 2027 5438 Evangelia

447 5435 819 5504 .Spiritualibus
849 5453 1072 5513 propter
1090 5448 1284 5503 omium
1313 5450 1699 5521 praecipiuntur
1726 5435 1952 5529 majora.

523 5526 594 5580 Et
630 5532 824 5587 omnis.
854 5533 1044 5607 Magna
1086 5538 1167 5594 vis
1213 5555 1297 5595 eSt
1339 5556 1465 5596 cum
1511 5545 1579 5599 de
1625 5555 1770 5601 terra
1811 5526 1994 5619 genitu

446 5618 646 5677 saclum
679 5625 872 5693 quaerit
902 5629 1176 5696 possidere
1204 5646 1301 5703 per
1322 5632 1594 5701 virtutem,
1621 5639 1762 5708 quod
1789 5618 1893 5695 non
1921 5656 2022 5710 po-

447 5710 553 5771 tuit
578 5718 761 5771 tenere
784 5731 886 5796 per
912 5727 1178 5784 naturam,
1202 5736 1325 5777 cum
1354 5723 1562 5795 linguas
1582 5728 1744 5784 etiam
1770 5729 2022 5788 deriden-

2131 3251 2319 3322 epnlas
2340 3294 2356 3321 ,
2391 3265 2857 3327 unguentatosquc
2896 3260 3183 3328 convivas,
3213 3261 3445 3329 fetorem
3472 3265 3714 3323 ulcerum

2127 3343 2496 3412 lambentibus
2528 3352 2755 3407 canibus
2782 3354 3062 3411 sustineat.

2204 3440 2361 3496 Vens.
2390 3443 2481 3496 21.
2511 3472 2585 3483 —
2614 3442 2860 3515 Cupiens.
2891 3445 2949 3500 In
2981 3462 3085 3502 una
3129 3462 3192 3504 re
3237 3449 3343 3511 duo
3385 3451 3591 3522 judicia
3617 3456 3713 3513 Dei

2133 3530 2451 3606 explentur:
2485 3547 2551 3587 ex
2590 3533 2799 3589 visione
2825 3539 3078 3613 pauperis
3113 3540 3267 3599 diviti
3297 3557 3406 3598 non
3436 3545 3715 3612 miserenti

2130 3621 2375 3691 cumulus
2402 3623 2765 3681 damnationis
2784 3626 3052 3697 infertur;
3092 3640 3148 3685 et
3172 3647 3390 3688 rursum
3417 3650 3484 3690 ex
3507 3638 3714 3703 visione

2130 3714 2332 3783 divitis,
2366 3726 2604 3775 tentatus
2640 3722 2880 3791 quotidie
2905 3738 3113 3795 pauper
3146 3729 3429 3797 probatur,
3456 3744 3618 3800 quem
3646 3732 3716 3787 ad

2131 3804 2390 3875 majorem
2436 3809 2606 3879 ipsius
2670 3813 3043 3882 probationem
3107 3827 3399 3891 paupertas
3451 3822 3615 3877 simul
3660 3834 3716 3888 et

2129 3897 2390 3964 aegritudo
2408 3940 2425 3966 ,
2450 3911 2507 3956 et
2528 3903 2644 3957 visa
2673 3905 2854 3960 divitis
2877 3907 3029 3977 copia
3048 3948 3063 3974 ,
3086 3916 3142 3964 et
3167 3911 3313 3965 nulla
3332 3912 3432 3967 sibi
3471 3910 3714 3979 adhibita

2130 3989 2446 4059 consolatio,
2475 3993 2731 4055 alliciunt.
2763 3996 2951 4052 Canes.
2982 3999 3167 4056 Potest
3206 4003 3263 4058 in
3301 4004 3484 4076 lingua
3517 4021 3714 4073 canum

2131 4086 2312 4155 lingua
2352 4084 2645 4154 signiﬁcari
2694 4086 3032 4154 adulantium
3070 4092 3164 4166 qui
3208 4093 3430 4150 vulnera
3468 4095 3711 4171 lingunt,

2131 4176 2261 4231 dum
2291 4176 2433 4232 mala
2455 4191 2577 4251 quae
2596 4177 2650 4232 in
2680 4177 2836 4244 nobis
2882 4182 3329 4260 reprehendimus
3360 4186 3610 4258 improbo
3636 4188 3714 4255 fa-

2131 4282 2265 4327 vore
2292 4267 2535 4325 laudant.

2207 4356 2374 4417 Vsus.
2398 4359 2486 4423 22.
2508 4389 2581 4401 --
2600 4359 2670 4417 1η
2689 4361 2861 4421 sinum
2885 4362 3132 4431 Abrahm.
3159 4366 3588 4437 Sinusﬁbrabe
3632 4383 3716 4439 est

2134 4452 2351 4543 requies
2388 4452 2670 4543 beatorum
2717 4469 3050 4532 pauperum,
3095 4475 3326 4543 quorum
3373 4477 3460 4520 est
3487 4482 3712 4539 regnum

2132 4542 2414 4610 caelorum,
2445 4542 2501 4597 in
2529 4558 2636 4613 quo
2670 4555 2793 4615 post
2831 4549 2974 4603 hanc
3012 4542 3179 4606 vitam
3221 4554 3574 4629 recipiuntur.
3610 4559 3710 4615 Se-

2130 4632 2345 4716 pultura
2390 4634 2589 4690 inferni
2627 4651 2910 4708 pinnarum
2938 4639 3279 4715 profunditas
3302 4654 3420 4714 est,
3451 4661 3573 4716 qure
3617 4665 3710 4704 su-

2126 4713 2327 4799 perbos
2353 4735 2410 4781 et
2435 4726 2889 4787 immisericordes
2917 4742 3042 4808 post
3066 4735 3205 4791 hanc
3232 4737 3401 4792 vitam
3432 4713 3607 4795 vorat.
3644 4740 3710 4796 Et

2130 4818 2364 4887 sepultus
2385 4830 2482 4875 est.
2506 4820 2566 4877 In
2593 4821 2712 4891 lege
2737 4839 2843 4879 non
2872 4826 3104 4893 tenacia,
3136 4828 3231 4883 sed
3262 4830 3450 4900 rapina
3480 4833 3709 4889 damna.

2132 4916 2240 4975 tur;
2268 4909 2321 4964 in
2344 4910 2637 4982 Evangelia
2658 4913 2807 4968 dives
2827 4916 2967 4993 quod
2990 4932 3085 4972 sua
3107 4932 3215 4973 non
3234 4920 3383 4976 dedit
3405 4931 3705 4993 torquetur.

2203 5000 2367 5055 γω.
2408 5000 2501 5057 25.
2522 5031 2595 5041 -
2618 4992 2859 5059 Eleuatus"
2877 5016 3072 5061 autem.
3105 5010 3151 5061 Α
3178 5010 3335 5081 longe
3364 4992 3554 5070 vident
3588 5016 3708 5071 inﬁ-

2130 5086 2304 5153 deles,
2344 5091 2469 5146 dum
2520 5092 2576 5148 in
2612 5093 2721 5150 imo
2747 5097 2910 5166 positi
2937 5106 3062 5154 ante
3102 5101 3244 5156 diem
3287 5104 3476 5173 judicii
3525 5107 3710 5164 ﬁdeles

2128 5196 2291 5264 super
2318 5198 2378 5239 se
2406 5184 2461 5239 in
2503 5187 2687 5256 requie
2727 5191 3048 5258 attendunt,
3088 5209 3317 5274 quorum
3362 5198 3558 5268 gaudia
3591 5207 3708 5270 post

2128 5273 2480 5343 contemplari
2529 5292 2635 5331 non
2680 5288 2922 5349 possunt.
2970 5281 3153 5354 Longe
3194 5294 3280 5339 est
3318 5291 3462 5356 quod
3491 5292 3705 5361 conspi-

2130 5365 2299 5431 ciunt,
2332 5368 2456 5435 quia
2485 5368 2611 5425 illuc
2631 5384 2729 5440 per
2755 5373 3009 5439 meritum
3036 5391 3143 5439 non
3164 5379 3456 5449 attingunt.

2214 5456 2349 5521 Vidit
2395 5448 2681 5525 Abraham.
2730 5463 2961 5537 (ϐιιεο.)
3002 5448 3341 5525 Credendum
3398 5478 3516 5536 est,
3563 5472 3705 5542 quod

2130 5558 2256 5605 ante
2307 5553 2714 5611 retributionem
2759 5559 2990 5614 extremi
3030 5559 3219 5630 judicii
3275 5559 3459 5630 iujusti
3517 5564 3571 5618 in
3624 5579 3705 5619 re-

2128 5642 2274 5711 quie,
2304 5652 2432 5709 etc.,
2458 5661 2617 5715 usque
2645 5647 2714 5702 ad
2754 5656 2810 5703 et
2834 5652 2900 5705 de
2929 5650 3137 5707 illorum
3179 5666 3338 5721 paena
3383 5661 3702 5723 torquentur

2127 5749 2263 5816 quas
2293 5736 2551 5794 inutiliter
2569 5750 2907 5809 amaverunt.
3181 5727 3184 5731 S
