3960 6336
259 381 360 439 3ιῖ

1227 380 1495 438 GLOSSA
1531 379 1925 438 ORDINARIA.
1962 411 2037 426 —
2067 381 2324 441 EVANG.
2362 385 2517 444 LUC.

3392 396 3495 451 518

325 472 492 552 Vleas.
520 462 612 550 2ιῖ
638 524 710 536 ——
730 492 806 579 ,ιιι
848 493 1090 577 intingat.
1131 492 1232 561 Qui
1278 493 1446 548 micas
1474 493 1727 548 cadentes
1754 492 1821 549 de
1847 498 1900 559 Α
1924 504 2085 560 tacet,
2119 498 2260 555 sicut
2282 502 2374 569 qui
2399 504 2683 572 poenitenti
2719 520 2826 561 non
2868 505 3127 577 indulget.
3162 507 3300 562 Etsi
3332 512 3496 579 paeni-
3578 573 3581 577 ν

172 572 184 585 ’
261 602 445 649 mensa
492 585 696 639 Lazaro
730 570 844 639 'non
888 572 1067 647 dedit,
1111 582 1177 639 de
1222 592 1465 638 extremo
1504 581 1622 650 ejus
1662 582 1828 652 digito

258 692 454 747 aquam
480 674 727 731 distillari
771 673 824 728 in
853 688 951 729 ore
980 689 1076 729 suo
1119 674 1296 743 cupit,
1321 681 1377 728 et
1397 673 1486 744 qui
1517 672 1738 735 minima
1773 672 1828 727 in

259 767 366 821 vita
395 779 503 819 non
523 763 686 828 dedit,
720 763 775 816 in
804 762 1012 818 inferno
1038 762 1256 817 minima
1285 763 1496 831 quaerit.

333 856 495 911 Vsus.
522 854 612 909 25.
632 884 705 895 —
734 852 872 918 Quia
912 854 1168 922 recepisti.
1199 852 1382 923 (Αυς.)
1412 852 1547 907 Nota
1576 852 1717 922 quod
1744 851 1827 906 di-

261 946 479 1011 resiste
506 944 709 1014 aliquid
732 943 863 998 boni
885 943 1091 1011 habuit,
1118 958 1185 997 ex
1214 959 1321 1013 quo
1345 943 1543 999 bonum
1575 941 1830 999 transito-

261 1039 396 1091 rium
428 1037 484 1091 in
529 1036 633 1091 hac
668 1035 779 1089 vita
824 1037 1064 1104 recepit,
1103 1043 1158 1092 et
1197 1034 1436 1099 Lazarus
1462 1034 1664 1105 aliquid
1702 1035 1828 1090 mali

260 1126 468 1191 habuit,
505 1126 601 1180 sed
630 1125 769 1196 ignis
798 1124 975 1194 inopia
1002 1125 1269 1196 purgavit.

329 1216 490 1270 Vsus.
521 1213 707 1270 26.——
732 1213 804 1275 Et
845 1215 902 1269 in
938 1215 1019 1277 his
1063 1214 1320 1270 omnibus.
1355 1213 1509 1270 Sicut
1554 1213 1768 1285 reprobi
1796 1230 1829 1268 a

256 1306 430 1387 prunis
476 1304 547 1361 ad
596 1304 822 1376 gloriam
867 1310 1176 1363 sanctorum
1221 1303 1450 1363 transire
1492 1302 1710 1367 volunt,
1756 1302 1829 1357 ita

256 1397 380 1467 justi
408 1411 508 1466 per
545 1396 973 1452 misericordiam
1005 1405 1184 1451 mente
1219 1398 1298 1452 ire
1322 1397 1508 1451 volunt
1535 1398 1601 1452 ad
1625 1397 1831 1467 positos

261 1493 310 1547 in
352 1491 657 1556 tormentis,
687 1499 746 1547 ut
773 1506 868 1546 eos
888 1489 1146 1555 liberent;
1170 1479 1265 1547 sed
1291 1505 1396 1545 non
1428 1497 1673 1560 possunt,
1703 1490 1829 1558 quia

251 1582 521 1652 justorum
552 1582 744 1641 animae
790 1580 892 1637 etsi
940 1580 993 1634 in
1017 1590 1225 1635 naturas
1252 1595 1363 1635 sua:
1399 1578 1640 1634 bonitate
1664 1578 1828 1632 mise-

254 1672 543 1728 ricordiam
584 1673 815 1736 habent,
839 1668 951 1739 jam
997 1679 1172 1726 tamen
1210 1670 1449 1726 auctoris
1495 1670 1577 1725 sui
1606 1668 1830 1737 justitiae

250 1764 479 1833 conjunc
490 1773 577 1828 tae,
600 1771 749 1817 tanta
777 1762 1098 1819 rectitudine
1122 1762 1581 1832 constringuntur,
1604 1770 1662 1815 ul
1684 1759 1829 1816 nulla

248 1853 313 1917 ad
342 1855 610 1923 reprobos
634 1852 1005 1921 compassione
1033 1859 1370 1905 moveantur.

317 1946 487 2001 Vens-
517 1944 605 1999 27.
632 1973 703 1984 —
728 1942 875 2013 Rogo
912 1958 1053 2012 ergo.
1083 1940 1372 2010 Postquam
1401 1939 1614 1997 ardenti
1654 1939 1720 1994 de
1768 1953 1827 1994 se

254 2051 372 2104 spes
401 2034 639 2098 tollitur,
673 2033 886 2099 animus
925 2032 993 2086 ad
1038 2031 1369 2107 propinquos
1410 2029 1671 2094 recurrit,
1702 2029 1825 2098 quia

250 2125 475 2195 reprobo
493 2138 608 2178 rum
635 2132 868 2177 mentem
897 2135 1054 2191 pruna
1098 2136 1195 2181 sna
1217 2120 1536 2189 quandoque
1562 2119 1828 2179 inutiliter

248 2215 423 2271 erudit
444 2214 524 2269 ad
551 2213 893 2277 charitatem,
925 2220 985 2265 ut
1005 2209 1118 2287 jam
1155 2218 1282 2266 tunc
1314 2210 1476 2266 etiam
1509 2223 1634 2265 suos
1660 2208 1824 2278 spiri-

249 2305 459 2363 tualiter
498 2304 740 2375 diligant,
765 2302 857 2379 qui
886 2302 975 2357 hic
996 2302 1122 2357 dum
1149 2308 1372 2372 peccata
1394 2300 1697 2371 diligerent,
1726 2314 1826 2355 nec

246 2408 307 2459 se
330 2393 605 2449 amabant.
638 2391 894 2453 Servatur
921 2407 1049 2461 ergo
1085 2392 1233 2455 diviti
1266 2392 1332 2446 ad
1372 2405 1611 2461 poenam,
1641 2400 1697 2445 et
1730 2405 1825 2446 co—

248 2483 411 2558 gnitio
436 2483 695 2552 pauperis
730 2495 889 2550 quem
914 2481 1177 2549 despexit,
1219 2488 1277 2535 et
1314 2481 1575 2535 memoria
1596 2479 1826 2535 fratrum

252 2585 383 2639 quos
408 2570 651 2640 reliquit,
672 2577 731 2635 ut
761 2570 829 2629 de
860 2568 971 2631 visa
1003 2569 1239 2638 despecti
1267 2569 1437 2639 gloria
1456 2609 1470 2633 ,
1497 2577 1552 2623 et
1577 2568 1642 2622 de
1667 2580 1826 2638 pmna

253 2660 516 2723 inutiliter
545 2669 845 2719 amatorum
879 2659 1115 2731 amplius
1156 2657 1487 2728 torqueatur.
1513 2658 1584 2713 Ut
1626 2660 1824 2713 mittas.

255 2747 441 2812 Serius
479 2751 628 2805 dives
656 2750 758 2805 iste
786 2749 1042 2819 magister
1067 2749 1254 2819 incipit
1280 2764 1418 2814 esse,
1447 2765 1567 2806 cum
1586 2747 1703 2817 jam
1728 2765 1827 2805 nec

254 2841 492 2895 discendi
530 2850 736 2917 tempus
774 2841 991 2909 habeat,
1011 2856 1111 2896 nec
1133 2841 1377 2897 docendi.

322 2930 490 2988 Vens.
530 2934 619 2988 31.
659 2964 715 2974 —
741 2932 797 2989 Si
831 2934 1066 3004 Moysen.
1115 2933 1216 3001 Qui
1262 2935 1425 2991 verba
1474 2935 1607 3006 legis
1651 2935 1829 3005 despi-

250 3024 424 3089 ciunt,
454 3025 828 3094 Redemptoris
852 3035 1119 3096 praecepta
1139 3027 1228 3096 qui
1243 3044 1311 3091 ex
1327 3028 1551 3087 mortuis
1570 3029 1825 3093 surrexit,

251 3126 460 3183 quanto
504 3117 781 3171 subtiliora
843 3127 985 3180 sunt,
1048 3129 1195 3175 tanto
1248 3122 1364 3176 lucc
1416 3120 1679 3176 dillicilius
1728 3122 1828 3176 im-

1928 591 2166 653 teutiam.
2194 591 2367 645 Aliter
2404 592 2560 647 fratri
2590 596 2868 680 paa‘nitenti
2888 638 2903 661 ,
2932 596 3090 652 aliter
3127 598 3348 654 inimico
3372 614 3495 669 per-

1928 685 2172 752 sequenti
2227 685 2435 740 veniam
2479 687 2607 742 dare
2647 690 3006 760 praecipimur.
3032 691 3210 746 Fratri
3241 706 3497 749 concessa

1927 772 2242 827 remissione
2266 774 2408 828 socia
2438 775 2700 831 ebaritate
2727 780 3217 844 communicamus,
3245 794 3497 849 persecu-

1928 861 2029 915 tori
2062 860 2258 917 malum
2285 863 2439 918 nobis
2464 864 2683 930 volenti,
2714 867 2797 921 vel
2819 869 2863 921 si
2889 877 3069 938 potest
3098 868 3332 934 facienti,
3356 871 3499 927 bona

1928 949 2172 1004 volumus
2200 960 2254 1004 et
2276 950 2501 1007 facimus
2525 954 2666 1022 quod
2694 970 3002 1023 possumus.

1998 1037 2160 1092 Vsus.
2185 1039 2240 1092 4.
2269 1071 2340 1080 —
2370 1039 2589 1110 Septies.
2630 1040 2779 1097 Solet
2822 1046 3146 1103 universitas
3192 1049 3497 1117 septenario

1928 1127 2217 1198 designari.
2245 1128 2561 1200 Prtecipitur
2582 1145 2711 1203 ergo
2738 1144 2798 1188 ut
2836 1150 3014 1190 omnia
3051 1144 3272 1205 peccata
3312 1139 3497 1194 dimit-

1929 1225 2133 1283 tantur,
2165 1218 2245 1274 vel
2268 1234 2482 1289 semper
2500 1222 2781 1290 pmnitenti
2807 1223 3130 1280 dimittatur.

1998 1307 2161 1361 Vsus.
2185 1308 2567 1381 5.-—Adauge.
2593 1313 2727 1367 Cum
2754 1330 2916 1384 supra
2937 1316 3164 1374 dixisset
3181 1317 3331 1389 (Luc.
3348 1321 3496 1392 xvr):

1930 1397 2033 1463 Qui
2061 1398 2231 1466 ﬁdelis
2255 1409 2329 1459 est
2361 1401 2417 1454 iu
2450 1402 2695 1468 minimo,
2722 1412 2826 1458 etc.
2851 1405 3093 1474 Apostoli
3121 1408 3211 1476 qui
3240 1424 3294 1462 In
3322 1408 3499 1466 alieno

1927 1499 1984 1545 et
2036 1491 2088 1543 in
2147 1490 2389 1557 minimo,
2443 1492 2498 1547 id
2555 1502 2637 1550 est
2684 1495 2737 1549 in
2799 1504 3136 1551 terrenarum
3187 1506 3497 1569 comemptu

1928 1579 2143 1635 fuerant
2170 1581 2374 1646 ﬁdeles,
2399 1582 2455 1645 in
2482 1598 2580 1647 suo
2600 1593 2654 1647 et
2680 1583 2868 1652 majori
2906 1586 3071 1645 fidem
3103 1588 3377 1657 postulant
3400 1605 3499 1643 au-

1928 1670 2064 1740 geri,
2105 1679 2163 1725 ut
2192 1672 2283 1742 qui
2312 1686 2379 1733 ex
2421 1671 2525 1727 tide
2552 1670 2665 1739 jam
2695 1675 2895 1735 habent.
2924 1678 3151 1733 exordia
3172 1679 3409 1745 virtutis,
3441 1680 3496 1735 in

1929 1760 2113 1815 eadem
2140 1750 2441 1832 praticiant,
2472 1765 2642 1820 donec
2664 1766 2731 1820 ad
2754 1767 3145 1834 perfectionem
3169 1778 3404 1824 veniant.

1852 1831 1898 1892 Β
1999 1831 2160 1905 Vens.
2183 1851 2236 1905 6.
2264 1881 2335 1892 --
2360 1852 2545 1907 Arbori
2566 1870 2730 1908 moro.
2764 1856 2868 1917 Per
2896 1872 3104 1912 morum
3137 1858 3316 1913 colore
3360 1874 3493 1914 sane

1926 1941 2121 2009 guineo
2151 1942 2302 2013 cujus
2331 1943 2535 2001 fructus
2577 1952 2631 1997 et
2655 1945 2879 2015 virgulta
2911 1947 3497 2017 rubent,.Evangelium

1926 2029 2103 2084 crucis
2152 2030 2491 2099 exprimitur.
2537 2045 2655 2100 quae
2688 2048 2783 2101 per
2826 2033 2984 2088 tidem
3030 2034 3390 2104 apostolorum
3428 2033 3497 2090 de

1925 2127 2084 2190 gente
2106 2117 2413 2175 Iudaeorum
2434 2121 2516 2190 (in
2538 2138 2644 2191 qua
2667 2122 2812 2177 velut
2841 2123 2894 2177 in
2921 2124 3089 2193 stirpe
3111 2125 3323 2195 generis
3350 2133 3501 2179 tenes

1925 2211 2085 2275 batur
2105 2211 2327 2266 verbum
2348 2212 2764 2283 prcedicationis)
2792 2223 2876 2269 est
2892 2216 3165 2277 eradicata
3191 2224 3246 2270 et
3271 2216 3325 2269 in
3348 2232 3501 2271 mare

1924 2299 2162 2371 gentium
2194 2300 2601 2369 transplantata,
2645 2302 2731 2356 cui
2766 2303 2930 2357 etiam
2963 2304 3215 2360 conuenit
3253 2303 3501 2379 subjecta

1925 2388 2182 2458 parabola
2209 2388 2276 2445 de
2304 2389 2571 2446 ministris
2592 2391 2763 2447 verbi.
2788 2391 2934 2455 Folia
2960 2394 3098 2453 mori
3119 2396 3356 2464 serpenti
3378 2394 3502 2451 sub-

1918 2476 2061 2546 jecta
2090 2495 2280 2543 necem
2301 2481 2556 2542 inferunt,
2584 2491 2640 2543 et
2666 2483 2886 2537 verbum
2912 2485 3092 2543 crucis
3114 2494 3172 2538 ut
3193 2494 3384 2541 cuncta
3406 2501 3499 2541 sa-

1928 2568 2120 2623 lutaria
2146 2570 2375 2636 confert,
2404 2580 2594 2625 cuncta
2620 2572 2779 2626 noxia
2812 2573 2969 2628 tollit.
3009 2574 3238 2629 Fructus
3274 2575 3412 2630 mori
3441 2576 3496 2630 in

1926 2655 2059 2713 flore
2091 2657 2253 2722 albet,
2290 2657 2551 2715 formatus
2580 2659 2835 2725 irrutilat,
2863 2662 3177 2721 maturitate
3199 2663 3455 2734 nigrescit
3480 2682 3494 2718 :

1927 2748 2006 2802 sic
2034 2747 2293 2812 diabolus,
2342 2746 2471 2801 ﬂore
2496 2749 2748 2819 angeliczc
2787 2759 2992 2805 natura:
3020 2761 3076 2806 ct
3103 2760 3364 2821 potestate
3402 2769 3497 2808 ru-

1932 2836 2136 2891 tilantis
2159 2838 2563 2906 przcvaricando
2587 2847 2763 2899 terror
2800 2840 3068 2901 inhorruit
3088 2841 3273 2906 odore,
3297 2842 3501 2913 quiper

1928 2926 2091 2991 ﬁdem
2119 2928 2440 2983 excluditur.

1998 3017 2163 3075 Vens.
2197 3019 2250 3071 7.
2275 3048 2344 3059 —-
2372 3018 2502 3084 Quis
2523 3028 2718 3085 autem,
2744 3028 2853 3087 etc.
2877 3019 3079 3081 Servus
3108 3037 3269 3077 arans
3295 3030 3388 3076 aut
3410 3037 3504 3092 pa-

1930 3122 2087 3163 scens
2133 3107 2325 3164 doctor
2365 3118 2449 3164 est
2483 3110 2765 3181 Ecclesiae,
2802 3113 2869 3167 de
2908 3127 3015 3180 quo
3061 3113 3258 3178 dicitur
3291 3130 3303 3166 :
3332 3112 3502 3169 Nemo

250 3181 500 3274 plebunt,
516 3215 568 3259 et
584 3204 733 3273 cujus
749 3207 885 3261 dicta
904 3206 1125 3277 implere
1142 3219 1392 3272 renuunt,
1407 3211 1455 3265 ei
1470 3210 1829 3281 proculdubio

1937 3200 2141 3256 mittens
2170 3216 2384 3260 manum
2408 3200 2476 3253 ad
2504 3210 2743 3254 aratrum
2777 3212 2824 3255 et
2858 3204 3114 3272 aspiciens
3154 3215 3311 3267 retro,
3351 3213 3505 3274 aptus

249 3290 479 3353 ci'edere
504 3303 774 3362 reensant,

460 3392 469 3397 ’
831 3425 1059 3484 CAPUT
1099 3428 1258 3484 xvu.

325 3560 493 3617 Vsus.
528 3561 577 3616 l.
605 3590 678 3611 -ςη-
708 3560 774 3616 Et
813 3562 889 3616 ait
929 3563 999 3616 ad
1025 3564 1329 3635 discipulos.
1372 3564 1659 3622 Sciendum
1709 3583 1828 3624 cum

255 3649 515 3706 Dominus
539 3651 605 3707 de
633 3652 1001 3707 misericordia
1032 3653 1363 3723 loqueretur,
1391 3653 1649 3715 Pharisaei
1679 3658 1828 3712 avari

253 3740 307 3803 in
354 3743 604 3799 irrisione
636 3743 1053 3818 perseverabant
1075 3785 1088 3804 .
1117 3745 1170 3799 in
1206 3760 1314 3814 quo
1357 3745 1586 3802 inlimis
1623 3748 1830 3805 audito-

253 3833 402 3889 ribus
435 3836 786 3901 scandalum,
836 3852 909 3892 ne
948 3838 1322 3903 attenderem,
1382 3837 1668 3897 faciebant.
1722 3840 1830 3896 llos

250 3937 379 3993 ergo
430 3925 675 4002 increpat
708 3926 935 3997 loquens
978 3928 1273 3998 apostolis,
1320 3929 1528 3983 scilicet
1564 3930 1705 4007 quod
1756 3931 1827 3986 illi

254 4029 347 4067 suo
370 4017 509 4075 vitio
539 4017 824 4084 facielnnt,
854 4027 912 4079 ut
931 4020 1480 4077 evenirentscandala
1506 4036 1607 4091 per
1630 4036 1689 4081 se
1709 4036 1829 4097 qua:

252 4118 354 4164 non
400 4116 656 4189 poterant
700 4123 811 4164 non
855 4111 1072 4166 evenire
1113 4110 1168 4166 in
1220 4110 1421 4176 mundo
1467 4113 1726 4169 aerumnis
1772 4122 1831 4170 et

252 4198 530 4255 erroribus
558 4199 889 4269 plenissimo.

324 4286 486 4346 Vens.
517 4289 573 4344 2.
597 4319 672 4331 —
696 4289 755 4346 Si
777 4290 910 4361 lapis
935 4290 1173 4358 molaris,
1197 4300 1303 4359 etc.
1328 4290 1636 4350 Secundum
1662 4292 1831 4347 ritum

251 4378 542 4443 provinciae
573 4379 663 4437 ubi
714 4391 831 4437 erat
850 4381 952 4436 ista
981 4381 1268 4437 criminum
1302 4397 1460 4452 pruna
1480 4423 1497 4447 ,
1527 4391 1587 4438 ut
1609 4383 1830 4453 alligato

255 4479 381 4522 saxo
410 4469 462 4524 i'n
510 4469 837 4540 profundum
873 4472 1333 4543 demergerentur.
1370 4474 1435 4528 Et
1464 4489 1592 4529 vere
1639 4474 1827 4530 utilius

1858 4515 1906 4576 D

1933 3297 2005 3343 est
2030 3305 2185 3358 regno
2211 3288 2361 3358 (Luc.
2389 3289 2469 3358 IX)
2504 3291 2621 3345 Dei.
2645 3292 2709 3345 Et
2736 3292 2996 3349 Dominus
3017 3295 3177 3359 Petro
3211 3295 3336 3355 dicit
3362 3312 3375 3348 :
3400 3294 3508 3351 Pa-

1933 3395 2015 3441 sce
2036 3395 2150 3433 ores
2176 3396 2315 3443 meas
2340 3379 2521 3451 (Joan.
2555 3383 2693 3451 ιιι).
2724 3381 2825 3449 Qui
2853 3398 3044 3438 servus
3068 3384 3133 3440 de
3163 3400 3302 3454 agro.
3320 3400 3505 3455 regre-

1932 3472 2097 3537 ditur,
2143 3487 2265 3526 cum
2295 3473 2603 3529 intermisso
2640 3489 2802 3543 opere
2844 3476 3194 3545 praedicandi,
3233 3477 3389 3546 quasi
3437 3477 3507 3532 ad

1932 3562 2136 3618 curiam
2164 3562 2509 3619 conscientia:
2537 3564 2753 3619 rediens
2783 3581 2880 3621 sua
2908 3567 3053 3622 dicta
3095 3567 3180 3622 vel
3214 3567 3357 3621 facta
3385 3581 3511 3637 per-

1933 3659 2150 3717 tractat,
2191 3653 2276 3706 cui
2328 3653 2588 3709 Dominus
2634 3670 2741 3711 non
2772 3657 2953 3711 statim
2973 3656 3130 3729 jubet
3171 3657 3242 3720 ab
3272 3658 3376 3719 hac
3398 3658 3508 3712 vita

1932 3744 2186 3809 transire,
2213 3751 2481 3801 etmwrna
2511 3747 2690 3815 quiete
2725 3748 2977 3814 refoveri,
3009 3750 3105 3805 sed
3134 3750 3278 3805 donli
3316 3764 3511 3820 parare

1931 3836 2071 3903 quod
2097 3845 2292 3901 crenet,
2338 3836 2391 3890 id
2419 3845 2501 3892 est
2542 3846 2664 3909 post
2693 3838 2933 3896 laborem
2975 3850 3173 3911 aperta;
3201 3842 3507 3912 locutionis,

1931 3923 2290 3980 humilitatem
2313 3927 2544 3996 propriae
2563 3930 2997 3993 conversationis
3024 3931 3304 3996 exhibere,
3334 3932 3389 3987 in
3412 3931 3509 3986 tali

1930 4012 2073 4068 enim
2103 4013 2431 4073 conscientia
2463 4014 2603 4070 Deus
2630 4028 2837 4081 emanat.

2004 4105 2169 4161 Vsus.
2205 4104 2699 4169 8,—Etministra
2741 4108 2886 4167 mihi.
2925 4107 3197 4169 Ministrat
3237 4100 3508 4166 conditori

1933 4195 2023 4266 qui
2053 4192 2176 4263 ejus,
2212 4203 2462 4259 naturam
2491 4195 2861 4263 considerans,
2889 4206 2945 4254 et
2973 4195 3312 4266 ejusjudicia
3339 4199 3510 4268 perti-

1934 4300 2203 4352 mescens,
2246 4285 2315 4341 de
2359 4284 2475 4346 suis
2516 4300 2575 4347 se
2626 4285 2914 4351 virtutibus
2948 4287 3219 4353 humiliat.
3265 4287 3512 4343 Minister

1929 4378 2073 4433 enim
2105 4393 2136 4431 a
2158 4376 2352 4432 minori
2382 4385 2524 4438 statu
2554 4377 2770 4436 dicitur.

2003 4466 2170 4527 Vens.
2210 4466 2494 4531 10,—8.2
2535 4477 2583 4524 et
2622 4485 2729 4524 vos.
2776 4458 3071 4540 Postquam
3100 4471 3170 4525 ad
3201 4458 3507 4542 perfectio-

258 4553 720 4630 inuoxiumpmna
746 4562 1066 4633 gravissima
1109 4563 1273 4617 vitam
1327 4565 1516 4631 linire,
1544 4581 1704 4636 quam
1738 4566 1829 4631 ke-
1858 4553 1904 4576 υ
1932 4571 2054 4614 nem
2092 4557 2211 4613 ﬁdei
2237 4558 2554 4623 ειιιοτιθιηε
2598 4568 2700 4623 est.
2724 4575 2822 4630 per
2859 4575 3022 4630 quam
3065 4558 3510 4621 ﬁlmlmirabilia

258 4646 424 4705 dendo
452 4652 681 4708 fratrem
729 4662 955 4708 mortem
1001 4655 1220 4709 mmrcri
1264 4668 1599 4725 perpetuam.
1632 4657 1708 4711 De
1734 4675 1831 4729 pu-

258 4737 402 4795 sillis.
432 4742 553 4799 Non
580 4753 771 4808 aatatc,
805 4743 898 4801 sed
928 4743 1036 4801 fide
1069 4754 1124 4800 et
1161 4745 1370 4810 animo,
1401 4747 1492 4816 qui
1522 4748 1834 4804 occasiones

260 4840 507 4894 quierunt.
549 4834 817 4904 quomodo
872 4834 1331 4900 scandalizentur,
1388 4836 1509 4895 ideo
1556 4835 1835 4892 consulere

261 4936 466 4991 oportet
494 4944 589 4984 vos
613 4928 697 4984 his
727 4944 794 4984 ne
818 4929 1103 4993 occasione
1126 4930 1290 4992 vestri
1313 4931 1570 4995 recedant
1591 4946 1621 4986 a
1651 4930 1757 4995 (ide
1779 4937 1837 4993 et

265 5026 292 5064 a
315 5018 506 5075 salute.
898 5014 905 5019 ’
929 5047 956 5095 κ

334 5104 487 5165 Vens.
519 5111 573 5166 5.
593 5140 666 5151 —
693 5110 954 5165 Atteudite
992 5110 1152 5168 vobis.
1193 5108 1312 5177 Quo
1348 5110 1557 5174 ordine,
1579 5109 1831 5166 scandala

268 5193 531 5256 declinare
572 5210 629 5257 et
671 5217 752 5257 vas
788 5210 1102 5272 perpetuum
1133 5202 1339 5256 evitare
1384 5199 1675 5271 possimus,
1704 5200 1835 5257 insi»

266 5296 408 5342 ttuat.
444 5290 550 5347 Sed
584 5292 632 5348 si
669 5307 768 5349 nos
814 5293 1141 5347 attendimus
1168 5307 1237 5346 ne
1269 5305 1427 5360 quem
1473 5289 1759 5355 laudamus,
1789 5289 1835 5347 si

265 5379 605 5441 pcenitentem
653 5384 771 5438 zelo
811 5381 1034 5451 justitia:
1070 5381 1429 5453 corripimus,
1462 5380 1506 5435 si
1555 5396 1623 5435 ex
1669 5380 1834 5436 corde

270 5466 540 5527 paenitenti
570 5472 915 5535 dimittimus,
937 5485 1038 5525 nec
1061 5470 1315 5540 jubemur
1332 5469 1533 5539 passim
1562 5467 1829 5540 peccanti,

272 5551 359 5605 8θά
391 5561 759 5625 penitentiam
806 5560 987 5631 agenti
1011 5560 1303 5615 dimittere.
1330 5558 1570 5615 Primum
1596 5574 1726 5629 ergo
1751 5567 1834 5614 est

269 5652 569 5711 Peccantem
602 5654 909 5725 increpare,
934 5663 995 5707 ut
1022 5661 1207 5724 postea
1250 5652 1530 5723 posnitenti
1561 5652 1831 5722 possimus

267 5731 545 5803 dimittere.
594 5744 672 5807 Ita
721 5745 865 5807 enim
910 5753 1099 5823 peccat
1141 5745 1229 5821 qui
1276 5752 1592 5822 peccantem
1644 5743 1830 5799 videns

1933 4665 2119 4727 opera,
2151 4650 2313 4709 etiam
2340 4658 2530 4709 contra
2566 4666 2748 4707 rerum
2772 4660 3028 4709 naturam
3056 4661 3264 4717 monet,
3293 4668 3361 4709 ne
3389 4652 3513 4722 quis

1935 4742 2002 4798 de
2031 4743 2143 4799 suis
2179 4744 2432 4812 operibus
2461 4743 2741 4815 glorietur,
2767 4743 2867 4800 sed
2902 4752 3104 4815 quanto
3138 4744 3272 4804 ﬁdes
3310 4753 3393 4799 est
3435 4744 3516 4802 {ob

1937 4833 2014 4888 ris
2046 4834 2336 4888 virtutibus
2368 4834 2742 4900 excellentior,
2788 4843 2937 4891 tanto
2984 4835 3320 4896 conscientia
3366 4836 3513 4890 intus

1934 4924 2011 4985 sit
2037 4924 2312 4987 humilior,
2341 4924 2470 4994 quia
2494 4924 2718 4981 Domino
2739 4923 2862 4993 jure
2895 4924 3150 4980 debemus
3173 4925 3509 4995 obsequium.

1936 5012 2089 5069 Servi
2118 5013 2347 5076 inutiles.
2393 5013 2449 5068 Si
2493 5015 2655 5068 homo
2683 5015 2752 5070 ab
2793 5016 3012 5071 homine
3052 5031 3211 5073 servo
3247 5032 3354 5075 non
3397 5015 3513 5071 uui-

1935 5103 2128 5168 forme,
2176 5104 2270 5159 sed
2300 5104 2578 5174 multiplex
2623 5105 2981 5169 ministerium
3022 5107 3213 5177 exigit,
3257 5120 3357 5163 nec
3398 5120 3513 5175 gra-

1937 5195 2067 5252 tiam
2092 5195 2275 5261 habet,
2304 5204 2507 5269 quanlo
2534 5196 2707 5266 magis
2740 5211 2838 5252 vos
2864 5198 2956 5267 qui
2987 5197 3103 5258 sine
3129 5212 3214 5251 me
3253 5195 3385 5251 nihil
3413 5209 3512 5263 po-

1937 5282 2110 5348 testis,
2147 5299 2253 5338 non
2285 5284 2444 5341 unius
2480 5300 2634 5338 usum
2676 5285 2856 5354 operis
2901 5285 2984 5340 vel
3022 5285 3222 5340 laboris
3258 5295 3514 5340 exercere

1936 5374 2167 5440 debetis,
2190 5376 2284 5431 sed
2301 5390 2513 5447 semper
2535 5375 2690 5431 novis
2729 5377 2919 5433 studiis
2947 5392 3145 5447 augere
3182 5375 3388 5453 priora,
3418 5388 3513 5425 nec

1934 5480 2034 5520 vos
2053 5464 2291 5534 jactetis,
2326 5452 2451 5536 quia
2481 5466 2617 5521 bene
2642 5467 2877 5524 servitis.

2009 5556 2163 5624 Quod
2206 5558 2477 5613 debuimus
2522 5558 2711 5627 facere.
2746 5559 2847 5625 Qui
2878 5558 3027 5613 venit
3063 5556 3375 5611 ministrare
3409 5566 3515 5605 non

1936 5651 2256 5716 ministrari,
2290 5666 2391 5705 nos
2432 5650 2708 5706 debitores
2750 5651 2850 5706 sibi
2884 5649 3031 5715 fecit,
3060 5663 3126 5703 ne
3155 5645 3358 5703 nostris
3388 5658 3520 5711 0pc-

1935 5742 2087 5805 ribus
2112 5741 2462 5811 confidentes,
2503 5741 2595 5798 sed
2636 5741 2749 5817 ejus
2774 5755 3000 5796 examen
3038 5743 3315 5817 paventes,
3336 5730 3517 5796 οωιιίο
