3960 6336
481 384 587 434 διυ

973 378 1355 435 WALAFRIDI
1390 376 1635 433 STRABI
1672 374 1876 434 FULD.
1918 373 2082 428 ROB.
2123 370 2272 425 UPP.
2314 369 2491 425 PARS
2525 372 2570 429 l.
2606 403 2680 415 -—
2713 375 3170 435 THEOLOGICA.

3620 378 3735 433 320

480 496 582 549 bus
615 492 848 563 impletis
885 507 1003 563 quae
1053 500 1321 565 praecepta
1368 501 1511 559 sunt,
1562 507 1661 547 nos
1704 488 2049 561 imperfectos
2072 491 2121 550 Α
2148 486 2395 542 veniente
2427 488 2652 543 Domino
2692 487 3142 562 Hierosolymam,
3170 489 3457 548 confestim
3493 506 3734 563 regnum

482 599 604 641 esse
628 599 1100 655 recognoscamus,
1140 584 1375 665 quapdiu
1420 584 1830 655 peregrinamur
1854 597 1885 635 a
1914 581 2046 635 Deo.

554 673 716 729 Vens.
742 676 828 729 11.
854 704 926 714 --
946 675 1013 728 Et
1058 676 1255 744 factum
1300 685 1395 729 est.
1435 675 1565 730 Post
1600 675 1913 745 parabouam
1941 688 2047 742 qua

482 761 677 819 invitat
700 763 765 816 ad
798 763 1186 818 humanitatem
1210 772 1265 817 et
1293 764 1753 833 perseverantiam
1781 764 1835 817 in
1864 762 2045 816 diver-

479 855 555 909 sis
578 852 766 908 olliciis
791 854 908 920 Dei,
949 854 1417 924 reprehenduntur
1456 856 1652 927 ingrati
1690 857 1756 912 de
1790 856 2046 927 impensis

476 943 770 1000 licueﬁciis.

547 1034 711 1089 Vens.
740 1034 830 1088 12.
857 1065 929 1076 -
953 1033 1327 1104 Occurrerunt,
1347 1045 1452 1093 etc.
1478 1038 1699 1109 Leprosi
1729 1051 1857 1097 sunt
1877 1044 2044 1101 haere-

478 1126 594 1191 tici,
623 1125 715 1195 qui
738 1126 892 1196 quasi
917 1128 1099 1184 varios
1119 1128 1328 1184 colores
1347 1129 1610 1186 habentes
1630 1133 1684 1185 in
1713 1133 1902 1188 eodem
1930 1150 2048 1190 cor-

472 1232 624 1287 pore,
654 1218 834 1273 varias
862 1228 1062 1284 sectas,
1107 1235 1250 1275 nunc
1283 1219 1554 1286 falsitatis,
1602 1238 1745 1278 nunc
1770 1225 2037 1293 veritatis,

471 1308 803 1379 permiscent
837 1309 893 1364 in
928 1311 1115 1367 eadem
1161 1313 1562 1381 praedicatione.
1609 1314 1675 1368 Hi
1711 1326 1888 1371 autem
1912 1320 2037 1388 quia

472 1398 712 1454 vitantur
751 1407 807 1454 et
838 1400 906 1455 ab
948 1400 1188 1457 Ecclesia
1224 1412 1572 1458 removentur
1613 1404 1789 1482 longe,
1817 1422 2040 1471 necesse

470 1488 670 1543 habent
692 1496 752 1544 ut
776 1504 973 1559 magno
995 1491 1232 1547 clamem
1258 1493 1625 1563 interpellent.

545 1577 647 1645 Qui
668 1589 934 1645 steterunt,
958 1590 1064 1638 etc.
1098 1582 1199 1650 Qui
1227 1592 1418 1639 contra
1444 1585 1762 1657 Decalogum
1785 1601 2038 1658 peccave-

472 1675 616 1732 runt,
650 1683 750 1724 nec
774 1670 1004 1726 amando
1027 1671 1195 1727 Deum
1227 1675 1312 1745 (de
1333 1690 1439 1744 quo
1470 1676 1607 1730 male
1633 1677 1913 1750 sentiunt),
1936 1695 2039 1735 nec

469 1756 796 1825 proximum,
822 1773 854 1812 a
882 1774 992 1829 quo
1014 1760 1342 1828 dividuntur,
1391 1767 1490 1821 sub
1515 1768 1738 1824 denario
1774 1770 1841 1823 ad
1866 1771 2032 1826 Deum

2150 574 2267 645 ejus
2287 577 2742 634 manifestaretur.

2221 665 2342 721 Non
2368 669 2506 722 venit
2535 685 2747 739 regnum
2774 669 2891 735 Dei,
2939 676 3044 726 etc.
3075 669 3230 738 Quia,
3266 673 3485 743 quando
3518 673 3729 741 veniet,

2148 771 2321 825 neque
2342 758 2410 812 ab
2433 760 2653 829 angelis,
2678 775 2853 830 neque
2889 759 2958 814 ab
2986 761 3294 819 hominibus
3326 773 3505 834 potest
3538 768 3732 823 obser—

2147 847 2284 912 vari,
2316 848 2458 903 sicut
2481 849 2774 904 Dominica:
2806 850 3198 906 incarnationis
3240 861 3473 924 tempus,
3510 864 3569 909 et
3599 871 3734 926 pro-

2146 936 2429 1006 phetarum
2453 938 2725 993 vaticiniis
2744 939 3042 1008 praefixum,
3069 948 3125 995 et
3146 942 3460 1012 angelorum
3481 952 3569 1001 est
3589 961 3734 1015 prae-

2146 1026 2316 1082 coniis
2342 1027 2770 1094 manifestatum,
2809 1029 2944 1085 adeo
2976 1037 3037 1084 ut
3070 1042 3363 1103 conceptus
3401 1043 3506 1098 est,
3542 1045 3729 1101 natus,

2144 1114 2469 1185 baptizatus,
2484 1119 2809 1187 praedicans,
2836 1119 3098 1185 moriens,
3121 1136 3429 1194 resurgens,
3460 1125 3529 1179 ad
3555 1126 3733 1183 cmlos

2144 1207 2461 1273 ascendens,
2504 1209 2890 1265 comitantibus
2933 1210 3328 1277 indesinenter,
3370 1214 3457 1268 vel
3502 1216 3731 1291 angelo-

2143 1311 2287 1361 rum,
2313 1298 2398 1352 vel
2424 1299 2721 1365 hominum,
2751 1299 2837 1355 vel
2860 1308 3008 1356 certe
3041 1301 3424 1358 miraculorum
3450 1304 3521 1360 sit
3546 1305 3729 1361 decla—

2141 1391 2294 1440 ratus
2317 1386 2547 1443 indiciis.

2142 1513 2153 1523 .
2213 1471 2376 1527 Vens.
2418 1474 2753 1531 2l.-Eece
2791 1478 2928 1532 enim
2955 1493 3187 1548 regnum.
3233 1478 3348 1535 Non
3384 1482 3589 1551 poterit
3626 1484 3725 1538 ob-

2138 1564 2367 1630 servari,
2401 1567 2530 1634 quia
2573 1582 2797 1638 regnum
2834 1583 3014 1623 meum
3054 1583 3161 1624 non
3201 1579 3286 1624 est
3321 1573 3626 1642 corporale,
3665 1584 3723 1627 ut

2138 1661 2359 1728 putatis,
2384 1662 2477 1716 sed
2502 1662 2799 1731 spirituale,
2827 1663 2970 1734 quod
2997 1661 3103 1718 fide
3131 1664 3243 1735 iam
3273 1664 3495 1738 incepit,

2212 1749 2447 1822 Regnum
2475 1753 2586 1807 Dei.
2624 1755 2721 1810 Vel
2763 1756 2843 1810 sic
2871 1762 3051 1824 potest
3080 1756 3253 1826 accipi
3298 1758 3586 1827 responsio
3611 1758 3721 1815 Do-

462 1848 703 1903 ciamam
727 1856 785 1904 ει
813 1860 1093 1919 sanam",
1118 1854 1244 1909 dum
1286 1856 1339 1910 in
1363 1854 1617 1913 Εεριθείω
1641 1860 1901 1917 societate
1929 1864 2029 1918 (ιο,
2065 1837 2109 1896 Β
2138 1840 2266 1894 mini
2296 1859 2308 1893 :
2346 1839 2579 1911 Regnum
2607 1842 2703 1897 Dei
2729 1844 2869 1898 intra
2891 1859 2980 1899 vos
3000 1853 3093 1907 est,
3120 1844 3210 1914 qui
3238 1847 3563 1918 quandoque
3582 1863 3719 1903 ven-

464 1936 695 1990 ctrinam
730 1938 991 2010 integram
1019 1957 1310 2012 veramque
1352 1925 1729 2017 assequuntur,
1761 1959 1816 2005 et
1849 1952 2032 2007 omnia

467 2026 759 2081 secundum
781 2028 1070 2085 Catholicm
1098 2031 1220 2087 fidei
1260 2035 1498 2104 regulam
1531 2037 1826 2105 disserunt,
1851 2050 1906 2094 et
1941 2057 2036 2095 va-

466 2116 656 2170 rietate
697 2119 1098 2176 mendaciorum
1120 2125 1271 2192 quasi
1309 2124 1458 2194 lepra
1496 2137 1700 2183 carent.
1742 2127 1848 2184 Sed
1895 2145 2035 2188 unus

466 2206 674 2274 gratias
710 2208 839 2279 agit,
890 2210 943 2265 id
982 2220 1066 2265 est
1093 2212 1185 2281 qui
1213 2213 1266 2267 in
1306 2216 1515 2271 unitate
1539 2216 1794 2274 Ecclesiae
1818 2236 1912 2291 per
1936 2222 2035 2277 hu-

470 2295 752 2352 militatem
793 2312 1104 2368 remanent;
1143 2305 1241 2374 qui
1276 2320 1406 2363 vero
1430 2323 1527 2379 per
1569 2314 1873 2382 superbiam
1907 2316 2032 2371 elati

469 2389 775 2444 mundatori
812 2400 937 2446 sunt
965 2394 1183 2468 ingrati,
1220 2412 1414 2454 novem
1454 2411 1597 2468 sunt,
1625 2405 1751 2474 quia
1781 2420 1881 2477 per
1910 2409 2032 2464 uui-

466 2485 630 2536 tatem
651 2494 681 2537 a
718 2482 1042 2553 perfectione
1068 2489 1273 2544 denarii
1305 2492 1579 2549 deficiunt.
1663 2485 1667 2487 λ
1788 2484 1803 2488 ”
1996 2548 1997 2551 η

536 2573 698 2628 Vens.
730 2575 815 2629 15.
842 2604 914 2617 -
939 2577 1007 2632 Et
1046 2577 1344 2635 levaverunt
1371 2599 1559 2638 vocem.
1589 2585 1724 2652 Quia
1772 2589 1824 2652 in
1854 2590 2034 2647 verbis

466 2661 763 2719 Salvatoris
784 2680 844 2722 se
865 2681 1077 2724 errasse
1097 2681 1446 2742 cognoscunt,
1469 2675 1708 2732 salvandi
1732 2690 2032 2750 praecepto-

463 2767 587 2805 rem
603 2764 817 2820 vocant,
848 2765 906 2811 et
926 2774 1023 2828 per
1050 2763 1408 2836 cognitionem
1435 2768 1781 2846 praeceptoris
1809 2772 2035 2831 redeunt

464 2841 530 2895 ad
565 2840 795 2899 formam
820 2846 1032 2908 salutis.

538 2930 701 2987 Vens.
731 2934 818 2988 M.
841 2964 908 2975 -—
929 2936 1030 3004 Ile,
1053 2946 1155 2994 etc.
1185 2939 1437 3011 Quisquis
1457 2944 1711 3003 lueretica
1739 2950 2028 3018 pravitate,

461 3021 545 3076 vel
595 3024 778 3093 gentili
820 3028 1220 3096 superstitione,
1266 3032 1353 3086 vel
1391 3031 1613 3091 Iudaica
1654 3037 1899 3107 perfidia,
1948 3041 2032 3096 vel

458 3111 702 3168 fraterno
723 3116 1013 3173 schismate
1037 3133 1134 3189 per
1162 3120 1504 3192 Dei-gratiam
1529 3129 1816 3183 mundatus
1841 3144 2029 3186 carue-

459 3208 551 3268 rit,
580 3220 802 3261 necesse
824 3218 911 3262 est
934 3217 993 3262 ut
1020 3211 1087 3265 ad
1126 3210 1415 3267 Ecclesiam
1448 3214 1652 3282 veniat,
1681 3217 2025 3292 coloremque

458 3290 583 3379 fidei
607 3308 790 3348 verum
820 3296 939 3352 aliis
967 3298 1196 3354 similem
1225 3302 1490 3357 ostendat.

531 3383 695 3439 Vens.
739 3385 825 3440 15.
849 3415 921 3426 -—
946 3386 1094 3442 Unus
1124 3400 1317 3446 autem.
1348 3392 1497 3449 Unus
1531 3404 1709 3452 autem
1748 3413 2027 3470 regressus

456 3473 724 3544 significat
752 3478 910 3531 unius
937 3478 1190 3534 Ecclesiae
1216 3482 1462 3538 devotam
1490 3484 1544 3538 in
1566 3486 1781 3543 Christo
1812 3491 2029 3546 humili-

459 3573 648 3631 tatem,
679 3567 769 3636 qui
800 3571 998 3625 cadens
1021 3572 1087 3626 ad
1114 3572 1279 3643 pedes
1304 3574 1420 3643 eius
1449 3579 1653 3648 gratias
1680 3596 1867 3651 agens,
1898 3584 2026 3653 quia

456 3656 722 3722 repressis
741 3660 1172 3727 pra‘sumptionis
1193 3663 1628 3733 cogitationibus,
1656 3682 1815 3737 quam
1844 3671 1914 3725 sit
1932 3660 2026 3726 in-

459 3744 648 3800 firmus
688 3747 851 3813 videt,
897 3749 1032 3804 nihil
1068 3751 1287 3808 virtutis
1331 3754 1431 3809 sibi
1469 3744 1690 3825 tribuit;
1719 3758 1859 3815 bona
1904 3776 2024 3831 quae

459 3837 571 3906 agit
597 3837 661 3892 de
688 3838 1063 3895 misericordia
1089 3842 1357 3915 intelligit.
1932 3840 1945 3843 μ

537 3926 696 3984 Vens.
730 3931 815 3985 16.
840 3963 913 3972 —
933 3932 1000 3986 Et
1018 3935 1200 3989 cecidit
1219 3937 1272 3991 in
1299 3937 1506 4007 faciem.
1539 3938 1694 3996 Cadit
1718 3942 1771 3997 in
1804 3942 2019 4010 faciem,

455 4018 546 4087 qui
587 4018 654 4073 de
694 4024 1020 4091 perpetratis
1065 4024 1221 4080 malis
1254 4028 1541 4084 erubescit.
1584 4029 1663 4085 lbi
1699 4032 1843 4087 enim
1880 4035 2025 4099 cadit

454 4111 637 4177 homo,
668 4112 759 4168 ubi
804 4113 1168 4170 confunditur.
1212 4118 1313 4186 Qui
1351 4119 1403 4174 in
1443 4119 1634 4177 faciem
1676 4125 1842 4190 cadit,
1879 4126 2026 4189 videt

453 4218 563 4272 quo
586 4205 776 4271 cadat;
809 4207 899 4276 qui
937 4215 1084 4264 retro
1112 4210 1279 4274 cadit,
1313 4227 1417 4268 non
1449 4212 1610 4268 videt.
1639 4214 1772 4270 Boni
1811 4231 1939 4288 ergo
1969 4219 2021 4273 in

452 4296 645 4352 faciem
693 4298 913 4364 cadunt,
946 4301 1070 4369 quia
1111 4301 1395 4357 humiliant
1423 4319 1482 4359 se
1522 4304 1574 4359 in
1598 4305 1680 4359 his
1702 4307 2023 4375 visibilibus,

453 4396 513 4441 ut
546 4389 613 4441 ad
658 4388 942 4442 invisibilia
965 4390 1269 4459 erigantur;
1302 4393 1428 4447 mali
1470 4403 1614 4449 retro
1642 4399 1861 4464 cadunt,
1897 4401 2023 4479 quia

455 4477 655 4531 cadunt
677 4476 732 4530 in
764 4476 1151 4545 invisibilibus,
1182 4480 1273 4534 ubi
1307 4496 1414 4537 nou
1443 4482 1625 4538 vident
1650 4486 1777 4559 quid
1805 4476 2021 4548 cesses

450 4576 671 4638 quatuv.
1676 4562 1683 4568 ’

523 4665 689 4719 Vens.
722 4662 809 4718 19.
838 4691 906 4701 --
933 4658 1121 4731 Surge.
1151 4659 1253 4728 Qui
1291 4660 1660 4719 infirmitatem
1689 4681 1839 4734 suam
1859 4684 2024 4741 agno-

453 4771 612 4813 scens
648 4754 923 4809 humiliter
967 4761 1094 4805 ante
1143 4750 1308 4804 Deum
1339 4749 1528 4820 iacuit,
1562 4754 1739 4809 divina
1783 4760 2025 4815 consola-

454 4848 603 4902 tione
648 4859 868 4913 surgere
905 4843 972 4897 ad
1009 4841 1233 4896 fortiora
1281 4857 1464 4913 opera,
1505 4855 1560 4899 et
1602 4846 1681 4901 ire
1725 4855 2021 4909 crescendo

454 4952 626 5008 usque
654 4938 723 4991 ad
747 4934 1067 5015 perfectiora
1100 4932 1337 5001 iubetur.
1379 4928 1539 4989 Fides
1563 4946 1672 4990 tua.
1707 4936 1869 4995 Fides
1903 4958 2022 5010 qua:

456 5032 524 5088 ad
554 5029 787 5102 agendas
822 5027 1022 5100 gratias
1062 5027 1364 5089 inclinavit,
1404 5037 1619 5082 econtra
1645 5031 1867 5100 perfidia
1901 5033 2022 5090 illos

454 5127 676 5183 damnat
710 5122 800 5192 qui
849 5121 915 5176 de
956 5121 1192 5190 acceptis
1230 5120 1503 5177 beneﬁciis
1544 5133 1669 5178 sunt
1700 5126 1915 5197 ingrati.
1951 5128 2021 5185 Te

451 5221 653 5279 saluum
683 5216 823 5288 fecit.
864 5213 923 5269 In
948 5213 1212 5296 superiori
1241 5212 1493 5297 parabola
1518 5214 1826 5273 decernitur
1857 5220 2017 5277 fidem

451 5329 551 5387 per
591 5308 945 5367 humilitatem
985 5305 1180 5360 debere
1209 5306 1412 5377 augeri.
1451 5305 1506 5360 ln
1554 5306 1655 5362 ista
1684 5311 1844 5367 rebus
1888 5312 2018 5382 ipsis

451 5390 733 5465 manifeste
757 5397 1078 5463 ostenditur,
1122 5412 1228 5451 non
1257 5396 1379 5452 fidei
1414 5407 1623 5461 tantum
1662 5403 1900 5473 agnitam
1930 5422 2017 5459 ra-

446 5504 675 5567 ﬁonem,
716 5496 809 5553 sed
838 5493 963 5549 fidei
986 5498 1290 5553 exsecutam
1319 5490 1684 5569 operationem
1713 5506 1834 5548 esse
1852 5533 1867 5559 ,
1900 5510 2018 5565 quae

448 5592 656 5664 salvum
693 5589 856 5646 faciat
881 5587 1211 5644 credenlcm.

508 5685 687 5749 Vens.
722 5681 812 5738 20.
840 5712 909 5722 —
930 5678 1306 5749 Interrogatus.
1335 5676 1459 5732 Ideo
1483 5678 1836 5759 interrogant,
1866 5678 2013 5748 quia,

448 5782 593 5839 sicut
634 5777 813 5835 Lucas
861 5773 1084 5830 inferius
1137 5772 1379 5842 apemit,
1429 5772 1808 5828 existimabant
1849 5770 2011 5841 quod,

2139 1938 2287 1983 turus
2306 1927 2474 1984 Judex
2505 1932 2768 1996 omnium,
2793 1948 2935 1988 nunc
2964 1933 3129 1988 etiam
3158 1942 3349 2004 regnat
3374 1932 3429 1988 in
3457 1936 3717 1992 cordibus

2132 2020 2392 2076 fidelium.
2420 2022 2527 2077 Sed
2554 2038 2677 2078 cum
2702 2025 2943 2079 haeretici
2969 2025 3190 2079 turbant
3212 2025 3508 2081 Ecclesiam
3528 2028 3715 2096 pravis

2135 2111 2493 2180 dogmatibus,
2521 2113 2831 2169 desiderant
2859 2113 3044 2170 fideles
3073 2123 3132 2170 ut
3166 2115 3443 2181 Dominus,
3481 2131 3592 2171 una
3625 2117 3715 2174 die

2136 2200 2203 2254 ad
2224 2209 2400 2257 terras
2421 2203 2659 2269 rediens,
2688 2204 2735 2259 si
2758 2203 2875 2259 fieri
2898 2214 3107 2276 posset,
3138 2206 3422 2261 veritatem
3455 2206 3579 2263 fidei
3622 2208 3713 2263 in-

2136 2292 2368 2348 timaret.
2396 2293 2502 2349 Sed
2532 2310 2635 2349 non
2662 2295 2938 2361 videbunt,
2979 2298 3106 2366 quia
3144 2299 3288 2367 quod
3323 2297 3493 2354 semel
3526 2298 3709 2353 Evan-

2132 2383 2305 2453 gelico
2337 2383 2544 2455 fulgore
2560 2394 2647 2440 est
2673 2386 2993 2453 exhibitum,
3025 2402 3132 2443 non
3163 2397 3250 2444 est
3276 2402 3412 2460 opus
3439 2389 3711 2460 corporali

2135 2470 2341 2526 visione
2364 2471 2575 2527 Domini
2605 2472 2828 2528 ﬁrmari.

2202 2558 2364 2617 Vens.
2412 2562 2599 2617 22.—
2626 2562 2844 2619 Venient
2883 2565 3015 2620 dies.
3049 2565 3230 2622 Noluit
3270 2569 3452 2627 dicere
3491 2573 3709 2641 quando

2132 2652 2361 2717 veniret,
2410 2655 2504 2708 sed
2543 2664 2831 2709 venturum
2865 2655 3024 2721 dixit,
3051 2664 3111 2712 ut
3152 2657 3420 2715 incuteret
3454 2661 3707 2718 omnibus

2131 2747 2395 2798 terrorem
2439 2742 2769 2800 imminentis
2797 2744 3005 2814 iudicii,
3036 2732 3151 2805 nec‘
3170 2750 3517 2808 securitatem
3548 2750 3709 2809 ader-

2133 2841 2217 2888 ret
2240 2833 2531 2891 dilationis.

2200 2923 2538 2983 Besideretis.
2571 2927 2700 2983 Post
2725 2943 2901 2985 meam
2941 2933 3332 3001 ascensionem,
3362 2936 3579 3005 quando
3609 2952 3706 2994 vos

2131 3013 2189 3069 in
2213 3015 2317 3070 hoc
2344 3017 2536 3073 exsilio
2565 3020 2749 3076 mundi
2774 3020 3188 3092 ingemiscentes
3221 3024 3597 3082 desiderabitis
3619 3043 3706 3091 me

2129 3105 2314 3161 videre
2340 3106 2395 3162 in
2421 3107 2593 3179 gloria
2639 3125 2780 3177 mea,
2812 3125 2932 3180 quas
2971 3111 3220 3169 voluntas
3264 3114 3550 3183 laudanda,
3597 3132 3704 3177 non

2131 3205 2313 3253 tamen
2348 3200 2403 3254 in
2439 3200 2543 3263 hoc
2587 3203 2786 3258 mundo
2816 3203 3108 3275 implenda.
3158 3204 3332 3261 Unum
3359 3208 3515 3264 diem.
3562 3210 3705 3265 Bene

2129 3304 2295 3343 unum
2318 3289 2470 3357 dicit,
2503 3291 2629 3361 quia
2653 3292 2706 3346 in
2735 3292 2823 3348 illa
2851 3294 3046 3365 gloria,
3074 3297 3139 3352 de
3163 3313 3270 3368 qua
3298 3301 3559 3369 propheta
3585 3301 3700 3354 ait:

2129 3377 2321 3434 Melior
2354 3390 2429 3435 est
2452 3381 2562 3437 dies
2596 3399 2702 3437 una
2726 3383 2781 3449 in
2822 3386 2972 3452 atriis
3000 3389 3106 3453 tuis
3132 3405 3291 3459 super
3331 3390 3499 3445 millia
3530 3390 3699 3464 (Psal.

2127 3470 2379 3543 Lxxmt),
2434 3472 2579 3528 nulla
2621 3484 2707 3543 est
2748 3478 3095 3534 tenebrarum
3160 3480 3502 3552 interruptio,
3556 3484 3703 3549 nulla

2126 3563 2318 3619 saltem
2344 3565 2606 3621 memoria
2630 3567 2864 3624 miserim
2887 3568 2972 3625 vel
2994 3571 3213 3628 doloris.
3240 3571 3408 3642 liuius
3433 3574 3539 3630 diei
3565 3592 3702 3646 pra:-

2126 3656 2357 3711 sentiam
2386 3657 2586 3711 bonum
2625 3668 2708 3714 est
2743 3661 3069 3729 desiderare,
3118 3679 3226 3719 non
3272 3676 3451 3721 tamen
3488 3682 3699 3738 magni-

2127 3747 2308 3801 tudine
2339 3747 2588 3802 desiderii
2618 3749 2772 3804 nobis
2812 3748 3015 3822 fingere
3058 3752 3285 3818 somnia,
3327 3756 3479 3824 quasi
3529 3756 3696 3812 instet

2125 3837 2238 3893 dies
2259 3837 2491 3904 Domini,
2515 3840 2658 3908 quod
2696 3840 2765 3894 ab
2799 3840 3070 3911 aliquibus
3106 3842 3406 3899 faciendum
3433 3847 3695 3916 prmdicit.

2194 3933 2357 3988 Vens.
2397 3933 2487 3988 εδ.
2517 3933 2682 3988 -Εε
2726 3935 2920 4001 dicent,
2972 3945 3077 3991 etc.
3128 3937 3299 3993 Fuere
3342 3939 3561 4013 quidam
3609 3942 3699 4011 qui

2121 4035 2499 4093 computantes
2526 4025 2794 4080 curricula
2831 4035 3071 4093 :etatum,
3100 4030 3582 4085 consummationis
3606 4046 3701 4085 sre-

2118 4115 2250 4179 euli,
2275 4123 2481 4171 certum
2524 4131 2746 4184 annum,
2774 4116 2916 4173 diem
2939 4127 2994 4175 et
3026 4120 3213 4175 horam
3237 4136 3306 4178 se.
3337 4122 3583 4178 dicerent
3622 4124 3700 4178 in—

2123 4207 2360 4263 venisse.

2194 4296 2359 4353 Vsns.
2397 4298 2489 4353 24.
2512 4329 2583 4340 -
2607 4299 2748 4355 Nam
2783 4302 2940 4368 sicut,
2968 4312 3076 4359 etc.
3106 4303 3282 4362 Nolite
3311 4304 3418 4363 illis
3448 4309 3695 4373 credere,

2121 4391 2253 4462 quia
2293 4392 2564 4448 secundus
2590 4393 2850 4449 adventus
2894 4396 3211 4466 repentinus
3245 4398 3374 4464 erit,
3397 4406 3454 4454 et
3486 4399 3561 4454 ita
3588 4416 3699 4454 ma-

2125 4482 2376 4549 nifestus,
2400 4484 2543 4553 quod
2589 4484 2767 4541 nullus
2796 4486 2991 4555 poterit
3027 4487 3280 4557 ignorare
3318 4489 3384 4544 de
3410 4490 3510 4545 sub
3539 4491 3694 4555 creto,

2124 4574 2249 4644 quia
2289 4574 2575 4630 discrimen
2600 4574 2789 4646 iudicii
2833 4577 2934 4632 sub
2964 4576 3121 4642 coelo,
3178 4578 3280 4633 hoc
3316 4587 3419 4643 est,
3468 4579 3521 4635 in
3552 4580 3694 4634 aeris

2123 4666 2302 4722 medio
2334 4666 2559 4735 geritur.

2194 4756 2356 4813 Vens.
2377 4756 2468 4812 25.
2499 4786 2569 4797 --
2594 4756 2826 4812 Primum
2857 4766 3055 4824 autem,
3081 4763 3191 4815 etc.
3222 4757 3475 4831 Loquens
3498 4762 3567 4817 de
3593 4761 3700 4832 glo.

2120 4846 2200 4903 ria
2226 4847 2508 4912 adventus,
2540 4847 2731 4902 inserit
2754 4848 2915 4902 etiam
2948 4848 3012 4903 de
3032 4848 3299 4917 passione,
3330 4859 3389 4904 ut
3417 4866 3541 4906 cum
3586 4867 3697 4907 mo-

2120 4941 2349 4995 rientem
2374 4939 2619 4994 viderent
2648 4952 2809 5009 quem
2837 4946 3188 5008 regnaturum
3209 4941 3517 5006 audierant,
3548 4942 3695 4999 dolo-

2123 5048 2237 5088 rem
2264 5030 2552 5102 passionis,
2575 5045 2672 5100 spe
2697 5031 2975 5100 promissa:
2990 5030 3266 5087 claritatis
3292 5031 3624 5103 mitigarent.

2194 5124 2358 5180 Vens.
2392 5122 2483 5177 ΞΘ.
2515 5152 2589 5163 -
2614 5121 2683 5175 Et
2705 5122 2839 5176 sicut
2865 5122 3059 5191 factum
3086 5133 3181 5176 est.
3221 5122 3467 5178 Subitum
3494 5126 3692 5178 adven-

2122 5226 2209 5273 tus
2228 5217 2310 5273 sui
2340 5217 2481 5273 diem
2502 5216 2746 5287 pluribus
2770 5215 2964 5271 astruit
2994 5215 3280 5287 exemplis,
3316 5225 3370 5272 et
3392 5233 3551 5288 quem
3587 5218 3688 5271 ful-

2120 5310 2243 5383 guri
2269 5310 2396 5381 (cito
2421 5307 2601 5363 omnia
2632 5306 3006 5375 transvolanti)
3042 5315 3471 5375 comparaverat,
3505 5308 3692 5362 diebus

2124 5400 2258 5464 Noe,
2288 5398 2374 5453 vel
2403 5397 2538 5452 Loth
2560 5396 2875 5466 :equiparat,
2904 5394 3121 5464 quando
3150 5397 3459 5465 repentinus
3491 5406 3690 5451 morta-

2116 5494 2263 5549 libus
2283 5490 2592 5563 supervenit
2616 5488 2883 5543 interitus.

2194 5572 2477 5640 Vnnsf27.
2502 5611 2571 5622 —-
2594 5579 2851 5644 Edebant,
2882 5586 2986 5634 etc.
3025 5576 3141 5633 Non
3185 5576 3451 5633 connubia
3490 5576 3575 5631 vel
3603 5575 3693 5629 ali-

2124 5686 2302 5734 menta
2326 5675 2673 5737 damnantur,
2707 5684 2828 5726 cmn
2866 5672 2919 5725 in
2954 5669 3041 5725 his
3079 5666 3459 5727 successionis,
3492 5665 3545 5720 in
3589 5666 3689 5720 iliis

2123 5777 2328 5827 natura!
2347 5768 2520 5840 posita
2550 5767 2657 5821 sint
2686 5763 2944 5828 subsidia,
2976 5762 3070 5819 sed
3101 5759 3489 5816 immoderatus
3519 5756 3692 5813 licito:
