3960 6336
191 371 276 429 521
1113 347 1385 412 CLOSSA
1422 346 1742 409 ORDINARI

1853 375 1922 388 ——
1960 341 2213 400 EVANG.
2255 340 2410 398 LUC.

3317 335 3424 391 522

195 496 302 538 rum
337 489 462 532 usus
504 471 766 544 arguitur.
790 469 926 537 Quia
965 469 1110 524 enim
1148 469 1233 523 his
1279 483 1338 523 se
1367 475 1510 522 totos
1537 465 1734 529 dando,
1768 469 1814 527 Α
1842 459 1967 529 quia
1991 456 2257 525 majorum
2282 455 2508 511 consilio
2545 461 2829 526 reguntur,
2864 461 2924 508 ut
2949 451 3160 509 femina:
3198 465 3230 505 a
3263 451 3417 515 viris,

193 568 277 622 Dei
295 562 488 633 judicia
530 561 974 624 contemnebant,
1006 558 1129 629 igne
1155 558 1240 612 vel
1272 572 1411 626 aqua
1445 561 1741 626 perierunt.

195 654 352 723 Usque
373 653 424 704 in
448 650 603 704 diem.
623 648 924 718 Allegorice
949 665 962 702 :
989 647 1101 702 Noe
1141 661 1323 702 arcam
1344 646 1591 709 aediﬁcat,
1622 659 1745 699 cum

192 745 430 801 Dominus
443 741 625 795 ﬁdeles
640 741 693 794 in
710 740 953 796 Ecclesia
977 747 1286 810 congregat.
1330 737 1500 804 Quam
1531 745 1586 790 et
1609 750 1744 791 con-

192 840 490 889 summatam
515 831 816 901 ingreditur
839 846 959 885 cum
973 831 1111 884 hanc
1137 831 1190 884 in
1215 829 1299 883 die
1311 829 1748 897 judiciiprzesen.

192 929 256 982 tia
272 941 358 980 sua
383 923 627 978 illustrat.
655 922 760 978 Sed
786 923 913 978 dum
929 937 1052 976 arca
1076 922 1390 987 tediﬁcatur,
1408 921 1573 991 iniqui
1591 922 1744 976 luxu-

189 1017 453 1076 riantur,et
464 1011 591 1066 dam
606 1013 800 1066 intratu
808 1029 850 1076 r,
858 1017 1057 1067 aeterna
1067 1010 1409 1066 damnatione
1421 1011 1741 1080 plectuntur.

250 1102 400 1156 Vens.
425 1101 514 1156 28.
546 1131 616 1141 -
643 1091 917 1167 Similiter,
957 1112 1064 1157 etc.
1105 1101 1476 1157 Praetermisso
1510 1103 1746 1157 maximo

189 1192 570 1248 Sodomitarum
596 1191 823 1258 scelere,
868 1192 982 1246 sola
1007 1207 1071 1246 ea
1102 1200 1490 1246 commemorat
1513 1203 1633 1262 qua;
1659 1192 1745 1246 vel

188 1285 330 1347 levia,
359 1282 436 1338 vel
484 1283 631 1337 nulla
660 1296 778 1338 esse
813 1287 1158 1353 putarentur,
1201 1291 1260 1336 ut
1301 1283 1572 1353 intelligas
1599 1281 1743 1352 quali

186 1389 328 1446 pinna
374 1373 638 1427 feriantur
683 1373 888 1437 illicita,
921 1373 966 1427 si
1007 1373 1158 1427 licita
1197 1381 1256 1426 'et
1294 1387 1358 1427 ea
1401 1373 1520 1427 sine
1549 1373 1744 1441 quibus

187 1466 282 1519 vita
327 1480 429 1519 non
479 1465 714 1531 ducitur,
764 1464 1172 1519 immoderatius
1213 1469 1354 1530 acta,
1385 1466 1506 1534 igne
1523 1471 1587 1518 ‘et
1636 1462 1744 1517 sul-

185 1560 338 1624 phure
362 1557 674 1625 punientur.

246 1645 389 1700 Loth.
431 1645 971 1716 Allegorice:~'Loth,
1021 1647 1111 1715 qui
1158 1646 1543 1716 interpretatur
1577 1645 1740 1700 decli-

187 1753 324 1800 nans,
350 1744 430 1792 est
469 1737 702 1808 populus
741 1737 1056 1800 electorum,
1093 1737 1184 1807 qui
1213 1739 1338 1792 dum
1367 1753 1420 1790 in
1469 1736 1738 1801 Sodomis,

1846 567 1967 623 qua:
1992 561 2170 604 tamen
2205 550 2256 603 in
2293 564 2459 603 unum
2495 547 2707 602 molunt
2736 547 3054 618 inquautum
3078 545 3144 600 de
3177 545 3291 600 suis
3317 559 3417 600 ne-

1845 642 2004 712 gotiis
2032 640 2285 695 Ecclesiae
2307 641 2494 694 usibus
2538 631 2868 693 de’Serviunt.
2912 635 3018 692 Sed
3049 637 3268 706 quidam
3300 645 3417 690 tan-

1846 740 1958 786 tum
1983 739 2204 800 propter
2237 736 2462 790 aeterna,
2487 727 2576 796 qui
2611 726 2799 779 habent
2823 735 3070 796 tanquam
3096 741 3196 778 non
3218 724 3416 778 haben-

1844 831 1940 884 tes,
1963 820 2180 890 quidam
2224 826 2448 887 prOpter
2475 815 2812 885 temporalia,
2841 815 2931 886 qui
2965 817 3017 869 in
3065 815 3258 868 incerto
3288 815 3418 868 divi-

1844 912 2036 963 tiarum
2057 919 2264 979 sperant
2292 908 2342 977 (1
2375 906 2488 960 Tim
2519 905 2613 976 v1).

1915 999 2078 1054 Vens.
2129 1000 2218 1053 57.
2258 1028 2326 1037 —
2375 997 2477 1063 Qui
2528 997 2659 1049 dixit
2713 995 2840 1050 illis.
2881 995 2998 1050 Duo
3055 993 3420 1065 quaerentibus

1844 1106 2007 1145 unum
2049 1089 2353 1160 reSpnndet,
2397 1096 2618 1142 sanctos
2657 1085 2866 1140 scilicet
2909 1100 3094 1140 secum
3139 1098 3420 1138 assumen-

1844 1182 1961 1247 dos,
1985 1180 2127 1236 aliud
2151 1179 2484 1249 subjicieudo
2513 1176 2710 1240 innuit,
2741 1174 2914 1230 malos
2941 1175 3148 1229 scilicet
3182 1191 3210 1227 a
3243 1189 3299 1228 se
3333 1189 3417 1228 re-

1842 1273 2024 1343 pulsos
2077 1287 2200 1326 cum
2255 1269 2469 1324 diabolo
2518 1267 2874 1321 damnandos.
2933 1263 3260 1334 Ubicunque,
3310 1271 3417 1318 etc.

1843 1363 2160 1431 Ubicunque
2198 1359 2358 1414 fuerit
2385 1359 2644 1413 Dominus
2671 1355 3041 1425 corporaliter,
3081 1355 3172 1409 illo
3199 1368 3420 1422 congre-

1842 1455 2110 1524 gahuntur
2151 1452 2324 1514 electi,
2369 1450 2461 1518 qui
2493 1449 2609 1519 ejus
2644 1447 2954 1516 passionem
2986 1445 3259 1499 humiliter
3295 1444 3419 1498 imi-

1842 1546 2007 1600 tando
2062 1552 2319 1612 tanquam
2363 1542 2428 1596 de
2459 1554 2623 1596 carne
2669 1537 2784 1606 ejus
2815 1544 3148 1600 saturantur,
3191 1549 3421 1603 quorum

1839 1651 1936 1704 per
1969 1632 2419 1688 resurrectionem
2447 1628 2798 1684 renovabitur
2839 1635 2898 1680 ut
2927 1625 3117 1694 aquilae
3139 1625 3418 1693 juventus.

2399 1738 2624 1795 CAPUT
2678 1736 2858 1792 XVIII.

191 1829 238 1882 id
267 1837 344 1884 est
381 1830 522 1884 inter
558 1829 814 1898 reprobos
843 1840 901 1884 ut
930 1831 1133 1885 advena
1181 1839 1443 1894 moratur,
1475 1840 1732 1900 quantum
1768 1827 1812 1886 Β
1912 1825 2076 1880 VERS.
2105 1822 2160 1876 ἓ.
2187 1852 2256 1862 -
2275 1820 2452 1874 Inde-13
2472 1819 2704 1889 quidam
2733 1817 2856 1869 [1ίὲ0
2879 1813 3134 1884 [iambon
3165 1812 3231 1866 ad
3251 1827 3417 1866 οιὩῐι-

183 1918 309 1972 valet
333 1919 539 1974 scelera
568 1934 754 1974 eorum
767 1920 1016 1975 declinat.
1044 1920 1286 1975 Exeunte
1309 1921 1467 1986 Loth,
1500 1920 1734 1975 Sodoma

182 2008 324 2075 perit,
365 2010 488 2077 quia
532 2010 587 2063 in
628 2012 1067 2064 consummatione
1099 2010 1280 2065 διεσαιὲ
1313 2022 1523 2066 enimut
1544 2011 1733 2082 angeli,

180 2102 547 2168 etseparab'unt
575 2102 738 2156 malos
759 2103 823 2156 de
850 2104 1019 2159 medio
1036 2104 1395 2176 justorum,-et
1420 2106 1619 2158 mittent
1650 2114 1738 2160 eos

180 2191 228 2242 in
254 2192 512 2244 caminum
535 2193 671 2261 ignis
697 2192 914 2261 (Matth.
941 2194 1079 2264 xiii).

242 2279 399 2335 Vens.
439 2283 530 2336 50.
564 2312 634 2323 —-
658 2283 832 2339 Filius
875 2288 1118 2341 hominis.
1150 2287 1252 2354 Qui
1299 2287 1520 2341 interim
1577 2288 1742 2356 appa-

180 2385 293 2426 rens
332 2373 513 2429 omnia
561 2376 735 2442 v'idet,
777 2384 905 2431 tunc
948 2392 1212 2446 apparens
1249 2378 1430 2432 omnia
1456 2376 1740 2446 judicabit,

180 2464 378 2531 quando
409 2475 640 2521 cunctos
662 2467 987 2535 judiciorum
1021 2484 1242 2523 suorum
1270 2469 1466 2522 oblitos
1489 2469 1613 2522 huic
1640 2483 1743 2522 sae-

179 2553 288 2606 culo
311 2556 657 2625 conspexerit
688 2558 1042 2626 mancipatus,
1063 2567 1122 2611 ut
1147 2558 1341 2612 merito
1363 2559 1591 2612 debeant
1623 2574 1744 2612 cum

179 2642 283 2711 ipso
308 2660 464 2713 quem
494 2645 797 2700 inhabitant
823 2647 953 2702 orbe
981 2647 1168 2702 deleri.

239 2732 400 2787 Vsus.
449 2734 539 2789 5i.
565 2736 723 2790 —In
748 2736 840 2790 illa
884 2737 986 2791 die.
1035 2736 1325 2807 llucusque
1367 2738 1433 2792 de
1471 2738 1574 2793 hoc
1602 2740 1745 2807 quod

177 2835 412 2890 regnum,
449 2825 502 2878 id
524 2833 607 2879 est
644 2825 909 2889 Christus,
934 2843 1039 2881 non
1061 2843 1184 2882 cum
1205 2829 1606 2893 observatione,
1647 2828 1742 2883 sed

173 2909 477 2979 insperatus
515 2917 798 2970 adveniat:
829 2932 971 2971 nunc
998 2932 1027 2969 a
1059 2917 1310 2987 qualibus
1339 2918 1454 2987 ipse
1477 2919 1740 2972 adventus

172 3005 476 3071 exspectari
521 3005 730 3060 debeat.
766 3007 824 3060 ln
874 3017 1017 3063 tecto
1044 3018 1142 3072 est,
1168 3009 1260 3078 qui
1301 3011 1541 3065 carnalia
1582 3016 1742 3065 exec-

170 3089 298 3147 dens
329 3093 555 3147 velut-in
572 3111 700 3149 aura
720 3097 887 3151 libera
915 3099 1268 3165 spiritualiter
1286 3101 1435 3154 vivit.
1467 3101 1602 3156 Vasa
1623 3102 1741 3171 ejus

1836 1919 1963 1974 dum
2000 1926 2054 1970 et
2097 1913 2446 1976 credendum,
2492 1919 2547 1966 et
2591 1924 2698 1964 non
2741 1909 2808 1962 de
2848 1907 3022 1971 nobis,
3079 1906 3174 1960 sed
3213 1905 3279 1958 de
3309 1905 3418 1958 Deo

1837 2008 2271 2082 praesumendum
2316 2006 2584 2058 hortatur.

1912 2100 2074 2154 Vens.
2107 2099 2162 2152 5;
2195 2125 2266 2134 —
2296 2093 2469 2146 Vidua
2512 2100 2708 2144 autem.
2737 2087 2863 2141 Haec
2898 2083 3054 2140 vidua
3100 2090 3276 2152 potest
3317 2081 3439 2134 ha-‘

1837 2193 1970 2249 bere
2005 2184 2410 2244 similitudinem
2454 2179 2735 2243 Ecclesiae,
2767 2191 2888 2246 quae
2917 2173 3154 2228 desolata
3200 2171 3417 2224 videtur

1843 2282 2018 2337 donec
2046 2277 2230 2332 veniat
2271 2273 2550 2335 Dominus,
2583 2268 2675 2337 qui
2705 2277 2885 2321 tamen
2916 2266 2970 2320 iu
3002 2271 3214 2318 secreto
3253 2261 3418 2315 etiam

1845 2386 1990 2426 nunc
2017 2383 2205 2424 curam
2253 2364 2371 2433 ejus
2399 2361 2559 2433 gerit.
2597 2357 2817 2412 Vindioa
2851 2372 2951 2410 mre.
2995 2353 3128 2409 Cum
3150 2351 3282 2421 justi
3321 2365 3420 2420 pro

1844 2461 2278 2535 persecutoribus
2323 2471 2484 2512 orare
2529 2459 2872 2515 moneantur,
2918 2458 3100 2503 tamen
3154 2447 3221 2500 de
3263 2444 3421 2500 malis

1847 2559 1992 2615 salva
2027 2555 2234 2625 justitia
2263 2554 2404 2606 hanc
2444 2547 2736 2603 vindictam
2766 2551 3067 2612 expetunt:
3108 2546 3168 2592 ut
3194 2545 3422 2606 pereant

1845 2663 2037 2704 omnes
2055 2645 2201 2709 mali,
2223 2643 2308 2698 vel
2327 2638 2574 2697 conversi
2597 2637 2662 2689 ad
2681 2633 2970 2702 justitiam,
2997 2629 3080 2683 vel
3109 2628 3304 2682 amissa
3325 2640 3423 2695 per

1845 2738 2162 2809 supplicium
2196 2739 2465 2804 potestate
2493 2743 2658 2798 quam
2684 2738 2835 2778 nunc
2856 2729 3040 2776 contra
3059 2717 3225 2772 bonos
3247 2731 3422 2785 quan-

1845 2806 2073 2886 diu—hoc
2115 2828 2292 2897 ipsum
2326 2822 2482 2877 bonis
2527 2817 2744 2888 expedit
2771 2813 2856 2867 vel
2905 2809 3271 2880 temporalitcr
3324 2806 3424 2860 ali-

1843 2922 1972 2992 quid
1994 2896 2237 2991 possunt.
2276 2915 2449 2982 Quem
2484 2910 2642 2964 ﬁnem
2673 2921 2794 2960 cum
2818 2903 2950 2971 justi
2983 2901 3169 2954 venire
3209 2896 3421 2952 deside-

1844 2986 2013 3074 rant;
2029 3007 2277 3079 quamvis
2317 3019 2418 3074 pro
2466 2998 2701 3055 inimicis
2747 3003 2924 3059 orent,
2961 3001 3135 3047 tamen
3172 3005 3278 3044 non
3325 2986 3424 3042 ab-

1845 3104 2011 3160 surde
2035 3100 2330 3155 vindictam
2357 3094 2665 3151 desiderare
2693 3089 2962 3144 dicuntur.

171 3183 216 3237 in
253 3186 440 3250 domo,
475 3197 600 3240 sunt
640 3191 1089 3260 concupiscentiae
1127 3193 1393 3260 carnales,
1425 3210 1562 3264 quas
1592 3169 1743 3263 prius
1769 3181 1814 3242 C
1917 3194 2082 3246 Vens.
2114 3190 2168 3244 8.
2195 3218 2266 3229 ——
2301 3185 2685 3240 Verumtamen.
2722 3179 2856 3232 Dico
2891 3191 2979 3230 me
3007 3173 3278 3228 facturum
3310 3169 3422 3222 vin~

168 3286 470 3344 amaverat,
503 3281 597 3335 sed
624 3297 854 3350 superna
885 3291 1070 3352 petens
1098 3283 1151 3337 in
1182 3284 1383 3338 mundo
1425 3285 1741 3354 reliquerat,

169 3381 300 3435 quas
329 3369 653 3424 imminente
673 3371 876 3440 judicio
901 3387 1122 3427 necesse
1149 3381 1233 3428 est
1255 3389 1323 3428 ne
1355 3383 1584 3444 repetat.

233 3459 304 3513 Et
333 3461 427 3531 qui
453 3461 506 3514 in
531 3479 675 3531 agro.
705 3461 855 3529 Quod
877 3463 1084 3518 dixerat
1111 3484 1124 3518 :
1149 3465 1284 3521 Eum
1308 3467 1399 3535 qui
1426 3468 1480 3521 in
1507 3483 1636 3539 agro
1663 3479 1745 3524 est

171 3552 312 3607 retro
343 3564 453 3607 nun
501 3555 695 3610 debere
723 3557 916 3622 redire,
971 3573 1039 3612 ne
1065 3557 1130 3615 de
1173 3558 1255 3614 his
1296 3566 1505 3614 tantum
1542 3562 1741 3615 dictum

171 3643 463 3710 videretur,
513 3648 603 3716 qui
639 3660 821 3717 aperte
850 3649 917 3704 de
944 3658 1074 3720 agro
1119 3651 1344 3706 redituri
1376 3662 1517 3717 sunt,
1567 3653 1622 3708 id
1661 3663 1744 3709 est

172 3734 451 3792 Dominum
478 3740 654 3808 palam
689 3743 973 3813 negaturi;
1020 3744 1254 3798 ostendit
1281 3745 1480 3800 multos
1497 3747 1588 3817 qui
1621 3762 1741 3802 cum

172 3827 356 3882 faciem
383 3831 437 3884 in
490 3833 762 3886 anteriora
811 3831 1061 3888 videntur
1098 3841 1302 3902 tenere,
1343 3835 1523 3891 animo
1555 3845 1742 3893 tamen

172 3928 310 3972 retro
344 3921 670 3990 respiciunt.

233 4011 398 4067 Vens.
439 4014 532 4067 5‘2.
564 4045 632 4054 —
659 4014 916 4070 Memores
949 4025 1126 4071 esto'e.
1164 4017 1312 4073 Uxor
1351 4009 1489 4072 Loth
1535 4017 1742 4088 signiﬁ-

172 4101 254 4154 c'at
282 4102 400 4158 illos
427 4105 526 4173 qui
555 4105 606 4158 in
625 4106 986 4161 tribulatione
1014 4118 1158 4162 retro
1194 4109 1509 4177 respiciunt,
1543 4118 1598 4164 et
1627 4125 1684 4164 se
1712 4118 1744 4164 a

173 4195 258 4265 spe
291 4199 489 4254 divina:
518 4203 891 4268 promissionis
921 4213 1194 4270 avertunt,
1217 4213 1270 4258 et
1305 4204 1424 4259 ideo
1458 4213 1633 4258 statua
1660 4221 1746 4259 sa-

171 4288 232 4342 lis
254 4291 394 4346 l’aeta
419 4303 529 4357 est,
555 4295 678 4362 quia
713 4295 1050 4350 admonendo
1081 4297 1325 4351 homines
1346 4312 1413 4352 ne
1439 4297 1635 4353 similia
1667 4285 1746 4352 fac

174 4381 331 4446 ciant,
363 4384 536 4466 corda
558 4400 743 4440 eorum
767 4387 949 4440 condit
975 4403 1042 4441 ne
1071 4388 1179 4442 sint
1203 4381 1358 4442 fatui.

238 4469 398 4528 Vens.
433 4475 528 4529 55.
550 4505 621 4514 -—
647 4474 974 4547 Quicunque.
999 4477 1100 4544 Qui
1131 4479 1298 4532 vitam
1320 4477 1592 4534 carnalem
1624 4479 1742 4550 (ne-

1849 3289 2053 3344 dictam
2086 3283 2379 3352 iustorum,
2417 3278 2510 3332 sed
2550 3274 2625 3328 illi
2675 3278 2834 3326 erunt
2881 3267 3036 3320 valde
3082 3263 3259 3333 pauci,
3296 3259 3424 3328 quia

1844 3392 1966 3433 cum
1989 3375 2044 3429 in
2076 3373 2163 3428 die
2184 3367 2373 3439 judicii
2401 3366 2455 3420 in
2483 3363 2656 3418 forma
2691 3358 2811 3412 Filii
2840 3353 3071 3410 hominis
3101 3362 3418 3420 apparuere,

1846 3475 1996 3523 tanta
2037 3463 2145 3518 erit
2189 3459 2386 3515 raritas
2409 3453 2700 3525 justorum,
2730 3457 2791 3503 ut
2823 3462 2931 3503 non
2969 3453 3076 3498 tam
3123 3443 3193 3497 ob
3222 3440 3423 3495 clamo-

1843 3574 1959 3614 rem
1993 3555 2234 3611 ﬁdelium
2263 3551 2461 3620 injuste
2491 3548 2886 3606 damnatorum,
2931 3553 3092 3608 quam
3131 3536 3201 3590 ob
3233 3547 3420 3588 eorum

1845 3659 2112 3720 torporem
2131 3647 2277 3717 juste
2303 3638 2729 3698 damnandorum
2795 3631 2958 3688 totius
2985 3629 3098 3698 jam
3127 3625 3313 3681 mundi
3349 3627 3423 3680 sit

1843 3715 2193 3800 acc—eleranda
2210 3738 2393 3792 ruina.
2425 3733 2613 3787 Putas.
2646 3727 2705 3782 ln
2735 3725 2901 3780 verbo
2928 3723 3241 3790 increpatur
3265 3715 3422 3771 dubi-

1843 3836 2064 3892 tationis
2091 3831 2398 3894 inﬁdelitas,
2420 3841 2527 3881 non
2550 3823 2801 3893 opinatur
2823 3817 3109 3872 Divinitas.
3139 3811 3253 3867 Scit
3275 3809 3421 3864 enim

1843 3929 2024 3985 omnia
2051 3941 2148 3997 per
2178 3937 2338 3993 quem
2375 3926 2500 3974 sunt
2527 3915 2733 3978 omnia,
2779 3909 2875 3967 sed
2906 3904 3201 3964 dubitando
3244 3903 3421 3956 incre-

1841 4029 1934 4091 pat
1956 4016 2254 4074 inﬁdelium
2283 4011 2465 4067 corda.

1919 4109 2078 4163 Vens.
2111 4106 2197 4159 10.
2223 4133 2294 4143 -
2317 4102 2434 4154 Duo
2481 4098 2733 4152 homines.
2766 4092 2899 4160 Quia
2925 4087 3183 4160 parabola
3213 4099 3318 4154 qua
3353 4082 3423 4135 ad

1842 4200 2105 4257 orandum
2128 4193 2397 4255 invitavit,
2419 4191 2495 4244 ita
2523 4184 2810 4247 conclusit,
2836 4189 2896 4235 ut
2917 4180 3147 4241 diceret,
3172 4173 3425 4228 veniente

1842 4289 2052 4354 Iudice,
2085 4283 2297 4342 diiﬁcile
2323 4280 2484 4335 ﬁdem
2510 4277 2566 4332 in
2596 4283 2740 4329 terra
2772 4267 3168 4342 reperiendam.
3194 4262 3271 4316 Nc
3301 4260 3425 4330 quis

1845 4384 1947 4440 sibi
1979 4384 2044 4438 de
2070 4389 2402 4450 supervacua
2442 4371 2566 4427 ﬁdei
2597 4365 2925 4438 cognitione,
2978 4358 3064 4414 vel
3089 4357 3254 4412 etiam
3296 4367 3422 4407 con-

1845 4475 2079 4530 fessione
2127 4445 2493 4529 blandiretur,
2536 4464 2591 4517 in
2639 4461 2744 4514 hac
2777 4453 3069 4528 parabola,
3113 4445 3424 4518 diligentius

176 4566 340 4630 gando
363 4555 735 4648 Christumjin
759 4569 957 4624 mundo
973 4559 1184 4624 sa'lvare
1199 4570 1453 4637 valuerit,
1478 4571 1532 4625 in
1564 4535 1743 4626 l‘uiuro
1769 4540 1821 4599 Β
1848 4564 2087 4621 ostendit
2114 4577 2146 4616 a
2189 4560 2301 4614 Deo
2346 4571 2450 4612 non
2482 4553 2606 4608 ﬁdei
2644 4551 2832 4613 verba,
2881 4547 2978 4602 sed
3017 4555 3184 4648 opera
3218 4535 3425 4594 exami-

176 4655 353 4720 perdet
375 4672 533 4722 eam;
557 4658 640 4712 vel
656 4660 743 4728 qui
762 4664 1016 4713 aeternam
1052 4659 1279 4714 salutem
1313 4661 1505 4714 animae
1528 4662 1740 4731 quaerit,

177 4758 274 4798 non
306 4747 521 4802 dubitet
549 4764 666 4804 eam
687 4742 817 4806 dare
841 4751 905 4804 ad
934 4760 1164 4806 mortem
1192 4751 1350 4823 hujus
1373 4754 1646 4822 temporis.

242 4833 406 4892 Vens.
435 4837 532 4893 54.
566 4869 634 4878 ——
659 4839 724 4893 In
749 4839 840 4894 illa
865 4851 1028 4895 nocte.
1064 4841 1120 4896 ld
1149 4843 1310 4897 estin
1341 4843 1429 4898 illa
1465 4852 1572 4898 tam
1598 4853 1745 4898 tene-

118 4997 126 5008 ν
177 4923 330 4981 brosa
363 4928 714 4984 tribulatione
751 4941 806 4983 ut
849 4931 903 4983 in
927 4947 1154 4985 errorem
1185 4920 1520 4998 inducantur,
1555 4933 1600 4987 si
1627 4934 1746 5003 ﬁeri

178 5027 356 5084 potest,
405 5024 566 5076 etiam
605 5021 750 5076 electi
781 5023 994 5093 (Matth.
1046 5027 1218 5097 xxiv).
1252 5026 1372 5081 Duo
1400 5028 1453 5081 in
1486 5027 1634 5082 lecto.
1667 5027 1747 5083 llli

183 5105 384 5163 seilicet
406 5111 500 5180 qui
529 5113 698 5168 otium
724 5113 949 5181 eligunt,
980 5130 1153 5184 neque
1177 5087 1546 5183 saecularibus,
1575 5133 1742 5189 neque

1851 5111 1965 5166 cies
1995 5105 2267 5161 tumoris:
2301 5116 2423 5157 cum
2457 5097 2541 5153 vel
2565 5094 2687 5165 quis
2702 5094 2903 5148 bonum
2929 5087 3070 5158 quod

183 5201 560 5260 ecclesiasticis
585 5207 812 5276 negotiis
835 5208 1102 5275 occupati.

399 5336 411 5348 .
447 5295 536 5348 55.
565 5326 634 5335 —
658 5296 838 5351 Altera
876 5297 1210 5367 relinquetur.
1243 5297 1344 5364 Qui
1377 5298 1460 5352 vel
1512 5299 1747 5353 humana

1849 4655 2047 4720 nanda,
2077 4653 2218 4707 inter
2253 4665 2376 4720 qua:
2421 4645 2655 4702 maxime
2697 4647 2889 4711 regnat
2931 4633 3228 4695 humilitas,
3261 4641 3421 4697 quam

1849 4747 1976 4816 quia
2004 4760 2110 4799 non
2152 4743 2354 4796 habent
2399 4734 2617 4806 superbi
2646 4733 2712 4787 de
2744 4745 2840 4786 sua
2862 4724 3426 4816 justitia‘praisumen-

1851 4808 1956 4900 tes,
1981 4843 2036 4889 et
2073 4831 2316 4887 inﬁrmos
2351 4825 2732 4897 despicientes,
2765 4816 2922 4888 quasi
2945 4811 3100 4868 vacui
3139 4808 3267 4874 ﬁde,
3298 4820 3424 4861 cum

1851 4933 2010 4981 orant
2037 4938 2146 4978 non
2181 4919 2563 4976 exaudiuntur.

1919 5016 2084 5087 Vens.
2115 5015 2202 5069 ll.
2229 5042 2300 5053 ——
2322 5011 2484 5073 Deus,
2509 5006 2732 5077 gratias,
2759 5008 2863 5054 etc.
2890 4997 3130 5064 Quatuor
3151 4997 3276 5046 sunt
3303 5000 3424 5056 spe-
3458 5073 3460 5075 g

3097 5083 3280 5144 habet,
3308 5093 3339 5130 a
3364 5089 3422 5131 se

1849 5200 2050 5256 habere
2069 5195 2300 5251 aestimat
2327 5209 2339 5246 :
2369 5196 2464 5244 aut
2489 5187 2536 5242 si
2557 5185 2740 5240 datum
2771 5196 2801 5234 a
2831 5180 2940 5234 Deo
2961 5173 3154 5238 credit,
3180 5185 3279 5239 pro
3302 5180 3420 5256 [lle

1849 5255 1970 5346 ritis
2003 5289 2186 5344 datum
2221 5289 2403 5354 putat;
2451 5286 2543 5333 aut
2581 5290 2704 5331 cum
2727 5272 2898 5342 jactat
2943 5283 3001 5323 se
3047 5262 3248 5319 habere
3275 5255 3419 5329 quod

186 5381 356 5450 laude,
385 5387 472 5440 vel
497 5387 734 5457 qualibet
770 5353 1113 5458 corruptione
1136 5353 1334 5442 statum
1369 5389 1491 5443 vita:
1517 5405 1621 5459 qua
1649 5389 1749 5444 im-
1849 5399 1956 5439 non
1985 5382 2179 5444 habet;
2223 5353 2317 5432 aut
2358 5389 2482 5430 cum
2526 5367 2796 5440 despectis
2823 5363 3034 5459 caeteris
3071 5356 3275 5459 appetit
3314 5353 3423 5407 sin-

185 5445 474 5544 butus'est,
503 5445 722 5534 deserit.
752 5478 828 5534 De
868 5445 975 5550 quo
1009 5479 1269 5536 Jeremias
1296 5498 1308 5533 :
1340 5445 1592 5534 Viderunt
1632 5497 1746 5534 eam
1851 5474 2108 5547 g'ulariter
2143 5467 2316 5525 videri
2356 5465 2558 5521 habere
2585 5475 2706 5532 qua:
2743 5459 2924 5550 habet.
2955 5453 3069 5508 Hac
3113 5445 3420 5550 Dharismus

185 5563 380 5635 hostes,
424 5533 475 5624 ei
522 5533 819 5625 deriserunt,
853 5533 1085 5625 sabbata,
1112 5572 1226 5640 ejus
1255 5569 1467 5642 (Thren.
1506 5570 1565 5640 ι).
1617 5533 1750 5624 Dida!
1851 5533 2003 5637 ἵκειεέ
2032 5560 2330 5626 laborabat:
2355 5557 2448 5627 (Ιιιί
2475 5556 2594 5611 ideo
2636 5568 2742 5609 ῐιοη
2763 5533 3418 5642 Ῐυεῑίθθθι¹¹⁸-δθξ⁰⁸¹¹ξ¹ίξ⁹

185 5673 350 5729 erunt,
379 5672 489 5720 etc.
512 5663 639 5720 Duze
680 5663 1016 5728 diﬁ‘erentire,
1061 5631 1399 5732 sequentium
1437 5631 1624 5717 orbem
1665 5677 1754 5716 re-
1851 5631 1976 5728 quia
2006 5654 2197 5711 merita
2239 5653 2501 5708 bonorum
2529 5661 2751 5718 operum
2787 5642 2888 5700 sibi
2940 5631 3286 5708 singulariter
3317 5631 3417 5680 tris

189 5771 303 5814 rum
350 5759 650 5816 mobilium.
695 5758 824 5826 Quae
862 5757 1092 5814 femineo
1137 5771 1334 5827 genere
1380 5756 1747 5827 desigrantur,
1852 5749 2042 5814 buens,
2067 5745 2350 5817 publicano
2381 5757 2440 5800 se
2466 5739 2718 5813 praetulit.
