3960 6336
499 408 600 467 523

989 397 1371 459 WALAFRIDI
1409 393 1654 451 STRABI
1690 391 1893 448 FULD.
1935 386 2098 442 MON.
2137 383 2286 440 OPP.
2325 380 2507 438 PARS
2539 380 2580 436 l.
2620 410 2688 420 —
2725 374 3155 434 THEOLOGICA

3633 361 3741 426 328

569 518 732 573 Vens.
766 518 851 570 1‘2.
880 543 948 554 ——
973 511 1162 580 Jejuno
1179 507 1274 562 bis.
1306 506 1444 560 Ecce
1470 504 1776 558 Pharisaeus
1801 500 1869 554 ad
1901 498 2056 552 exhi-
2085 500 2137 558 Α
2161 495 2233 548 tis
2265 533 2280 557 ,
2309 493 2401 546 sed
2441 489 2687 560 magistri
2718 489 2923 556 absque
2977 487 3088 541 Deo
3137 485 3374 540 excludit
3419 485 3738 538 bonitatem.

502 608 736 666 bendam
785 600 1182 663 abStinentiam,
1231 597 1297 652 ad
1343 595 1733 664 impetrandam
1767 591 2066 645 misericor-

505 699 670 760 diam,
703 694 768 748 ad
798 689 1106 746 referendas
1153 688 1262 742 Deo
1296 686 1494 755 gratias
1532 682 1744 737 oculum
1783 680 1964 743 habet,
1997 678 2066 732 ad

501 784 820 840 humilitatis
841 776 1137 836 custodiam
1173 792 1281 830 non
1311 776 1490 829 habet.
1527 773 1593 826 Et
1624 772 1752 842 quid
1776 771 1994 840 prodest
2019 769 2067 824 si

506 887 618 932 tota
646 877 834 931 civitas
863 873 1214 935 custodiatur,
1245 876 1298 923 et
1322 881 1486 922 unum
1526 864 1766 920 foramen
1809 877 1906 933 per
1935 875 2069 931 quos

502 969 690 1024 hostes
711 971 911 1021 intrent
925 961 1297 1032 relinquatur?

571 1062 734 1116 Vens.
771 1059 852 1112 15.
876 1088 936 1098 -
965 1055 1034 1110 Et
1059 1053 1385 1127 publicanus.
1405 1052 1555 1107 Sicut
1575 1051 1814 1115 humilis,
1836 1064 1942 1103 non
1975 1064 2071 1103 au-

502 1149 593 1204 det
619 1148 1068 1219 appropinquare,
1097 1152 1156 1198 nt
1188 1144 1256 1198 ad
1294 1159 1418 1199 eum
1449 1143 1588 1196 Deus
1633 1141 2023 1211 appropinquat
2052 1157 2066 1192 :

500 1256 608 1295 non
644 1240 834 1308 aspicit
863 1248 923 1292 ut
955 1236 1286 1306 aspicietur;
1311 1234 1507 1304 premit
1535 1232 1947 1295 conscientiam,
1978 1229 2072 1284 sed

505 1346 656 1400 spem
700 1328 979 1393 sublevat;
1002 1325 1239 1397 percutit
1266 1335 1478 1393 pectus.
1501 1337 1689 1392 poenas
1720 1320 1787 1376 de
1821 1337 1879 1376 se
1906 1321 2074 1390 exigit

510 1429 573 1474 ut
600 1420 743 1473 Deus
761 1426 966 1487 parcat;
993 1413 1280 1470 confitetur
1305 1421 1364 1466 ut
1393 1411 1534 1468 Deus
1552 1412 1811 1482 ignoscat;
1846 1408 2076 1479 ignoscit

503 1510 648 1564 Deus
673 1509 814 1579 quod
851 1507 940 1562 ille
970 1505 1229 1574 agnoscit.
1255 1503 1416 1566 Deus,
1446 1503 1722 1572 propitius.
1752 1498 2076 1556 Publieanus

504 1600 777 1656 humiliter
787 1611 949 1654 orans
963 1599 1026 1651 ad
1043 1596 1158 1650 illos
1171 1596 1403 1664 pertinet
1415 1592 1480 1648 de
1493 1593 1685 1663 quibus
1696 1591 1918 1647 dicitur:
1937 1591 2078 1644 Deus

505 1706 612 1745 non
651 1689 809 1744 faciet
835 1687 1124 1742 vindictam
1159 1686 1452 1740 electorum
1489 1683 1557 1738 ad
1598 1696 1656 1738 se
1705 1682 2074 1737 clamantium.

506 1780 812 1835 Pharisaeus
837 1778 1270 1848 meritajactans,
1286 1776 1353 1830 ad
1368 1774 1486 1830 illos
1506 1774 1571 1829 de
1583 1773 1777 1844 quibus
1793 1774 2038 1827 subditur
2059 1790 2072 1825 :

2237 581 2400 635 Vens.
2428 581 2588 634 19.—
2612 579 2753 632 Dixit
2784 589 2976 631 autem.
3000 575 3220 645 (Attum)
3250 574 3477 628 Versuta
3510 574 3743 628 interro-

2165 672 2329 743 gatio,
2361 679 2416 725 et
2437 671 2557 725 ideo
2585 678 2772 738 arguta
2806 664 3374 736 responsio.Tentator
3402 662 3570 726 enim,
3607 671 3741 726 etc.,

2165 777 2328 830 usque
2341 761 2410 813 ad
2431 775 2551 813 cum
2582 760 2666 813 his
2699 757 2880 813 verbis
2917 755 3204 829 definiatur
3247 763 3436 809 contra
3488 762 3744 808 naturam

2174 868 2294 908 esse
2317 854 2466 908 dives
2491 851 2814 906 misericors.

2238 944 2493 1000 Mandata
2516 943 2669 996 nosti.
2704 939 2830 995 Haec
2847 947 2930 994 est
2954 929 3174 1008 puerilis
3202 937 3524 992 innocentia:
3569 941 3740 993 caeli-

2168 1044 2271 1100 tas,
2304 1049 2423 1102 quae
2455 1034 2611 1089 nobis
2631 1032 2887 1086 imitanda
2915 1030 3250 1100 proponitur,
3283 1030 3329 1085 si
3362 1045 3591 1101 regnum
3636 1031 3737 1086 Dei

2169 1124 2383 1194 ingredi
2413 1122 2681 1177 volumus.
3187 1120 3194 1128 ‘

2240 1213 2406 1270 Vens.
2435 1213 2523 1268 25.
2552 1243 2620 1252 —
2645 1211 2794 1266 Dives
2817 1219 2948 1265 erat.
2972 1209 3161 1266 Nullus
3205 1212 3378 1277 dives,
3408 1211 3460 1266 id
3495 1219 3582 1266 est
3616 1225 3751 1266 con-

2171 1303 2345 1360 fidens
2374 1303 2575 1359 divitiis
2602 1302 2732 1366 suis,
2763 1301 3003 1367 intrabit,
3028 1309 3088 1355 ut
3122 1288 3278 1356 .lesus
3298 1300 3590 1356 secundum
3619 1300 3753 1354 Slat-

2172 1395 2371 1450 tbteum
2409 1394 2652 1464 exponit.
2677 1391 2793 1448 Non
2818 1407 2947 1462 ergo
2977 1391 3171 1448 divites
3195 1401 3496 1459 manentes,
3529 1393 3626 1448 sed
3653 1392 3750 1463 qui

2177 1499 2295 1540 esse
2324 1486 2600 1542 desierunt
2629 1483 2932 1539 intrabunt.

2243 1573 2407 1630 Vens.
2430 1576 2521 1629 2:).
2549 1603 2618 1614 -—-
2640 1571 2880 1627 Facilius
2922 1583 2995 1628 est
3035 1574 3193 1628 enim.
3235 1570 3478 1644 Mystice.
3512 1565 3752 1629 Facilius

2175 1673 2261 1722 est
2287 1663 2561 1719 Christum
2591 1662 2706 1733 pati
2729 1679 2829 1732 pro
2854 1663 3202 1720 dilectoribus
3227 1663 3431 1729 saeculi,
3468 1679 3634 1732 quam
3665 1665 3750 1720 di-

2177 1755 2413 1809 lectores
2433 1752 2612 1808 saaculi
2633 1753 2701 1807 ad
2737 1752 3009 1807 Christum
3044 1754 3303 1809 converti.
3336 1753 3584 1809 Camelus
3615 1754 3749 1810 diei-

505 1871 679 1926 Filius
712 1873 934 1926 hominis
958 1871 1184 1934 veniens,
1214 1878 1363 1938 putas
1393 1866 1611 1920 inveniet
1635 1865 1791 1933 ﬁdem
1816 1867 1871 1918 in
1899 1865 2077 1918 terra?

2196 1857 2266 1899 .ur
2289 1844 2553 1909 Christus,
2577 1845 2702 1912 quia
2726 1855 2915 1914 sponte
2936 1843 3268 1908 humiliatus,
3299 1843 3629 1898 infirmitatis
3654 1859 3751 1898 no-

573 1963 738 2018 Vens.
771 1962 946 2017 14.-ι
975 1961 1111 2026 Quia
1153 1959 1341 2023 omnis,
1372 1967 1477 2013 etc.
1520 1957 1700 2012 Posita
1727 1955 1982 2010 Pharisaai
2020 1962 2076 2007 et

505 2055 776 2126 publicani
811 2052 1201 2118 controversia,
1224 2052 1442 2122 ponitur
1461 2043 1659 2118 iudicis
1693 2049 1979 2113 sententia,
2017 2057 2073 2101 ut

508 2152 762 2200 caveatur
777 2143 1049 2214 superbia.

578 2236 742 2290 Vens.
774 2235 859 2291 15.
887 2265 957 2276 -
979 2228 1280 2303 Afferebant
1321 2241 1515 2286 autem.
1564 2229 1692 2286 Post
1721 2230 1916 2285 dictam
1956 2239 2078 2283 cono

513 2327 856 2391 troversiam,
886 2334 1008 2395 post
1039 2324 1217 2378 datam
1234 2324 1554 2379 sententiam
1581 2319 1768 2378 humili
1797 2321 2074 2390 magistro,

507 2416 808 2471 offeruntur
844 2415 1094 2481 infantes,
1125 2419 1184 2469 ut
1217 2416 1531 2470 ostendatur
1553 2413 1696 2483 quod
1740 2413 1996 2467 innocens
2023 2419 2079 2465 et

511 2507 740 2576 simplex
785 2514 915 2560 tetas
942 2505 1006 2560 ad
1057 2505 1286 2575 gratiam
1309 2504 1595 2574 pertineat.
1631 2504 1915 2571 lncrepant
1953 2515 2080 2570 apo-

509 2597 650 2660 stoli,
689 2612 792 2652 non
823 2595 962 2666 quod
992 2595 1196 2650 nollent
1243 2593 1473 2649 infantes
1503 2609 1665 2647 manu
1711 2601 1767 2647 et
1803 2606 1933 2647 voce
1964 2590 2081 2646 Sal-

510 2687 717 2741 vatoris
745 2685 1008 2748 benedici,
1035 2685 1130 2740 sed
1157 2685 1281 2753 quia
1321 2684 1557 2738 nondum
1596 2682 1820 2752 perfecti
1867 2682 1921 2736 in
1954 2681 2075 2745 fide,

511 2777 774 2845 putabant
823 2790 946 2828 eum
996 2775 1050 2827 in
1097 2773 1505 2828 similitudinem
1561 2772 1838 2826 hominum
1890 2769 2082 2826 lassari

512 2863 922 2934 importunitate
945 2862 1300 2917 offerentium.

583 2953 949 3016 Increpabant.
982 2951 1095 3007 Hoc
1119 2951 1346 3006 fortasse
1363 2951 1503 3014 ideo,
1519 2948 1650 3018 quia
1663 2948 1814 3018 prius
1826 2947 2082 3017 populum

511 3045 816 3100 Iudaeorum
830 3059 895 3098 ex
915 3058 1020 3112 quo
1035 3042 1328 3096 secundum
1344 3054 1564 3095 carnem
1586 3046 1762 3102 erant,
1777 3036 1972 3092 salvari
1988 3051 2074 3092 vo-

511 3138 709 3201 lebant,
735 3137 826 3191 sed
847 3144 900 3191 et
926 3149 1022 3204 pro
1045 3134 1343 3188 Chanantea
1369 3131 1593 3185 muliere
1622 3128 2076 3199 supplicaverunt.

514 3229 768 3284 Sciebant
782 3243 909 3298 ergo
930 3227 1262 3298 mysterium,
1278 3224 1418 3294 quod
1440 3223 1717 3290 utriusque
1729 3220 1906 3290 populi
1931 3235 2083 3274 voca-

511 3317 587 3372 tio
605 3317 906 3381 deberetur,
927 3315 1018 3370 sed
1034 3314 1262 3369 fortasse
1291 3315 1467 3368 adhuc
1493 3309 2078 3367 nesciebantordinem.

582 3405 747 3460 Vens.
773 3405 861 3460 16.
902 3435 973 3445 —
1028 3403 1196 3459 Sinite
1229 3418 1434 3472 pueros.
1464 3401 1632 3456 Nemo
1660 3401 1941 3469 prohibeat
1963 3398 2081 3452 lan-

512 3498 704 3568 guidos
725 3497 911 3550 venire
937 3496 1005 3550 ad
1035 3495 1320 3548 medicum.
1354 3493 1448 3547 lsti
1475 3493 1528 3546 in
1562 3505 1711 3545 mmo
1739 3489 1872 3542 nihil
1907 3488 2082 3542 adhuc

513 3591 923 3652 commiserunt,
969 3587 1062 3642 sed
1103 3586 1158 3640 in
1206 3584 1387 3638 radice
1429 3584 1726 3654 perierunt.
1775 3580 1875 3646 Qui
1900 3594 1996 3649 pro
2026 3593 2085 3633 se

515 3694 676 3748 agere
709 3695 815 3732 non
840 3685 1082 3748 possunt,
1111 3690 1328 3729 causam
1359 3688 1511 3728 suam
1541 3673 1833 3743 majoribus
1861 3669 2086 3726 commi-

515 3775 722 3822 serunt.
755 3765 963 3834 Tangat
1011 3763 1269 3829 medicus,
1323 3770 1384 3822 et.
1428 3760 1693 3815 benedicat
1730 3757 1934 3830 pusillis
1966 3773 2083 3810 cum

515 3857 808 3926 majoribus
860 3855 1031 3928 (Psal.
1088 3853 1261 3922 exul).
1321 3851 1528 3907 Talium
1556 3862 1629 3906 est
1672 3851 1827 3905 enim.
1870 3849 1983 3904 Non
2009 3849 2085 3902 ait

515 3947 766 4012 istorum,
813 3949 906 4002 sed
941 3946 1032 4016 qui
1073 3947 1273 4001 habent
1311 3960 1378 4000 ex
1419 3944 1594 4000 studio
1641 3942 2003 3997 innocentiam
2033 3948 2086 3995 ct

516 4039 914 4108 simplicitatem
941 4053 1104 4108 quam
1131 4037 1219 4091 isti
1267 4037 1468 4091 habent
1505 4049 1603 4104 per
1649 4042 1916 4096 naturam,
1957 4031 2085 4100 quia

516 4144 623 4184 non
645 4138 778 4183 aetas
807 4137 1017 4200 regnat,
1056 4128 1152 4183 sed
1202 4141 1401 4181 mores.
1453 4124 1571 4180 Non
1615 4125 1758 4180 enim
1804 4132 1887 4179 est
1915 4123 2087 4176 virtus

515 4235 625 4275 non
654 4235 810 4290 posse
839 4234 1087 4290 peccare,
1113 4219 1209 4272 sed
1235 4217 1392 4272 nolle.
1421 4215 1573 4270 Sicut
1599 4230 1733 4285 puer
1765 4229 1871 4269 non
1901 4227 2086 4283 perse-

516 4323 671 4367 verat
716 4313 768 4365 in
813 4311 912 4375 ira,
960 4310 1120 4363 laesus
1162 4323 1269 4361 non
1307 4305 1571 4368 meminit,
1605 4321 1711 4359 non
1754 4301 2088 4372 concupiscit

517 4402 822 4466 mulierem,
868 4415 974 4454 non
1022 4398 1222 4467 cogitat
1260 4397 1347 4450 vel
1380 4396 1614 4464 loquitur
1640 4392 1859 4457 malum,
1887 4392 1966 4446 sic
1993 4406 2087 4445 vos

518 4491 622 4545 nisi
656 4489 814 4544 talem
859 4487 1220 4542 innocentiam
1249 4494 1297 4541 ει
1323 4486 1485 4540 animi
1512 4484 1802 4554 puritatem
1829 4483 2082 4538 habueri-
2107 4517 2162 4576 Β

519 4581 612 4644 tis,
643 4596 749 4634 non
779 4578 1049 4632 intrabitis
1076 4579 1130 4631 in
1153 4590 1377 4647 regnum
1401 4574 1680 4629 caelorum.

590 4671 752 4726 Vens.
787 4671 870 4724 l7.
903 4699 973 4710 ——
1002 4669 1238 4739 Regnum
1261 4667 1375 4722 Dei.
1400 4666 1457 4720 ld
1485 4673 1567 4721 est
1591 4664 1886 4720 doctrinam
1913 4663 2087 4718 Evan-

519 4762 642 4830 gelii
672 4763 809 4815 sicut
837 4777 970 4831 puer
999 4761 1254 4830 iubemur
1285 4759 1548 4827 accipere.
1579 4757 1718 4812 Puer
1748 4758 1801 4810 in
1830 4757 2084 4811 discendo

519 4868 626 4906 non
661 4852 982 4905 contradicit
1017 4851 1346 4906 doctoribus.
1386 4848 1501 4904 Non
1549 4849 1784 4904 rationes
1817 4856 1871 4902 ct
1919 4848 2083 4903 verba

519 4943 794 5012 componit
825 4943 890 4995 ad
921 4941 1298 5005 resistendum,
1331 4939 1424 4994 sed
1456 4939 1682 4995 ﬁdeliter
1712 4939 1952 5008 suscipit,
1983 4938 2082 4992 ob-

522 5040 785 5100 temperat
813 5040 869 5084 ct
893 5029 1142 5098 quiescit.

592 5120 754 5174 Vens.
785 5119 868 5174 18.
893 5149 964 5158 -
991 5118 1057 5170 Et
1081 5118 1410 5187 interrogavit
1431 5113 1796 5188 ενα-(ΒΗΑ.)
1827 5113 2084 5168 Audierat

523 5212 612 5268 hic
660 5211 908 5280 princeps
951 5208 1153 5264 similes
1204 5223 1488 5276 puerorum
1525 5208 1714 5279 dignos
1755 5220 1896 5268 esse,
1952 5214 2082 5270 etc.,

523 5317 684 5372 usque
716 5302 782 5354 ad
813 5301 896 5355 his
915 5301 1005 5369 qui
1032 5297 1250 5369 perfecti
1275 5315 1398 5354 esse
1416 5300 1618 5364 volunt,
1639 5297 1880 5367 adiungit
1911 5315 1925 5350 :
1960 5294 2084 5349 0m-

524 5393 613 5445 nia
636 5392 794 5445 vende
819 5402 866 5444 et
895 5391 963 5444 da
978 5390 1289 5460 pauperibus
1315 5389 1506 5459 (Marc.
1540 5389 1614 5460 χ).

595 5481 848 5551 Magister
889 5483 1036 5535 bene.
1063 5482 1200 5547 Quia
1241 5483 1437 5537 bonum
1481 5483 1796 5553 magistrum
1839 5479 2007 5542 dixit,
2036 5487 2092 5534 et

529 5587 632 5627 non
662 5573 828 5628 Deum
850 5574 932 5629 vel
955 5573 1046 5628 Dei
1078 5574 1271 5628 Filium
1298 5573 1579 5629 confessus
1602 5582 1701 5628 est.
1738 5571 1870 5627 dicit
1898 5586 2090 5640 quam-

526 5663 609 5718 vis
637 5673 879 5719 sanctum
910 5665 1179 5721 hominem
1209 5664 1612 5733 comparatione
1642 5663 1734 5718 Dei
1759 5663 1956 5718 bonum
1983 5676 2090 5714 non

528 5767 666 5808 esse.
694 5753 938 5811 Christus
959 5763 1136 5811 autem
1166 5770 1274 5809 non
1297 5753 1476 5811 renuit
1500 5754 1861 5810 testimonium
1883 5750 2093 5807 bonita-

2174 1945 2306 1992 ‘stras
2332 1951 2496 1992 onera
2527 1935 2759 1991 sustulit.
2787 1936 2932 1990 Acus
2958 1935 3196 2004 punctio,
3241 1950 3339 2004 per
3371 1949 3531 2004 quam
3574 1948 3749 2004 angu-

2175 2027 2313 2082 stias
2337 2027 2601 2096 passionis
2656 2025 2946 2096 significat.
3001 2040 3109 2094 qua
3145 2025 3395 2095 passione
3441 2023 3587 2078 velut
3626 2039 3749 2086 acu,

2178 2128 2385 2175 natura:
2431 2127 2631 2172 nostra:
2685 2116 2839 2186 quasi
2890 2115 3056 2170 scissa
3111 2115 3428 2169 vestimenta
3483 2113 3750 2168 resarcire

2177 2209 2431 2278 dignatus
2479 2216 2584 2270 est,
2640 2205 2694 2260 id
2748 2214 2831 2260 est
2898 2220 3149 2275 reparare
3200 2211 3322 2273 post
3358 2203 3586 2272 lapsum.
3639 2202 3752 2256 Alio

2181 2309 2304 2354 ter:
2339 2297 2550 2354 facilius
2586 2304 2670 2352 est
2692 2296 2945 2368 gentilem
2990 2295 3243 2366 populum
3286 2295 3446 2366 gibbo
3496 2303 3752 2364 peccato-

2177 2399 2299 2444 rum
2353 2388 2648 2444 deformem
2690 2402 2787 2457 pcr
2837 2395 3117 2458 angustam
3176 2385 3300 2439 vitae
3352 2384 3494 2438 viam
3516 2385 3749 2454 ingredi,

2180 2497 2340 2552 quam
2367 2479 2607 2536 Judteum
2633 2479 2698 2534 de
2723 2477 2933 2532 meritis
2960 2477 3295 2548 gloriantem,
3323 2483 3377 2529 et
3415 2473 3485 2528 ad
3511 2473 3750 2528 subcun-

2181 2575 2305 2630 dum
2328 2574 2444 2629 leve
2469 2589 2606 2629 onus
2634 2572 2833 2628 Christi
2859 2586 2918 2626 se
2955 2570 3239 2626 humiliare
3268 2568 3560 2624 nolentem.
3589 2637 3594 2640 _

2251 2666 2416 2721 Vens.
2442 2664 2530 2718 96.
2580 2692 2651 2704 -——
2707 2661 2835 2728 Quis
2870 2671 3032 2731 potest
3059 2660 3082 2713 1‘
3113 2658 3417 2730 lntelligunt
3447 2659 3500 2712 in
3528 2671 3753 2712 numero

2183 2754 2407 2807 divitum
2439 2751 2772 2822 deputandos
2818 2765 3006 2804 omnes
3033 2749 3126 2818 qui
3154 2755 3338 2802 amant
3377 2746 3615 2810 divitias,
3649 2747 3750 2800 etsi

2185 2858 2290 2899 non
2316 2843 2518 2897 habent
2549 2861 2562 2896 :
2607 2841 2761 2895 aliter
2789 2841 2955 2904 enim,
2989 2854 3108 2894 cum
3143 2840 3216 2893 sit
3244 2837 3398 2893 turba
3427 2836 3600 2904 major
3622 2853 3752 2907 pau-

2181 2947 2392 3003 perum,
2425 2948 2530 2987 non
2558 2931 2832 2986 dicerent:
2862 2930 2990 2995 Quis
3010 2939 3172 2999 potest
3199 2927 3372 2982 salvus
3392 2929 3506 2996 ﬁeri
3521 2929 3546 2981 ?

2253 3024 2414 3078 Vens.
2445 3022 2534 3078 29.
2550 3051 2621 3062 -
2637 3019 2827 3075 Nemo.
2846 3017 3198 3085 Quicarnalia
3225 3033 3322 3088 pro
3351 3016 3576 3072 Domino
3597 3015 3746 3070 dimi-

2184 3113 2337 3179 serit,
2355 3110 2649 3182 spiritualia
2680 3109 2926 3178 accipiet.
2957 3107 3166 3162 Marcus
3186 3107 3300 3161 ait:
3325 3104 3529 3159 Centies
3550 3117 3750 3158 tantum

2189 3223 2342 3269 nunc,
2373 3214 2478 3260 etc.
2513 3201 2705 3273 (Marc.
2723 3201 2797 3271 χ),
2830 3199 2882 3253 id
2901 3199 3073 3264 est,in
3096 3200 3199 3254 hac
3215 3192 3333 3252 "vita
3363 3197 3749 3266 persecutioni-

2181 3297 2282 3352 bus
2297 3296 2450 3367 plena
2463 3292 2714 3364 gaudium
2736 3291 2884 3361 regni
2903 3289 3208 3360 degustant,
3229 3296 3282 3343 et
3300 3288 3538 3344 omnium
3551 3286 3748 3342 electo-

2182 3401 2299 3440 rum
2331 3386 2541 3439 sincera
2569 3382 2857 3436 dilectione
2879 3379 3151 3433 fruuntur.
3227 3429 3233 3442 ,

2257 3475 2414 3529 Vens.
2437 3472 2527 3527 50.
2565 3502 2637 3513 —
2665 3470 2924 3538 Recipiat,
2950 3478 3052 3524 etc.
3078 3467 3178 3534 Qui
3227 3483 3325 3537 pro
3376 3467 3604 3521 Domino
3639 3481 3752 3520 om-

2184 3579 2280 3618 nes
2314 3563 2526 3618 divitias
2551 3561 2835 3626 dimiserit,
2865 3569 2921 3614 et
2954 3559 3132 3614 carnis
3162 3557 3383 3612 allectus
3409 3566 3748 3626 contempse-

2184 3654 2277 3718 rit,
2324 3651 2488 3706 multo
2516 3650 2668 3719 plura
2699 3649 2924 3718 recipiet
2953 3648 3006 3702 in
3046 3650 3322 3718 praesenti,
3351 3655 3405 3700 et
3436 3659 3466 3698 a
3497 3645 3753 3698 fratribus

2184 3753 2237 3799 et
2261 3743 2534 3798 sororibus
2545 3741 2800 3812 propositi
2830 3740 2912 3794 sui
2938 3739 3142 3809 glutino
3169 3736 3434 3807 Spirituali
3462 3736 3746 3807 colligatis,

2185 3835 2351 3890 multo
2384 3833 2758 3905 gratiosiorem
2785 3832 2837 3885 in
2869 3832 2970 3884 hac
2993 3831 3100 3883 vita
3137 3829 3360 3898 recipiet
3403 3828 3747 3882 charitatem.

2254 3925 2419 3980 Vens.
2456 3925 2544 3980 5f.
2595 3953 2664 3963 ——
2715 3922 3026 3990 Assumpsit.
3073 3919 3380 3973 Praevidens
3408 3933 3474 3971 ex
3506 3918 3752 3987 passione

2185 4033 2280 4072 sua
2329 4013 2620 4085 discipulos
2656 4011 3070 4082 perturbandos,
3122 4006 3363 4077 praedicit
3399 4015 3454 4060 ct
3484 4007 3753 4076 passionis

2185 4122 2421 4178 paruam,
2451 4114 2504 4161 et
2542 4101 2956 4159 resurrectionis
2993 4099 3238 4171 gloriam,
3280 4106 3338 4153 ut
3369 4113 3492 4152 cum
3522 4099 3755 4152 morien-

2187 4208 2294 4254 tem
2347 4203 2654 4259 cernerent,
2703 4200 3135 4248 resurrecturum
3161 4205 3267 4243 non
3315 4189 3645 4243 dubitarent.
3691 4185 3753 4240 Et

2187 4287 2702 4342 consummabuntur.
2761 4283 2815 4336 In
2880 4283 2981 4336 hoc
3033 4280 3267 4335 ostendit
3323 4278 3582 4348 quidquid
3632 4293 3751 4347 pro-

2188 4377 2360 4447 pheta:
2384 4375 2745 4445 praedixerunt
2766 4371 2831 4425 ad
2861 4387 2970 4425 sua:
2992 4368 3413 4440 dispensationis
3443 4367 3751 4438 mysterium

2192 4468 2502 4522 intendisse.
2536 4465 2593 4519 In
2634 4481 2739 4534 quo
2791 4463 3024 4534 percutit
3076 4461 3377 4525 haireticos,
3441 4459 3530 4528 qui
3575 4460 3756 4512 dicunt

2187 4558 2460 4613 Christum
2490 4554 2594 4624 legi
2622 4562 2674 4608 et
2702 4551 2979 4622 prophetis
3027 4549 3357 4605 contrarium
3410 4548 3752 4618 praedicasse,

2188 4659 2243 4703 et
2275 4647 2435 4701 alium
2481 4645 2710 4708 Veteris,
2759 4643 2923 4695 alium
2993 4639 3127 4693 Novi
3171 4653 3291 4693 esse
3352 4637 3519 4690 Deum
3577 4635 3755 4689 Testae

2187 4743 2431 4796 tamcnti.
2490 4737 2746 4792 Confutat
2799 4735 2964 4788 etiam
3020 4747 3353 4802 paganorum
3412 4731 3752 4791 dementiam,

2187 4837 2312 4905 quia
2344 4831 2458 4900 ejus
2494 4846 2710 4886 crucem
2755 4827 2999 4881 derident
3040 4840 3160 4878 cum
3205 4824 3463 4894 proxima:
3500 4837 3609 4876 sua:
3635 4835 3756 4890 pas-

2190 4925 2378 4988 sionis,
2406 4933 2461 4978 et
2484 4931 2697 4990 tempus
2713 4919 2865 4988 quasi
2896 4918 3198 4971 futurorum
3220 4916 3473 4985 praescius
3503 4913 3756 4978 ostendit,

2191 5026 2247 5071 et
2279 5017 2456 5069 locum
2486 5011 2638 5081 quasi
2665 5018 2889 5064 mortem
2919 5023 3026 5060 non
3059 5008 3256 5060 timens
3279 5006 3427 5059 adiit.

2262 5106 2427 5161 Vens.
2450 5103 2538 5158 54.
2568 5133 2636 5143 ——
2662 5101 2728 5154 Et
2761 5101 2880 5169 ipsi,
2907 5109 3011 5152 ctc.
3037 5096 3290 5165 Discipuli
3328 5109 3627 5148 sermonem
3659 5094 3755 5146 Do-

2194 5200 2405 5253 minicte
2430 5193 2698 5265 passionis
2737 5192 2894 5245 toties
2943 5188 3254 5258 replicatum
3305 5186 3422 5240 ideo
3467 5184 3758 5253 intelligere

2194 5307 2302 5346 non
2339 5289 2540 5348 valent,
2578 5286 2702 5356 quia
2730 5299 2889 5355 quem
2937 5280 3172 5336 maxime
3213 5279 3394 5333 videre
3434 5276 3754 5335 desiderant,

2192 5383 2307 5452 ejus
2335 5389 2560 5436 mortem
2586 5379 2772 5432 audire
2801 5391 2904 5429 non
2947 5381 3191 5445 possunt,
3242 5378 3296 5425 et
3342 5385 3501 5438 quem
3542 5382 3650 5421 non
3680 5381 3758 5420 εοο

2191 5473 2302 5527 lum
2347 5471 2617 5524 hominem
2640 5468 2999 5528 innocentem,
3045 5464 3137 5517 scd
3169 5463 3330 5518 ctiam
3379 5475 3566 5514 verum
3599 5458 3758 5511 Deam

2193 5580 2311 5619 esse
2335 5564 2533 5624 sciunt,
2567 5558 2702 5614 mori
2735 5572 2891 5627 posse
2922 5572 3026 5608 non
3058 5560 3267 5621 putant.

2267 5652 2429 5707 Vens.
2456 5651 2545 5704 55.
2581 5679 2652 5690 —-
2691 5647 2894 5702 chus.
2946 5645 3130 5700 Caecus
3166 5642 3432 5714 signiﬁcat
3475 5640 3756 5694 humanum

2195 5764 2385 5821 genus,
2416 5746 2555 5818 quod
2587 5761 2614 5798 a
2642 5757 2870 5813 superna
2895 5740 3137 5796 claritate
3161 5737 3432 5794 exclusum
3464 5728 3755 5789 damnatio‘
