3960 6336
206 346 313 414 ωε,

1070 400 1073 407 .
1153 342 1415 409 CLOSSA
1448 349 1844 407 ΟΒΒΙΝΑΒΙΔ.
1881 379 1954 390 -
1989 347 2242 408 EVANG.
2280 351 2437 408 LUC.

3316 357 3423 413 520

210 472 289 528 his
327 470 432 524 suae
465 445 668 534 patitur
719 460 994 526 tenebras,
1032 463 1127 518 sed
1147 477 1178 516 a
1210 462 1434 520 Domino
1465 463 1752 533 appropin-
1782 467 1832 527 Α
1861 475 2012 517 moro
2054 459 2196 515 foliis
2242 446 2454 526 similis,
2485 461 2578 516 sed
2630 461 2910 518 altitudine
2948 470 3229 531 praestans,
3255 474 3310 518 et
3339 464 3422 519 in-

207 567 391 632 qnante
411 552 624 609 Jericho
651 560 889 608 curatur.
933 550 1152 608 Jericho
1185 555 1312 608 [una
1346 554 1745 623 interpretatur,

206 664 297 722 per
339 659 497 716 quam
547 642 790 699 defectus
832 642 1177 698 mortalitatis
1240 642 1572 712 intelligitur.
1618 642 1755 696 Dum

207 752 328 808 ergo
359 733 587 790 Verbum
612 731 708 786 Dei
739 730 1108 786 inﬁrmitatem
1132 739 1331 786 nostrae
1368 730 1550 786 carnis
1582 731 1757 787 susci-

204 829 294 900 pit,
328 826 484 881 homo
511 823 580 878 ad
605 823 978 892 cognoscenda
1019 822 1175 877 redit.
1207 821 1394 877 Caicus
1430 822 1582 877 sedet
1598 820 1755 889 juxta

204 921 333 973 viam
363 917 485 972 dum
514 914 704 984 incipit
730 915 955 969 credere
1003 914 1058 969 in
1083 915 1278 985 ipsum,
1325 914 1419 984 qui
1447 915 1616 971 dicit:
1640 914 1754 984 Ego

201 1024 308 1062 sum
341 1006 424 1060 via
468 1004 652 1074 (Joan.
675 1004 808 1071 xiv).
842 1002 1125 1068 Mendicat,
1151 1004 1276 1058 dum
1306 1008 1475 1075 rogat.

265 1095 417 1151 Vnus.
470 1093 560 1148 59.
618 1120 690 1133 —-
729 1091 799 1146 Et
838 1094 927 1163 qui
952 1094 1246 1163 praeibam,
1293 1103 1398 1149 etc.
1434 1092 1537 1161 Qui
1571 1091 1755 1149 Iesum

198 1192 424 1259 pereunt
442 1184 772 1249 venientem,
804 1184 1110 1253 signiﬁcant
1134 1200 1332 1241 caecum
1353 1185 1648 1241 carnalium
1678 1186 1757 1240 vi-

200 1276 403 1338 tiorum,
427 1287 548 1341 quae
568 1272 829 1342 dissipant
859 1273 1239 1341 cogitationem
1286 1273 1521 1328 hominis
1551 1281 1606 1329 et
1626 1279 1753 1344 pere

198 1364 397 1419 turbant
411 1377 600 1418 vocem
612 1362 895 1428 orationis,
909 1377 978 1417 ne
991 1361 1149 1418 Jesus
1166 1364 1235 1419 ad
1249 1363 1658 1421 illuminandum
1670 1379 1756 1421 ve-

196 1455 303 1510 nire
330 1453 505 1522 possit
534 1468 631 1507 cor
658 1452 911 1519 hominis,
941 1454 1035 1508 sed
1059 1454 1171 1524 jam
1197 1454 1434 1510 sentiens
1455 1470 1514 1511 se
1539 1455 1753 1526 gravari

191 1544 561 1614 phantasmate
573 1542 813 1614 priorum
828 1542 1162 1610 vitiorum,et
1175 1559 1359 1599 vocem
1371 1545 1630 1602 orationis
1642 1554 1755 1602 sua!

184 1632 454 1704 impediri,
483 1648 550 1687 ne
575 1646 675 1702 pro
699 1647 758 1687 se
777 1633 993 1688 exorari
1016 1634 1203 1705 possit,
1235 1634 1512 1693 ardentius
1533 1637 1747 1693 clamat.

254 1725 406 1781 Vsus.
437 1726 623 1781 4ο.-
648 1726 815 1782 Stans
844 1737 1038 1795 autem,
1064 1738 1170 1784 etc.
1208 1728 1522 1796 Transiens,
1550 1745 1751 1786 caaeum

177 1817 340 1882 audit,
354 1825 517 1872 stans
530 1817 813 1883 illuminat,
829 1818 955 1887 quia
976 1833 1072 1889 per
1091 1819 1477 1876 humanitatem
1490 1834 1641 1875 suam
1658 1835 1754 1875 ιιοι
1782 1874 1801 1889 _.

1781 1880 1828 1939 B
1856 1894 2158 1963 suspiciens
2183 1895 2343 1959 videt,
2370 1896 2495 1965 quia
2525 1911 2623 1966 per
2641 1898 2798 1953 ﬁdem
2841 1915 2870 1952 a
2901 1901 3129 1970 terrenis
3153 1901 3419 1956 elevatum

184 1918 299 1964 strue
317 1910 449 1965 θεοί
461 1910 589 1965 tatis
613 1910 836 1965 vocibus
860 1918 1201 1979 compatitur,
1230 1910 1324 1965 sed
1349 1925 1447 1981 per
1457 1911 1752 1979 potentiam

182 1999 487 2056 Divinitatis
510 2000 691 2056 lumen
706 2000 861 2056 nobis
879 2003 1065 2071 gratia:
1088 2000 1339 2056 infundit.
1358 2002 1566 2056 Adduci
1582 2002 1651 2056 ad
1676 2019 1758 2057 se.

171 2090 272 2158 Qui
296 2100 718 2162 prmtcreuntem
748 2090 1083 2160 aliquatenus
1111 2091 1396 2157 sentiebat,
1420 2092 1548 2146 dum
1564 2092 1616 2147 in
1631 2107 1753 2145 ora-

181 2182 313 2235 tione
323 2178 981 2250 patilurphantasmatum
1004 2181 1209 2246 turbas,
1234 2179 1605 2234 vehementius
1629 2178 1754 2234 insia

182 2279 317 2326 stens
325 2272 569 2326 orationi
581 2272 796 2326 ducitur
808 2270 874 2326 ad
889 2279 1118 2327 stantem
1128 2279 1201 2336 ,et
1212 2270 1402 2340 recipit
1419 2269 1597 2325 lumen
1607 2269 1750 2339 ,quia

174 2361 312 2417 Deus
324 2362 376 2417 in
391 2362 567 2418 corde
585 2363 745 2417 ﬁrmo
760 2361 957 2432 ﬁgitur,
972 2369 1026 2416 et
1038 2363 1119 2418 sic
1133 2362 1222 2417 lux
1236 2362 1432 2416 amissa
1448 2369 1748 2432 reparatur.

247 2450 401 2508 Vens.
432 2449 535 2505 41.
564 2468 636 2491 -‘—
682 2449 823 2516 Quid
882 2450 996 2516 tibi,
1043 2458 1151 2506 etc.
1189 2448 1305 2505 Non
1339 2465 1408 2505 ex
1446 2450 1752 2520 ignorantia

174 2542 385 2611 quterit,
410 2539 513 2596 sed
540 2540 660 2594 ideo
680 2549 741 2593 ut
766 2547 1004 2609 rogetur,
1028 2545 1087 2592 ut
1111 2547 1345 2592 mentem
1373 2537 1750 2592 adorationem

185 2617 394 2688 excitet.
424 2631 588 2698 Quod
619 2628 949 2700 intelligens,
972 2644 1147 2685 caecus
1166 2627 1439 2699 subiungit
1469 2646 1483 2680 :
1508 2626 1750 2694 Domine,

184 2727 476 2781 utvideam.
507 2723 624 2780 Non
646 2724 781 2795 petit
823 2738 998 2779 caecus
1025 2737 1217 2777 aurum
1259 2721 1344 2777 vel
1387 2721 1590 2791 aliquid
1616 2731 1753 2776 tem-

175 2817 494 2887 porale,sed
519 2824 724 2871 tantum
750 2815 951 2869 lumen.
970 2813 1248 2869 Imitemur
1262 2827 1392 2884 ergo
1407 2827 1562 2880 eum,
1589 2828 1750 2882 quem

182 2918 357 2963 mente
378 2916 434 2962 et
457 2920 682 2978 corpore
695 2904 995 2959 audivimus
1023 2912 1291 2967 sanatum;
1309 2910 1563 2974 petamus
1588 2918 1619 2955 a
1645 2903 1751 2957 Do.

178 3003 323 3057 mino
374 3002 552 3055 lucem
601 3009 817 3054 aeternae
864 2998 1109 3059 visionis.
1156 3005 1213 3052 et
1235 2996 1378 3053 dicet
1413 2996 1614 3051 nobis:
1648 2994 1749 3050 Re“-

176 3092 310 3162 xpice
329 3132 344 3155 ,
366 3091 515 3160 -ﬁdes
537 3100 629 3144 tua
651 3088 853 3144 saluum
876 3097 923 3141 te
948 3088 1090 3156 fecit.

241 3181 415 3237 Vens.
439 3180 530 3233 45.
556 3208 626 3219 —-
646 3177 719 3231 Et
741 3177 1014 3247 confestim
1052 3177 1200 3231 vidit.
1225 3174 1383 3230 Videt
1406 3184 1462 3229 et
1488 3174 1750 3243 sequitur,

177 3271 267 3341 qui
298 3272 505 3326 bonum
533 3269 677 3338 quod
702 3267 952 3336 intelligit
968 3275 1252 3337 operatur,
1299 3274 1355 3320 et
1388 3264 1570 3319 .lesnm
1613 3279 1757 3334 prae-

176 3370 389 3417 sentem
419 3359 506 3415 vel
535 3367 952 3428 praetereuntem
992 3358 1255 3411 imitatur.
1283 3356 1349 3409 Et
1371 3356 1460 3410 hic
1488 3355 1612 3409 talis
1646 3366 1756 3410 non

176 3454 347 3509 solum
393 3466 495 3522 pro
532 3450 822 3518 impetrato
865 3447 922 3502 in
958 3447 1124 3521 Deum
1164 3445 1400 3516 proﬁcit,
1450 3443 1544 3499 sed
1590 3444 1758 3498 etiam

172 3544 306 3599 alios
325 3544 397 3599 ad
430 3542 643 3596 laudem
669 3539 764 3595 Dei
793 3539 1058 3595 accendit.
1100 3536 1171 3592 Et
1220 3538 1387 3592 omnis
1422 3536 1583 3606 plebs.
1606 3536 1756 3590 Lau-

178 3636 265 3689 dat
292 3636 449 3706 plebs
495 3633 798 3688 Deum'non
841 3630 1011 3687 solum
1044 3644 1144 3700 pro
1198 3630 1484 3701 impetrato
1534 3642 1761 3685 munere

170 3725 328 3796 lucis,
361 3728 459 3783 sed
485 3735 651 3797 etpro
666 3724 860 3779 merito
885 3723 1007 3777 ﬁdei
1033 3723 1388 3792 impetrantis,
1406 3722 1530 3790 quia
1548 3736 1653 3775 non
1667 3735 1759 3775 so-

177 3818 283 3872 lum
309 3815 659 3886 laudat'quod
688 3822 936 3885 potenter
961 3821 1016 3867 et
1032 3812 1451 3868 misericorditer
1471 3811 1756 3874 illuminat,

177 3907 267 3962 sed
299 3907 431 3978 quia
469 3904 764 3961 clamorem
797 3903 918 3959 ﬁdei
945 3902 1170 3957 ﬁrmiter
1208 3903 1491 3957 clamantis
1518 3903 1756 3958 exaudit.

762 4034 990 4092 CAPUT
1035 4032 1177 4088 XIX.

239 4142 406 4205 Vens.
441 4146 654 4214 1,2.—
677 4145 744 4199 Et
768 4146 1054 4213 ingressus,
1078 4151 1185 4197 etc.
1216 4141 1358 4196 Ecce
1398 4140 1638 4196 eamelus
1667 4141 1760 4194 de-

170 4243 345 4313 posita
375 4241 602 4297 sarcina
626 4237 773 4310 gihbi
817 4252 915 4306 per
956 4234 1197 4289 foramen
1229 4248 1359 4287 acus
1386 4231 1598 4298 transit,
1630 4232 1757 4286 dum

175 4340 489 4404 contempto
520 4342 692 4384 censu
732 4324 1016 4389 fraudium,
1059 4330 1341 4394 angustam
1392 4328 1601 4391 portam
1642 4334 1761 4389 quae

176 4419 318 4477 ducit
352 4422 420 4478 ad
458 4419 636 4475 vitam
665 4417 924 4472 ascendit.
958 4415 1023 4469 Et
1048 4414 1174 4484 quia
1203 4412 1490 4468 devotione
1520 4410 1643 4469 ﬁdei
1691 4409 1760 4464 ad

175 4514 461 4570 videndum
496 4511 853 4573 Salvatorem,
893 4507 1034 4577 quod
1065 4515 1255 4559 natura
1284 4505 1465 4558 minus
1498 4503 1752 4565 habebat,

1860 557 2185 618 terpretatur
2236 549 2368 618 ﬁcus
2417 549 2590 620 fatua,
2621 550 2784 605 idest
2817 565 2970 606 crux.
3019 550 3148 617 Qua:
3198 552 3422 607 creden-

1855 644 1937 694 tes
1963 647 2023 692 ut
2045 637 2179 693 ﬁcus
2208 639 2402 707 pascit,
2429 638 2497 694 ab
2519 639 2820 695 inﬁdelibus
2854 640 3109 696 irridetur
3157 652 3216 695 ut
3241 642 3410 697 fatua.

1853 727 2024 795 Quam
2072 727 2296 798 pusillus
2344 728 2607 793 ascendit,
2658 729 2783 783 dum
2829 728 3051 799 quilibet
3096 729 3314 784 humilis
3364 737 3422 786 et

1852 831 2082 886 propria:
2108 815 2437 870 inﬁrmitatis
2484 817 2755 882 conscius,
2784 817 2840 872 in
2869 819 3066 873 virtute
3107 820 3284 876 crucis
3308 819 3422 893 glo-

1852 905 2045 969 riatnr,
2071 912 2127 958 et
2154 920 2250 974 per
2278 906 2418 959 hanc
2444 904 2761 960 laudabilem
2790 906 3094 963 fatuitatem
3139 916 3420 964 transeun-

1852 1004 1962 1051 t‘em
1991 1009 2158 1066 prope
2186 995 2475 1051 Dominum
2505 997 2695 1060 cernit,
2727 997 2848 1066 quia
2892 999 2937 1052 si
2976 1000 3211 1053 nondum
3238 1001 3309 1055 ita
3335 1016 3421 1056 so-

1852 1079 1958 1139 lide
1990 1093 2047 1138 ut
2081 1093 2162 1140 est
2181 1084 2315 1155 jam,
2348 1094 2525 1141 tamen
2552 1090 2768 1156 raptim,
2803 1098 2857 1142 et
2890 1089 3045 1158 quasi
3089 1090 3143 1143 in
3195 1092 3421 1146 transitu

1850 1171 1958 1228 luci
1983 1174 2260 1245 sapientiae
2287 1176 2523 1232 cmlestis
2550 1177 2796 1233 intendit.
2864 1172 2877 1181 ’

1924 1261 2063 1327 Quia
2088 1263 2211 1318 inde
2231 1274 2340 1317 erat
2365 1265 2705 1319 transiturus.
2727 1266 2896 1339 (lsm.)
2918 1266 3010 1322 Illa
3027 1277 3181 1338 parte
3204 1270 3293 1325 ubi
3334 1286 3410 1343 sy-

1849 1365 2119 1418 comorus,
2150 1352 2233 1407 vel
2265 1352 2353 1409 ubi
2381 1354 2706 1422 crediturus,
2737 1365 2864 1422 etc.,
2898 1374 3058 1428 usque
3085 1359 3153 1412 ad
3180 1358 3325 1414 velut
3356 1360 3411 1414 in

1853 1437 2081 1495 fecunda
2109 1440 2391 1497 altitudine
2412 1444 2591 1513 operis
2612 1445 2902 1500 eminebat.

1922 1533 2086 1589 Vens.
2115 1533 2167 1590 5.
2200 1565 2270 1574 —
2298 1534 2366 1589 Et
2388 1553 2504 1590 cum
2530 1538 2770 1593 venisset.
2799 1539 2905 1594 Per
2947 1541 3252 1610 praemissos
3273 1558 3417 1613 prte-

1852 1635 2017 1677 cones
2043 1621 2191 1678 verbi
2224 1622 2327 1690 sui,
2356 1625 2411 1679 in
2450 1617 2643 1695 quibus
2668 1634 2785 1681 erat
2810 1625 2967 1683 Jesus
3002 1636 3056 1683 et
3078 1628 3418 1699 loquebatur,

1855 1711 2000 1766 venit
2019 1712 2087 1766 ad
2099 1711 2353 1783 populum
2373 1715 2769 1786 nationum,qui
2789 1717 3182 1787 passionisejus
3199 1720 3301 1774 ﬁde
3308 1721 3422 1790 jam

1855 1803 2125 1870 sublimis,
2178 1804 2341 1859 etiam
2396 1804 2732 1863 divinitatem
2772 1807 2887 1876 ejus
2915 1823 3204 1879 agnoscere
3240 1813 3413 1877 ardet,

1855 1980 2013 2055 elegit
2044 1984 2325 2053 eligentem
2351 2002 2427 2052 se,
2461 1996 2515 2041 et
2541 1996 2688 2042 amat
2712 1998 2979 2044 amantem
3016 2006 3093 2045 se.
3137 1991 3419 2047 Descende.

1854 2072 2007 2140 Quod
2034 2074 2357 2129 descendere
2386 2076 2451 2130 de
2474 2091 2774 2148 sycomoro,
2804 2086 2855 2133 et
2897 2079 2975 2133 sic
3014 2079 3070 2133 in
3119 2079 3278 2134 domo
3322 2097 3420 2150 pa-

1853 2179 1976 2217 rare
1996 2165 2329 2219 mansionem
2351 2165 2588 2234 jubetur,
2612 2169 2715 2223 hoc
2743 2177 2827 2222 est
2851 2169 2990 2238 quod
3010 2169 3293 2239 Apostolus
3313 2172 3385 2225 ait
3405 2187 3418 2223 :

1852 2253 1970 2308 Etsi
1990 2258 2320 2325 cognovimus
2355 2260 2635 2312 secundum
2667 2276 2873 2313 carnem
2892 2259 3178 2327 Christum,
3205 2261 3296 2315 sed
3306 2261 3421 2330 jam

1775 2359 1795 2368 ι
1851 2358 1956 2396 non
1989 2345 2243 2399 novimus.
2271 2344 2333 2400 Si
2357 2347 2492 2400 enim
2516 2357 2751 2403 mortuus
2775 2359 2851 2403 est
2881 2365 2946 2403 ea:
2970 2349 3296 2418 inﬁrmitate,
3331 2352 3421 2406 sed

1838 2431 1960 2500 jam
2014 2435 2133 2488 civit
2172 2451 2235 2489 ea:
2284 2438 2470 2490 virtute
2499 2438 2597 2492 Dei
2651 2438 2733 2509 (Il
2761 2438 2884 2493 Cor.
2928 2454 2981 2505 ν,
3012 2440 3151 2509 xui).
3186 2441 3420 2496 Mancre.

1853 2519 2103 2576 Manebat
2125 2523 2411 2592 aliquando
2445 2525 2702 2583 Dominus
2730 2529 2783 2582 in
2812 2530 2970 2583 domo
2996 2530 3252 2599 principis
3281 2530 3423 2585 Pha-

1853 2609 2155 2678 risaeorum,
2186 2613 2240 2666 id
2266 2623 2347 2667 est
2394 2614 2447 2668 in
2495 2615 2804 2672 Judazorum
2842 2616 3124 2688 Synagoga
3171 2620 3416 2674 docebat.

1924 2701 2087 2757 Vens.
2115 2703 2165 2758 7.
2191 2734 2263 2743 —
2288 2703 2711 2761 Hui-muralium.
2742 2707 3082 2763 Manifestum
3103 2718 3189 2764 est
3210 2708 3426 2765 JUdtBOS

1852 2803 2068 2860 semper
2108 2793 2347 2862 gentium
2379 2794 2577 2861 odisse,
2630 2795 2866 2850 vel‘non
2913 2796 3241 2851 intellexisse
3284 2797 3427 2851 salu-

1846 2881 1979 2928 tem.
2026 2874 2176 2930 Unde
2190 2886 2251 2931 et
2289 2878 2547 2933 adversus
2582 2878 2798 2933 Petrum
2846 2877 3047 2934 dicitur
3078 2898 3092 2933 :
3125 2880 3301 2945 Quare
3338 2882 3424 2936 in-

1846 2966 2021 3019 troisti
2052 2967 2121 3020 ad
2142 2979 2316 3038 gentes
2337 2971 2654 3040 prteputium
2673 2970 2915 3024 habentes
2944 2971 3084 3041 (Act.
3110 2970 3226 3041 lx)?

1933 3056 2095 3113 Vsns.
2131 3061 2184 3113 8.
2212 3076 2282 3099 ;-
2309 3058 2469 3114 Stans
2506 3068 2702 3124 autem,
2731 3068 2839 3114 etc.
2887 3058 3022 3113 Aliis
3056 3059 3431 3115 calumnianti—

1848 3151 1956 3206 bus
1992 3150 2265 3205 hominem
2313 3158 2670 3218 peccatorem,
2714 3150 2828 3218 ipse
2861 3159 2916 3205 et
2953 3151 3211 3209 Zaelimus
3251 3161 3424 3217 stans,

1782 3218 1828 3280 (ἶ
1862 3239 1916 3294 id
1945 3246 2029 3293 est
2049 3238 2104 3291 in
2150 3251 2216 3291 ea
2241 3251 2403 3306 quam
2432 3248 2667 3307 cmperat
2689 3238 2812 3292 ﬁdei
2855 3243 3081 3293 veritate
3106 3241 3428 3308 persistens,

1861 3344 1969 3385 non
1993 3328 2165 3383 solum
2187 3342 2247 3382 se
2274 3342 2339 3382 ex
2364 3338 2648 3397 peccatore
2673 3344 3012 3396 conversum,
3036 3332 3131 3385 sed
3161 3333 3324 3386 etiam
3346 3332 3431 3386 in-

1858 3430 1947 3476 ter
1970 3420 2284 3474 innocentes
2298 3419 2497 3489 probat
2523 3430 2917 3485 conversatum,
2946 3435 3072 3475 cum
3105 3421 3267 3475 etiam
3294 3432 3423 3478 ante

1852 3511 2263 3567 “conversionem
2296 3512 2607 3564 innocenter
2651 3509 2806 3574 vixit,
2836 3517 2889 3563 et
2918 3509 3009 3579 qui
3037 3519 3161 3565 ante
3202 3526 3429 3567 conver-

1860 3603 2069 3658 sionem
2091 3601 2393 3665 dimidium,
2423 3608 2543 3670 post
2564 3600 2970 3656 conversionem
3000 3609 3177 3671 potest
3204 3602 3332 3657 dare
3371 3611 3430 3657 et

1853 3701 2052 3748 totum.
2089 3691 2151 3747 Si
2192 3691 2341 3762 quid,
2378 3698 2483 3746 etc.
2517 3690 2757 3745 Primum
2790 3699 2872 3746 est
2906 3692 3201 3746 secundum
3250 3693 3425 3763 legem

1859 3785 2105 3847 reddere,
2128 3781 2318 3837 deinde
2346 3782 2490 3852 quod
2529 3790 2771 3837 remanet
2810 3783 3138 3853 pauperibus
3181 3798 3429 3855 erogare.

1859 3874 2013 3929 Hunc
2042 3874 2276 3928 fructum
2303 3873 2426 3927 vitae
2450 3872 2765 3943 publicanus
2790 3874 2856 3928 de
2879 3888 3158 3944 sycomoro
3200 3890 3299 3944 per
3339 3893 3427 3929 sa-

1854 3965 2091 4033 pientem
2115 3961 2395 4017 stultitiam
2418 3961 2548 4031 legit
2574 3964 2715 4031 quod
2728 3973 2898 4031 -rapta
2915 3964 3111 4028 reddit,
3133 3964 3431 4034 propinqua
3528 4038 3535 4045 ν

1859 4053 2133 4123 relinquit,
2171 4051 2402 4105 visibilia
2426 4052 2742 4117 contemnit,
2770 4050 2886 4119 ejus
2907 4065 3065 4120 quem
3088 4055 3326 4108 nondum
3349 4055 3430 4110 vi-

1860 4146 1951 4201 det
1975 4144 2127 4213 seqni
2150 4144 2377 4212 vestigia
2400 4143 2755 4212 concupiscit.
3200 4194 3203 4197 η

1934 4232 2093 4287 Vens.
2109 4232 2163 4288 9.
2179 4262 2248 4272 —-
2264 4230 2438 4285 Filius
2457 4232 2541 4285 sit.
2561 4230 2676 4286 Non
2691 4245 2874 4296 carne,
2895 4231 2988 4286 sed
3005 4230 3131 4296 ﬁde,
3154 4231 3278 4301 quia
3294 4233 3435 4288 sicut

1858 4324 2130 4380 Abraham
2144 4321 2296 4391 jussu
2310 4323 2406 4377 Dei
2421 4306 2648 4391 patriam
2670 4321 2740 4377 ob
2758 4336 2908 4391 spem
2923 4321 3115 4376 futura:
3140 4322 3429 4378 hzeredita-

1860 4413 1934 4469 tis
1956 4414 2215 4478 deseruit,
2242 4413 2321 4467 sic
2332 4420 2388 4467 et
2406 4413 2510 4466 iste
2534 4412 2627 4481 qui
2643 4413 2955 4467 thesaurum
2971 4412 3023 4465 in
3039 4411 3188 4467 caelis
3202 4413 3434 4482 acquirit

1862 4521 1979 4576 spe.

179 4619 399 4659 ascensu
426 4602 646 4658 arboris
669 4575 1061 4670 supplet,iuste
1084 4597 1227 4666 quod
1246 4609 1437 4665 rogare
1462 4610 1565 4649 non
1594 4593 1758 4648 aude—
1784 4575 1835 4634 D
1894 4575 1907 4576 ί
1944 4586 2110 4641 V385.
2147 4585 2234 4640 10.
2262 4614 2334 4626 -ο
2373 4583 2544 4650 Venit,
2593 4594 2699 4638 elc.
2748 4583 2926 4638 Etiam
2974 4584 3436 4640 murmurantibns

178 4696 288 4761 bat,
340 4693 644 4750 Dominicae
693 4690 1047 4759 susceptionis
1088 4686 1519 4742 benedictionem
1566 4685 1761 4754 accipit

178 4803 335 4857 quam
350 4787 717 4849 desiderabat.
736 4783 978 4854 Mystice,
1007 4780 1283 4845 Zacbteus,
1314 4777 1405 4847 qui
1436 4777 1759 4846 interpreta-

178 4887 265 4933 tur
301 4879 660 4949 justi/iectus,
702 4873 970 4944 signiﬁcat
992 4871 1275 4925 credentes
1299 4883 1364 4945 ex
1396 4865 1642 4937 gentibus
1669 4863 1759 4934 qui

180 4982 273 5036 per
293 4966 717 5038 occupationem
740 4959 1111 5032 temporalium
1134 4956 1375 5028 depressi
1388 4963 1562 5020 erant,
1592 4964 1646 5010 et
1661 4955 1761 5008 mi-

182 5057 332 5124 nimi,
365 5059 467 5113 sed
495 5072 527 5109 a
556 5054 785 5109 Domino
817 5049 1158 5106 sanctiﬁcati.

251 5149 317 5202 Et
334 5152 445 5219 ipse
461 5149 624 5201 dives.
655 5144 785 5211 Quis
806 5144 871 5199 de
891 5158 949 5197 se
968 5143 1234 5211 desperet,
1253 5155 1374 5195 eum
1400 5139 1547 5192 venit
1571 5138 1672 5193 iste
1691 5134 1758 5193 ad

186 5235 351 5292 Deum
382 5238 474 5293 cui
497 5250 693 5291 census
719 5248 788 5288 ex
811 5232 1034 5287 fraude?
1055 5230 1160 5286 Per
1184 5231 1328 5285 hunc
1363 5237 1604 5297 apparet,
1634 5228 1759 5298 quia

186 5346 289 5385 non
315 5331 501 5386 omnis
527 5329 676 5384 dives
701 5342 918 5381 avarus.

252 5418 417 5475 Vsus.
445 5419 500 5473 5.
530 5448 600 5458 —
622 5414 744 5471 Prw
793 5414 961 5470 turba.
992 5414 1121 5482 Qum
1157 5413 1336 5479 turba,
1363 5411 1465 5467 nisi
1503 5410 1760 5480 imperita:

187 5511 434 5566 confusio
456 5508 837 5575 multitudinis,
861 5523 981 5578 quae
1006 5506 1258 5561 verticem
1284 5503 1560 5574 sapientia:
1583 5501 1763 5557 videre

188 5605 411 5674 nequit?
426 5603 687 5659 Zachaeus
702 5617 831 5675 ergo
845 5616 950 5657 non
979 5600 1032 5655 in
1049 5599 1204 5655 turba
1215 5639 1229 5665 ,
1257 5597 1357 5655 sed.
1371 5595 1578 5667 plebem
1595 5602 1766 5648 trans-

190 5707 407 5761 gressus
437 5691 686 5749 Messiam
716 5706 874 5761 quem
901 5688 1171 5745 desiderat
1197 5685 1407 5756 aspicit.

259 5781 426 5838 Vens.
454 5781 511 5835 4.
558 5813 630 5825 --
668 5781 1029 5854 Sycomorum.
1080 5776 1409 5849 Sycomorus
1453 5773 1615 5830 arbor
1655 5781 1761 5839 est,

1861 4694 1957 4735 sua
1980 4678 2237 4751 mysteria
2264 4692 2371 4732 non
2395 4677 2714 4747 dedignatur
2734 4690 3024 4746 exponere,
3046 4676 3188 4744 quod
3211 4687 3435 4746 propter

1861 4770 2235 4841 paenitentiam
2260 4777 2604 4837 peccatorum
2630 4767 3023 4835 suspiciendam
3055 4768 3291 4822 maxime
3320 4768 3435 4836 ipse

1861 4861 1917 4919 in
1946 4871 2147 4916 terram
2171 4860 2401 4924 venerit,
2426 4858 2513 4913 ubi
2540 4866 2595 4912 et
2614 4872 2673 4912 se
2698 4857 2929 4926 appellat
2951 4856 3145 4911 Filium
3179 4858 3430 4923 hominis,

1863 4964 1923 5010 ut
1973 4955 2214 5010 insinuet
2235 4954 2391 5008 nobis
2420 4954 2868 5023 dispensationem
2890 4967 3000 5008 sua:
3027 4952 3264 5021 pietatis.

1931 5045 2094 5102 Vens.
2133 5046 2221 5100 ll.
2242 5075 2314 5085 ——
2332 5044 2464 5098 Ηιενε
2500 5044 2628 5110 illis,
2659 5053 2763 5097 etc.
2793 5043 3051 5113 Suscepta
3076 5053 3133 5099 et
3158 5059 3434 5099 commen-

1861 5134 1986 5189 data
2050 5133 2363 5204 paenitentia
2405 5130 2675 5201 publicani
2725 5131 2929 5195 divitis,
2971 5146 3072 5199 per
3125 5129 3431 5199 parabolam

1860 5228 2018 5283 docet
2036 5226 2135 5280 sibi
2161 5224 2331 5294 magis
2358 5221 2729 5293 paenitentiam
2754 5232 3121 5291 peccatorum,
3153 5234 3314 5288 quam
3345 5217 3434 5287 ju-

1834 5317 2064 5375 stitiam
2104 5314 2319 5385 placere
2373 5311 2748 5380 superborum,
2780 5309 3048 5379 latiusque
3085 5308 3137 5363 in
3188 5309 3435 5377 gentibus

1863 5408 1929 5462 de
1971 5403 2275 5475 ignorantia
2310 5401 2443 5472 legis
2493 5398 2807 5463 humilibus,
2854 5413 3015 5468 quam
3057 5397 3110 5452 in
3139 5396 3337 5451 Iudaeis
3366 5395 3432 5448 de

1860 5494 2073 5566 iustitia
2121 5493 2256 5563 legis
2307 5489 2739 5560 superbientibus
2787 5504 2847 5543 se
2899 5503 3018 5542 esse
3061 5494 3429 5555 regnaturum.

1933 5588 2014 5641 Eo
2048 5585 2205 5658 quod.
2253 5582 2370 5637 Non
2414 5582 2587 5637 solum
2621 5582 2710 5651 qui
2742 5579 2875 5650 justi
2912 5586 3291 5650 perseverant,
3339 5573 3433 5628 sed

1863 5676 2031 5731 etiam
2066 5674 2157 5744 qui
2192 5672 2260 5727 de
2308 5670 2571 5740 iniustitia
2617 5657 3003 5726 convertuntur
3037 5665 3105 5720 ad
3130 5664 3268 5718 ﬁlios
3310 5676 3433 5729 ιιτοδ

1866 5766 2137 5822 missionis
2165 5764 2452 5834 pertinent.
