3960 6336
486 352 592 411 327

978 336 1368 398 WALAFRIDl
1404 316 1665 391 srntni
1692 326 1900 385 rum.
1941 322 2108 381 non.
2146 318 2297 378 opp.
2334 316 2516 374 rans
2544 316 2586 373 ι.
2628 344 2698 356 -
2735 311 3191 371 THEOLOGICA.

3625 308 3733 367 3%

560 466 725 521 Vens.
757 459 844 514 te.
877 487 945 497 —
968 452 1173 509 Nobilis
1195 446 1342 504 abiit.
1371 445 1470 501 llic
1493 453 1578 517 est
1602 441 1800 497 nobilis
1836 438 1922 493 cui
1944 449 2055 491 ωε-
2082 439 2127 495 Α
2155 445 2249 487 sus
2267 438 2368 494 est.
2394 430 2480 485 cui
2503 427 2761 521 Dominus
2778 439 2966 521 inuam
2981 439 3153 521 mal
3174 424 3527 521 eamdemque
3544 422 3731 492 ﬁdem.

490 569 586 611 cus
603 548 904 607 clamabat:
933 543 1181 597 Miserere
1200 538 1319 602 mei,
1348 535 1427 605 fili
1461 532 1651 596 David,
1688 538 1745 585 et
1785 526 1872 582 cui
1913 524 2054 579 tuba:

493 641 797 700 clamabant
826 653 840 688 :
875 632 1129 687 Hosanna
1202 625 1312 694 ﬁlio
1362 621 1531 677 David
1567 632 1586 670 :
1612 616 1915 691 .benedictus
1965 611 2055 681 qui

494 738 625 794 venit
660 736 712 788 in
746 730 949 786 nomine
976 722 1187 779 Domini
1226 735 1317 774 rex
1365 716 1554 777 Israel,
1597 711 1689 782 qui
1735 706 2058 764 constitutus

493 837 577 885 est
599 844 629 881 a
646 826 802 880 Patre
821 835 937 883 rex,
960 817 1046 872 cui
1071 816 1209 870 datae
1227 818 1352 868 sunt
1372 816 1558 880 gentes
1584 805 1638 859 in
1666 801 2055 859 haereditatem.

494 918 869 987 Langiuquam.
900 906 1208 964 Exczec‘atns
1249 901 1460 957 Iudaeos
1498 897 1837 987 relinquens,
1863 890 2060 987 transit

492 1009 558 1063 ad
589 981 962 1073 illuminandas
1001 1002 1213 1070 gentes,
1261 1000 1379 1062 qua:
1394 991 1560 1059 longe
1602 984 1749 1057 (quia
1787 999 1818 1037 a
1862 981 2059 1036 ﬁnibus

495 1094 673 1163 terrm)
701 1093 937 1149 clamant
953 1089 1030 1143 'ad
1060 1085 1368 1146 Dominum,
1389 1076 1473 1134 vel
1496 1077 1622 1147 quia
1646 1074 1795 1143 longe
1815 1089 1848 1125 a
1874 1086 2058 1141 pecca-

495 1186 694 1241 toribus
705 1183 848 1238 salus
870 1180 1041 1254 (Psal.
1058 1175 1243 1245 cxvtu)
1259 1193 1271 1227 :
1290 1173 1452 1236 Deus,
1473 1168 1565 1259 qui
1593 1167 1790 1259 ubique
1802 1174 2060 1259 praesens,

496 1277 655 1345 longe
683 1274 753 1329 ab
777 1274 862 1328 his
881 1250 972 1341 'qtn
1005 1266 1145 1323 idola
1174 1264 1373 1325 colunt,
1404 1258 1498 1316 sed
1522 1264 1575 1313 et
1598 1255 1699 1326 ipsi
1727 1262 1893 1325 prope
1935 1250 2062 1305 iacti

496 1375 622 1424 sunt
650 1366 703 1419 in
732 1361 1009 1434 sanguine.

570 1478 734 1530 Vens.
789 1472 875 1527 15.
904 1502 969 1512 -—
1013 1469 1214 1523 Vocati:
1245 1474 1416 1520 autem
1440 1462 1633 1517 decem.
1682 1447 1856 1513 "Vocat
1881 1447 2064 1540 decem

500 1581 705 1630 servos,
734 1565 858 1619 dum
890 1562 1051 1632 elegit
1078 1544 1366 1628 discipulos
1404 1554 1581 1608 littera
1609 1547 1859 1631 Decalogi
1887 1545 2062 1638 imbu-

502 1667 604 1710 tos.
657 1655 758 1708 Dat
806 1653 991 1707 decem
1042 1663 1223 1710 muas,
1276 1646 1400 1701 dum
1456 1642 1576 1712 post
1618 1635 2063 1694 resurrectionem

501 1743 690 1814 surgit,
726 1750 780 1796 et
812 1738 984 1809 aperit
1023 1751 1264 1800 sensum,
1312 1725 1370 1786 ut
1407 1722 1759 1813 spiritualiter
1803 1722 2063 1790 intelligat

501 1834 633 1903 legis
667 1833 804 1887 dicta
835 1829 955 1883 Mna
990 1828 1177 1883 decem
1209 1825 1494 1880 drachmas
1533 1815 1806 1888 appendit.
1855 1814 1923 1868 Et
1948 1828 2062 1866 om-

501 1925 586 1980 nis
610 1922 898 1991 Scriptura:
920 1932 1118 1983 sermo,
1134 1916 1257 1987 quia
1279 1914 1402 1968 vitae
1428 1907 1663 1967 caelestis
1683 1903 2064 1976 perfectionem

502 2013 755 2082 suggerit,
787 2009 941 2080 quasi
966 2004 1279 2085 centenarii
1327 1999 1537 2057 numeri
1583 1996 1819 2068 pondere
1876 1991 2062 2085 fulget.

505 2101 877 2172 Negottamini.
944 2083 1119 2151 Verba
1168 2095 1300 2166 legis
1348 2092 1570 2164 mystica
1628 2083 2067 2156 interpretatione

502 2194 740 2248 discussa
772 2190 983 2261 populis
1016 2184 1225 2253 oll‘erte,
1259 2194 1314 2242 et
1354 2185 1422 2239 ab
1448 2184 1528 2265 eis
1562 2180 1955 2237 confessionem
1997 2173 2063 2229 li-

501 2284 610 2349 dei,
647 2296 962 2351 morumque
984 2280 1305 2351 probitatem
1336 2274 1573 2345 recipite.

571 2392 737 2447 Vens.
792 2388 1042 2445 l5.—Et
1069 2389 1264 2459 factum
1291 2395 1388 2441 est.
1436 2382 1685 2450 Quotidie
1706 2380 1953 2436 Christus
1976 2392 2067 2434 ac-

501 2492 655 2553 cepto
678 2495 840 2552 regno
868 2496 899 2534 a
926 2479 1086 2534 Patre
1113 2477 1271 2542 redit,
1293 2475 1417 2547 quia
1437 2473 1827 2546 peregrinantis
1848 2471 1902 2525 in
1925 2480 2068 2524 terra

499 2571 753 2629 Ecclesia:
785 2584 997 2638 semper
1034 2577 1234 2623 statum
1272 2564 1556 2636 conspicit.
1603 2562 1738 2617 Huic
1780 2575 1939 2617 servo
1966 2574 2067 2630 pe-

501 2664 713 2720 cuniam
739 2665 1075 2732 negotiaturo
1093 2658 1416 2723 commodat,
1438 2656 1491 2711 in
1518 2655 1686 2711 altero
1707 2653 1921 2708 modum
1940 2666 2070 2707 can-

501 2752 751 2808 summati
785 2750 965 2818 operis
996 2749 1285 2804 examinat.
1318 2746 1470 2801 Hunc
1490 2745 1788 2817 prudenter
1812 2743 2068 2797 laboran-

501 2850 611 2896 tem
644 2839 885 2910 ampliori
924 2839 1096 2909 gratia
1135 2837 1318 2900 donat,
1358 2835 1508 2890 illum
1542 2833 1819 2888 luxuriosa
1859 2840 2068 2887 sectan-

502 2943 610 2988 tem
641 2974 655 2996 ,
702 2932 864 2988 etiam
910 2929 1055 3001 quod
1100 2929 1321 2984 dederat
1365 2927 1557 2997 privat.
1606 2924 1663 2979 ln
1701 2924 1905 2994 judicio
1939 2938 2070 2979 vero

502 3023 654 3078 multi
688 3023 778 3091 qui
801 3023 868 3077 ad
893 3021 1193 3077 docendum
1229 3019 1406 3075 idonei
1440 3018 1777 3079 videbantur,
1804 3014 1874 3069 ob
1903 3013 2072 3085 negli-

2152 533 2272 591 quse
2289 518 2685 575 circumcisioni
2705 518 2908 573 credita
2929 519 3036 582 es‘t,
3064 516 3132 571 ad
3154 516 3554 587 praedicandum
3578 533 3733 574 com-

2154 611 2320 666 misit.
2373 609 2504 677 Quae
2532 609 2769 678 quinque
2795 621 2951 662 muas
2985 606 3136 668 facit,
3179 606 3307 675 quia
3347 615 3539 676 gentes
3571 610 3734 677 quin-

2154 712 2261 768 que
2284 696 2534 751 sensibus
2569 695 2812 764 corporis
2839 693 3194 762 mancipatas,
3232 694 3299 751 ad
3338 695 3570 763 gratiam
3608 695 3737 751 ﬁdei

2153 784 2474 856 evangelica
2519 784 2803 839 convertit.
2848 782 2918 837 In
2964 783 3203 848 sudario,
3251 791 3357 840 etc.
3412 784 3472 839 In
3517 786 3738 841 sudario

2155 875 2438 946 pecuniam
2458 875 2690 944 reponit,
2715 874 2809 943 qui
2833 873 2902 928 ad
2914 873 3324 942 prmdicandum
3348 874 3596 938 idoneus,
3616 875 3737 931 olli-

2157 966 2297 1020 cium
2322 963 2646 1035 praedicandi
2671 964 2758 1018 vel
2776 964 3053 1032 suscipere
3083 963 3282 1028 renuit,
3311 962 3396 1018 vel
3425 973 3738 1030 susceptum

2158 1074 2265 1114 non
2304 1058 2440 1113 bene
2466 1058 2632 1128 gerit,
2674 1056 2765 1111 sed
2800 1058 3053 1126 percepta
3082 1055 3219 1109 dona
3251 1054 3350 1109 sub
3380 1055 3492 1109 otio
3524 1063 3737 1125 tempo-

2159 1150 2236 1207 ris
2263 1149 2545 1204 abscondit
2577 1163 2779 1211 secum,
2794 1147 2990 1201 dicens
3019 1165 3033 1198 :
3061 1144 3268 1200 Sullicit
3290 1145 3423 1200 mihi
3465 1157 3526 1199 ut
3550 1147 3622 1201 de
3651 1162 3741 1201 me

2160 1239 2426 1294 rationem
2456 1222 2705 1300 reddam,
2726 1252 2836 1291 cur
2872 1236 2993 1290 aliis
3020 1234 3328 1305 praedicem,
3372 1234 3457 1289 vel
3505 1236 3575 1290 de
3619 1236 3739 1290 aliis

2159 1343 2324 1399 cogar
2357 1328 2583 1383 reddere
2615 1326 3060 1382 rationem?‘cum
3085 1326 3251 1380 etiam
3283 1326 3426 1395 apud
3454 1326 3625 1380 Deum
3660 1326 3739 1380 illi

2159 1423 2286 1472 sunt
2323 1416 2715 1471 inexcusabiles
2756 1416 2952 1485 quibus
2983 1415 3071 1470 lex
3108 1416 3233 1470 data
3270 1430 3380 1471 non
3412 1416 3525 1481 est,
3559 1432 3742 1488 neque

2160 1505 2342 1561 audito
2360 1504 2647 1575 Evangelio
2668 1504 3023 1570 dormierunt,
3046 1505 3173 1576 quia
3190 1518 3292 1575 per
3310 1513 3623 1562 creaturam
3643 1521 3741 1576 po-

2164 1604 2338 1652 terant
2363 1594 2678 1651 Creatorem
2705 1610 3049 1666 cognoscere.
3648 1646 3669 1662 ,

2241 1696 2392 1741 Vens.
2419 1685 2508 1740 24.
2529 1715 2602 1725 -
2622 1684 2776 1740 Helia
2800 1686 2955 1757 quod.
3004 1684 3155 1741 Metu
3174 1686 3317 1741 enim
3345 1685 3488 1742 Deus
3514 1686 3606 1742 ubi
3631 1701 3741 1743 non

2089 1774 2137 1833 Β
2161 1774 2478 1839 seminavit,
2519 1774 2574 1830 id
2618 1782 2703 1830 est
2737 1776 2901 1830 etiam
2938 1790 3040 1832 eos
3082 1777 3374 1846 impietatis
3416 1792 3542 1833 reos
3594 1787 3744 1834 tenet

2163 1867 2358 1936 quibus
2388 1866 2526 1937 legis
2551 1868 2771 1922 verbum
2812 1866 2898 1923 vel
2931 1868 3206 1940 Evangelii
3240 1883 3353 1925 non
3389 1870 3737 1926 ministravit.

2164 1956 2385 2012 T-imens
2407 1971 2537 2028 ergo
2550 1956 2854 2027 periculum
2871 1957 3087 2031 judicii,
3114 1961 3457 2031 requiescam
3478 1962 3546 2018 ab
3569 1962 3742 2018 admi-

2164 2046 2333 2101 nistra
2340 2045 2480 2101 tione
2496 2046 2672 2102 verbi.

2234 2134 2400 2191 Vens.
2434 2134 2523 2191 22.
2538 2134 2857 2202 —Sciebas,
2880 2143 2989 2193 etc.
3029 2135 3183 2204 Quod
3210 2140 3494 2210 putaVerat
3518 2152 3742 2209 prnu-

2165 2227 2443 2282 eusatione
2466 2227 2667 2283 dixisse
2709 2228 2940 2283 vertitur
2979 2229 3035 2283 in
3061 2227 3291 2299 culpam.
3335 2228 3394 2283 Si
3423 2243 3512 2284 me
3539 2230 3616 2284 ita
3648 2231 3749 2284 du-

2166 2334 2286 2373 rum
2312 2328 2361 2373 et
2393 2318 2664 2374 crudelem
2702 2328 2954 2387 noveras,
2991 2334 3160 2389 quare
3193 2320 3299 2375 ista
3342 2320 3601 2391 cogitatio
3633 2338 3744 2377 non

2168 2408 2396 2465 incussit
2420 2408 2513 2463 tibi
2546 2408 2815 2476 timorem,
2851 2415 2912 2464 ut
2943 2409 3116 2466 scires
3150 2418 3240 2467 me
3278 2425 3398 2466 mea
3436 2410 3744 2482 diligentius

2168 2498 2517 2567 quaesiturum
2537 2497 2562 2550 ἲ

2241 2587 2401 2642 Vsus.
2431 2587 2519 2642 25.
2541 2617 2614 2630 —-
2632 2586 2938 2644 Pecuniam.
2977 2588 3037 2645 id
3085 2597 3171 2646 est
3198 2590 3567 2663 evangelica!!!
3599 2601 3738 2663 prae-

2169 2679 2496 2735 dicationem
2533 2680 2844 2751 paratisque
2865 2679 3103 2737 ﬁdelium
3122 2682 3376 2738 cordibus
3398 2698 3506 2739 non
3528 2684 3745 2739 intima-

2170 2767 2260 2822 sti.
2312 2767 2486 2822 Meam
2506 2769 2574 2822 ad
2595 2785 2845 2825 mensam.
2880 2769 2998 2826 Non
3021 2780 3187 2827 tuam.
3235 2772 3387 2829 Unde
3406 2774 3739 2844 Apostolus:

2173 2856 2368 2928 Siquis
2388 2857 2636 2929 loquitur,
2659 2862 2809 2933 quasi
2830 2878 3091 2917 sermones
3113 2861 3213 2916 Dei
3234 2860 3287 2934 (1
3308 2861 3455 2919 Petr.
3486 2868 3583 2936 tv).
3612 2865 3744 2920 Cum

2171 2947 2366 3001 usuris.
2389 2945 2491 3017 Qui
2512 2948 2662 3003 verbi
2685 2949 2968 3019 pecuniam
2995 2965 3027 3004 a
3049 2949 3269 3007 doctore
3295 2951 3429 3007 emit
3448 2953 3744 3017 credendo,

2174 3050 2397 3091 necesse
2450 3046 2533 3092 est
2582 3046 2641 3091 ut
2679 3054 2801 3094 cum
2846 3039 3024 3095 usuris
3066 3038 3241 3097 solvat
3278 3042 3568 3110 operando.
3626 3042 3744 3107 Vel;

504 3113 738 3182 gentiam
768 3126 922 3166 suam
947 3111 1089 3165 inter
1111 3109 1355 3164 indoctos
1384 3105 1789 3176 reputabuntur.
1839 3102 2067 3171 Quidam

2178 3128 2237 3183 de
2262 3137 2483 3198 accepto
2503 3129 2651 3184 verbi
2670 3129 2859 3186 tenore
2879 3144 3071 3185 usuras
3088 3130 3269 3198 solvit,
3293 3102 3385 3202 qui
3412 3142 3481 3187 ex
3509 3146 3576 3189 eo
3606 3102 3744 3204 quod

503 3200 847 3271 simplicioris
872 3197 1267 3255 observationis
1286 3194 1625 3251 devotionem
1648 3193 1790 3248 inter
1815 3191 2072 3261 apostoli-

502 3298 598 3346 co's
651 3305 861 3346 summa
890 3289 1126 3361 praemia
1181 3285 1498 3359 percipient.
1551 3281 1656 3349 Qui
1707 3283 1845 3338 enirn
1893 3281 2073 3352 recipit

502 3384 804 3453 prophetam
841 3383 897 3436 in
941 3382 1149 3436 nomine
1175 3380 1457 3451 prophetat,
1491 3376 1775 3433 mercedem
1802 3375 2075 3448 propheta:

504 3474 718 3543 accipiet
757 3472 968 3542 (Matth.
1012 3471 1088 3541 χ).

576 3574 741 3628 Vens.
786 3570 872 3624 l6.
903 3601 977 3611 —
1010 3568 1154 3623 Ventt
1197 3578 1389 3623 autem.
1438 3568 1654 3623 Primus
1697 3582 1906 3632 servus,
1940 3565 2076 3622 ordo

506 3663 786 3717 doctorum
815 3661 869 3713 in
903 3658 1309 3714 circumcisione
1344 3658 1557 3719 missus,
1589 3657 1677 3725 qui
1712 3671 1871 3710 unam
1895 3670 2075 3710 mnam

507 3750 880 3820 negotiaturus
907 3748 1136 3817 accepit,
1158 3748 1283 3816 quia
1312 3761 1476 3801 unum
1498 3744 1686 3811 Deum,
1708 3762 1870 3800 unam
1893 3744 2071 3809 ﬁdem,

507 3855 674 3894 unum
719 3838 983 3907 baptisma
1020 3837 1220 3891 missus
1258 3845 1341 3891 est
1377 3837 1687 3906 praedicare.
1740 3835 1845 3892 Sed
1891 3836 2077 3891 decem

507 3929 739 4000 acquirit
761 3929 888 3983 dum
912 3928 1164 3999 p0pulum
1194 3928 1293 3983 sub
1317 3926 1432 3997 lege
1460 3927 1806 3981 constitutum
1835 3926 2078 3982 docendo

507 4019 723 4075 sibimet
749 4019 1001 4074 associat.

581 4112 743 4166 Vens.
806 4110 1067 4165 l7.-—In
1118 4112 1321 4166 modico
1366 4111 1513 4183 fuisti
1560 4111 1751 4180 ﬁdelia.
1810 4110 2076 4167 Modicum

506 4209 592 4257 est
638 4200 896 4269 quidquid
938 4200 991 4254 in
1035 4200 1287 4269 praesenti
1327 4201 1650 4271 percipimus
1694 4203 1954 4256 donorum
2008 4200 2077 4255 ad

511 4292 963 4359 comparationem
989 4274 1319 4346 futurorum:
1358 4290 1445 4345 Ea:
1476 4302 1622 4362 parte
1650 4292 1787 4346 enim
1814 4292 2079 4363 cognosci:-

508 4396 648 4447 mus,
694 4391 742 4435 et
779 4397 844 4436 ea:
878 4391 1025 4452 parte
1056 4382 1421 4453 prophetarum
1449 4380 1503 4453 (I
1534 4380 1656 4435 Cor.
1700 4381 1841 4452 xm).
1888 4380 2077 4437 Decem

511 4472 764 4525 civitates.
816 4470 1007 4525 Decem
1056 4471 1302 4526 civitates
1350 4479 1474 4525 sunt
1519 4471 1750 4536 animae,
1796 4485 1893 4541 per
1946 4462 2153 4543 legisD

511 4564 676 4618 verba
719 4562 785 4616 ad
834 4563 1065 4631 gratiam
1115 4561 1390 4631 Evangelii
1440 4561 1839 4631 pervenientes,
1882 4561 2080 4632 quibus

514 4661 644 4706 tunc
693 4650 1069 4722 glorificandus
1118 4650 1447 4720 praeponitur
1474 4688 1490 4712 ,
1532 4650 1623 4719 qui
1668 4649 1749 4704 eis
1794 4651 2074 4719 pecuniam

512 4740 662 4795 verbi
700 4740 860 4810 digne
892 4740 1003 4795 Deo
1037 4738 1524 4801 commendaverit;
1565 4739 1706 4793 unde
1751 4740 2073 4810 Apostolus:

517 4828 647 4895 Quae
673 4839 748 4884 est
766 4846 880 4899 spes
902 4840 1097 4894 nostra,
1121 4838 1210 4881 aut
1230 4828 1480 4898 gaudium
1497 4867 1511 4893 ,
1536 4838 1626 4881 aut
1654 4845 1844 4883 corona
1864 4830 2084 4901 gloriae?

468 4970 473 4981 ί
518 4917 708 4973 Nonne
732 4935 821 4973 vos
851 4929 971 4972 ante
992 4917 1272 4971 Dominum
1292 4917 1472 4971 Iesum
1499 4916 1547 4987 (Ι
1579 4915 1730 4972 Thes.
1764 4919 1872 4989 tt)?

587 5029 752 5085 Vens.
789 5029 875 5085 i8.
903 5059 974 5069 —
1000 5026 1068 5083 Et
1103 5028 1254 5096 alter,
1295 5039 1399 5086 etc.
1437 5030 1617 5087 Bonus
1654 5032 1809 5098 ordo,
1863 5040 2084 5088 vocatu-

516 5135 613 5176 rus
637 5127 849 5189 gentes,
878 5126 933 5175 et
962 5117 1173 5174 .ludaeos
1199 5121 1461 5177 missurus
1487 5122 1738 5188 interﬁci,
1769 5123 1859 5193 qui
1893 5123 2082 5179 nolue-

518 5217 649 5266 runt
670 5223 830 5279 super
852 5223 910 5264 se
934 5209 1204 5265 Christum
1225 5227 1467 5283 regnare,
1495 5214 1632 5270 hanc
1652 5216 1907 5284 praemisit
1932 5232 2083 5272 com-

516 5290 875 5371 parationem,
908 5317 977 5357 ne
1009 5303 1279 5359 diceretur
1307 5304 1487 5361 :Nihil
1512 5308 1733 5364 dederat
1764 5309 1957 5380 populo
1985 5309 2083 5365 Ju-

521 5391 757 5447 daaornm
783 5394 919 5446 unde
950 5392 1136 5448 melior
1158 5396 1325 5466 possit
1354 5395 1490 5465 ﬂeri,
1528 5407 1587 5453 ut
1613 5399 1757 5469 quod
1780 5402 2086 5471 exigeretur

521 5483 591 5537 ab
615 5496 683 5539 eo
709 5483 802 5553 qui
831 5482 963 5539 nihil
996 5487 1223 5556 recipit?
1270 5487 1350 5543 Ex
1385 5504 1490 5544 una
1530 5505 1652 5545 mna
1676 5493 1910 5566 quinque
1935 5493 2083 5562 facit,

524 5573 615 5648 qui
650 5574 869 5632 moralia
896 5575 1057 5634 habet
1085 5589 1301 5652 propter
1323 5584 1559 5653 quinque
1595 5600 1804 5642 sensus.

597 5667 757 5725 νεεδ.
785 5669 876 5727 20.
895 5672 1043 5728 -Ει
1071 5673 1221 5740 alter,
1251 5683 1354 5729 etc.
1399 5675 1498 5744 Qui
1533 5678 1594 5733 al
1623 5680 2086 5750 prmpntlummis-

2171 3219 2342 3285 audit,
2366 3219 2531 3275 etiam
2558 3219 2662 3274 alia
2693 3221 2873 3277 studet
2902 3221 3223 3292 intelligere.

2241 3307 2407 3363 Vens.
2435 3308 2527 3364 24.
2553 3338 2627 3352 -
2652 3310 2889 3383 Auferte,
2907 3322 3014 3368 etc.
3052 3312 3316 3368 Collatam
3336 3314 3566 3386 gratiam
3589 3318 3747 3372 amit—

2173 3400 2258 3465 tit,
2285 3400 2378 3470 qui
2407 3400 2749 3469 praedicando
2772 3400 2892 3457 aliis
2926 3403 3327 3461 communicare
3350 3404 3603 3476 neglexit.
3634 3408 3744 3463 Au-

2172 3499 2327 3562 getur
2372 3505 2500 3546 vero
2537 3490 2612 3545 illi
2656 3493 2747 3561 qui
2790 3492 2844 3547 in
2903 3506 2969 3548 ea
3009 3490 3292 3548 laboravit.
3347 3493 3498 3550 Sicut
3540 3498 3746 3568 regium

2171 3582 2408 3637 chrisma
2439 3582 2578 3650 quod
2612 3583 2967 3652 superbiendo
3004 3583 3133 3639 Saul
3170 3586 3374 3651 amisit,
3414 3586 3583 3643 David
3624 3592 3745 3645 obe-

2174 3674 2368 3728 diendo
2401 3676 2716 3745 promeruit.
2753 3677 2992 3745 bpiritus
3017 3677 3161 3732 enim
3189 3678 3400 3733 Domini
3429 3681 3521 3746 qui
3552 3698 3583 3735 a
3620 3680 3747 3735 Saul

2176 3765 2419 3831 recessit,
2465 3766 2704 3822 directus
2726 3780 2810 3822 est
2837 3783 2869 3822 a
2890 3768 2976 3823 die
3001 3768 3089 3823 illa
3110 3778 3164 3825 et
3193 3770 3449 3841 deinceps
3477 3772 3530 3827 in
3557 3772 3745 3829 David.

2244 3872 2410 3928 Vens.
2452 3873 2709 3929 ﬁli—Et
2755 3876 3061 3931 abundabit.
3111 3877 3376 3949 Mystice:
3414 3896 3538 3937 cum
3575 3885 3750 3941 omnis

2173 3962 2338 4019 Israel
2378 3965 2560 4021 salvus
2591 3967 2714 4030 erit,
2747 3975 2874 4022 tunc
2917 3967 3190 4037 plenitudo
3232 3971 3527 4041 Spiritualis
3566 3976 3751 4043 gratim

2176 4072 2336 4125 quam
2378 4058 2536 4113 modo
2564 4065 2842 4128 torpenter
2876 4075 3214 4128 exercemus,
3258 4062 3567 4120 doctoribus
3611 4066 3751 4122 illius

2177 4146 2433 4214 temporis
2461 4148 2799 4204 abundanter
2833 4149 3161 4205 canleretur.

2182 4310 2187 4317 ἡ
2248 4234 2414 4291 Vens.
2456 4236 2547 4292 28.
2574 4232 2731 4294 -Et
2766 4239 2848 4294 his
2873 4240 3046 4296 dictis.
3086 4229 3261 4298 Finita
3296 4245 3576 4315 parabola,
3608 4236 3749 4301 vadit

2178 4323 2627 4398 Hierosolymam,
2663 4339 2722 4385 ut
2755 4333 3064 4387 ostenderet
3104 4335 3171 4389 de
3217 4334 3455 4404 ejusdem
3505 4339 3749 4393 maxima

2178 4415 2414 4471 civitatis
2449 4428 2641 4473 eventu
2682 4420 2991 4490 parabolam
3028 4420 3197 4480 fuisse
3232 4427 3590 4496 praemissam,
3638 4445 3750 4499 qua

2181 4521 2286 4559 non
2323 4504 2479 4578 longe
2506 4516 2651 4577 post,
2688 4519 2743 4566 et
2775 4511 2949 4581 ipsum
2989 4513 3232 4569 occisura
3275 4516 3345 4572 ob
3377 4518 3561 4573 odium
3602 4521 3748 4589 regni

2182 4596 2300 4668 ejus
2341 4597 2522 4652 hostili
2564 4599 2716 4656 clade
2758 4601 2828 4656 sit
2869 4603 3127 4671 peritura.

2256 4687 2418 4744 νεηε.
2466 4689 2554 4744 29.
2582 4690 2756 4744 —Ad
2800 4691 3115 4765 Bethphage.
3164 4685 3500 4767 Beth‘phage,
3548 4699 3747 4754 viculus

2183 4779 2521 4833 sacerdotum
2546 4779 2598 4833 in
2624 4789 2803 4833 monte
2834 4781 3043 4853 Oliveti,
3080 4795 3132 4839 et
3158 4786 3546 4857 interpretatur
3570 4790 3747 4843 domm

2184 4867 2379 4922 buceta.
2429 4868 2688 4923 Bethania
2732 4869 2857 4923 villa
2896 4872 2977 4926 vel
3015 4873 3208 4929 civitas
3235 4876 3289 4930 in
3322 4876 3490 4932 latere
3514 4879 3748 4949 ejusderr

2185 4960 2404 5026 montis,
2449 4968 2504 5015 et
2546 4959 2742 5016 dicitur
2779 4963 2964 5019 domus
3001 4962 3322 5023 'obedientire.
3359 4969 3470 5025 llas
3497 4971 3755 5026 Dominus

2140 5049 2607 5125 ‘Hierosolymam
2644 5061 2901 5109 venturus
2946 5058 3232 5124 prmsentia
3279 5073 3374 5114 sua
3425 5060 3753 5127 sublimavil,

2188 5144 2313 5215 quia
2341 5142 2535 5198 multos
2562 5151 2688 5200 ante
2714 5146 3017 5217 passionem
3048 5165 3200 5203 suam
3234 5150 3473 5206 docendo
3502 5153 3608 5222 pia
3631 5169 3756 5208 eon-

2188 5224 2440 5288 iessidnis
2487 5233 2643 5289 donis
2685 5238 2739 5288 et
2784 5236 3099 5292 obedientia:
3148 5239 3438 5308 spiritualis
3494 5236 3753 5312 implevit.

2190 5324 2320 5408 Quae
2364 5326 2502 5381 bene
2541 5326 2595 5381 in
2640 5336 2822 5383 monte
2858 5328 3051 5384 Oliveti
3090 5338 3216 5385 sunt
3247 5331 3465 5401 positae,
3504 5333 3559 5387 id
3590 5344 3678 5389 est
3706 5334 3755 5388 in

2190 5415 2308 5485 ipso
2336 5414 2560 5472 Domino
2587 5417 2679 5487 qui
2703 5433 2801 5473 nos
2831 5419 3081 5476 unctione
3106 5411 3468 5490 spiritualium
3495 5422 3732 5479 chrisma

2187 5506 2319 5569 tum,
2341 5514 2397 5561 et
2418 5506 2759 5563 conscientiae
2783 5509 3103 5581 pietatiSque
3129 5510 3249 5568 luce
3278 5511 3503 5569 refovet.
3544 5514 3613 5569 Et
3634 5514 3755 5584 quia

2187 5610 2296 5652 non
2327 5594 2444 5651 vult
2472 5596 2725 5653 abscondi
2750 5597 3022 5653 civitatem
3048 5614 3209 5672 supra
3228 5614 3289 5656 se
3315 5601 3568 5672 positam,
3594 5603 3753 5658 mittit

2188 5687 2479 5759 discipulos
2516 5689 2568 5744 in
2602 5690 2897 5758 castellum,
2931 5693 3076 5764 quod
3101 5702 3183 5749 est
3210 5702 3396 5751 contra
3430 5709 3545 5761 eos,
3581 5700 3638 5750 ut
3668 5709 3752 5767 per
