3960 6336
210 316 308 375 529

1139 300 1410 364 CLOSSA
1445 296 1845 360 OleNARlA.
1886 325 1954 337 —
1991 294 2243 353 EVANG.
2284 296 2441 354 LUC.

3332 296 3440 352 330

210 444 294 486 eos
335 421 492 501 totiqs
536 427 730 479 contra
783 416 950 492 positi
1007 415 1157 475 orbis
1206 413 1537 473 munitiones
1593 423 1758 482 pene-
1786 410 1840 472 Α
1863 420 2082 461 carnem
2120 403 2292 460 David
2330 402 2500 459 filium
2533 404 2750 461 venisse
2781 401 3047 501 declarat,
3077 409 3137 457 ut
3156 402 3443 461 adversum

212 528 323 577 tret.

270 608 419 664 Vens.
445 604 533 662 30.
563 634 637 645 —
662 602 991 658 Introeuntes
1011 600 1300 655 invenietis.
1340 597 1680 653 lntroeuntes
1705 607 1759 647 In

209 700 443 759 mundum
477 696 857 769 praedicatores
882 694 1157 749 inveniunt
1183 690 1433 763 populum
1458 688 1758 752 nationum,

205 790 423 867 perfidiae
449 786 677 842 vinculis
705 786 998 852 irretitum,
1021 784 1248 840 liberum
1269 789 1323 836 ct
1353 780 1630 836 lascivum.
1663 774 1761 831 Cui

206 898 360 946 nemo,
390 887 515 945 etc.,
547 877 603 933 id
630 884 744 944 est,
774 876 953 931 nullus
991 873 1271 930 rationalis
1297 871 1487 926 doctor
1530 868 1761 924 fraenum

204 968 534 1029 correctionis
556 966 755 1037 posuit,
789 966 879 1036 qui
911 964 995 1020 vel
1021 964 1255 1033 linguam
1280 977 1311 1016 a
1333 960 1473 1016 malo
1505 957 1761 1029 prohibe-

204 1073 297 1130 ret,
329 1060 409 1117 vel
445 1060 499 1115 in
531 1067 736 1115 arctam
772 1059 916 1112 viam
939 1056 1065 1111 vitae
1088 1056 1170 1110 ire
1203 1060 1439 1125 cogeret.
1490 1050 1659 1105 Nemo
1686 1048 1764 1103 in—
1805 1109 1810 1115 ,

204 1154 438 1209 dumenta
493 1148 685 1204 salutis
722 1148 917 1218 quibus
954 1144 1246 1214 ealeﬁeret,
1291 1143 1447 1198 utilia
1488 1140 1763 1197 suadendo

203 1242 428 1302 contulit.
472 1240 643 1295 Nemo
671 1240 823 1305 sedit,
855 1253 981 1309 quia
1007 1235 1183 1291 nullus
1209 1234 1493 1291 stultitiam
1518 1231 1635 1303 ejus
1664 1231 1764 1288 de-

200 1330 464 1407 primendo
486 1328 745 1385 correxit.
772 1326 1077 1398 Alligatum.
1110 1324 1376 1395 Alligatus
1396 1321 1625 1377 vinculis
1644 1336 1771 1392 pera

201 1425 343 1488 fidite,
375 1423 428 1478 in
466 1435 577 1492 quo
600 1420 846 1475 addictus
889 1418 975 1474 vel
1014 1418 1269 1474 astrictus
1313 1416 1541 1472 Domino
1582 1428 1768 1470 errore

198 1512 576 1577 famulabatur,
603 1509 698 1566 sed
727 1509 1057 1566 dominatum
1084 1508 1186 1563 sibi
1224 1507 1499 1562 vindicare
1531 1519 1637 1559 non
1670 1517 1766 1574 po-

200 1615 345 1672 terat,
373 1619 533 1677 quem
558 1603 846 1660 Dominum
867 1602 1072 1657 fecerat
1089 1615 1198 1656 non
1223 1607 1439 1664 natura,
1470 1596 1565 1653 sed
1588 1595 1766 1665 culpa.

196 1700 257 1755 Et
280 1698 395 1755 ideo
418 1712 545 1753 cum
567 1695 826 1753 Dominus
849 1694 1064 1761 dicitur,
1088 1708 1229 1748 unus
1249 1691 1576 1763 agnoscitur.
1608 1688 1764 1756 Nam,

1860 514 1921 554 se
1952 497 2317 553 testimonium
2346 504 2733 566 extorquentur
2759 495 2959 550 invitis.
2988 492 3127 549 Pax.
3161 494 3316 551 Sicut
3340 513 3441 551 na-

1861 599 2045 647 scente
2069 588 2295 644 Domino
2319 587 2599 643 hominum
2627 594 2682 643 et
2718 587 3031 658 angelorum
3071 587 3289 659 agmina
3324 602 3442 645 cte-

1859 681 2014 737 lestia
2054 679 2413 737 decantabant
2446 696 2459 732 :
2500 677 2684 734 Gloria
2722 679 2777 732 in
2809 677 3025 733 excelsis
3067 677 3197 733 Deo.
3266 677 3335 733 Et
3386 679 3445 735 in

1860 783 1999 830 terra
2022 790 2127 843 pax
2147 771 2461 837 hominibus,
2481 778 2587 827 etc.
2643 769 2734 826 Sic
2756 771 2931 826 eidem
2983 786 3108 827 mox
3141 771 3444 843 triumpha-

1864 874 1985 921 turo
2013 865 2261 921 homines
2295 863 2588 919 concinunt
2616 874 2630 918 :
2661 861 2773 917 Pax
2809 863 2864 917 in
2894 862 3052 930 coelo,
3086 871 3141 918 et
3175 863 3348 935 gloria
3392 864 3448 919 in

1861 957 2112 1014 excelsis.

1934 1049 2098 1105 Vens.
2121 1049 2210 1106 59.
2225 1079 2295 1089 —
2310 1047 2581 1120 Magister.
2618 1029 3132 1102 Mira'invidentium
3155 1046 3447 1113 dementia,

1864 1155 2027 1213 quem
2052 1156 2181 1197 vera
2209 1140 2489 1197 docentem
2516 1145 2797 1202 noverant,
2834 1152 2959 1193 cum
2998 1137 3317 1207 magistrum
3352 1154 3449 1209 ap-

1865 1234 2055 1305 pellari
2099 1232 2326 1289 audiunt
2346 1274 2361 1299 ,
2408 1230 2699 1302 discipulos
2727 1231 2844 1303 ejus
2868 1229 3024 1299 quasi
3053 1229 3244 1285 melius
3271 1230 3451 1287 edocti

1866 1326 2268 1398 redarguendos
2296 1324 2587 1388 aestimant,
2623 1338 2759 1393 quos
2796 1322 2886 1379 ille
2922 1323 3247 1388 instituerat,
3287 1338 3451 1393 quem

1867 1418 2039 1473 Deum
2071 1424 2297 1486 apparet
2318 1430 2438 1470 esse
2459 1429 2558 1485 per
2585 1413 2869 1469 miracula.

1940 1507 2104 1563 Vens.
2142 1504 2581 1577 40.-—Lapides.
2622 1504 2894 1561 Crucifixo
2926 1504 3156 1560 Domino
3195 1503 3455 1574 apostolis

1869 1615 1980 1670 prae
2007 1598 2200 1655 timore
2230 1597 2555 1662 tacentibus,
2584 1604 2754 1667 petraa
2782 1611 2901 1666 qua:
2928 1596 3111 1652 scissa:
3131 1604 3277 1662 sunt,
3306 1610 3459 1666 aper-

1873 1692 1944 1747 tis
1986 1689 2353 1747 monumentis
2395 1688 2565 1744 Deum
2614 1696 2671 1744 et
2712 1687 2897 1744 mundi
2937 1686 3223 1745 Dominum
3274 1695 3460 1759 aperte

194 1791 284 1846 etsi
324 1787 481 1844 multi
519 1786 592 1843 dii
646 1794 703 1842 et
759 1785 1003 1851 domini,
1046 1781 1371 1857 generaliter
1410 1790 1589 1837 tamen
1628 1794 1766 1837 unus
1797 1782 1845 1844 B
1872 1781 2200 1837 clamabant.

191 1882 321 1939 Deus
357 1887 411 1935 et
458 1894 609 1934 unus
650 1876 930 1933 Dominus.

251 1972 406 2028 Vens.
451 1970 554 2027 '55.
578 1968 1000 2025 -Solventibus
1043 1976 1238 2033 autem,
1276 1974 1380 2022 etc.
1436 1964 1555 2021 Non
1580 1966 1762 2037 despi-

188 2063 290 2120 cias
316 2064 459 2119 hunc
501 2061 757 2127 asellum,
787 2060 914 2131 quia
943 2059 1083 2115 sicut
1114 2059 1167 2114 in
1198 2059 1393 2115 vestitu
1429 2058 1608 2113 ovium
1640 2066 1767 2115 sunt

187 2153 286 2224 lupi
314 2168 571 2224 rapaces,
611 2152 685 2208 ita
723 2150 823 2207 sub
865 2150 1078 2207 exuviis
1118 2151 1360 2221 corporis
1405 2149 1569 2221 (quod
1608 2149 1766 2205 nobis

187 2253 264 2299 est
293 2257 591 2300 commune
628 2257 754 2299 cum
792 2240 1004 2311 belluis)
1042 2256 1195 2297 mens
1223 2241 1337 2297 Deo
1364 2240 1520 2312 plena
1545 2251 1767 2312 vegeta-

188 2342 288 2387 tur.
334 2332 626 2387 Dixerunt.
671 2328 866 2387 Multos
891 2329 1127 2386 habebat
1150 2331 1395 2386 dominos
1424 2331 1515 2401 qui
1544 2347 1651 2387 non
1677 2331 1769 2386 uni

188 2422 561 2494 superstitioni
610 2422 845 2488 deditus,
893 2420 989 2477 sed
1032 2435 1133 2490 pro
1177 2420 1330 2475 libitu
1368 2421 1771 2477 immundorum

188 2516 467 2585 spirituum
509 2513 825 2583 raptabatur
850 2511 917 2566 ad
945 2510 1122 2566 varios
1151 2525 1384 2567 errores.
1450 2511 1589 2577 Quid
1620 2511 1774 2566 solvi-

190 2605 272 2659 tis.
324 2604 427 2672 Qui
468 2602 730 2659 solvendo
761 2601 907 2673 pullo
946 2601 1407 2667 contradixerant,
1454 2600 1638 2656 audito
1679 2615 1776 2657 no—

190 2696 331 2752 mine
359 2696 676 2766 quiescunt,
712 2694 839 2764 quia
872 2692 1113 2763 magistri
1147 2707 1395 2747 errorum
1426 2692 1519 2763 qui
1546 2692 1777 2748 doctori-

190 2790 286 2846 bus
327 2791 398 2846 ad
440 2789 672 2845 salutem
704 2788 944 2860 gentium
963 2786 1303 2842 venientibus
1330 2781 1624 2851 obsistunt,
1649 2800 1777 2841 suas

188 2880 444 2936 tenebras
487 2873 816 2945 defendunt,
855 2878 1025 2933 donec
1072 2875 1349 2932 miraculis
1395 2874 1779 2931 attestantibus

186 2972 298 3027 veri
332 2970 671 3042 possessoris
704 2970 877 3025 virtus
913 2969 1165 3024 emineat.
1210 2966 1317 3024 Sed
1353 2976 1639 3039 postquam
1675 2969 1780 3023 Do-

1936 1870 2159 1941 Mystiee
2183 1888 2196 1925 :
2221 1870 2267 1927 si
2290 1870 2509 1927 crocitas
2531 1868 2816 1942 contigerit
2839 1870 2894 1924 in
2914 1868 3078 1925 Israel
3101 1910 3117 1937 ,
3160 1878 3272 1924 uta
3301 1869 3460 1925 laude
3500 1902 3507 1912 ι

1866 1965 1963 2021 Dei
1996 1964 2281 2029 conticeat,
2311 1963 2542 2035 populus
2568 1963 2809 2032 gentium
2836 1962 3040 2018 mollito
3060 1963 3223 2018 corde
3243 1962 3457 2028 lapideo

1868 2059 2181 2115 Creatorem
2204 2072 2364 2112 suum
2389 2058 2573 2113 credet
2593 2066 2649 2113 et
2674 2057 3033 2112 annuntiabit.

1940 2150 2103 2206 Vens.
2150 2146 2429 2203 4L—Et
2475 2165 2580 2203 non
2620 2148 2931 2220 relinquent.
2980 2148 3277 2204 Perversus
3315 2149 3461 2203 enim

1870 2258 1994 2299 cum
2019 2242 2425 2315 perversionem
2446 2241 2660 2311 adjicit,
2690 2243 2845 2313 quasi
2879 2242 3112 2313 lapidem
3143 2258 3306 2313 super
3330 2242 3466 2313 lapi-

1871 2334 1995 2390 dem
2033 2333 2216 2389 struit.
2261 2332 2369 2389 Sed
2391 2349 2516 2388 cum
2542 2333 2723 2389 anima
2745 2334 2813 2389 ad
2833 2333 3093 2389 ultionem
3120 2334 3347 2405 rapitur,
3379 2341 3463 2389 ta-

1871 2422 1940 2480 lis
1963 2424 2353 2495 cogitationum
2377 2424 2710 2480 constructio
2730 2424 3047 2495 dissipatur,
3079 2435 3135 2481 et
3162 2427 3267 2482 hoc
3302 2426 3423 2482 ideo
3446 2468 3463 2494 ,

1873 2518 1997 2587 quia
2020 2532 2126 2571 non
2151 2516 2449 2587 cognoveris
2469 2527 2690 2586 tempus.
2718 2514 3037 2571 Perversam
3058 2514 3203 2571 enim
3225 2516 3466 2572 animam

1875 2606 2019 2662 Deus
2046 2604 2249 2671 visitet,
2296 2604 2585 2675 aliquando
2628 2614 2918 2675 praecepto,
2968 2605 3257 2676 aliquando
3302 2607 3470 2661 mira—

1876 2698 2019 2754 culo.
2080 2696 2191 2753 Sed
2222 2696 2349 2767 quia
2384 2695 2700 2766 superbiens
2730 2698 3050 2762 contemnit,
3084 2712 3187 2753 nec
3214 2698 3281 2754 de
3309 2698 3470 2755 malis

1878 2791 1991 2846 suis
2029 2788 2322 2855 erubescit,
2368 2788 2423 2842 in
2463 2796 2710 2844 extremo
2751 2789 2988 2845 inimicis
3030 2791 3293 2857 tradetur,
3343 2807 3469 2847 cum

1878 2881 2074 2953 quibus
2105 2880 2159 2935 in
2193 2887 2397 2935 aeterno
2422 2877 2628 2947 judicio
2659 2879 3023 2935 damnationis
3057 2880 3318 2936 societate
3359 2882 3472 2938 col-

1878 2971 2082 3043 ligitur.
2113 2970 2196 3024 Ad
2219 2988 2422 3041 pacem,
2450 2980 2558 3027 etc.
2584 2971 2721 3026 Dum
2745 2986 2967 3027 carnem
2990 2972 3085 3027 das
3105 2972 3473 3043 voluptatibus

186 3061 407 3116 minicac
432 3060 561 3116 ﬁdei
586 3067 829 3130 potestas
848 3066 1089 3129 apparet,
1116 3058 1429 3114 cedentibus
1448 3058 1783 3115 adversario-
1819 3132 1849 3136 _
1880 3061 2024 3116 mala
2050 3068 2275 3116 ventura
2300 3077 2409 3117 non
2434 3062 2787 3132 prospiciens,
2821 3063 2991 3119 babes
3015 3063 3152 3119 bona
3179 3066 3470 3136 praesentia

184 3171 305 3212 rum
343 3152 609 3224 querelis,
642 3160 819 3209 coetus
847 3152 939 3223 qui
977 3152 1147 3207 Deum
1187 3153 1350 3208 corde
1392 3160 1570 3223 portet
1610 3154 1779 3209 addu-
1805 3132 1851 3195 C
1882 3166 2003 3223 quae
2027 3152 2094 3207 ad
2116 3168 2305 3222 pacem
2331 3163 2559 3223 possunt
2582 3169 2702 3211 esse
2728 3157 3101 3224 temporalem.
3227 3175 3327 3214 cur
3347 3160 3469 3225 hoc,

182 3250 349 3307 citur.

138 3322 143 3416 ί
255 3341 429 3395 Vens.
473 3337 567 3393 35.
589 3366 660 3378 —
687 3334 1021 3392 Vestimenta.
1057 3335 1384 3393 Vestimenta
1415 3337 1780 3408 apostolorum

186 3431 439 3489 doctrina
490 3430 772 3495 virtutum,
817 3428 901 3484 vel
944 3428 1197 3484 discretio
1247 3427 1671 3499 Scripturarum,
1726 3437 1784 3486 et

187 3523 360 3593 gratia
394 3519 787 3592 spiritualiter,
824 3519 1015 3589 quibus
1038 3519 1115 3574 illi
1138 3520 1301 3575 corda
1330 3520 1609 3576 hominum
1630 3522 1782 3591 prius

190 3615 331 3669 nuda
357 3622 416 3671 et
444 3611 641 3684 frigida
670 3619 981 3683 contegunt,
1015 3620 1074 3666 ut
1096 3618 1412 3667 mereantur
1445 3612 1645 3668 habere
1666 3628 1781 3670 ses-

188 3720 368 3761 sorem
410 3704 715 3760 Christum.
758 3701 1143 3774 Imposuerunt.
1194 3701 1332 3757 Dum
1374 3703 1602 3775 populus
1649 3720 1780 3775 gen-

190 3797 322 3855 tium
374 3804 568 3867 portat
607 3793 904 3861 Christum,
946 3794 1192 3866 discipuli
1241 3795 1295 3850 in
1339 3796 1423 3850 via
1465 3797 1787 3853 vestimenta

189 3894 467 3952 sternunt,
500 3885 633 3955 quia
660 3885 904 3954 corporis
926 3885 1009 3940 sui
1031 3893 1288 3941 exuentes
1310 3887 1565 3941 amictum
1588 3888 1788 3959 simpli-

190 3975 342 4033 cibus
367 3974 644 4046 sanguine
670 3989 768 4030 suo
793 3974 936 4029 viam
964 3984 1176 4046 parant,
1211 3982 1272 4030 ut
1299 3976 1562 4032 inoffenso
1601 3993 1790 4050 gressu

189 4070 415 4135 mentis,
447 4067 912 4139 Hierosolymam,
937 4082 1044 4137 quo
1068 4067 1316 4125 Christus
1340 4069 1511 4136 ducit,
1543 4071 1787 4139 tendant,

192 4161 245 4217 id
268 4169 357 4217 est
380 4163 453 4217 ad
482 4176 677 4216 veram
702 4162 851 4233 pacis
871 4162 1155 4218 visionem.
1212 4226 1219 4231 ῃ

258 4251 431 4309 Vens.
468 4252 569 4309 57.
593 4281 666 4291 —
682 4252 765 4306 Ad
790 4252 1111 4307 descensum.
1165 4252 1535 4309 Descendente
1563 4253 1794 4311 Domino

190 4344 256 4399 de
282 4353 476 4400 monte
518 4340 741 4410 Oliveti,
773 4343 827 4399 id
851 4351 953 4411 est,
977 4344 1292 4400 humiliante
1321 4359 1379 4400 se
1402 4345 1470 4399 ad
1503 4346 1793 4402 inﬁrmita—

190 4443 298 4491 tem
319 4445 541 4494 nostra
572 4436 753 4492 carnis
795 4435 887 4490 illo
911 4436 1003 4505 qui
1025 4444 1144 4491 erat
1167 4436 1221 4490 in
1242 4435 1416 4491 forma
1437 4438 1555 4505 Dei,
1582 4454 1703 4494 cum
1730 4452 1797 4495 eo

193 4527 547 4585 descendunt
576 4525 765 4593 turba),
798 4526 851 4581 id
881 4532 983 4592 est,
1006 4524 1320 4582 humiliatur
1338 4527 1428 4596 qui
1452 4526 1567 4596 ejus
1586 4528 1798 4583 miseri-

190 4623 378 4679 cordia
430 4622 711 4692 indigent,
759 4626 819 4675 ut
870 4620 937 4676 ab
982 4635 1048 4675 eo
1096 4619 1418 4674 exaltentur.
1477 4618 1794 4675 Gaudentes.

194 4711 550 4785 Frequenter
585 4712 860 4783 ingressus
896 4719 982 4768 est
1008 4711 1280 4766 civitatem
1301 4709 1660 4778 Hierusalem,
1700 4711 1796 4768 sed

192 4821 300 4862 non
339 4821 441 4863 rex
480 4813 737 4872 vocatus,
786 4805 929 4875 quod
971 4819 1185 4876 semper
1222 4803 1460 4875 fugerat,
1502 4805 1607 4861 nisi
1637 4805 1797 4862 modo

194 4913 319 4953 cum
368 4898 633 4956 ascendit
681 4912 961 4970 passurus.
1004 4897 1156 4966 Quod
1198 4896 1318 4953 ideo
1357 4896 1559 4953 factum
1600 4904 1700 4965 est,
1736 4904 1798 4953 ut

194 4991 435 5064 amplius
456 5006 658 5049 eorum
688 4990 976 5047 adversum
1004 5005 1064 5046 se
1090 4990 1646 5057 excitaretinvidiam,
1668 4989 1798 5061 quia

191 5079 309 5150 jam
359 5091 591 5153 tempus
633 5079 901 5152 passionis
935 5079 1189 5136 instabat.
1240 5078 1425 5149 Super.
1471 5077 1703 5136 Maxime
1734 5080 1801 5137 de

201 5174 619 5231 resurrectione
641 5172 853 5239 Lazari,
883 5187 1003 5242 qua:
1027 5186 1197 5243 nuper
1232 5171 1375 5227 facta
1395 5179 1532 5226 erat.
1574 5170 1711 5227 Nam
1747 5180 1804 5228 et

198 5274 502 5335 propterea
536 5263 749 5319 obviam
782 5262 929 5318 venit
963 5261 1013 5317 ei
1054 5261 1231 5327 turba,
1280 5262 1405 5333 quia
1444 5262 1547 5319 hoc
1588 5262 1802 5334 signum

203 5352 415 5412 factum
443 5354 734 5411 audierant
760 5353 828 5409 ab
858 5367 944 5409 eo.
992 5351 1239 5408 Laudant
1264 5354 1428 5409 etiam
1458 5354 1524 5410 de
1552 5353 1719 5425 signis
1744 5361 1802 5410 et

205 5448 489 5514 doctrina,
519 5461 638 5517 qua:
663 5445 789 5502 fecit
817 5460 939 5501 cum
972 5444 1215 5501 ascendit
1240 5446 1307 5501 ad
1351 5444 1494 5501 diem
1541 5460 1799 5517 scenope-

206 5542 333 5612 gite,
360 5542 521 5614 quod
542 5539 776 5596 Joannes
805 5546 1009 5593 narrat.

279 5634 456 5690 Vens.
524 5632 613 5689 '58.
653 5662 725 5673 —
764 5630 1094 5687 Benedictus.
1151 5629 1326 5684 Turba
1373 5635 1493 5700 post
1534 5628 1802 5685 modicum

206 5725 580 5791 crucifixum,
612 5739 791 5795 regem
820 5721 1067 5793 appellat,
1103 5728 1471 5792 exspectatum
1510 5718 1803 5777 secundum

593 5817 871 5880 Pa'raon.
926 5815 1151 5878 CXIV.

1883 3243 2097 3310 subdit,
2130 3244 2356 3310 scilicet,
2379 3246 2504 3315 quia
2533 3260 2638 3301 non
2664 3247 2922 3316 praevidet
2943 3249 3084 3303 mala
3102 3265 3222 3319 quae
3240 3250 3290 3305 ei
3314 3266 3475 3306 even-

1884 3343 2005 3391 tura
2038 3344 2185 3392 sunt.
2225 3334 2283 3391 Si
2309 3336 2453 3392 enim
2478 3337 2818 3408 praevideret,
2861 3338 2917 3393 in
2946 3341 3306 3410 praesentibus
3343 3356 3475 3413 pro-

1884 3426 2060 3497 speris
2092 3426 2271 3484 laetata
2305 3442 2414 3483 non
2445 3427 2657 3484 fuisset.

1956 3515 2121 3573 Vens.
2164 3517 2256 3574 ιδ.
2278 3518 2437 3573 -Ει
2475 3519 2758 3590 ingressus.
2803 3519 2934 3576 Post
2960 3530 3275 3579 enumerata
3309 3523 3477 3593 mala,

1886 3606 2164 3679 ingressus
2195 3608 2455 3679 templum
2484 3607 2645 3678 ejecit
2676 3610 2971 3668 vendentes
2996 3621 3054 3667 et
3081 3622 3343 3680 ementes,
3379 3630 3479 3686 per

1885 3699 1991 3756 hoc
2018 3701 2266 3767 innuens,
2296 3702 2441 3771 quod
2469 3703 2626 3757 ruina
2664 3702 2880 3774 populi,
2923 3705 3159 3763 maxime
3195 3723 3264 3763 ex
3302 3723 3484 3765 sacer-

1888 3790 2073 3869 dotum
2102 3793 2258 3863 culpa
2292 3792 2430 3859 fuit;
2471 3794 2598 3849 dum
2631 3795 2777 3851 enim
2816 3799 3110 3854 vendentes
3148 3807 3204 3855 et
3234 3809 3484 3858 ementes

1887 3885 2139 3955 percutit,
2167 3887 2401 3941 ostendit
2427 3888 2569 3943 unde
2598 3888 2752 3943 radix
2775 3889 3095 3959 perditionis
3116 3896 3407 3962 processit.

1962 3975 2127 4030 Vens.
2164 3973 2255 4028 47.
2278 3973 2433 4028 -Εε
2464 3986 2576 4029 erat
2606 3975 2817 4031 docens.
2858 3977 3062 4034 Domus
3102 3980 3197 4037 Dei
3229 3991 3313 4038 est
3349 3998 3481 4039 con-

1892 4062 2119 4119 scientia
2174 4062 2434 4128 fidelium,
2476 4080 2638 4134 quam
2685 4064 2817 4120 facit
2856 4067 3171 4136 speluncam
3213 4071 3483 4129 latronum

1892 4154 2006 4224 qui,
2034 4153 2219 4209 relicta
2266 4153 2614 4224 simplicitate
2654 4157 2990 4224 sanctitatis,
3024 4158 3153 4215 illud
3194 4163 3487 4218 meditatur

1894 4257 2074 4314 agere,
2124 4243 2267 4300 unde
2312 4244 2620 4316 proximum
2668 4245 3009 4303 innocentem
3044 4251 3218 4319 possit
3265 4251 3484 4309 laedere.

1898 4336 2007 4392 Sed
2047 4345 2270 4393 econtra
2314 4337 2573 4393 Dominus
2621 4347 2831 4396 mentes
2868 4339 3108 4397 fidelium
3148 4343 3216 4398 ad
3246 4346 3487 4402 cavenda

1900 4429 2043 4485 mala
2069 4430 2263 4485 erudit.
2315 4428 2628 4497 Quaerebam
2652 4431 2804 4486 illum
2826 4434 3059 4504 perdere.
3105 4436 3228 4493 Ideo
3254 4453 3363 4494 non
3388 4454 3488 4509 po-

1901 4532 2080 4580 terant
2100 4523 2249 4578 illum
2270 4524 2514 4594 perdere,
2540 4525 2666 4594 quia
2685 4525 2948 4581 timebant
2969 4519 3256 4585 tumultum
3279 4530 3489 4601 populi,

1898 4616 1985 4672 vel
2013 4616 2134 4673 ideo
2169 4615 2420 4672 volebant
2449 4618 2695 4688 perdere,
2724 4618 2873 4688 quia,
2900 4620 3165 4690 neglecto,
3194 4636 3294 4680 suo
3321 4606 3490 4697 magi-

1900 4710 2086 4776 sterio,
2136 4718 2307 4765 totum
2350 4710 2605 4782 populum
2645 4711 2904 4767 videbant
2938 4712 3007 4768 ad
3034 4709 3153 4782 ejus
3182 4715 3484 4772 doctrinam
3523 4779 3526 4782 ,

1900 4744 2086 4776 υιῠιιυ,
2138 4744 2307 4765 υυιιιιιι
2351 4744 2605 4782 γυιιυιυυι
2653 4744 2904 4767 νιυῠυαιη
2938 4744 3007 4768 au
3034 4744 3153 4782 qua
3182 4744 3484 4772 uwsnuaul
3523 4779 3526 4782 ,

1900 4800 2190 4859 confluere.
3546 4863 3557 4867 λ.

2497 4870 2725 4929 CAPUT
2776 4872 2896 4929 xx.
3540 4744 3574 4951 ξ

1976 4987 2137 5044 Vens.
2175 4986 2231 5041 2.
2258 5016 2330 5028 —
2349 4985 2417 5041 In
2440 5003 2545 5058 qua
2567 4994 2835 5056 potestate.
2872 4984 2950 5041 De
2974 4985 3070 5044 Dei
3095 4996 3364 5059 potestate
3386 4989 3485 5045 du-
3511 4760 3573 5124 ἑ

1901 5079 2098 5124 hilanL
2121 5086 2178 5124 et
2201 5077 2527 5124 snhinlellioi
2555 5077 2742 5124 vnllmt
2765 5077 2959 5124 diaboli
3011 5094 3132 5124 esse
3160 5082 3301 5124 animi
3335 5082 3485 5124 fnniL
3555 5091 3567 5124 ι

2497 4870 2725 4929 CAPUT
2776 4872 2896 4929 XX.

1976 4987 2137 5044 Vens.
2175 4986 2231 5041 2.
2258 5016 2330 5028 —
2349 4985 2417 5041 In
2440 5003 2545 5058 qua
2567 4994 2835 5056 potestate.
2872 4984 2950 5041 De
2974 4985 3070 5044 Dei
3095 4996 3364 5059 potestate
3386 4989 3485 5045 du-

1901 5079 2100 5145 bitant,
2121 5086 2178 5135 et
2201 5077 2529 5150 subintelligi
2555 5077 2742 5134 volunt
2765 5077 2961 5134 diaboli
3011 5094 3132 5135 esse
3160 5082 3301 5152 quod
3335 5082 3488 5138 facit.
3523 5077 3570 5152 f4

1906 5171 2058 5228 Unde
2085 5171 2326 5227 addunt:
2358 5171 2460 5225 Aut
2481 5144 2603 5240 quis
2628 5179 2722 5236 est,
2754 5169 2936 5226 etc.ln
2966 5185 3073 5241 quo
3099 5144 3261 5242 plane
3290 5180 3492 5244 negant

1905 5262 2001 5318 Dei
2024 5262 2218 5319 Filium
2238 5304 2252 5330 ,
2277 5278 2439 5334 quem
2470 5276 2579 5319 non
2606 5263 2718 5319 suis
2742 5263 2975 5330 viribus,
2999 5263 3093 5321 sed
3116 5264 3309 5324 alienis
3333 5267 3491 5337 signa

1905 5354 2084 5411 facere
2110 5354 2355 5411 credunt.

1978 5447 2145 5503 Vens.
2195 5444 2697 5517 3.—-Interrogabo
2739 5463 2846 5514 vos,
2889 5456 2995 5504 etc.
3044 5446 3265 5504 Poterat
3302 5458 3489 5517 aperta

1909 5538 2259 5608 responsione
2296 5544 2619 5593 tentatorum
2664 5538 2988 5594 calumniam
3034 5538 3341 5605 confutare,
3394 5538 3494 5594 sed

1910 5629 2202 5700 prudenter
2224 5628 2536 5701 interrogat,
2572 5637 2632 5685 ut
2654 5629 2737 5684 vel
2763 5644 2863 5686 suo
2886 5631 3103 5686 silentio
3128 5629 3211 5685 vel
3242 5644 3337 5684 sua
3372 5642 3493 5685 sen-

1914 5718 2078 5778 tentia
2100 5716 2541 5776 condemnentur.

3020 5812 3091 5872 11
