3960 6336
527 309 621 367 531

1014 325 1404 383 WAL'AFRIDI
1444 323 1692 382 STRABI
1728 323 1931 382 FULD.
1974 323 2329 396 MONJOPP.
2372 325 2554 385 PARS
2589 329 2630 385 l.
2670 360 2741 372 —
2783 331 3245 391 THEOLOGICA.’

3668 337 3771 394 331

587 442 746 497 Vens.
787 440 843 495 4.
865 438 1257 501 -Βαμιὶσπιιιε
1293 437 1539 504 Joannis,
1577 448 1683 494 etc.
1725 438 1893 505 Quem
1927 437 2094 493 eonﬁ-
2118 443 2174 503 Α
2198 440 2318 512 xu).
2359 443 2415 497 ln
2447 459 2554 512 quo
2578 446 2876 516 pertinacia
2907 432 3092 504 eorum
3129 458 3367 519 notatur,
3404 452 3496 524 qui
3534 463 3661 524 post
3695 470 3774 510 re-

516 533 704 588 temini
735 531 802 586 de
831 530 968 586 ctelo
995 529 1247 582 habuisse
1274 531 1612 599 prophetiam
1653 530 1783 585 mihi
1821 530 2094 600 perhibuit

506 621 902 685 testimonium,
931 627 986 672 et
1011 618 1080 670 ab
1105 616 1198 670 illo
1224 619 1452 674 audistis
1480 620 1535 675 in
1568 634 1674 690 qua
1701 627 1966 690 potestate
1992 635 2093 692 ego

517 711 731 766 faciam.
781 709 935 776 Quod
977 706 1053 760 illi
1095 705 1476 779 intelligentes,
1525 710 1774 766 dubitant
1818 711 1949 782 quid
1996 712 2093 767 de-

513 807 680 863 beant
722 807 1067 875 respondere.

589 897 771 968 Neque
801 914 914 967 ego,
951 906 1055 953 etc.
1095 899 1328 970 Propter
1347 898 1481 954 duas
1509 913 1701 954 causas
1727 897 1930 954 veritas
1957 911 2096 968 qua:-

515 988 758 1042 rentibus
787 995 869 1041 est
901 989 1295 1045 abscondenda.
1343 988 1458 1052 Vel,
1501 989 1625 1057 quia
1665 987 1844 1044 minus
1865 1001 2094 1056 capaces

514 1091 640 1137 sunt
665 1082 731 1135 ad
759 1083 1108 1148 audiendum;
1140 1083 1283 1138 unde
1306 1082 1504 1136 dicitur
1528 1099 1543 1136 :
1573 1080 1748 1135 Multa
1771 1080 1935 1133 Itade
1955 1079 2095 1132 vobis

514 1177 713 1240 dicere,
756 1175 847 1229 sed
897 1191 1003 1229 non
1041 1178 1252 1245 potestis
1287 1185 1494 1245 portare
1530 1173 1686 1226 modo
1727 1171 1907 1242 (Joan.
1960 1169 2092 1240 xvx).

514 1265 612 1321 Vel
637 1267 762 1336 quia
793 1281 859 1320 ex
887 1266 1010 1320 odio
1041 1275 1096 1320 et
1121 1273 1429 1334 contemptu
1468 1270 1746 1334 quaerunt;
1787 1262 1930 1315 unde
1965 1260 2098 1316 dici-

507 1364 606 1412 tur
630 1375 643 1411 :
676 1356 854 1410 Nolite
879 1366 1116 1410 sanctum
1138 1357 1264 1409 dare
1288 1355 1504 1409 canibus
1531 1352 1747 1422 (Matth.
1776 1351 1899 1421 vn).

588 1445 752 1499 Vens.
808 1444 1120 1521 9.τ-εωρει
1163 1455 1356 1498 autem.
1398 1441 1735 1510 Principibus
1758 1439 2097 1496 sacerdotum

515 1549 572 1589 et
597 1535 790 1589 scribis
815 1535 881 1588 de
916 1550 1010 1588 sua
1042 1534 1462 1604 interrogatione
1489 1529 1812 1595 confutatis,
1842 1529 2099 1583 Dominus

517 1624 660 1694 quod
681 1630 938 1692 coeperat,
991 1624 1322 1692 exsequitur,
1367 1631 1435 1698 et,
1467 1619 1572 1674 illis
1612 1617 1951 1672 audientibus
1991 1616 2102 1686 ple-

512 1713 674 1778 hem,
701 1713 843 1783 quod
871 1729 965 1767 sua
997 1714 1160 1767 verba
1186 1710 1649 1767 libentius-audiat
1673 1708 1986 1780 alloquitur,
2014 1707 2103 1761 in~

2198 535 2584 589 surrectionem
2621 538 3040 605 praedicantibus
3065 543 3321 611 apostolis
3349 528 3574 600 credere
3599 545 3774 602 nolue-

2196 635 2338 692 rant,
2379 627 2472 682 sed
2510 629 2665 697 quasi
2705 630 2835 685 utile
2875 633 3102 688 cadaver
3128 633 3493 705 projicientes,
3526 641 3776 710 gentibus

2195 717 2595 787 suscipiendum
2626 720 2906 776 dederunt.
3239 783 3248 790 ,

2266 807 2430 864 Vsus.
2471 810 2559 864 16.
2583 840 2657 851 -
2675 813 2840 865 Absit.
2891 813 3281 870 Contradicunt
3303 818 3582 873 sententiae
3615 834 3777 890 quam

2195 908 2385 956 contra
2406 901 2684 972 perﬁdiam
2709 919 2864 958 suam
2882 905 3080 960 dictam
3103 921 3224 962 esse
3250 920 3603 978 cognoscunt.
3629 911 3781 978 Quod

2195 992 2338 1047 enim
2385 993 2440 1047 in
2480 1001 2660 1047 mente
2687 995 2967 1063 gerebant,
3009 998 3062 1050 in
3103 999 3359 1068 parabola
3394 1001 3666 1057 contineri
3702 1004 3782 1059 in-

2195 1084 2460 1156 telligunt.
2518 1084 2848 1155 Negantibus
2889 1102 3017 1159 ergo
3053 1086 3251 1144 Iudaeis
3288 1089 3497 1159 justum
3530 1091 3668 1156 fore,
3707 1095 3784 1149 di-

2195 1173 2338 1227 vinae
2362 1174 2602 1230 scientia:
2625 1175 2756 1244 legis
2789 1176 3098 1248 (quamvipsi
3124 1180 3471 1254 spernebant)
3504 1183 3573 1236 ad
3597 1193 3782 1253 gentes

2196 1264 2500 1331 transferri,
2528 1265 2655 1335 quid
2685 1265 2933 1323 Salvator
2956 1269 3288 1338 respondeat
3310 1273 3547 1327 attende.

2268 1355 2430 1411 Vnus.
2486 1355 2571 1410 l'l.
2595 1389 2666 1396 —
2689 1357 2837 1424 Quid
2875 1369 2968 1424 est,
3015 1368 3121 1415 etc.
3163 1360 3441 1428 Quomodo
3473 1361 3783 1433 implebitur

2198 1449 2315 1505 haec
2339 1449 2662 1520 prophetia?
2711 1449 2824 1505 Nisi
2853 1439 3254 1520 quia'Chi'istus
3285 1469 3315 1508 a
3345 1453 3501 1510 vobis
3527 1458 3784 1526 reproba-

2199 1546 2307 1606 tus,
2345 1540 2633 1595 credituris
2657 1541 2906 1610 gentibus
2945 1536 3029 1598 est
3074 1543 3466 1615 prmdicandus,
3515 1553 3578 1600 ut
3627 1547 3686 1601 in
3730 1563 3784 1603 se

2198 1645 2309 1685 uno
2350 1631 2592 1702 angulari
2630 1631 2805 1702 lapide
2850 1633 2984 1689 duos
3024 1636 3219 1690 condat
3255 1636 3508 1706 parietes.
3576 1636 3776 1707 .Ediﬁ-

2200 1731 2396 1776 cantes.
2450 1721 2552 1788 Qui
2587 1737 2749 1792 supra
2782 1723 2973 1788 coloni,
3017 1725 3107 1781 hic
3139 1726 3469 1782 aedificantes
3506 1727 3782 1794 dicuntur,

515 1801 695 1857 ferens
734 1802 1043 1872 parabolam
1083 1818 1184 1870 qua
1220 1810 1274 1856 et
1307 1801 1425 1856 illos
1460 1799 1754 1868 impietatis
1786 1804 2014 1868 arguat,
2044 1803 2089 1851 et

2207 1816 2328 1885 quia
2357 1815 2447 1886 qui
2492 1815 2699 1886 plebem
2729 1817 2800 1871 ad
2827 1817 3074 1874 ferendos
3103 1818 3311 1875 fructus
3338 1819 3612 1887 excolere,
3641 1821 3784 1877 hanc

515 1907 756 1964 regnum
774 1894 864 1949 Dei
898 1895 964 1948 ad
993 1901 1178 1964 gentes
1200 1891 1630 1947 transferendum
1652 1888 1918 1945 ostendat.

595 1986 831 2041 Vineam.
871 1988 1181 2043 Moraliter:
1220 1986 1381 2042 Vinea
1407 1986 1618 2040 Domini
1642 1985 1880 2049 sabaotlt,
1911 1984 2096 2038 domus

513 2075 684 2130 Israel
712 2075 845 2148 (Isa.
877 2077 967 2148 v):
997 2078 1194 2142 coloni,
1227 2077 1488 2147 operarii,
1514 2077 1606 2146 qui
1631 2076 1700 2130 ad
1742 2074 2094 2129 excolendum

513 2167 689 2237 prima
718 2170 870 2235 hora,
903 2171 1082 2234 tertia,
1113 2177 1264 2224 sexta
1294 2177 1348 2222 et
1383 2182 1522 2222 nona
1560 2175 1686 2220 sunt
1715 2165 1983 2220 conducti.
2025 2163 2097 2218 Et

514 2261 623 2328 ipse
678 2277 907 2331 peregre,
951 2269 1056 2316 etc.
1115 2259 1215 2327 Qui
1268 2260 1466 2329 ubique
1508 2267 1616 2322 est,
1643 2257 1986 2329 diligentibus
2037 2273 2097 2312 se

513 2351 832 2418 praesentior
861 2360 964 2416 est,
994 2349 1384 2420 negligentibus
1428 2349 1610 2413 abest,
1658 2356 1713 2404 et
1753 2347 1916 2417 longo
1955 2355 2092 2425 tem-

512 2438 647 2511 pore
683 2442 873 2507 abfuit,
912 2457 978 2496 ne
1023 2456 1304 2512 perperam
1351 2440 1625 2495 videretur
1669 2439 1904 2494 exactio.
1955 2438 2092 2493 Nam

513 2548 620 2602 quo
658 2533 1020 2604 indulgentior
1055 2531 1349 2588 liberalitas
1409 2547 1475 2586 eo
1516 2529 1933 2586 inexcusabilior
1971 2544 2093 2599 per-

511 2625 740 2681 vicaeia.

583 2721 746 2775 Vsus.
801 2716 1063 2773 lit—Et
1107 2719 1162 2771 in
1203 2726 1444 2784 tempore.
1502 2715 1718 2770 Primus
1767 2728 1958 2769 servus
1998 2713 2092 2783 qui

510 2815 790 2878 mittitur,
839 2813 1050 2884 Moyses
1102 2811 1392 2882 legislator.
1455 2810 1556 2877 Qui
1599 2824 1696 2879 per
1739 2809 2092 2878 quadraginta

496 2922 684 2963 annos
713 2908 946 2961 fructum
976 2905 1108 2976 legis
1136 2919 1296 2973 quam
1325 2902 1566 2968 dederat,
1605 2917 1635 2954 a
1666 2899 1962 2955 cultoribus
2003 2899 2088 2952 in-

512 2998 787 3069 quirebat,
817 2996 912 3051 sed
940 3009 1138 3050 caesum
1171 2993 1444 3047 dimittunt
1476 2993 1709 3046 inanem.

585 3087 749 3144 Vsus.
803 3087 888 3141 ll.
909 3116 980 3126 ——
1001 3083 1069 3139 Et
1114 3085 1342 3149 addidit,
1380 3092 1487 3142 etc.
1526 3083 1677 3138 Alter
1705 3095 1894 3138 servus
1919 3079 2088 3135 David

2199 1906 2300 1976 ipsi
2334 1907 2560 1960 Domino
2589 1907 2953 1965 inhabitatore
2979 1910 3196 1982 dignam
3220 1911 3375 1983 quasi
3415 1913 3637 1968 domum
3660 1930 3785 1970 con-

2197 1997 2423 2053 stituere
2441 1996 2791 2067 jubebantur.

2267 2087 2430 2144 Vens.
2479 2087 2863 2145 lS.—0mm‘s
2909 2091 3000 2163 qui
3047 2091 3306 2147 ceciderit.
3359 2091 3462 2162 Qui
3507 2094 3688 2150 credit
3734 2102 3784 2150 et

2196 2185 2376 2232 tamen
2417 2186 2623 2247 peccat,
2666 2180 2810 2234 cadit
2849 2195 3009 2250 super
3035 2181 3287 2252 lapidem,
3319 2191 3374 2237 et
3401 2199 3508 2238 non
3540 2184 3780 2239 conteri-

2196 2278 2302 2335 tur,
2351 2271 2444 2324 sed
2482 2271 2856 2342 confringitur,
2888 2275 3013 2344 quia
3042 2289 3140 2345 per
3181 2275 3496 2346 patientiam
3530 2278 3598 2331 ad
3635 2279 3780 2333 salu-

2197 2372 2305 2416 tem
2335 2371 2658 2417 reservatur.
2719 2362 2822 2419 Sed
2851 2365 2936 2420 cui
2965 2365 3099 2436 lapis
3128 2367 3304 2432 irruit,
3339 2369 3392 2422 itl
3420 2379 3521 2435 est,
3552 2372 3644 2440 qui
3684 2387 3778 2426 ne-

2195 2463 2286 2524 gat
2320 2455 2554 2525 penitus,
2590 2456 2908 2522 conteritur,
2949 2464 3008 2510 ut
3043 2472 3143 2512 nec
3176 2467 3312 2512 testa
3354 2469 3648 2515 remaneat.
3686 2461 3780 2516 Vel

2195 2545 2340 2598 cadit
2382 2559 2544 2614 super
2584 2559 2727 2611 eum,
2775 2546 2865 2615 qui
2908 2549 3066 2602 modo
3109 2549 3425 2616 contemnit,
3475 2559 3529 2604 et
3573 2551 3779 2620 injuriis

2195 2633 2376 2699 allicit,
2408 2635 2634 2689 necdum
2663 2636 2876 2704 penitus
2899 2637 3100 2704 interit,
3132 2640 3223 2693 sed
3247 2648 3552 2709 quassatur,
3586 2651 3641 2696 ut
3669 2659 3774 2698 non

2197 2725 2434 2780 ambulet
2476 2735 2677 2782 rectus.
2725 2728 2880 2783 Cadit
2924 2745 3084 2800 super
3128 2746 3250 2786 cum
3292 2732 3447 2803 lapis,
3486 2731 3645 2803 quem
3680 2750 3774 2790 ve-

2194 2814 2349 2869 niens
2385 2815 2438 2868 in
2473 2815 2676 2883 judicio
2712 2819 2984 2888 opprimit.

2269 2907 2430 2961 Vens.
2469 2907 2735 2962 l9.--Et
2778 2911 3098 2980 quazrebant,
3140 2922 3243 2967 etc.
3301 2912 3464 2983 Quasi
3508 2916 3773 2972 mentien-

2193 3005 2303 3052 tem
2340 3008 2588 3068 quzerunt
2611 3000 2915 3058 interficere
2945 3004 2998 3057 in
3035 3020 3140 3074 quo
3171 3021 3295 3059 vera
3325 3007 3625 3075 probantur
3657 3024 3774 3078 quas

2194 3090 2423 3145 dixerat.
2469 3091 2588 3161 lpse
2634 3101 2726 3148 est
2757 3095 2901 3148 enim
2942 3095 3135 3163 haeres,
3186 3097 3260 3150 illi
3299 3100 3450 3167 pravi
3479 3100 3649 3154 coloni
3686 3101 3774 3169 qui

509 3179 792 3250 propheta,
816 3177 908 3247 qui
934 3181 1054 3247 post
1081 3174 1318 3245 Moysen!
1341 3173 1560 3228 colonos
1588 3173 1758 3227 vinem
1779 3170 2089 3242 ρειιιωοάὶω
2115 3181 2162 3247 C
2195 3183 2311 3238 solo
2342 3185 2578 3240 humano
2605 3193 2813 3242 terrore
2839 3189 3184 3244 retardantur
3209 3191 3377 3247 donec
3403 3194 3615 3249 veniret
3644 3196 3774 3249 hora

509 3270 871 3326 modulamine
896 3277 950 3324 et
977 3267 1197 3324 citharae
1217 3267 1500 3322 dulcedine
1525 3267 1592 3320 ad
1615 3265 1936 3321 exercitium
1963 3263 2092 3319 boni

507 3361 688 3432 operis
728 3359 996 3424 invitavit,
1037 3357 1131 3414 sed
1171 3365 1226 3412 et
1269 3357 1416 3413 hunc
1456 3356 1780 3413 contumelia
1814 3355 2088 3422 allectum,

511 3452 790 3507 dimittunt
817 3448 1364 3516 iuanem,1dicentes:
1396 3446 1526 3512 Qua
1563 3447 1711 3502 nobis
1742 3463 1868 3516 pars
1893 3451 1951 3499 in
1978 3447 2082 3502 Da-

512 3546 622 3610 uid,
661 3554 751 3598 aut
785 3559 900 3614 qua
933 3541 1210 3596 ltareditas
1238 3541 1298 3594 in
1321 3539 1433 3608 ﬁlio
1467 3538 1582 3592 lsai
1613 3538 1766 3610 (Reg.
1806 3539 1954 3610 xu)?
1988 3538 2091 3606 Qui

513 3645 695 3692 tamen
737 3650 833 3705 pro
881 3634 985 3688 hac
1021 3632 1212 3695 vinea,
1263 3647 1332 3685 ne
1376 3631 1590 3700 penitus
1633 3631 1960 3700 exstirpetur
1998 3646 2094 3686 ex-

495 3738 638 3784 orat
668 3743 681 3780 :
713 3725 934 3780 Domine
974 3723 1114 3778 Deus
1142 3722 1410 3786 uirtutum,
1453 3730 1686 3774 conuerte
1725 3730 1772 3775 et
1804 3722 1996 3791 respice
2030 3721 2093 3776 de

507 3817 660 3882 calo,
699 3827 746 3870 et
783 3816 900 3870 vide
932 3824 979 3869 et
1015 3814 1165 3868 visita
1207 3813 1594 3867 uineameistam
1641 3809 1815 3883 (Psal.
1861 3812 2090 3885 Lxxvn).

508 3911 721 3965 Tertius
757 3923 948 3964 servus
985 3907 1184 3961 chorus
1228 3905 1636 3975 prophetarum.
1685 3905 1786 3972 Qui
1835 3907 2093 3977 populum

506 3999 900 4070 corripiebant,
935 4005 989 4053 et
1013 3996 1152 4050 mala
1175 4011 1300 4065 quas
1327 3996 1499 4051 vineae
1522 3996 1872 4052 imminerent
1897 3997 2090 4066 praedi-

505 4094 721 4157 cabant,
753 4092 849 4147 sed
877 4100 933 4146 et
958 4090 1078 4146 illos
1098 4090 1368 4159 persecuti
1399 4098 1525 4145 sunt
1551 4099 1606 4147 et
1635 4092 1971 4146 occiderunt.

573 4185 740 4240 Vnus.
794 4182 1156 4248 l4.—-—Quem
1187 4199 1303 4236 cum
1346 4183 1612 4238 vidissent.
1663 4183 1864 4253 Aperte
1898 4183 2092 4254 probat

497 4278 732 4342 Judteos,
758 4291 864 4331 non
886 4291 984 4344 per
1008 4275 1368 4344 ignorantiam
1393 4276 1730 4332 cruciﬁxisse
1749 4276 1943 4332 Filium
1968 4278 2089 4344 Dei,

497 4370 597 4427 sed
625 4383 723 4438 per
750 4367 1028 4421 invidiam.
1077 4363 1461 4420 lntellexerunt
1491 4366 1636 4420 enim
1678 4367 1822 4422 hunc
1848 4381 1970 4422 esse
2001 4367 2087 4423 cui

501 4459 704 4514 dictum
726 4464 811 4512 est
836 4473 862 4510 ε,
877 4452 1100 4510 Postulo
1125 4471 1159 4508 α
1182 4471 1284 4521 me,
1312 4464 1360 4508 et
1395 4455 1530 4509 dabo
1552 4455 1646 4512 tibi
1666 4469 1842 4526 gentes
1870 4459 2091 4514 luendi.

2197 3291 2335 3345 eius.

2267 3367 2430 3424 Vnus.
2471 3367 2562 3422 20.
2586 3366 2740 3423 --.Et
2767 3370 3110 3426 observantes.
3149 3371 3302 3441 Quod
3330 3391 3440 3445 pra:
3469 3378 3662 3434 timore
3686 3395 3776 3450 po-

2193 3459 2326 3530 puli,
2358 3474 2457 3529 per
2487 3475 2547 3515 se
2567 3475 2674 3515 non
2701 3472 2945 3530 possunt,
2979 3462 3230 3520 inanibus
3266 3467 3527 3538 prtesidiis
3567 3470 3775 3526 efﬁcere

2194 3551 2402 3618 volunt,
2432 3551 2577 3606 velut
2611 3553 2878 3610 immunes
2907 3570 2939 3609 a
2971 3565 3147 3611 morte
3171 3558 3339 3628 ipsius
3363 3560 3671 3616 videantur.

2268 3642 2430 3698 Vsus.
2466 3642 2556 3696 22.
2573 3674 2643 3684 -
2664 3644 2806 3700 Licet
2831 3647 3001 3714 nobis,
3029 3658 3139 3703 etc.
3182 3649 3317 3704 Cum
3341 3666 3515 3720 nuper
3539 3654 3640 3708 sub
3665 3654 3772 3710 Au-

2195 3741 2351 3804 gusto
2376 3731 2560 3788 Iudaea
2595 3735 2852 3791 Romanis
2883 3738 3229 3808 stipendiaria
3259 3739 3398 3795 facta
3430 3751 3604 3809 esset,
3633 3743 3774 3799 Pha-

2194 3826 2337 3881 risaei
2370 3827 2459 3896 qui
2486 3828 2554 3882 de
2573 3826 2784 3896 justitia
2825 3831 2927 3887 sibi
2965 3833 3380 3903 applaudebant,
3410 3836 3502 3906 qui
3542 3838 3776 3894 decimas

2195 3925 2248 3971 et
2289 3918 2562 3987 primitiva
2602 3920 2713 3976 Deo
2755 3921 2977 3990 dabant,
3025 3925 3228 3981 tributa
3271 3927 3474 3982 homini
3521 3930 3774 3986 solvenda

2193 4009 2486 4078 negabant,
2518 4027 2616 4081 pro
2651 4027 2757 4082 qua
2799 4015 3061 4072 seditione
3102 4026 3292 4088 postea
3328 4035 3556 4093 regnum
3589 4031 3647 4078 et
3673 4031 3773 4078 tota

2191 4100 2365 4167 patria
2421 4100 2692 4157 destructa
2740 4111 2883 4159 sunt.

2265 4188 2426 4244 Vsus.
2461 4190 2812 4264 24.—Cujus
2834 4195 3006 4262 habet,
3035 4206 3141 4254 etc.
3178 4199 3296 4254 Alia
3323 4201 3502 4274 imago
3525 4203 3644 4269 Dei,
3675 4205 3771 4260 alia

2192 4282 2401 4336 mundi.
2462 4281 2519 4339 Si
2555 4300 2684 4358 ergo
2720 4286 2967 4344 Christus
2993 4306 3099 4347 non
3129 4293 3316 4348 habuit
3350 4293 3645 4367 imaginem
3667 4297 3776 4354 Ca2-

2191 4373 2350 4439 saris,
2393 4389 2490 4430 cur
2534 4391 2756 4434 censum
2802 4380 2986 4436 dedit?
3033 4382 3149 4438 Non
3203 4385 3269 4440 de
3325 4401 3422 4441 suo
3463 4388 3634 4454 dedit,
3687 4389 3773 4446 sed

2192 4467 2393 4522 mundo
2425 4469 2654 4525 reddidit
2678 4486 2798 4541 quae
2823 4480 2979 4528 erant
3019 4476 3223 4530 mundi.
3269 4477 3336 4532 Et
3375 4487 3430 4533 tu
3473 4481 3519 4534 si
3562 4496 3671 4536 nou
3701 4482 3776 4537 vis

498 4559 660 4605 tatem
704 4557 885 4614 tuam,
935 4554 984 4600 et
1024 4547 1396 4616 possessionem
1434 4556 1580 4600 tuam
1625 4550 1874 4603 terminos
1933 4560 2086 4605 tet-rte

2207 4572 2311 4613 asse
2353 4560 2617 4618 obnoxius
2655 4561 2850 4619 Ctesari
2874 4606 2888 4631 ,
2911 4567 3018 4622 noli
3042 4567 3245 4624 habere
3274 4584 3393 4642 quae
3415 4582 3544 4628 sunt
3570 4575 3772 4630 mundi.

497 4639 672 4713 (Psal.
705 4636 894 4710 exvit).
927 4635 996 4692 Et
1023 4636 1144 4692 ideo
1176 4637 1518 4692 consulentes
1547 4639 1650 4694 sibi
1683 4639 1868 4696 dicunt
1899 4660 1914 4697 :
1947 4639 2084 4698 Ecce

496 4731 724 4786 mundus
768 4738 908 4784 totus
948 4738 1063 4798 post
1097 4743 1217 4783 eum
1251 4729 1378 4782 abiit
1421 4727 1604 4799 (Joan.
1646 4730 1770 4801 ιιι),
1807 4741 1914 4790 etc.
1961 4733 2083 4789 Hae-

497 4819 783 4874 reditatem
811 4832 943 4889 ergo
978 4817 1234 4891 Ecclesiae
1262 4802 1436 4888 ‘quam
1482 4835 1591 4875 non
1634 4823 1875 4880 moriens
1920 4824 2084 4881 Pater

495 4911 735 4982 reliquit,
763 4911 856 4965 sed
881 4910 994 4980 ipse
1018 4925 1120 4964 sua
1143 4917 1318 4965 morte
1339 4919 1576 4982 emptam
1602 4917 1932 4984 resurgendo
1955 4933 2082 4988 pos-

495 5003 664 5069 sedit,
691 5002 834 5058 hanc
867 4999 1043 5058 Jutkei
1081 5001 1294 5072 eripere
1329 5001 1692 5074 volunuldum
1737 5006 1930 5073 ﬁdem,
1958 5024 2080 5078 quae.

493 5108 595 5164 per
637 5107 762 5148 eum
836 5099 939 5160 est,
994 5091 1338 5163 exstinguere
1387 5103 1674 5160 conantur,
1710 5095 1936 5165 iustitia
1983 5098 2079 5154 Dei

495 5201 608 5246 non
645 5180 899 5252 subjecti,
953 5183 1050 5240 sed
1091 5198 1245 5244 suam
1287 5184 1620 5243 constituet-2
1660 5186 1922 5244 volentes.
1974 5189 2078 5246 Hie

495 5285 572 5336 σα
613 5274 784 5336 haras
805 5289 825 5330 .°
855 5272 1107 5337 Christus
1133 5275 1330 5342 limes,
1356 5277 1486 5347 quia
1523 5280 1687 5336 morti
1720 5282 1951 5352 propria!
1981 5299 2074 5339 su-

492 5365 751 5437 pervixit,
781 5374 838 5420 et
859 5371 1304 5422 testamentorum
1327 5382 1449 5438 quae
1482 5367 1598 5440 ipse
1631 5370 1892 5438 condidit,
1922 5374 2078 5443 quasi

494 5457 835 5514 haereditaria
867 5456 930 5516 in
963 5458 1168 5518 nostris
1192 5459 1528 5530 profectibus.
1557 5463 1920 5522 emolumenta
1945 5482 2079 5524 con-

492 5551 758 5624 sequitur.

563 5642 730 5700 Vsus.
777 5642 865 5699 15.
890 5672 958 5684 --
981 5641 1052 5697 Et
1093 5644 1316 5715 ejectum
1357 5644 1528 5701 illum.
1579 5647 1793 5706 Marcus
1831 5652 2077 5711 ordinem

2189 4649 2248 4706 Si
2279 4642 2444 4710 babes
2471 4655 2710 4723 divitias,
2734 4659 2998 4716 obnoxius
3020 4675 3080 4716 es
3101 4661 3322 4718 Caesari.
3367 4662 3425 4720 Si
3453 4666 3539 4720 vis
3563 4676 3774 4725 terreno

2187 4742 2300 4812 regi
2337 4743 2470 4798 nihil
2522 4746 2739 4813 debere,
2783 4750 2962 4805 omnia
2997 4736 3091 4806 tua
3127 4751 3368 4824 relinque
3407 4763 3465 4810 et
3501 4755 3773 4814 Christum

2185 4846 2432 4904 sequere.
2480 4835 2548 4890 Et
2585 4836 2720 4892 bone
2756 4841 2904 4910 prius
2937 4857 3055 4912 qum
3091 4843 3322 4900 Caesaris
3356 4855 3483 4901 sunt
3503 4848 3770 4905 reddenda

2184 4924 2444 4980 decernit.
2504 4924 2620 4981 Non
2668 4931 2810 4984 enim
2862 4941 3040 5002 potest
3074 4934 3196 5004 quis
3231 4949 3354 4992 esse
3395 4937 3636 5004 Domini,
3675 4939 3770 4998 nisi

2186 5018 2342 5087 prius
2378 5019 2580 5074 mundo
2627 5023 3032 5079 renuntiaverit.

2261 5109 2423 5164 Vsus.
2481 5110 2574 5166 25.
2605 5142 2677 5154 —
2703 5112 2920 5170 Reddite
2966 5133 3107 5187 ergo.
3162 5116 3316 5176 Sicut
3371 5117 3555 5177 Caesar
3607 5123 3771 5196 exigit

2184 5197 2597 5268 impressionem
2643 5219 2754 5260 sua:
2805 5206 3074 5278 imaginis,
3126 5211 3205 5267 sic
3249 5219 3305 5268 et
3346 5213 3489 5269 Deus
3538 5216 3766 5271 animam

2184 5287 2391 5346 lumine
2435 5293 2620 5349 vultus
2673 5297 2759 5352 sui
2805 5298 3094 5366 signatam.

2258 5380 2421 5438 Vna.
2473 5383 3010 5444 27.—Accesserunt
3058 5403 3229 5447 autem
3259 5433 3274 5460 ,
3322 5403 3427 5450 etc.
3487 5395 3620 5454 Duae
3663 5397 3768 5454 bte-

2183 5486 2333 5529 reses
2361 5485 2518 5530 erant
2554 5476 2609 5530 in
2640 5475 2840 5534 Iudaeis
2871 5497 2884 5533 :
2919 5478 3311 5540 Pharismorum
3331 5526 3345 5553 ,
3389 5487 3481 5555 qui
3521 5488 3769 5559 pracfere-

2181 5561 2312 5620 bant
2335 5563 2604 5633 justitiam
2639 5570 2987 5626 traditionum
3026 5581 3080 5627 et
3123 5574 3560 5632 Observationum
3581 5619 3595 5644 ,
3629 5581 3769 5635 unde

2181 5664 2236 5711 et
2265 5657 2422 5714 divisi
2452 5661 2785 5716 vocabantur
2820 5679 2850 5716 a
2890 5665 3104 5734 populo,
3149 5676 3206 5722 et
3235 5667 3639 5737 Saducteormn,
3677 5673 3767 5743 qui

491 5742 666 5790 mutat
691 5751 706 5790 :
737 5734 1056 5792 Occiderunt
1086 5747 1135 5792 et
1158 5735 1424 5808 ejecerunt
1453 5750 1604 5798 extra
1635 5745 1838 5801 vineam
1872 5746 2101 5820 (March
2178 5757 2236 5805 et
2267 5750 2371 5829 ipsi
2400 5752 2749 5810 vindicabant
2774 5755 2873 5811 sibi
2909 5757 3050 5834 quod
3076 5774 3182 5815 non
3206 5769 3361 5815 erant
3369 5801 3390 5830 ,
3421 5762 3475 5818 id
3501 5771 3587 5818 est
3609 5734 3762 5835 jus-ti.
