3960 6336
176 397 272 460 3δό

1107 386 1374 447 caussa
1407 376 1912 445 occlusum—
1943 327 2195 436 avsus.
2236 379 2392 438 LUC.

3284 379 3392 438 381

242 510 388 567 νεκε.
412 504 504 561 28.
525 532 597 545 —
620 501 889 573 Magister.
921 501 1023 570 Qui
1049 501 1497 557 resurrectionem
1526 509 1717 565 θοι-βοί-
1739 491 1795 556 Δ,
1817 497 1897 547 tes
1916 500 2098 585 orant,
2127 499 2187 546 ut
2214 492 2500 548 videantur
2526 493 2597 548 ab
2621 492 2977 561 hominibus,
2993 494 3392 553 damnationem

178 618 286 662 rum
319 614 421 655 non
463 595 707 659 credunt,
765 604 822 649 et
866 595 1072 650 animas
1104 601 1296 663 putant
1334 590 1556 647 interire
1593 600 1717 645 eum
1821 585 2035 656 quidem
2064 587 2279 653 mereri,
2305 587 2398 643 sed
2422 586 2553 642 istos
2581 586 2857 656 majorem.

180 691 493 763 corporibus,
521 686 907 756 turpitudinem
944 684 1133 739 fabula
1163 684 1386 761 ﬁngunt,
1435 696 1555 752 qua:
1594 679 1725 735 deli-

180 784 389 844 rameuti
416 779 591 850 arguit
614 792 709 835 eos
729 777 820 847 qui
848 776 1294 833 resurrectionem
1322 779 1586 828 asserunt.
1618 768 1723 825 Po-

182 884 276 933 test
297 881 464 929 autem
494 868 641 936 ﬁeri,
677 877 735 924 ut
770 868 825 923 in
860 876 1021 937 gente
1066 880 1252 923 eorum
1293 866 1396 920 hoc
1435 861 1722 933 aliquando

2394 718 2619 777 CAPUT
2678 718 2814 777 XXI.

1892 855 2057 912 Vens.
2105 857 2158 911 1.
2179 855 2566 928 -Βεερίεὶεηε
2602 856 2798 923 autem,
2834 866 2941 915 etc.
2984 857 3088 927 Qui
3125 861 3393 931 appetito-

180 964 434 1025 παίωνες,
472 958 541 1016 ηε
562 959 811 1029 “cipiat,
831 969 937 1015 οπο,
979 959 1038 1014 ιιι
1062 959 1178 1030 [ego
1203 957 1394 1012 litterae
1430 954 1724 1025 cogebatur
1821 961 1913 1004 res
1938 948 2221 1017 primatus,
2253 956 2310 1002 et
2347 964 2496 1002 vanae
2522 947 2707 1018 gloriae
2733 950 2998 1005 cavendos
3022 964 3143 1007 esse
3173 964 3398 1011 monue—

182 1061 365 1118 nubere
395 1056 448 1110 in
470 1054 604 1108 vita.
660 1050 771 1107 Sed
811 1052 867 1107 in
899 1050 1018 1123 lege
1054 1049 1277 1121 spiritus
1319 1046 1727 1103 commendatur

178 1151 395 1209 castitas.
1285 1188 1290 1193 .

238 1242 388 1298 Vnus.
428 1232 709 1296 bii—Ilii
758 1251 899 1300 sero,
948 1242 1055 1291 etc.
1095 1233 1229 1291 Cum
1271 1245 1462 1288 omnes
1502 1227 1629 1286 boni
1671 1234 1729 1283 et

176 1335 287 1392 mali
333 1333 439 1388 sint
488 1328 848 1385 resurrecturi
889 1334 944 1382 et
980 1327 1183 1395 absque
1222 1322 1423 1395 nuptiis
1461 1321 1725 1388 mansuri,

177 1427 414 1485 Dominus
439 1432 621 1478 tamen
652 1431 711 1476 ut
735 1421 800 1477 ad
824 1420 1049 1494 gloriam
1082 1416 1493 1474 resurrectionis
1518 1416 1725 1482 incitet,

176 1520 235 1575 de
257 1518 375 1574 solis
407 1515 600 1571 eiectis
631 1513 865 1569 disserit.
906 1510 966 1567 Si
1016 1518 1193 1565 autem
1237 1509 1290 1564 in
1333 1506 1731 1563 resurrectione

175 1627 329 1682 neque
366 1610 568 1666 ducent
598 1622 795 1662 uxores
817 1647 832 1671 ,
864 1610 1147 1675 resurgent
1178 1617 1308 1675 ergo
1336 1616 1564 1671 corpora
1610 1613 1733 1669 quae

175 1708 378 1776 possunt
406 1700 617 1756 nubere
647 1707 703 1753 et
735 1698 949 1753 ducere.
995 1695 1148 1764 Quod
1185 1694 1382 1749 dicitur
1414 1691 1482 1746 de
1515 1691 1600 1746 his
1636 1690 1730 1761 qui

175 1796 354 1853 habent
374 1794 621 1850 membra
643 1791 917 1864 genitalia,
942 1790 1035 1845 sed
1062 1789 1207 1844 nulla
1230 1788 1503 1857 voluptate
1528 1786 1611 1840 vel
1642 1799 1734 1840 nec

1824 1048 1933 1106 rat,
1978 1040 2141 1096 etiam
2182 1040 2320 1094 dona
2368 1038 2602 1094 ferentes
2638 1040 2694 1094 in
2729 1040 2944 1096 domum
2978 1040 3201 1099 Domini
3246 1054 3398 1101 certo

1825 1133 2075 1189 examine
2120 1132 2407 1199 discernit,
2443 1142 2504 1188 ut
2536 1133 2797 1189 retribuat
2831 1134 3057 1208 singulis
3104 1141 3397 1195 secundum
3504 1110 3511 1121 ‘

1826 1222 2179 1280 intentionem
2216 1225 2413 1280 cordis.

1903 1318 2063 1376 Vsus.
2122 1320 2177 1376 4.
2198 1351 2269 1361 -
2292 1319 2380 1373 Ea:
2415 1319 2724 1374 abundanti.
2764 1316 2979 1377 Iudaeus
3011 1335 3079 1376 ex
3119 1323 3399 1380 abundan-

1827 1411 1903 1467 tia
1927 1411 2108 1476 mittit,
2146 1412 2239 1483 qui
2275 1412 2342 1467 de
2373 1412 2581 1482 justitia
2615 1426 2965 1481 praesumens,
3003 1413 3075 1469 ita
3115 1422 3235 1469 orat
3262 1416 3403 1487 apud

1829 1519 1890 1561 se
1922 1503 2072 1577 (Luc.
2104 1505 2258 1576 ινιη)
2290 1523 2303 1559 :
2330 1504 2490 1572 Deus,
2515 1506 2716 1576 gratias
2743 1521 2841 1577 ago
2862 1507 2974 1574 tibi,
3006 1509 3130 1579 quia
3158 1525 3260 1564 non
3285 1527 3401 1565 sum

1827 1600 1963 1653 sicut
2002 1599 2176 1653 ueteri
2195 1598 2481 1653 hominum.
2538 1596 2765 1654 Omnem
2815 1599 3015 1654 victum
3061 1600 3300 1656 Ecclesia
3347 1603 3404 1657 in

1831 1704 2056 1745 munera
2091 1689 2187 1744 Dei
2230 1689 2423 1756 mittit,
2461 1704 2581 1761 qua:
2607 1706 2768 1747 omne
2794 1693 2937 1761 quod
2966 1692 3158 1758 innuit,
3186 1709 3292 1749 non
3322 1695 3405 1750 sui

1831 1781 2035 1846 meriti,
2071 1782 2165 1836 sed
2200 1782 2368 1837 divini
2401 1782 2639 1838 muneris
2675 1782 2946 1854 intelligit,
2991 1774 3174 1839 dicens
3201 1802 3213 1836 :
3244 1785 3405 1853 Deus,

174 1886 404 1941 cessitate
427 1882 668 1938 nubendi
689 1879 1154 1951 mancipabuntur.
1185 1877 1252 1933 Et
1286 1886 1413 1933 nota
1438 1874 1581 1946 quod
1606 1888 1729 1929 cum
1756 1870 2086 1942 Bpropitius
2121 1881 2230 1926 esto
2261 1871 2389 1926 mihi
2421 1872 2699 1941 peccatori.

176 1974 568 2033 insidiatoribus
610 1980 666 2028 et
705 1970 1174 2028 conculcatoribus
1207 1975 1416 2024 secreta
1473 1966 1731 2038 mysteria

173 2065 427 2137 loquatur,
464 2080 579 2122 non
609 2071 788 2119 tamen
834 2069 1077 2118 sanctum
1112 2061 1206 2115 dat
1249 2059 1491 2123 canibus,
1522 2056 1615 2112 sed
1637 2056 1734 2110 ad-

174 2168 316 2216 erant
328 2158 477 2214 multi
504 2156 685 2213 idenei
701 2171 837 2225 quos
852 2162 1070 2224 propter
1084 2152 1311 2207 aliorum
1340 2146 1733 2205 immunditiam

175 2260 270 2307 non
298 2250 583 2322 oportebat
604 2248 817 2319 negligi.
850 2245 1033 2316 Neque
1053 2243 1262 2309 nubent,
1292 2249 1400 2297 etc.
1450 2241 1587 2296 Cum
1606 2254 1738 2294 con-

174 2343 320 2397 nubia
344 2353 569 2414 propter
592 2341 750 2405 ﬁlios,
779 2338 873 2393 ﬁlii
901 2346 1121 2408 propter
1149 2335 1563 2400 successionem,
1609 2347 1736 2387 suc-

176 2434 334 2489 cessio
384 2441 610 2505 propter
651 2438 902 2498 mortem,
952 2430 1043 2485 ubi
1091 2442 1220 2501 ergo
1268 2442 1375 2483 non
1426 2433 1512 2483 est
1565 2439 1737 2492 mors,

175 2539 335 2596 neque
360 2526 650 2582 connubia.

237 2638 376 2694 Vens
452 2640 540 2694 57.
565 2636 793 2703 —Quia
845 2643 964 2691 vero
1004 2640 1271 2705 resurgcnt
1307 2632 1521 2687 mortui.
1587 2631 1743 2688 Post-

174 2742 321 2801 quam
351 2729 644 2801 propositae
675 2726 957 2800 quaestioni
997 2727 1063 2783 de
1106 2724 1520 2781 resurrectionis
1562 2723 1742 2779 condi-

174 2820 401 2876 tionibus
443 2819 729 2885 satisfecit,
767 2821 833 2875 de
872 2820 984 2890 ipsa
1026 2817 1424 2875 resurrectione
1444 2823 1633 2873 contra
1656 2828 1742 2871 eo-

174 2916 282 2964 ium
324 2910 698 2967 inﬁdelitatem
737 2909 866 2980 agit.

234 3000 401 3057 Vsus.
440 3001 531 3056 40.
555 3031 625 3041 -—
644 2996 713 3053 Et
747 2997 989 3069 amplius,
1015 3004 1120 3052 etc.
1147 2992 1419 3053 Confutati
1454 2995 1509 3051 in
1540 3010 1745 3052 sermo-

170 3097 321 3152 nibus
355 3112 466 3151 non
508 3094 736 3165 amplius
765 3094 1128 3163 interrogant,
1159 3090 1253 3146 sed
1288 3098 1474 3161 aperte
1499 3104 1749 3159 compre-

170 3188 395 3242 hensum
426 3186 685 3240 Romana:
706 3182 956 3253 potestati
999 3179 1238 3245 tradunt,
1264 3195 1329 3234 ex
1364 3194 1470 3249 quo
1496 3178 1748 3249 intelligi-
1791 3230 1831 3253 ε
1851 3178 1970 3203 """
1999 3178 2233 3253 ⁶³ξ³¹ξ³ένν
2277 3178 2432 3253 ’ναςχ
2452 3178 2629 3253 gift:
2663 3178 2893 3253 utfit:

1776 3236 1993 3314 é‘esse,
2040 3248 2097 3293 et
2122 3247 2334 3307 tempus
2367 3236 2633 3291 libertatis
2675 3236 3108 3305 appropinquare
3156 3237 3422 3291 dicerent.

170 3290 284 3333 mus
313 3290 524 3331 venena
556 3274 765 3330 invidize
788 3285 943 3344 posse
965 3271 1179 3342 quidem
1201 3270 1466 3342 superari,
1494 3270 1588 3326 sed
1610 3268 1749 3324 ditii-

172 3368 266 3424 cile
290 3368 700 3438 conquiescere.

236 3460 403 3517 Vsus.
430 3459 491 3515 4i
506 3490 603 3514 .--
619 3457 890 3526 Quomodo
911 3458 1112 3522 dicunt,
1134 3464 1238 3513 etc.
1271 3454 1753 3513 Consummaturus

173 3560 436 3622 praecepta
468 3552 741 3615 Dominus,
770 3551 825 3605 in
854 3550 958 3605 ﬁne
988 3549 1291 3605 testamenti
1320 3548 1400 3604 sui
1432 3549 1587 3604 iidem
1620 3565 1753 3604 con-

174 3646 336 3701 cludit
378 3657 442 3702 ut
485 3645 770 3701 Dominum
806 3641 987 3701 Iesum
1030 3658 1217 3699 verum
1257 3642 1422 3697 Deum
1466 3650 1520 3697 et
1563 3659 1752 3699 verum

175 3737 445 3794 hominem
487 3737 554 3792 ad
590 3736 869 3792 dexteram
903 3734 1085 3790 Patris
1116 3734 1305 3790 sedere
1342 3733 1643 3788 credamus.

240 3828 401 3896 Vsus.
453 3828 548 3882 45.
571 3826 836 3881 -—Donec
868 3842 1079 3897 ponam.
1131 3824 1284 3892 Quod
1323 3839 1355 3878 a
1390 3823 1553 3878 Patre
1588 3825 1754 3895 subji-

177 3919 383 3974 ciuntur
410 3917 641 3984 inimici,
669 3930 773 3971 non
800 3913 1165 3970 inﬁrmitatem
1187 3912 1341 3980 Filii,
1371 3914 1465 3968 sed
1490 3913 1754 3969 unitatem

177 4014 398 4076 naturae,
428 4025 540 4081 qua
563 4009 617 4064 in
638 4007 806 4062 altero
827 4005 983 4060 aliter
1003 4013 1275 4076 operatur,
1300 4003 1588 4077 signiﬁcat.
1620 4004 1756 4059 Nam

177 4102 226 4156 et
262 4103 431 4160 Filius
470 4100 692 4172 subjicit
732 4099 979 4155 inimicos
1010 4097 1195 4162 Patri,
1234 4096 1360 4170 quia
1394 4096 1608 4151 Patrem
1648 4096 1757 4152 cla-

179 4193 347 4250 riﬁcat
377 4208 549 4269 super
583 4199 802 4249 terram.

242 4288 405 4346 Vsus.
447 4285 917 4344 46.—-Attendite
965 4303 998 4341 a
1041 4285 1246 4341 scribis.
1299 4283 1504 4363 Duplici
1551 4285 1759 4341 ratione

176 4379 422 4451 iubemur
443 4378 732 4437 attendere
752 4394 783 4433 a
812 4392 963 4433 vanae
995 4376 1175 4448 gloriae
1202 4377 1433 4449 cupidis,
1462 4391 1530 4431 ne
1562 4376 1645 4431 vel
1667 4392 1761 4431 eo-

182 4487 293 4527 rum
340 4470 690 4529 simulatione
734 4468 1062 4538 decipiamur
1092 4508 1106 4531 ,
1163 4465 1248 4522 vel
1294 4482 1480 4522 eorum
1516 4465 1761 4537 exemplo

1905 1962 2067 2018 Vens.
2107 1963 2160 2018 5.
2186 1994 2258 2005 —
2276 1959 2346 2017 Et
2370 1963 2700 2035 quibusdam.
2729 1964 2857 2020 Post
2880 1964 3206 2021 dblationem
3234 1966 3409 2022 viduae

1833 2055 1889 2112 in
1915 2070 2021 2126 qua
2049 2056 2286 2112 Ecclesia
2311 2057 2375 2112 de
2396 2058 2642 2127 gentibus
2662 2057 2925 2127 signatur,
2954 2059 3245 2114 destructio
3273 2067 3409 2114 tem-

1832 2149 1907 2221 pli
1937 2150 2269 2220 supponitur,
2299 2156 2359 2203 ut
2384 2148 2684 2204 velamento
2721 2149 2915 2204 litterae
2942 2149 3263 2205 occultantis
3281 2190 3296 2215 ,
3328 2166 3414 2206 re-

1796 2253 1810 2263 '
1835 2240 2051 2296 condita
2075 2249 2409 2294 sacramenta
2431 2235 2686 2294 Ecclesiae
2708 2239 2964 2309 incipiant
2987 2250 3283 2310 patescere.
3313 2240 3411 2297 Cu-

1838 2330 1977 2385 ravit
2002 2329 2145 2385 enim
2165 2318 2311 2385 Deus
2327 2328 2599 2384 civitatem
2628 2337 2684 2386 et
2713 2328 2969 2398 templum
2995 2336 3050 2385 et
3073 2329 3253 2384 omnia
3281 2328 3416 2400 ﬁgu-

1839 2418 1972 2474 ralia
2019 2420 2349 2485 subvertere,
2391 2434 2462 2474 ne
2495 2418 2615 2488 quis
2639 2426 2763 2488 post
2789 2419 3077 2474 adventum
3116 2418 3319 2474 Christi
3348 2418 3417 2473 ad

1838 2511 1930 2569 illa
1965 2517 2288 2566 recurreret.
3311 2557 3327 2572 ,

1912 2604 2081 2659 Vens.
2120 2604 2184 2657 ‘7.
2228 2633 2298 2645 —-
2341 2602 2820 2673 Interrogauerunt.
2882 2601 3020 2670 Quia
3071 2601 3418 2658 laudantibus

1842 2695 2230 2750 aediﬁcationes
2276 2692 2459 2762 templi
2500 2693 2828 2763 praedixerat
2853 2691 3033 2746 omnia
3065 2692 3415 2756 destruenda,

1845 2785 2095 2856 discipuli
2150 2783 2325 2856 ('sieut
2380 2782 2591 2837 Marcus
2626 2781 2732 2852 ait)
2786 2781 2997 2847 Petrus,
3051 2780 3318 2846 Jacobus,
3365 2787 3425 2834 et

1843 2875 2079 2932 Joannes
2103 2881 2159 2929 et
2185 2873 2445 2927 Andraeas
2481 2870 2774 2941 separatim
2804 2876 3054 2939 quaerunt
3095 2876 3337 2938 tempus,
3365 2872 3424 2922 et

1843 2966 1999 3036 signa
2020 2965 2291 3036 praedictae
2313 2961 2712 3017 destructionis.

1922 3055 2083 3112 Vens.
2112 3057 2166 3110 8.
2195 3084 2268 3096 —
2296 3052 2451 3108 Multi
2487 3054 2642 3108 enim.
2683 3051 3000 3108 lmminente
3030 3051 3428 3124 Hierosolymo-

1848 3160 1970 3203 rum
1999 3147 2233 3213 excidio,
2274 3145 2431 3199 multi
2472 3144 2623 3199 fuere
2662 3144 2933 3214 principes
2958 3134 3051 3213 qui
3095 3159 3153 3200 se
3181 3143 3437 3200 Christus

1854 3331 2215 3400 Temporibus
2245 3343 2462 3400 quoque
2483 3327 2849 3398 apostolorum
2876 3328 3251 3384 heresiarcbae
3274 3329 3427 3386 multi

1853 3422 2191 3493 prodierunt,
2222 3420 2312 3490 qui
2345 3421 2485 3475 inter
2505 3419 3020 3475 caeterasl‘alsitates
3048 3420 3193 3475 diem
3217 3421 3429 3476 Domini

1854 3515 2058 3571 instare
2084 3514 2471 3586 praedicabant,
2502 3528 2638 3583 quos
2663 3519 2718 3567 et
2744 3511 3030 3583 Apostolus
3064 3512 3357 3584 redarguit.

1924 3607 2089 3662 Vens.
2123 3607 2177 3663 9.
2199 3636 2269 3648 -—
2292 3604 2491 3660 Proelia
2521 3614 2571 3660 et
2607 3605 2905 3659 seditiones.
2948 3603 3073 3660 Haec
3113 3620 3145 3659 ι
3178 3606 3439 3674 passione

1853 3703 2068 3762 Domini
2113 3702 2167 3757 in
2207 3699 2389 3765 Iudaea
2429 3700 2874 3763 abundauerunt,
2900 3698 3099 3769 quibus
3143 3714 3225 3754 ne.
3254 3699 3431 3754 territi

1855 3793 2080 3866 apostoli
2101 3791 2400 3848 Jerusalem
2419 3798 2474 3845 et
2498 3788 2738 3844 Iudaeam
2754 3788 3027 3853 deserant,
3052 3787 3429 3854 admonentur,

1855 3888 1979 3959 quia
2009 3901 2113 3939 non
2153 3884 2331 3939 statim
2361 3882 2506 3952 finis,
2542 3882 2636 3937 sed
2674 3888 2798 3951 post
2835 3879 3308 3951 quadragesimum
3340 3894 3431 3936 se-

1857 3977 2090 4034 cundum
2120 3989 2340 4029 annum.

1930 4087 2097 4143 Vens.
2132 4084 2218 4138 10.
2245 4114 2316 4124 --
2365 4081 2509 4135 Tune
2555 4080 2776 4134 diccbat.
2815 4079 3018 4135 Horum
3052 4081 3157 4135 alia
3200 4096 3229 4135 a
3271 4082 3430 4148 coelo,

1858 4176 1961 4232 alia
1994 4191 2024 4230 e
2066 4183 2229 4237 terra,
2261 4170 2364 4225 alia
2394 4171 2462 4225 ab
2496 4169 2806 4235 elementis,
2854 4168 2957 4223 alia
2995 4170 3063 4225 ab
3105 4170 3432 4226 hominibus.

1860 4268 2102 4341 Mystice.
2145 4265 2389 4335 Regnum
2433 4261 2691 4317 adversus
2735 4276 2983 4333 regnum,
3030 4270 3083 4318 et
3127 4262 3434 4333 pestilentia

1860 4375 2049 4417 eorum
2076 4371 2321 4429 quorum
2352 4368 2552 4417 sermo,
2597 4362 2655 4407 ut
2683 4367 2881 4409 cancer
2918 4352 3109 4423 serpit,
3148 4360 3203 4407 et
3245 4352 3433 4420 fames,

1861 4448 2113 4508 audiendi
2135 4449 2358 4505 verbum
2404 4447 2519 4511 Dei,
2568 4446 2860 4501 commotio
2906 4451 3082 4511 terrae,
3111 4459 3142 4499 a
3170 4459 3298 4499 vera
3332 4444 3443 4502 ﬁde

185 4564 246 4618 ad
273 4579 519 4621 amorem
544 4536 915 4634 temporalium
942 4559 1350 4616 inﬂammemur.
1375 4557 1444 4611 Et
1472 4570 1649 4613 amant
1674 4536 1762 4614 sa-
1785 4596 1841 4634 ἃ
1864 4543 2137 4615 separatio
2160 4542 2214 4596 ίο
2250 4539 2521 4599 δωνθῑίοίε
2553 4536 2775 4634 ῖξιθηίεξ
2805 4536 2981 4634 dell?"
3029 4536 3120 4634 (iui
3162 4546 3352 4634 00)“?

185 4596 245 4618 Ill
273 4596 519 4621 αιιιυιῦιιι
546 4596 915 4634 ιῡιιιιιυιαηυιιι
942 4596 1350 4616 ιιιιιαιιιιιιυιιιιιιο
1375 4596 1443 4611 μ’
1472 4596 1648 4613 sols-unt
1674 4596 1740 4614 σιο-

185 4653 459 4712 ιιιιατίοηεε
500 4656 556 4709 in
589 4653 727 4725 foro.
774 4651 891 4707 Non
924 4650 1143 4707 salutari
1170 4651 1225 4705 in
1253 4650 1399 4716 foro,
1430 4665 1531 4705 nec
1557 4651 1740 4721 prima:

1867 4639 2099 4693 invicem
2158 4634 2510 4697 dimicantes,
2568 4628 2825 4685 Ecclesiae
2872 4628 3155 4682 victoriam
3206 4624 3434 4693 faciunt.

187 4747 337 4804 sedes
360 4756 513 4804 vetat
540 4723 620 4803 eis
645 4745 840 4818 quibus
865 4744 1127 4800 debentur
1154 4758 1222 4798 ex
1244 4743 1432 4799 ordine
1458 4743 1637 4810 oﬁicii,
1668 4740 1767 4800 sed
1866 4734 1937 4790 Et
1958 4734 2108 4804 signa
2132 4746 2341 4801 magna.
2372 4727 2498 4783 Haec
2521 4726 2685 4782 etiam
2706 4738 2771 4781 eo
2795 4732 3037 4794 tempore
3058 4723 3274 4818 impleta
3298 4723 3439 4818 apud

188 4834 262 4895 eis
290 4841 381 4913 qui
409 4815 885 4896 indebiteamant.
919 4835 1168 4890 Animum
1196 4836 1364 4901 enim,
1390 4850 1497 4890 non
1533 4836 1763 4907 gradum
1865 4827 2157 4897 Josepbum
2212 4822 2589 4885 inveniuntur,
2636 4818 2728 4889 qui
2780 4826 2966 4871 narrat
3006 4815 3215 4871 stellam
3263 4816 3441 4886 gladio

192 4908 478 5005 reda—rguit.
522 4930 630 4987 Nec
651 4914 785 4986 vero
809 4936 959 4985 caret
982 4927 1157 4997 culpa,
1191 4927 1235 4983 si
1268 4927 1314 4982 is
1344 4925 1445 4983 fori
1473 4926 1654 4984 litibus
1678 4927 1764 4982 in-
1870 4918 2100 4977 similem
2122 4932 2220 4988 per
2239 4928 2439 4970 annum
2459 4926 2620 4983 supra
2646 4908 3071 4980 Hierosolymam
3101 4908 3438 4978 pependisse,

191 4999 390 5080 teresse
409 5022 562 5090 velit,
588 5021 679 5093 qui
705 5019 973 5077 desiderat
993 5018 1182 5075 sedere
1207 5018 1261 5073 in
1295 5020 1548 5075 cathedra
1578 5018 1766 5091 Moysi.
1870 5021 1924 5069 et
1952 5025 2146 5068 currus
2173 5008 2490 5080 equitesque
2514 5009 2752 5057 armatos
2780 4999 3136 5093 quadraginta
3170 4999 3358 5093 diebus
3389 5001 3441 5054 in

259 5112 361 5180 Qui
399 5091 671 5178 devorant,
704 5118 810 5167 etc.
852 5109 1064 5165 Marcus
1095 5127 1108 5163 :
1139 5106 1249 5165 Sub
1287 5107 1497 5163 obtentu
1542 5106 1761 5181 prolixa:
1867 5108 2002 5162 aere'
2022 5101 2334 5166 debellasse,
2362 5107 2417 5155 et
2437 5095 2656 5152 vitulam
2677 5094 2818 5150 inter
2839 5107 3029 5149 manus
3049 5091 3443 5148 immolantium

195 5206 472 5274 orationis,
513 5204 603 5276 qui
625 5212 686 5259 ut
727 5202 1086 5275 religiosiores
1127 5209 1456 5272 appareant,
1500 5201 1764 5272 prolixius
1871 5213 2064 5272 agnam
2088 5197 2380 5268 peperisse.

195 5306 368 5366 orant,
416 5296 509 5353 ubi
535 5275 618 5352 fab
657 5294 887 5351 inﬁrmis
934 5292 1290 5365 quibuslibet,
1331 5300 1386 5348 et
1421 5300 1764 5362 peccatorum
1944 5287 2108 5344 Vsus.
2144 5287 2224 5342 15.
2246 5317 2315 5326 -
2341 5282 2613 5354 Continget
2639 5287 2832 5346 autem,
2862 5284 2969 5335 etc.
3002 5277 3203 5333 Eorum
3239 5276 3335 5348 qui
3362 5275 3447 5333 vel

197 5401 410 5443 suorum
443 5386 766 5444 conscientia
800 5384 1045 5449 turbatis,
1076 5384 1227 5455 quasi
1254 5383 1464 5454 patroni
1494 5380 1679 5438 laudes
1715 5382 1771 5439 et
1874 5389 2290 5459 persequuntur,
2314 5374 2397 5434 vel
2420 5374 2646 5432 vivendo
2674 5384 2778 5429 non
2804 5379 3100 5427 mutantur.
3126 5367 3273 5425 Eois
3301 5368 3446 5424 enim

198 5482 452 5550 pecunias
481 5481 763 5554 accipiant,
793 5492 1022 5551 quorum
1057 5478 1233 5534 oratio
1271 5475 1331 5532 ﬁt
1369 5477 1423 5532 in
1464 5484 1767 5548 peccatum,
1868 5474 2140 5547 iustorum
2169 5470 2325 5526 bonis
2347 5476 2431 5524 est
2452 5467 2506 5522 in
2535 5461 3076 5537 adjutorium,,malis
3112 5460 3167 5517 in
3205 5460 3448 5554 testimo-

200 5548 388 5630 utnon
430 5548 613 5630 solum—
632 5588 733 5645 pro
762 5548 882 5627 aliis
913 5586 1019 5626 non
1049 5571 1257 5642 possint
1289 5567 1647 5635 intercedere,
1679 5565 1774 5624 sed
1874 5566 2025 5621 nium
2049 5558 2412 5618 damnationis
2446 5563 2504 5611 ut
2529 5556 2653 5610 inde
2679 5552 2917 5625 perversi
2945 5552 3064 5607 sine
3100 5548 3449 5645 excusatione

202 5679 298 5735 nec
327 5665 430 5720 sibi
461 5666 525 5721 ad
551 5637 775 5721 salutem
810 5637 1091 5736 proﬁcere,
1124 5662 1232 5716 imo
1270 5677 1367 5733 pro
1408 5660 1539 5732 ipsis
1577 5659 1779 5716 oratio-
1876 5658 2121 5726 pereant,
2163 5648 2305 5705 unde
2334 5646 2494 5703 electi
2527 5644 2831 5715 exemplum
2863 5642 3105 5736 capiunt.
3136 5647 3197 5693 ιη
3243 5637 3449 5691 Vivam-

205 5730 359 5812 nibus
408 5759 576 5831 magis
614 5729 1027 5812 damnabuntur.
1074 5750 1158 5807 Hi
1187 5729 1449 5822 accipient
1478 5750 1775 5805 damnatio-
1950 5743 2116 5801 Vens.
2144 5741 2229 5798 16.
2256 5771 2327 5781 -
2361 5738 2404 5793 Α
2431 5736 2748 5810 parentibus,
2778 5743 2881 5790 etc.
2912 5729 3078 5831 hiajus
3104 5734 3451 5831 tormentum,

206 5866 338 5906 nem.
372 5850 430 5904 in
456 5820 811 5906 hdc'insinuat
832 5847 951 5903 illos
980 5847 1165 5911 etiam,
1194 5820 1367 5917 qui—in
1393 5841 1604 5915 angulis
1630 5853 1780 5897 stan-
1884 5854 2007 5897 cum
2034 5836 2227 5915 aliquis
2254 5835 2321 5889 ab
2350 5833 2453 5887 illis
2494 5832 2714 5902 patitur,
2745 5830 2808 5883 de
2837 5825 3028 5897 quibus
3071 5820 3453 5894 praesumebat,
