3960 6336
515 406 619 463 335

1009 399 1401 458 WALAFRIDI
1442 399 1689 458 STRABI
1725 398 1929 458 FULD.
1970 397 2138 457 MON.
2178 397 2329 458 OPP.
2365 398 2547 457 PARS
2582 399 2627 457 Ι.
2665 430 2735 443 -
2770 399 3225 459 THEOLOGICA.

3661 405 3766 462 336

511 516 640 587 quia
687 527 810 570 cum
855 513 1056 568 damno
1103 513 1346 582 corporis
1391 511 1532 567 mala
1580 513 1826 568 cruciant
1873 506 2088 566 amissae
2113 512 2554 582 A‘cognoscitur,
2583 513 2658 568 ita
2693 521 2748 568 et
2771 528 2839 568 ex
2872 514 3027 569 ruina
3067 514 3252 570 mundi
3302 529 3472 587 prope
3515 531 3637 574 esse
3677 533 3770 575 co-

512 605 815 662 charitatis.
853 603 921 657 Et
967 601 1094 672 quia
1125 602 1258 657 dura
1301 611 1428 658 sunt
1462 605 1582 673 qua:
1617 602 1984 672 prmdicuntur
2020 600 2086 656 de

511 697 798 752 aﬂlictione
839 694 1051 759 mortis,
1082 694 1331 750 subditur
1369 693 1668 750 consolatio
1693 694 1758 749 de
1783 693 1978 765 gaudio
2004 707 2087 748 re-

511 785 884 843 surrectionis.

581 877 744 932 Vens.
778 878 864 933 18.
893 906 964 918 -
990 874 1058 930 Et
1082 875 1322 948 capillus.
1347 874 1512 944 Quasi
1537 874 1683 930 dicat
1711 892 1723 928 :
1751 875 1862 930 Cur
1886 873 2088 928 timetis

511 987 578 1028 ne
608 979 814 1042 pereat,
854 970 995 1040 quod
1048 970 1277 1024 incisum
1311 970 1474 1034 dolet,
1513 968 1946 1039 quandoquidem
1987 982 2087 1022 nec

509 1061 634 1116 illuc
655 1068 832 1132 potest
858 1060 1035 1130 perire
1057 1060 1112 1114 in
1140 1060 1309 1123 vobis,
1340 1061 1480 1128 quod
1506 1059 1732 1114 incisum
1764 1073 1871 1114 non
1906 1059 2088 1115 dolet?

507 1151 647 1208 Caro
671 1152 814 1207 enim
847 1151 1014 1206 incisa
1041 1152 1204 1217 dolet,
1237 1151 1459 1223 capillus
1485 1168 1590 1207 non
1621 1151 1783 1207 dolet.
1874 1183 1878 1186 ε

581 1243 742 1297 Vens.
777 1241 865 1296 l9.
887 1273 958 1282 —
979 1242 1046 1296 In
1069 1243 1319 1313 patientia
1351 1254 1540 1298 vestra.
1567 1243 1832 1299 Patientia
1856 1244 2008 1300 radix
2033 1252 2090 1300 et

507 1343 690 1390 custos
716 1343 799 1390 est
838 1335 1078 1389 omnium
1122 1335 1400 1390 virtutum.
1438 1335 1514 1390 ln-
1538 1336 1639 1390 hac
1678 1351 1807 1405 ergo
1845 1336 2084 1401 animas,

415 1437 421 1452 '
507 1443 627 1497 qua:
650 1443 844 1497 corpus
871 1426 1166 1497 possident,
1190 1425 1547 1496 possidemus,
1567 1441 1688 1480 cum
1714 1427 1857 1496 ipsas
1879 1426 2088 1480 animas

508 1523 574 1579 ad
603 1523 915 1592 patiendum
946 1523 1157 1577 ratione
1186 1522 1438 1593 regimus.
1485 1521 1624 1576 Vera
1655 1529 1835 1575 autem
1880 1521 2089 1591 patien-

506 1614 582 1668 tia
635 1622 717 1669 est
783 1613 961 1667 aliena
1012 1613 1153 1668 mala
1200 1612 1576 1682 mquanimiter
1617 1611 1857 1682 perpeti;
1899 1618 2089 1666 contra

504 1719 632 1758 cum
668 1703 760 1775 qui
790 1703 931 1757 mala
963 1703 1184 1773 irrogat,
1209 1701 1357 1756 nullo
1385 1701 1571 1756 dolore
1590 1701 1820 1755 moveri.

483 1845 490 1862 ,
578 1797 741 1853 Vens.
787 1798 877 1852 ﬁt.
907 1827 977 1837 —-
1012 1796 1082 1850 Et
1115 1797 1204 1868 qui
1249 1797 1304 1850 in
1347 1794 1662 1866 regionibus.
1707 1791 2088 1850 Ecclesiastica

2188 603 2702 674 gnosciturregnum
2727 604 2843 658 Dei.
2876 604 2956 658 Ex
2983 605 3067 660 his
3089 606 3270 661 verbis
3292 607 3610 673 ostenditur,
3641 611 3768 680 quia

2189 693 2397 748 fructus
2437 694 2620 748 mundi
2670 695 2826 749 ruina
2871 703 2972 750 est.
3016 696 3098 750 Ad
3143 695 3247 750 hoc
3287 697 3432 752 enim
3475 699 3676 754 crescit
3710 708 3772 756 ut

2188 783 2365 848 cadat,
2399 783 2466 837 ad
2490 784 2593 839 hoc
2636 785 2904 854 germinat
2925 793 2985 840 ut
3005 800 3338 858 quaecunque
3359 790 3770 860 germinaverit,

2187 873 2430 928 cladibus
2461 883 2760 930 consumat.

2259 967 2425 1024 Vens.
2455 969 2544 1024 '55.
2579 1001 2650 1010 —
2692 968 2889 1026 (Icelum
2929 982 2978 1027 et
3007 982 3165 1028 terra.
3199 972 3342 1030 Nihil
3380 975 3435 1031 in
3481 992 3774 1049 corporum
3863 957 3872 964 ’

2189 1067 2379 1116 natura
2402 1060 2541 1116 etnlo
2561 1070 2615 1116 et
2641 1070 2783 1118 terra
2811 1062 3106 1121 durabilius
3132 1074 3238 1121 est.
3264 1065 3412 1122 Nihil
3453 1071 3656 1124 transit
3677 1087 3775 1126 ve-

2189 1151 2361 1207 lociu‘s
2384 1168 2546 1223 quam
2576 1169 2775 1210 sermo.
2801 1155 2975 1211 Verba
2999 1172 3282 1227 quousque
3302 1157 3623 1231 imperfecta
3650 1169 3783 1218 sunt

2189 1242 2354 1296 verba
2388 1257 2497 1297 non
2543 1251 2702 1310 sunt,
2743 1245 2788 1298 si
2831 1245 3070 1314 perfecta
3115 1247 3223 1302 sint
3255 1249 3369 1319 jam
3412 1249 3637 1306 omnino
3670 1265 3778 1307 non

2190 1340 2313 1385 sunt
2344 1345 2358 1384 :
2393 1347 2568 1402 neque
2593 1333 2738 1387 enim
2784 1335 2972 1404 perlici
3006 1336 3110 1391 nisi
3154 1339 3482 1394 transeundo
3522 1349 3776 1410 possunt.

2189 1424 2280 1479 Ait
2299 1439 2430 1496 ergo
2464 1443 2477 1478 :
2528 1420 2743 1480 Caelum'
2761 1438 2810 1482 et
2856 1438 3000 1483 terra
3027 1429 3346 1500 transibunt.
3377 1431 3545 1500 Quasi
3591 1435 3775 1490 dicat:

2191 1513 2362 1571 Omne
2402 1515 2547 1584 quod
2585 1515 2726 1586 apud
2763 1532 2860 1572 vos
2901 1499 3177 1586 durabile,
3220 1529 3275 1575 et
3318 1499 3434 1578 sine
3474 1523 3781 1582 mutatione

2191 1616 2295 1674 est,
2319 1609 2388 1664 ad
2411 1609 2766 1665 aeternitatem
2793 1610 3038 1665 durabile
3063 1626 3170 1667 non
3210 1622 3314 1680 est,
3359 1622 3413 1670 et
3431 1629 3597 1670 omne
3637 1619 3780 1687 quod

2193 1699 2336 1770 apud
2374 1713 2464 1754 me
2494 1699 2728 1755 transire
2774 1703 3037 1768 cernitur,
3084 1701 3250 1758 ﬁxum
3287 1711 3344 1759 et
3384 1705 3504 1761 sine
3546 1708 3782 1763 transitu

2192 1801 2427 1859 tenetur,
2468 1793 2594 1863 quia
2640 1808 2820 1848 sermo
2863 1810 3036 1861 meus,
3071 1796 3164 1865 qui
3205 1799 3430 1866 transit,
3480 1803 3782 1858 sententias

504 1889 728 1945 historia
757 1897 947 1944 narrat
970 1888 1310 1944 Christianos
1335 1887 1426 1956 qui
1462 1887 1515 1940 in
1551 1884 1733 1940 Iudaea
1767 1892 1946 1951 erant,
1980 1885 2084 1939 im-
2112 1891 2162 1952 Β
2190 1893 2473 1942 manentes
2497 1885 2772 1956 exprimit.
2804 1884 2973 1942 Verba
2995 1897 3169 1942 autem
3196 1905 3310 1944 mea
3337 1906 3439 1945 non
3458 1893 3780 1949 transibunt.

503 1981 743 2035 minente
765 1981 978 2036 excidio
1021 1981 1088 2034 ab
1122 1979 1314 2050 angelo
1356 1978 1591 2032 monitos
1624 1975 1810 2042 fuisse,
1844 1986 1899 2032 et
1938 1987 2087 2034 trans

502 2069 793 2126 Iordanem
830 2071 885 2125 in
915 2071 1136 2126 civitate
1178 2068 1357 2135 Pella,
1399 2068 1571 2122 donec
1597 2067 1861 2122 desolatio
1892 2065 2090 2122 Iudaeae

503 2163 838 2233 impleretur,
868 2164 1164 2219 habitasse.

576 2255 741 2310 Vnus.
773 2256 864 2311 25.
893 2287 960 2297 -
983 2255 1104 2310 Erit
1149 2255 1286 2311 enim
1328 2270 1594 2325 pressura,
1631 2261 1737 2308 etc.
1777 2251 1903 2309 Haec
1938 2267 2092 2323 pres-

503 2363 631 2404 sura
653 2357 708 2402 et
732 2349 811 2402 ira
839 2364 1012 2418 usque
1040 2348 1201 2404 hodie
1221 2347 1420 2418 populo
1457 2345 1532 2400 illi
1566 2361 1662 2416 per
1688 2361 1878 2401 omnes
1905 2353 2094 2416 gentes

503 2440 751 2511 disperso
782 2441 958 2496 durat.
988 2439 1105 2495 Non
1139 2439 1395 2498 tamenin
1424 2447 1685 2492 aeternum
1718 2437 1951 2492 durabit.

573 2532 737 2588 Vsus.
766 2533 856 2587 24.
886 2563 955 2572 —
977 2532 1154 2588 Donec
1176 2531 1513 2603 impleantur,
1538 2539 1644 2587 etc.
1677 2530 1732 2585 ld
1764 2539 1869 2596 est,
1919 2529 2094 2584 Donec

500 2623 762 2692 plenitudo
823 2626 1055 2694 gentium
1109 2623 1409 2683 intraverit,
1464 2631 1512 2676 et
1573 2621 1647 2676 sic
1699 2622 1870 2675 omnis
1925 2617 2096 2674 Israel

499 2718 672 2774 salvus
702 2716 880 2789 (Rom.
911 2717 1013 2788 XI),
1042 2726 1098 2772 et
1134 2717 1289 2787 quasi
1335 2716 1403 2771 ad
1444 2716 1634 2770 solium
1676 2715 1915 2784 prepriae
1953 2713 2097 2767 nati-

499 2808 682 2863 vitatis
711 2807 991 2878 gavisurus
1019 2808 1221 2862 redeat.
1254 2806 1392 2873 Quid
1417 2808 1564 2861 enim
1621 2805 1855 2874 impletis
1889 2813 2095 2873 tempo-

500 2897 650 2953 ribus
693 2898 993 2961 nationum,
1048 2906 1104 2953 et
1151 2899 1298 2952 omni
1342 2896 1508 2953 Israel
1565 2895 1774 2951 salvato
1816 2905 2096 2964 sequatur,

501 2990 766 3047 Dominus
805 3005 871 3045 ex
911 2989 1102 3045 ordine
1159 2989 1330 3061 ponit.
1375 2989 1509 3044 Nam
1556 2997 1610 3043 et
1653 2989 1768 3042 haec
1804 2987 2099 3042 secundum

500 3081 812 3137 Matthteum
860 3081 1088 3151 apostoli
1125 3082 1475 3152 quaesierunt,
1519 3096 1625 3136 non
1668 3079 1845 3136 solum
1890 3088 2101 3149 tempus

501 3173 781 3229 evertendi
830 3172 1035 3243 templi,
1079 3174 1173 3229 sed
1210 3181 1265 3229 et
1309 3174 1523 3245 signum
1567 3172 1832 3228 adventus
1874 3168 2013 3240 ejus,
2045 3177 2102 3226 et

499 3263 990 3319 consummationis
1018 3263 1222 3319 saeculi.

572 3353 738 3410 Vens.
769 3353 953 3420 25,26.
985 3385 1056 3395 —
1079 3354 1148 3409 Et
1166 3364 1318 3410 erunt
1343 3358 1515 3426 signa.
1548 3353 1675 3409 Haec
1711 3353 1778 3410 de
1825 3353 1943 3424 ipso
1987 3352 2085 3409 ad-

499 3456 682 3513 ventu,
699 3462 824 3503 cum
837 3461 1026 3501 omnes
1037 3446 1277 3518 virgines
1294 3447 1585 3516 prudentes
1604 3452 1658 3499 et
1672 3443 1853 3510 fatuae,
1871 3443 2088 3499 insolito

499 3538 740 3595 clamore
779 3538 1088 3604 suscitatae,
1136 3537 1413 3607 lampades
1443 3545 1661 3601 ornant,
1696 3536 1748 3590 id
1783 3547 1888 3600 est,
1920 3548 2088 3604 opera

499 3645 699 3694 secum
728 3636 1038 3694 numerant,
1089 3643 1188 3697 pro
1223 3627 1419 3697 quibus
1459 3627 1698 3681 maximo
1727 3641 1850 3681 cum
1890 3625 2088 3680 timore

499 3719 610 3790 iam
639 3721 931 3776 instantem
961 3721 1148 3776 interni
1188 3718 1516 3775 discriminis
1554 3725 1873 3788 exspectant
1917 3731 2086 3772 even-

501 3821 638 3865 tum.
669 3811 1151 3882 Appropinquante
1177 3817 1421 3864 extremo
1439 3807 1664 3878 judicio,
1683 3807 1891 3863 sonitus
1920 3806 2086 3862 maris

499 3911 556 3956 et
578 3900 837 3957 ﬂuctuum
864 3900 1234 3967 confunditur,
1263 3908 1638 3970 terrarumque
1662 3898 1811 3954 orbis
1837 3912 2088 3968 premen-

503 3995 648 4050 tibus
681 3993 917 4064 undique
944 3993 1153 4048 colonis
1180 3993 1457 4048 inﬁcitur:
1492 3993 1728 4047 maxima
1767 3992 1890 4046 caeli
1928 3989 2088 4044 lumi-

500 4085 655 4142 naria
685 4099 824 4140 novo
847 4085 1073 4140 horrore
1094 4088 1364 4156 percussis
1386 4084 1573 4164 radiis,
1599 4083 1867 4138 turbatam
1893 4082 2087 4138 faciem

501 4176 705 4242 velant,
738 4176 888 4246 quia,
920 4175 1382 4246 apprOpinquante
1412 4176 1643 4230 termino
1672 4189 1800 4239 suo,
1819 4173 2085 4228 elementa

502 4271 656 4342 quasi
680 4271 933 4342 paventia
964 4277 1156 4324 nutant
1176 4280 1230 4323 et
1259 4269 1514 4324 fremunt.

573 4362 740 4418 Vnus.
771 4362 861 4416 27.
889 4390 961 4401 --
980 4361 1050 4415 Et
1072 4371 1193 4414 tunc
1221 4361 1481 4414 videbunt.
1510 4359 1680 4427 Quem
1706 4359 1760 4414 in
1785 4357 2088 4414 humilitate

500 4452 740 4524 positum
782 4450 973 4505 audire
1015 4448 1340 4514 noluerunt,
1381 4456 1441 4502 ut
1479 4448 1736 4503 virtutem
1775 4446 1891 4516 ejus
1933 4455 2086 4502 tanto

504 4556 636 4602 tunc
661 4544 962 4601 districtius
998 4545 1254 4607 sentiant,
1285 4549 1487 4611 quanto
1517 4556 1659 4594 nunc
1685 4541 1847 4596 corda
1871 4540 1938 4594 ad
1967 4541 2085 4610 ejus

2191 1977 2261 2034 Et
2303 1993 2427 2032 cum
2459 1979 2618 2034 verba
2650 1994 2771 2035 mea
2802 1979 2876 2034 ita
2905 1981 3108 2050 absque
3147 1981 3309 2037 dubio
3335 1982 3445 2038 sint
3483 1984 3782 2056 implenda,

2192 2068 2370 2125 videte
2397 2084 2466 2124 ne
2506 2080 2697 2124 contra
2726 2071 3180 2127 contestationem
3215 2073 3510 2130 verborum
3533 2091 3784 2134 meorum

2194 2159 2313 2214 sitis
2332 2160 2498 2215 dediti
2518 2161 2768 2232 crapulae,
2796 2170 2852 2217 et
2871 2161 3145 2230 ebrietati,
3165 2169 3222 2219 et
3240 2164 3595 2223 saecularibus
3613 2170 3782 2235 curis,

2193 2251 2335 2306 sicut
2357 2251 2580 2321 quidam
2602 2260 2765 2307 erunt
2799 2262 3042 2324 tempore
3076 2254 3410 2312 imminentis
3441 2257 3636 2328 judicii
3666 2277 3680 2312 :
3710 2260 3784 2316 De

2195 2346 2394 2415 quibus
2425 2344 2626 2400 dicitur
2657 2362 2670 2399 :
2707 2343 2839 2399 Cum
2869 2346 3141 2399 dixerint:
3169 2346 3290 2402 Pax
3313 2357 3362 2402 et
3388 2340 3665 2417 securitas,
3688 2368 3780 2406 su-

2195 2437 2452 2507 perveniet
2483 2437 2775 2524 repentinus
2806 2437 3044 2492 interitus
3066 2437 3118 2510 (Ι
3148 2437 3326 2494 Thess.
3361 2441 3440 2512 v).
3544 2440 3560 2451 ’

2273 2529 2432 2584 Vens.
2464 2529 2553 2584 57.
2578 2560 2648 2570 --
2677 2529 2810 2584 Erat
2833 2539 3026 2598 autent,
3051 2537 3154 2586 etc.
3191 2530 3343 2598 Quod
3386 2531 3553 2588 verbo
3599 2534 3784 2590 docuit

2197 2621 2446 2693 exemplo
2488 2621 2702 2678 astruit.
2745 2621 2848 2690 Qui
2891 2631 3017 2677 ante
3050 2622 3356 2699 universale
3393 2624 3698 2695 judicium,
3730 2633 3783 2682 et

2199 2719 2537 2792 singulorum
2582 2719 2847 2774 incertum
2876 2718 3082 2774 exitum
3121 2718 3488 2790 voluptatibus
3535 2729 3591 2775 et
3635 2722 3782 2777 curis

2203 2811 2390 2869 saeculi
2420 2819 2753 2876 renuntiare,
2787 2818 2840 2866 et
2863 2809 3088 2881 vigilare
3120 2811 3332 2866 monuit
3357 2821 3412 2866 et
3445 2827 3624 2878 orare,
3663 2814 3781 2885 ipse

2201 2901 2521 2957 imminente
2561 2915 2658 2955 sua
2705 2901 2974 2971 passione,
3005 2903 3283 2965 doctrinae,
3336 2903 3561 2974 vigiliis,
3600 2904 3779 2974 preci-

2200 2994 2411 3064 busque
2439 2991 2624 3058 instat,
2648 3001 2704 3046 et
2725 3007 2818 3047 eos
2837 3008 2936 3062 pro
2957 2993 3152 3063 quibus
3170 3008 3430 3063 passurus
3454 3004 3593 3061 erat,
3615 2997 3781 3051 verbo

2201 3085 2478 3149 provocat,
2507 3083 2562 3132 et
2596 3077 2844 3132 oratione
2873 3077 3022 3132 Patri
3063 3081 3425 3134 commendat.
3455 3077 3546 3135 Sic
3589 3089 3646 3135 et
3681 3096 3780 3138 nos

2205 3185 2331 3225 cum
2361 3169 2506 3223 inter
2547 3183 2807 3238 prospera
2832 3168 2977 3238 juste
3002 3179 3058 3224 et
3081 3169 3169 3239 pie
3196 3185 3608 3238 conversamur,
3639 3172 3780 3229 inter

2115 3251 2161 3314 C
2194 3264 2426 3319 adversa
2476 3259 2544 3316 de
2589 3261 2774 3316 divina
2830 3260 3208 3316 misericordia
3253 3277 3362 3318 non
3400 3263 3774 3334 desperemus.

2189 3354 2392 3409 Diebus
2419 3353 2679 3409 docemus
2706 3353 2759 3406 in
2798 3351 3020 3422 templo,
3045 3353 3170 3422 quia
3207 3351 3456 3409 ﬁdelibus
3486 3355 3615 3410 boni
3642 3371 3774 3426 ope-

2188 3447 2264 3502 ris
2304 3447 2534 3500 l‘ormam
2570 3443 2915 3516 praebemus;
2961 3444 3211 3501 noctibus
3259 3445 3314 3500 in
3358 3455 3543 3503 monte
3581 3447 3776 3504 Oliveti

2190 3551 2488 3601 moramur,
2513 3536 2639 3606 quia
2668 3535 2724 3590 in
2765 3535 3002 3591 tenebris
3031 3535 3408 3607 angustiarum
3439 3538 3624 3610 gaudii
3661 3539 3774 3611 spi-

2189 3626 2402 3682 ritualis
2439 3625 2808 3682 consolatione
2831 3626 3178 3696 respiramus.

2771 3755 3001 3815 CAPUT
3038 3756 3202 3814 XXII.

2258 3892 2420 3948 Vens.
2442 3891 3064 3964 l.——Appropinquabat,
3077 3901 3182 3950 etc.
3202 3893 3306 3960 Qui
3327 3895 3522 3952 dicitur
3541 3898 3773 3970 Pascha,

2187 3994 2293 4042 etc.
2310 3985 2518 4041 Pascha
2540 3999 2692 4039 nona
2715 3985 2987 4054 passione,
3014 3985 3110 4041 sed
3131 4001 3163 4040 a
3189 3988 3417 4043 transitu
3442 3992 3772 4062 nominatur,

2188 4078 2330 4148 quod
2355 4077 2445 4132 illa
2463 4078 2548 4132 die
2576 4077 2822 4132 transivit
2835 4079 3227 4156 exterminator
3245 4082 3672 4156 perEgyptum,
3692 4089 3774 4145 vel

2188 4171 2447 4226 Dominus
2466 4171 2704 4227 liberans
2725 4171 2979 4242 populum
3007 4188 3186 4239 suum,
3214 4191 3324 4245 quo
3351 4179 3572 4234 nomine
3603 4181 3770 4252 signi-

2188 4263 2455 4318 ﬁcabatur
2482 4263 2694 4334 Agnum
2734 4263 2790 4318 in
2836 4263 2937 4320 hac
2972 4264 3061 4320 die
3095 4265 3161 4321 de
3203 4268 3404 4323 mundo
3437 4269 3506 4324 ad
3554 4271 3770 4328 Patrem

2190 4355 2564 4410 transiturum.
2597 4356 2743 4410 Inter
2760 4355 2970 4412 Pascha
2998 4372 3127 4414 vero
3147 4367 3203 4414 et
3232 4374 3422 4431 azyma
3454 4362 3560 4418 hoc
3584 4363 3770 4430 distat,

2189 4447 2332 4517 quod
2358 4446 2566 4502 Pascha
2590 4455 2816 4503 vocatur
2847 4447 2996 4504 solus
3018 4448 3166 4516 dies,
3199 4451 3253 4504 in
3285 4466 3393 4520 quo
3428 4467 3601 4524 agnus
3629 4456 3772 4512 occi-

2191 4542 2420 4598 debatur
2466 4544 2533 4598 ad
2582 4558 2862 4614 vesperam
2886 4584 2902 4609 ,
2947 4544 3001 4599 id
3048 4552 3132 4599 est
3170 4544 3376 4600 decima
3411 4557 3606 4616 quarta
3647 4548 3771 4605 luna

501 4638 820 4710 patientiam
845 4651 952 4692 non
981 4635 1264 4691 inclinant.
1293 4633 1430 4700 Quia
1454 4647 1584 4688 vero
1609 4641 1795 4687 contra
1825 4634 2084 4703 reprobos
2106 4604 2164 4668 D
2189 4632 2350 4702 primi
2373 4628 2596 4687 mensis‘.
2629 4604 2754 4688 Dies
2777 4604 3086 4704 azymorum
3115 4643 3270 4688 erant
3288 4651 3318 4689 a
3350 4604 3540 4706 quinta
3564 4604 3768 4694 decima

501 4735 619 4788 haec
659 4732 804 4786 dicta
844 4737 1005 4796 sunt,
1048 4743 1172 4784 mox
1213 4727 1281 4782 ad
1317 4723 1745 4782 consolationem
1784 4724 2084 4782 electorum

505 4823 777 4894 supponit.

575 4914 740 4969 Vens.
772 4912 862 4967 28.
891 4942 960 4953 —
987 4910 1086 4965 His
1125 4919 1299 4965 autem
1335 4909 1452 4979 ﬁeri
1478 4907 1860 4977 incipientibus.
1893 4907 1949 4962 ld
1977 4915 2080 4973 est,

505 5021 628 5063 cum
657 5004 828 5076 plaga:
853 5005 1218 5067 crebrescunt,
1242 5017 1363 5057 cum
1395 5009 1571 5054 terror
1586 4998 1773 5068 judicii
1801 4998 2086 5053 commotis

506 5095 799 5151 virtutibus
815 5093 1137 5148 ostenditur.
1154 5090 1340 5145 Levate
1370 5089 1563 5158 capita.
1583 5087 1898 5142 Exhilarate
1917 5087 2080 5142 corda

507 5193 712 5250 vestra,
738 5185 882 5254 quia,
909 5183 1033 5237 dum
1059 5182 1244 5237 ﬁnitur
1266 5181 1495 5235 mundus
1510 5179 1769 5234 cuiamici
1796 5193 1900 5234 non
1927 5179 2079 5245 estis,

508 5293 676 5350 prope
721 5285 807 5331 est
847 5274 1151 5344 redemptio
1202 5287 1362 5343 quam
1416 5271 1680 5342 quaeritis.
1736 5269 1888 5337 Quod
1950 5284 2083 5325 vero

509 5367 742 5424 mundus
765 5364 970 5435 despici
1013 5363 1227 5429 debeat,
1263 5361 1486 5434 provida
1523 5361 1926 5430 comparatione
1962 5375 2080 5416 ma-

509 5457 814 5515 nifestatur.

585 5551 748 5606 Vens.
769 5547 858 5604 29.
890 5577 958 5587 ——
989 5542 1171 5599 Videte
1191 5542 1489 5613 ﬁculneam.
1520 5542 1764 5614 Regnum
1790 5543 1882 5598 Dei
1909 5543 2085 5598 aestati

513 5649 808 5714 comparat,
841 5640 968 5711 quia
1004 5647 1132 5693 tunc
1171 5637 1420 5692 maeroris
1471 5638 1642 5692 nostri
1682 5637 1864 5692 nubila
1903 5646 2084 5693 trans-

515 5740 688 5803 ibunt,
720 5745 776 5792 et
799 5737 986 5792 aeterni
1022 5735 1137 5789 dies
1163 5735 1286 5788 vita:
1314 5732 1415 5787 sub
1455 5732 1702 5786 claritate
1745 5731 1874 5787 solis
1914 5733 2083 5803 fulge-

514 5829 663 5901 bunt.
702 5829 851 5885 Sicut
897 5828 1038 5882 enim
1081 5841 1144 5882 ex
1181 5825 1355 5880 fructu
1402 5824 1654 5888 arborum
1707 5823 1882 5880 vicina
1920 5834 2081 5882 aestas

2185 4722 2312 4779 luna
2347 4738 2518 4792 usque
2566 4722 2634 4777 ad
2684 4722 3002 4794 vigesimum
3055 4723 3288 4792 primum
3329 4725 3473 4781 diem
3527 4728 3767 4798 ejusdem

2187 4817 2412 4873 mensis.
2469 4816 2576 4873 Sed
2622 4817 2968 4888 evangelista:
3019 4815 3386 4873 indifferenter
3428 4828 3661 4889 ponunt,
3715 4829 3770 4875 et

2186 4907 2327 4962 diem
2357 4906 2684 4977 Azymorum
2710 4921 2809 4976 pro
2833 4905 3044 4962 Pascha
3072 4947 3087 4973 ,
3127 4913 3184 4961 et
3215 4907 3418 4962 Pascha
3449 4923 3552 4976 pro
3580 4909 3768 4965 diebus

2184 4997 2533 5067 Azymorum,
2564 4997 2705 5051 unde
2732 4997 2819 5052 hic
2842 4995 3052 5052 Lucas:
3085 4997 3209 5052 Dies
3235 4998 3397 5067 festus
3422 5001 3763 5070 Azgmorutn,

2182 5088 2273 5158 qui
2295 5088 2489 5141 dicitur
2519 5087 2726 5141 Pascha
2755 5087 2908 5159 (Luc.
2937 5088 3057 5160 xu),
3085 5089 3210 5158 quia
3239 5098 3292 5144 et
3317 5089 3540 5146 Pascha:
3565 5092 3683 5148 dies
3713 5092 3762 5146 in

2183 5178 2389 5249 azymis
2434 5177 2665 5248 panibus
2711 5177 2982 5233 celebrari
3027 5179 3495 5250 praecipiebantur.
3546 5183 3615 5238 Et
3669 5197 3763 5238 nos

2185 5271 2341 5344 quasi
2383 5278 2701 5341 perpetuum
2746 5269 2952 5324 Pascha
2984 5269 3277 5338 facientes,
3310 5286 3524 5342 semper
3555 5288 3624 5328 ex
3666 5275 3764 5329 hoc

2185 5364 2387 5420 mundo
2416 5361 2648 5417 transire
2676 5362 3021 5433 praecipimur
3046 5380 3058 5416 :
3087 5378 3198 5418 uno
3216 5363 3303 5418 die
3324 5363 3606 5420 immolato
3625 5380 3763 5437 agno

2191 5461 2258 5516 ad
2276 5474 2556 5528 vesperam
2578 5465 2878 5528 sequuntur
2898 5463 3103 5526 septem
3127 5457 3244 5513 dies
3264 5458 3612 5530 Azymorum,
3638 5461 3761 5530 quia

2189 5552 2437 5609 Christus
2480 5551 2533 5605 in
2565 5549 2895 5619 plenitudine
2929 5557 3230 5618 temporum
3271 5548 3437 5605 semel
3472 5565 3574 5620 pro
3607 5551 3762 5606 nobis

2187 5657 2407 5714 passus,
2454 5650 2566 5696 toto
2611 5652 2852 5712 tempore
2895 5639 3075 5695 saeculi
3118 5639 3282 5711 (quod
3328 5649 3532 5710 septem
3572 5643 3760 5698 diebus

2189 5734 2384 5804 agitur)
2416 5734 2466 5786 iu
2521 5733 2724 5801 azymis
2761 5732 3094 5788 sinceritatis
3133 5741 3190 5788 et
3217 5733 3461 5788 veritatis
3501 5736 3760 5805 praecepit

2183 5842 2302 5884 esse
2331 5825 2634 5880 vivendum.
