3960 6336
215 363 310 424 537

1147 357 1411 428 GLOSSA
1449 366 1844 430 ORDINARIA.
1882 399 1954 412 —
1989 371 2239 433 EVANG.
2278 375 2430 436 LUC.

3347 383 3450 448 338

279 481 434 535 Vsus.
459 480 513 534 2.
543 511 610 520 -
641 475 707 535 Et
734 473 1054 554 quaerebant,
1083 495 1189 541 etc.
1227 485 1354 543 llaec
1388 497 1514 542 ante
1548 487 1768 546 biduum
1793 484 1850 546 A
1871 489 2075 558 gratias
2102 492 2232 562 agit,
2261 493 2383 549 ideo
2405 494 2633 565 scilicet,
2660 494 2785 570 quia
2817 509 3000 557 vetera
3033 505 3366 562 transierunt
3388 515 3446 563 et

212 573 420 629 Pascha:
444 575 779 644 congregatis
819 575 1150 647 principibus
1187 579 1528 635 sacerdotum
1559 586 1615 634 et
1639 578 1774 634 scri-

214 666 290 722 bis
317 666 369 720 in
400 665 595 720 atrium
626 665 843 737 Caiphae
879 667 1162 726 Matthaaus
1199 679 1345 742 gesta
1379 680 1626 728 testatur.

281 752 439 809 Vitas.
466 753 518 808 5.
537 753 868 812 -—Iutrauit.
889 758 1030 814 Dicit
1055 759 1314 829 Joannes,
1337 764 1479 833 quod
1501 771 1622 835 post
1645 763 1776 820 buc-

214 842 392 900 cellam
458 857 488 897 a
544 841 774 900 Domino
839 848 1092 904 traditam
1143 851 1366 906 intravit
1413 852 1645 909 Satanas
1718 853 1775 908 in

209 935 410 992 Iudam.
449 933 556 991 Sed
599 946 656 993 et
697 946 822 994 ante
855 940 1150 998 buccellam
1192 944 1465 1001 invaserat
1507 961 1632 1002 eum
1675 945 1776 1002 Sa-

212 1035 375 1090 tanas,
396 1031 450 1079 et
470 1039 631 1094 quem
654 1029 806 1098 prius
827 1030 1124 1089 intraverat
1144 1042 1203 1088 ut
1224 1034 1519 1106 deciperet,
1540 1047 1777 1108 postmo-

211 1118 332 1172 dum
353 1117 593 1187 intravit,
643 1128 703 1175 ut
734 1119 848 1191 jam
889 1123 990 1179 sibi
1039 1124 1298 1182 traditum
1352 1128 1564 1199 plenius
1602 1131 1777 1200 possi-
1878 1117 2073 1216 nenia
2108 1160 2191 1207 εει
2218 1117 2350 1208 (ῖάέε

271 1297 427 1354 Vens.
460 1300 515 1354 7.
545 1331 616 1342 —
655 1301 804 1358 Venit
829 1315 1001 1361 autem
1029 1309 1158 1364 dies.
1203 1309 1359 1367 Licet
1386 1314 1634 1383 sequenti
1664 1315 1773 1382 die,

209 1392 256 1448 id
287 1401 366 1448 est
397 1394 796 1464 quintadecima
835 1397 962 1455 luna
996 1401 1068 1458 sit
1102 1403 1415 1471 cruciﬁxus,
1451 1407 1554 1463 hac
1598 1415 1776 1463 tamen
1877 1420 2071 1476 doceat
2115 1392 2511 1482 transferenda.

1875 594 2015 635 nova
2050 583 2230 638 omnia
2275 597 2433 640 erant
2477 597 2724 644 ventura.
2779 588 2990 648 Gratias
3032 596 3154 665 egit.
3206 596 3457 654 Ostendit

1877 670 2006 739 quid
2034 672 2263 744 quisque
2291 674 2470 732 facere
2501 678 2660 734 debet
2686 681 2739 751 in
2771 680 2979 753 ﬂagello
3007 685 3178 756 culpae
3198 689 3454 760 propriae,

1877 775 2000 816 cum
2023 761 2138 832 ipse
2163 767 2541 836 aequanimiter
2560 767 2768 838 ﬂagella
2791 773 2912 828 tulit
2933 774 3137 832 alienae.

1948 871 2113 929 Vsus.
2143 874 2228 931 18.
2251 908 2324 917 -
2348 877 2481 933 Dico
2511 880 2648 934 enim
2674 883 2832 938 vobis.
2860 883 3012 941 Sicut
3039 889 3273 959 typicum
3303 907 3457 948 esum

1877 965 2022 1037 agni,
2060 966 2138 1024 sic
2159 977 2215 1024 et
2243 969 2482 1042 typicum
2502 971 2725 1029 Pascha:
2751 985 2937 1045 potum
2975 989 3138 1048 negat
3162 997 3220 1038 se
3255 984 3457 1040 bibitu-

1877 1074 2030 1125 rum,
2065 1061 2236 1117 donec
2272 1071 2491 1120 ostensa
2533 1070 2948 1126 resurrectionis
2985 1071 3189 1143 gloria,
3229 1092 3460 1147 regnum

2985 1176 3086 1232 per
3103 1164 3296 1220 horum
3327 1168 3459 1221 duo-

1880 1254 1998 1294 rum
2043 1240 2472 1298 immutationem
2522 1261 3020 1317 sacramentorum,
3071 1262 3268 1310 caetera
3321 1256 3458 1328 legis

1878 1339 2218 1388 sacramenta
2261 1333 2344 1388 vel
2377 1333 2528 1404 jussa
2573 1337 2641 1393 ad
2681 1340 3012 1408 spiritualem
3052 1344 3460 1403 observantiam

2558 1427 2746 1484 Potest
2792 1439 2974 1488 tamen
3017 1434 3334 1506 simpliciter
3373 1453 3460 1494 ae-

207 1496 349 1542 ηοοίθ
371 1503 476 1558 qua
511 1489 700 1562 Αεηιιε
736 1491 1138 1563 ίῐηῐηο¹³ὒ³ῑυνυ
1170 1504 1226 1552 ει
1252 1499 1436 1554 Carnis
1465 1501 1772 1572 εδηὸυίηίε·
1822 1499 1824 1502 ’
1875 1513 2004 1585 cipi,
2037 1517 2179 1586 quod
2208 1517 2277 1573 ab
2312 1520 2444 1574 hora
2471 1535 2640 1576 coenae
2667 1539 2838 1594 usque
2861 1526 2926 1580 ad
2962 1535 3176 1600 tempus
3219 1545 3462 1587 resurre-

208 1591 295 1600 _-.-
326 1579 431 1600 ---ε-
482 1579 749 1600 ,ευρ-μ..-
806 1598 843 1600 μ
1090 1596 1100 1600 -
1241 1588 1254 1600 .
1292 1589 1304 1600 .
1445 1591 1460 1600 .
1533 1598 1540 1600 Α
1632 1591 1666 1600 ..

1929 1579 1946 1585 -
1992 1579 1996 1580 ν
2055 1579 2070 1586 -
2750 1579 2766 1594 ,
2970 1579 3173 1600 --η-τ--
3222 1579 3432 1587 ---_---

201 1591 298 1648 que
324 1579 432 1632 suis
475 1579 755 1651 discipulis
800 1596 1138 1641 sacramenta
1175 1588 1495 1645 celebranda
1525 1591 1770 1660 tradidit,
1873 1606 2206 1690 ctioniscquo
2233 1611 2287 1666 in
2321 1627 2491 1683 regno
2518 1614 2613 1670 Dei
2640 1625 2758 1671 erat
2795 1627 3087 1686 venturus,
3121 1622 3307 1678 vinum
3351 1640 3460 1681 non

203 1679 286 1690 -1-
328 1670 522 1690 ',_1AA',
568 1682 609 1690 Α.
664 1683 676 1690 Α
827 1677 860 1690 1·
944 1686 952 1690 .
1089 1681 1100 1690 ι
1173 1681 1185 1690 ι
1287 1683 1299 1690 .
1453 1683 1468 1690 -
1533 1685 1545 1690 -
1626 1685 1638 1690 -
1719 1685 1770 1690 --

196 1679 292 1726 θιε
321 1670 533 1773 Ῑυάξείῆ
566 1682 779 1741 “imus:
827 1677 1059 1748 ιίεαιιιερ
1088 1681 1255 1752 ἱρείυε
1285 1683 1689 1755 imlliOlaliOlliﬁ.
1716 1685 1773 1743 id
1874 1706 1995 1754 erat
2017 1670 2305 1758 bibi-turus.
2347 1670 2479 1760 Post
2516 1709 2970 1767 resurrectionem
3027 1713 3172 1769 enim
3214 1730 3335 1771 cum
3379 1716 3461 1773 di-

193 1772 268 1818 est
293 1763 566 1833 passionis
589 1782 719 1835 suae,
749 1771 985 1825 sacravit
1010 1773 1344 1844 exordium.)

253 1853 408 1912 Vens.
441 1857 542 1913 10.
565 1889 636 1900 -
656 1857 794 1917 Ecce
817 1863 1156 1921 introeuntes.
1183 1842 1341 1924 Sicut
1367 1869 1510 1926 Deus
1539 1879 1768 1931 cuncto-
1796 1842 1847 1905 Β

188 1962 298 2003 rum
322 1939 614 2020 prsescius,
661 1969 784 2009 cum
823 1955 1104 2028 discipulis
1155 1961 1393 2031 loquitur
1417 1964 1485 2020 de
1519 1965 1606 2021 his
1647 1982 1768 2036 quae

181 2037 305 2112 “alibi
346 2051 639 2111 geruntur.
689 2044 758 2100 Et
795 2046 934 2103 bene
972 2052 1246 2120 paraturis
1291 2053 1499 2110 Pascha
1536 2057 1766 2128 ampho-

192 2145 299 2185 ram
338 2147 503 2203 aqum
541 2145 768 2206 portans
799 2141 1069 2208 occurrit,
1119 2151 1179 2197 ut
1227 2147 1568 2215 ostendatur,
1621 2151 1768 2220 quod

183 2219 330 2291 hujus
356 2222 593 2282 Pascha:
619 2230 938 2300 mysterium
968 2246 1068 2301 pro
1115 2233 1389 2292 ablutione
1435 2239 1622 2295 mundi
1644 2219 1769 2311 iper

181 2326 364 2384 aquam
401 2315 668 2388 baptismi
711 2321 783 2377 sit
827 2322 1210 2380 celebrandum
1249 2328 1340 2383 ubi
1385 2329 1500 2386 veri
1542 2331 1766 2388 Paschaa

181 2403 482 2464 cultoribus
509 2410 720 2480 typicus
753 2413 820 2467 de
860 2412 1046 2470 limine
1076 2416 1259 2473 fervor
1293 2418 1539 2476 aufertur
1561 2461 1576 2487 ,
1606 2429 1662 2476 et
1695 2423 1763 2478 ad

179 2495 399 2553 tollenda
423 2510 654 2570 peccata
679 2501 880 2559 vivifici
908 2503 1074 2562 fontis
1098 2507 1361 2579 baptisma
1390 2521 1761 2570 consecratur.

180 2585 442 2657 Amphora
465 2591 737 2662 signiﬁcat
759 2595 1051 2663 perfectam
1077 2613 1386 2664 mensuram
1409 2601 1606 2673 expleti
1633 2611 1766 2659 tem-

180 2677 341 2747 poris,
375 2695 486 2750 quo
522 2681 744 2755 dignum
781 2695 898 2742 erat
918 2687 1034 2744 haec
1061 2689 1196 2760 geri.
1237 2690 1410 2747 Homo
1433 2695 1758 2764 amphoram.

181 2763 301 2823 Sine
326 2773 549 2828 nomine
579 2774 914 2847 designatur,
949 2788 1012 2834 ut
1038 2796 1244 2852 pauper
1263 2793 1316 2838 et
1331 2763 1583 2854 ignobilis
1611 2787 1759 2842 aesti-

178 2867 369 2928 metur,
405 2864 499 2934 qui
535 2879 564 2919 a
594 2864 822 2924 Domino
845 2869 1080 2942 eligitur.
1105 2871 1268 2942 Cujus
1297 2876 1557 2932 sanctitas
1579 2877 1632 2932 in
1658 2878 1762 2936 hoc

175 2963 416 3025 apparet,
467 2958 611 3026 quod
662 2959 716 3013 in
760 2969 934 3017 strato
971 2963 1086 3032 ejus
1124 2963 1553 3024 Dominuscum
1600 2968 1762 3024 disci-

171 3044 306 3116 pulis
341 3087 357 3112 ,
412 3063 539 3104 cum
585 3051 896 3106 sublimium
957 3053 1219 3110 virtutum
1269 3057 1624 3114 delectatione
1671 3075 1759 3115 re-

171 3136 425 3204 quiescit.
482 3137 793 3209 Sequimini.
847 3141 1104 3200 Consulte
1140 3148 1630 3215 pnetermittuntur
1663 3166 1760 3206 no-

169 3228 339 3299 mina,
362 3228 446 3284 vel
473 3229 634 3298 bajuli
656 3247 827 3302 aquae,
855 3233 941 3288 vel
959 3235 1169 3292 Domini
1195 3238 1409 3304 domus,
1431 3249 1490 3295 ut
1510 3241 1760 3299 omnibus

169 3317 482 3408 voientibus
509 3320 676 3377 imbui
704 3327 1057 3382 sacramentis
1085 3325 1288 3383 Christi
1333 3330 1497 3400 (quod
1529 3341 1617 3408 est
1657 3332 1762 3388 Pa-

172 3407 298 3462 scha
331 3406 643 3481 celebrare)
671 3410 947 3468 Christum
968 3429 1078 3472 sua:
1105 3419 1304 3474 mentis
1325 3419 1560 3491 hospitio
1588 3406 1762 3480 susci-

169 3512 292 3568 pere
319 3503 714 3572 quaerentibus,
747 3504 977 3562 facultas
1006 3508 1182 3565 danda
1214 3511 1474 3583 signetur.

239 3589 406 3646 Vsus.
444 3591 532 3645 12.
554 3624 626 3633 ——
661 3592 998 3650 Canaculum
1032 3615 1301 3671 magnum.
1344 3601 1652 3673 Spiritualis
1676 3616 1762 3663 est

171 3675 250 3734 lex
275 3722 290 3746 ,
337 3697 464 3751 quae
507 3683 572 3738 de
617 3685 880 3756 angustiis
925 3694 1084 3744 teme
1120 3690 1404 3761 egrediens
1438 3694 1493 3748 in
1543 3695 1759 3752 sublimi

171 3768 284 3828 loco
308 3773 511 3845 recipit
536 3773 894 3834 Salvatorem.
927 3779 1028 3848 Qui
1059 3783 1111 3837 in
1133 3782 1314 3840 littera
1345 3797 1609 3854 remanet,
1634 3789 1761 3845 inti-

169 3864 267 3920 mis
306 3866 526 3922 Pascha
562 3867 721 3936 facit,
771 3871 865 3926 sed
903 3873 995 3942 qui
1038 3889 1192 3944 aquae
1235 3874 1505 3945 bajulum,
1555 3879 1606 3932 id
1645 3889 1755 3946 est,

171 3959 353 4029 gratiae
414 3975 728 4032 praeconem
793 3963 848 4018 in
904 3965 1120 4021 domum
1165 3967 1421 4026 Ecclesiae
1480 3974 1757 4042 sequitur,

171 4052 562 4108 transcendens
584 4051 779 4110 litterae
813 4056 1172 4128 superﬁciem,
1204 4060 1260 4115 in
1287 4062 1485 4118 mentis
1505 4065 1640 4120 solio
1671 4082 1760 4122 re-

169 4135 454 4199 lectionem
506 4153 662 4215 parat
703 4145 952 4214 Christo,
1004 4150 1129 4206 dum
1172 4161 1366 4210 cuncta
1413 4156 1497 4212 vel
1539 4157 1761 4215 Pascha:

168 4247 536 4309 sacramenta,
560 4240 644 4295 vel
677 4250 873 4298 uetera
899 4243 1033 4314 legis
1059 4245 1276 4303 decreta
1315 4249 1383 4306 de
1415 4265 1480 4306 eo
1509 4251 1762 4325 intelligit

169 4330 382 4401 scripta.

236 4422 399 4481 Vsus.
432 4425 528 4482 15.
558 4457 629 4468 --
666 4427 938 4484 Desiderio
979 4431 1290 4498 desideravi,
1321 4441 1426 4489 etc.
1476 4434 1760 4492 Desiderat

166 4513 336 4583 primo
370 4519 616 4594 typicum
653 4519 866 4577 Pascha
904 4524 1252 4590 manducare,
1286 4534 1343 4581 et
1379 4527 1457 4583 sic
1492 4529 1760 4597 passionis

169 4620 275 4664 sua:
295 4611 563 4682 mysteria
588 4612 786 4669 mundo
814 4615 1111 4678 declarare.
1145 4625 1206 4671 ut
1229 4625 1285 4672 et
1305 4619 1510 4688 antiqui
1533 4620 1756 4676 Pascha:

168 4701 420 4767 probator
447 4704 698 4770 exsistat,
713 4713 769 4760 et
793 4705 897 4762 hoc
923 4707 992 4762 ad
1025 4723 1136 4763 suae
1165 4708 1584 4779 dispensationis
1619 4711 1756 4782 ﬁgu-

170 4803 280 4845 ram
315 4795 652 4864 pertinuisse
691 4796 1096 4864 demonstrans,
1124 4800 1237 4871 jam
1267 4801 1584 4858 adveniente
1617 4804 1758 4859 veri-

171 4888 276 4939 tate
295 4885 497 4941 umbra
519 4901 735 4943 cessare
754 4888 968 4945 debeat.
995 4890 1053 4945 In
1077 4892 1232 4962 cujus
1265 4894 1341 4948 rei
1367 4893 1537 4966 ﬁgura
1563 4894 1759 4951 defecit

172 4988 386 5045 manna,
414 4987 708 5050 postquam
730 4983 1082 5039 comederunt
1109 4983 1206 5039 ﬁlii
1229 4983 1393 5041 Israel
1422 4986 1488 5043 de
1512 4986 1756 5060 frugibus

172 5071 346 5133 terrae,
377 5085 485 5126 nec
513 5070 598 5126 usi
629 5079 756 5127 sunt
783 5071 924 5128 ultra
955 5073 1076 5130 cibo
1103 5074 1212 5131 illo.

207 5203 210 5208 .
240 5153 404 5215 Vens.
437 5161 528 5216 16.
559 5191 634 5203 -
664 5161 790 5218 Νοη
828 5165 1178 5221 manducabo.
1221 5166 1337 5222 Non
1378 5166 1516 5223 ultra
1566 5168 1761 5225 Mosai-

174 5263 291 5306 cum
333 5253 549 5311 Pascha
575 5256 881 5324 celebrabo,
911 5259 1082 5316 donec
1125 5261 1180 5314 in
1218 5261 1457 5317 Ecclesia
1494 5263 1638 5332 quod
1675 5271 1761 5319 est

177 5356 400 5414 regnum
431 5347 531 5403 Dei
564 5349 916 5419 spiritualiter
950 5350 1281 5408 intellectum
1315 5353 1668 5424 compleatur.
1698 5355 1757 5409 ln

177 5435 278 5493 hoc
303 5456 475 5512 regno
501 5458 672 5513 usque
701 5445 862 5501 hodie
890 5446 1181 5501 manducat
1215 5445 1484 5512 Christus,
1519 5462 1643 5502 cum
1693 5462 1756 5502 ea

176 5540 292 5596 qua:
315 5529 533 5603 Moyses
561 5534 680 5589 rudi
713 5535 910 5606 populo
943 5533 1233 5592 carnaliter
1261 5537 1596 5593 observanda
1623 5554 1761 5609 prae-

175 5621 336 5690 cepit,
359 5623 414 5678 in
456 5626 718 5682 membris
745 5627 857 5683 suis
890 5628 1242 5698 spiritualiter
1269 5637 1506 5684 exercet.

244 5711 410 5768 Vnus.
444 5714 534 5768 17.
563 5747 633 5757 -
659 5715 728 5771 Et
757 5729 966 5791 accepto
993 5720 1172 5775 calice.
1204 5719 1304 5777 Hic
1334 5721 1471 5776 calix
1507 5723 1574 5778 ad
1603 5733 1759 5780 vetus

177 5795 407 5880 Pascha,
440 5805 530 5862 cui
553 5806 713 5864 linem
747 5809 1073 5881 imponebat,
1103 5811 1354 5882 pertinet.
1387 5811 1508 5880 Quo
1543 5824 1764 5888 accepto

1789 4567 1840 4627 D

1875 1789 2099 1862 scipulis
2129 1793 2479 1851 manducavit
2506 1805 2561 1852 et
2582 1798 2740 1856 bibit.

1942 1912 2106 1970 Vens.
2142 1915 2228 1972 19.
2249 1949 2320 1958 -
2346 1915 2416 1973 Et
2437 1930 2665 1993 accepto.
2689 1923 2884 1982 Finitis
2903 1927 3102 1983 veteris
3129 1927 3352 1984 Pascbae
3373 1944 3462 1986 so-

1869 2003 2084 2062 lemniis
2109 2009 2307 2063 transit
2333 2009 2400 2064 ad
2422 2027 2644 2080 novum,
2675 2015 2817 2085 quod
2849 2016 2902 2072 in
2933 2033 3044 2078 suae
3070 2020 3458 2089 redemptionis

1868 2099 2133 2154 memoria
2158 2101 2210 2155 in
2241 2101 2538 2160 Ecclesiam
2570 2105 2918 2178 frequentare
2953 2109 3247 2178 desiderat,
3273 2123 3333 2169 ut
3358 2130 3460 2185 pro

1867 2205 2036 2248 carne
2057 2199 2112 2247 et
2143 2196 2405 2268 sanguine
2436 2199 2592 2269 agni,
2624 2215 2734 2256 sure
2763 2203 2944 2258 carnis
2968 2212 3023 2260 et
3056 2207 3337 2276 sanguinis
3371 2223 3460 2263 sa-

1867 2292 2206 2340 cramentum
2254 2287 2307 2341 in
2338 2289 2493 2359 panis
2522 2298 2577 2346 et
2608 2291 2715 2346 vini
2748 2291 2915 2364 ﬁgura
2946 2294 3260 2352 substituat.
3288 2297 3461 2354 Fran-

1867 2373 1946 2444 git
1971 2382 2027 2430 et
2051 2377 2300 2448 porrigit,
2343 2387 2402 2434 ut
2440 2381 2691 2435 ostendat
2734 2383 2816 2438 sui
2852 2386 3098 2455 corporis
3136 2387 3459 2444 fractionem

1866 2481 1976 2522 non
2008 2467 2126 2523 sine
2152 2485 2250 2524 sua
2282 2480 2473 2541 Sponte
2503 2471 2761 2528 futuram.
2788 2475 2914 2546 Agit
2934 2477 3140 2546 gratias
3167 2479 3232 2533 de
3258 2482 3458 2535 veteri-

1864 2555 1969 2612 bus
1990 2557 2312 2623 terminatis,
2341 2568 2397 2614 et
2426 2561 2583 2616 novis
2604 2561 2945 2632 incipiendis.
2979 2564 3149 2633 Pana,
3181 2577 3288 2623 etc.
3317 2568 3456 2637 Quia

1864 2649 2020 2720 panis
2043 2665 2240 2722 corpus
2269 2652 2572 2720 conﬁrmat,
2616 2655 2803 2710 vinum
2830 2666 3090 2728 operatur
3115 2661 3457 2733 sanguinem.

1863 2748 1878 2821 ἓ
1939 2765 2101 2821 Vens.
2123 2767 2215 2820 21.
2242 2797 2313 2806 -
2348 2765 2734 2836 Verumtamen,
2764 2769 3070 2826 etc.-Sicut
3101 2773 3167 2828 de
3203 2774 3457 2844 passione

1860 2859 2132 2930 praedixit,
2169 2859 2248 2916 sic
2269 2859 2521 2930 praedixit
2545 2870 2600 2916 et
2631 2862 2697 2917 de
2725 2863 3026 2933 proditore,
3057 2873 3119 2920 ut
3156 2866 3348 2923 videns
3395 2881 3456 2923 se

1860 2947 2031 3006 latere
2073 2967 2180 3007 non
2216 2967 2396 3023 posse,
2432 2953 2696 3023 poeniteat
2747 2954 2894 3010 facti.
2940 2954 3052 3013 Nec
3101 2957 3348 3030 designat
3384 2974 3453 3014 ex

1863 3043 2109 3105 nomine,
2155 3059 2223 3099 ne
2264 3042 2551 3101 manifeste
2601 3055 2880 3103 correctus
2933 3048 3299 3119 impudentior
3333 3049 3450 3106 ﬁat.

1862 3133 2026 3188 Mittit
2051 3150 2179 3206 ergo
2205 3137 2416 3206 culpam
2450 3139 2502 3192 in
2530 3155 2778 3206 numero,
2801 3149 2862 3196 ut
2890 3144 3144 3200 conscius
3181 3146 3450 3214 paeniten-

1787 3211 1834 3275 C
1865 3225 1994 3280 tiam
2020 3236 2144 3295 agat
2175 3227 2428 3296 praedixit
2455 3236 2510 3283 et
2541 3244 2760 3299 poenam
2783 3271 2798 3295 ,
2834 3239 2896 3286 ut
2936 3247 3096 3302 quem
3134 3211 3310 3304 pudor
3323 3225 3450 3291 'non

1865 3316 2204 3383 convicerat,
2239 3317 2556 3374 denuntiata
2600 3321 2862 3392 supplicia
2903 3333 3211 3379 coerceant.
3253 3325 3449 3381 Manus

1864 3407 2116 3462 tradentis
2142 3424 2243 3461 me.
2289 3408 2550 3480 Exemplo
2569 3410 2721 3466 Iudae
2746 3411 2940 3468 Filium
2982 3413 3220 3470 hominis
3261 3416 3446 3484 tradit,

1862 3499 1955 3568 qui
1985 3498 2112 3554 illud
2138 3499 2443 3556 inviolabile
2482 3501 2747 3558 Dominici
2775 3501 3022 3575 corporis
3047 3516 3449 3564 sacramentum

1860 3593 2067 3650 violare
2089 3594 2386 3665 praisumit.
2417 3583 2750 3667 Venditfqui
2779 3596 2895 3666 ejus
2923 3600 3120 3656 timore
3160 3608 3215 3656 et
3263 3616 3451 3660 amore

1861 3684 2110 3756 neglecto
2171 3686 2372 3740 caduca
2412 3700 2597 3742 amare
2638 3688 2988 3744 convincitur
3024 3699 3084 3746 et
3133 3691 3448 3749 criminosa.

1933 3819 2102 3874 Vens.
2142 3817 2232 3873 21.
2259 3851 2328 3860 -
2358 3819 2527 3876 Facta
2559 3830 2664 3888 est,
2705 3831 2813 3877 etc.
2855 3822 3068 3896 (Βευλ.)
3111 3824 3285 3881 Causa
3322 3841 3451 3882 con-

1862 3909 2122 3964 tentionis
2182 3911 2338 3965 nobis
2391 3910 2706 3982 incognita,
2773 3913 2866 3968 sed
2917 3930 3024 3969 non
3086 3923 3168 3970 est
3215 3916 3448 3972 incredi-

1862 4001 1989 4066 bile,
2019 4011 2148 4067 etc.,
2180 4020 2342 4077 usque
2378 4004 2448 4058 ad
2478 4005 2607 4076 quid
2628 4005 2926 4074 spiritualis
2947 4007 3204 4081 magister
3223 4006 3452 4078 jusserit

1860 4085 2156 4148 videamus.

1936 4203 2156 4275 (Auum)
2192 4203 2491 4260 Caveamus
2518 4218 2651 4275 ergo
2691 4205 2986 4277 impendio,
3019 4215 3147 4274 etc.,
3185 4225 3346 4280 usque
3376 4211 3448 4265 ad

1861 4304 1921 4351 ut
1949 4313 2057 4356 non
2089 4297 2156 4352 de
2176 4296 2490 4367 praelatione
2512 4295 2782 4366 jactantia
2811 4298 2902 4366 sit,
2935 4301 3029 4357 sed
3053 4301 3119 4356 de
3142 4301 3446 4360 humilitate

1862 4390 2157 4446 contentio.

1936 4506 2097 4561 Vens.
2129 4506 2219 4561 25.
2245 4537 2315 4548 -
2345 4507 2493 4562 Dixit
2522 4516 2695 4564 autem
2731 4509 2824 4563 eis.
2867 4508 2996 4564 Pius
3017 4512 3296 4580 'magister
3336 4528 3446 4569 non

1865 4599 2014 4654 initae
2049 4601 2412 4656 contentionis
2457 4601 2681 4672 arguit,
2724 4601 2818 4657 sed
2856 4601 3085 4658 formam
3126 4603 3446 4661 humilitatis

1867 4704 2031 4759 quam
2059 4698 2369 4760 sequantur,
2405 4689 2702 4757 describit;
2740 4691 2894 4762 quasi
2935 4693 3081 4747 dicat
3109 4711 3121 4747 :
3153 4692 3261 4748 Vos
3291 4709 3446 4752 more

1866 4780 2202 4838 saecularium
2251 4796 2351 4851 per
2397 4781 2765 4853 praelationem
2821 4783 3104 4853 pervenire
3158 4784 3319 4840 vultis
3373 4787 3445 4843 ad

1865 4873 2019 4944 regni
2047 4872 2464 4942 possessionem,
2503 4872 2596 4928 sed
2635 4873 2703 4928 ad
2736 4889 3003 4929 summam
3032 4874 3292 4930 virtutum
3335 4893 3445 4933 non

1866 4963 2103 5034 potentia
2137 4965 2368 5030 venitur,
2399 4963 2493 5020 sed
2516 4965 2835 5021 humilitate.
2878 4966 3113 5024 Necesse
3151 4979 3233 5024 est
3261 4977 3443 5025 autem

1862 5064 1922 5111 ut
1925 5057 2325 5131 correctionem
2352 5056 2599 5112 subditus
2620 5065 2676 5113 et
2697 5065 2926 5113 matrem
2944 5059 3136 5129 pietas,
3154 5069 3206 5115 et
3233 5070 3444 5131 patrem

1861 5119 2115 5205 exhibeat
2153 5149 2438 5220 disciplina
2469 5189 2484 5216 ,
2534 5157 2627 5204 aut
2672 5164 2739 5205 ne
2780 5119 3049 5207 districtio
3087 5153 3295 5226 rigida,
3350 5163 3446 5209 aut

1860 5241 2033 5314 pietas
2058 5243 2128 5298 sit
2150 5242 2394 5299 remissa.

1933 5356 2097 5412 Vens.
2127 5355 2218 5410 27.
2249 5388 2318 5397 -
2349 5355 2491 5410 Nam
2513 5359 2630 5428 quis
2650 5399 2664 5422 ,
2692 5367 2799 5415 etc.
2839 5360 2923 5416 Ad
2965 5361 3129 5417 verba
3180 5363 3438 5418 exhorta-

1864 5447 2027 5504 tionis
2075 5447 2351 5517 explendte
2403 5449 2706 5520 exemplum
2761 5451 2826 5506 de
2889 5467 2949 5508 se
2999 5454 3242 5522 exponit.
3304 5455 3441 5508 llinc

1863 5536 2098 5594 Joannes
2127 5537 2316 5593 scribit
2340 5537 2524 5607 (Joan.
2556 5539 2678 5612 xm)
2707 5557 2720 5594 :
2746 5537 2804 5596 Si
2823 5558 2916 5612 ego
2945 5541 3048 5597 lavi
3067 5544 3219 5612 pedes
3247 5553 3438 5599 vestros

1863 5629 2122 5686 Dominus
2157 5638 2205 5684 ct
2241 5631 2508 5701 magister,
2549 5640 2654 5688 etc.
2696 5631 2929 5689 Possunt
2955 5642 3009 5689 et
3048 5635 3100 5690 in
3135 5635 3301 5689 verbo
3340 5637 3441 5689 mi-

1865 5724 2128 5780 nistrandi
2162 5723 2342 5779 omnia
2364 5740 2485 5794 quae
2508 5725 2769 5782 Dominus
2808 5727 2862 5782 in
2899 5742 3067 5783 carne
3095 5727 3288 5798 gessit,
3331 5742 3438 5783 non

1867 5823 2079 5875 tantum
2127 5815 2469 5887 praedicando
2507 5817 2592 5874 vel
2628 5817 2905 5877 miraculis
2941 5816 3303 5886 admovendo,
3343 5817 3438 5873 sed
