3960 6336
502 373 608 430 339

1000 380 1388 437 WALAFRIDI
1429 381 1676 440 STRABI
1708 384 1914 442 FULD.
1955 385 2120 444 NON.
2160 386 2311 446 OPP.
2350 389 2532 448 PARS
2570 394 2609 448 l.
2650 425 2721 435 —
2757 395 3209 453 THEOLOGICA.

3655 401 3774 460 540

504 493 666 588 etiam
694 495 928 588 animam
955 511 1116 566 quam
1141 513 1241 568 pro
1272 499 1429 556 nobis
1461 502 1689 572 accepit,
1721 503 1988 573 ponendo,
2021 507 2157 569 ut‘A
2182 506 2554 579 pori'regulam
2579 509 2836 576 decernit,
2866 512 3183 580 permittens
3209 515 3517 570 necessaria
3566 517 3768 588 victui,

505 582 679 640 et‘nos
699 601 795 656 pro
819 586 1044 641 invicem
1069 604 1270 658 ponere
1308 593 1518 648 animas
1539 594 1831 651 discamus.

579 675 740 732 Vens.
768 679 856 734 28.
885 711 954 719 -
981 679 1352 740 Permansistis
1389 703 1610 742 mecum.
1641 687 1928 744 lnﬁrmitas
1959 701 2080 742 mea

505 786 612 825 non
654 773 992 828 conturbavit
1027 773 1288 841 vos,'sed
1330 779 1381 834 in
1418 773 1562 838 bono
1604 791 1783 852 coepto
1823 797 2078 852 perseve-

504 863 683 916 rastis.
706 861 998 935 Sicutergo
1020 867 1150 921 mihi
1175 873 1545 940 perseveranti
1569 888 1738 942 usque
1763 874 1828 928 ad
1850 882 2079 928 mortem

503 953 651 1007 dedit
678 953 838 1009 Pater
865 973 1049 1012 nomen
1073 959 1213 1029 quod
1235 970 1310 1015 est
1338 980 1493 1030 super
1515 981 1664 1018 omne
1691 983 1878 1020 nomen
1909 963 2075 1036 (Phil.

502 1041 582 1111 m)
613 1060 626 1096 :
661 1043 738 1097 sic
766 1053 820 1098 et
838 1059 936 1116 ego
967 1059 1380 1116 perseverantes
1407 1068 1504 1108 vos
1538 1069 1750 1109 mecum
1785 1054 1978 1110 ducam
2011 1056 2081 1112 ad

501 1140 763 1188 aaternum
794 1151 1039 1206 regnum.
1069 1138 1476 1210 intelligendum
1520 1153 1602 1198 est
1629 1143 1819 1199 Judam
1845 1145 1956 1215 jam
1994 1161 2080 1200 re-

499 1226 751 1290 cessisse,
783 1235 837 1281 et
880 1228 1076 1284 multos
1117 1231 1250 1284 alios
1285 1231 1399 1301 jam
1441 1243 1586 1290 retro
1628 1235 1836 1302 abisse,
1880 1237 2079 1293 auditis

498 1319 678 1374 verbis
732 1319 1292 1394 incomprehensibilis
1341 1331 1664 1385 sacramenti
1704 1331 1920 1402 quando
1962 1334 2081 1389 haec

496 1411 819 1484 loquebatur
843 1417 1122 1474 Dominus.

572 1505 734 1561 Vens.
758 1507 844 1562 30.
875 1539 945 1548 —-
979 1507 1044 1562 Et
1079 1512 1301 1567 sedentis
1337 1530 1494 1584 super
1525 1516 1756 1572 thronos.
1801 1516 1927 1573 Haec
1961 1534 2078 1574 mu-

497 1597 633 1651 tatio
657 1600 859 1655 dextrae
883 1601 1128 1670 Excelsi,
1178 1614 1237 1660 ut
1269 1607 1358 1676 qui
1390 1609 1623 1665 humiles
1659 1626 1804 1665 nunc
1845 1613 2080 1683 gaudent

501 1690 810 1746 ministrare
834 1696 1130 1762 conservis,
1173 1705 1300 1754 tunc
1332 1698 1590 1757 sublimes
1635 1717 1797 1772 super
1836 1719 2076 1758 mensam

499 1783 710 1839 Domini
740 1787 1011 1856 perpetuis
1047 1789 1274 1860 dapibus
1318 1791 1552 1860 alantur,
1587 1804 1641 1850 et
1670 1795 1761 1865 qui
1802 1795 1856 1848 in
1897 1803 2077 1850 tenta-

2179 599 2349 655 donec
2379 602 2551 672 sopita
2584 612 2992 672 persecutorum
3021 605 3228 661 insania
3269 616 3480 678 tempus
3529 625 3774 684 evange-

2178 689 2372 745 lizandi
2403 696 2604 749 redeat.

2255 783 2410 840 Vens.
2443 787 2531 841 36.
2560 817 2631 828 —
2651 785 2754 844 Sed
2778 805 2935 850 nunc,
2958 797 3063 844 etc.
3096 789 3151 844 ln
3193 791 3296 846 hoc
3341 792 3498 850 nobis
3545 810 3772 867 quoque

2179 877 2338 932 datur
2360 878 2683 949 exemplum,
2736 888 2794 934 ut
2847 896 3232 950 nonnunquam
3285 898 3446 938 causa
3497 884 3768 953 instante,

2179 970 2422 1038 quadam
2448 970 2511 1024 de
2535 971 2704 1024 nostri
2731 972 2988 1041 propositi
3019 973 3195 1043 rigore
3227 973 3342 1028 sine
3381 973 3540 1046 culpa
3589 975 3774 1046 possi-

2178 1075 2298 1114 mus
2341 1053 2718 1116 intermittere.
2744 1063 2908 1118 Verbi
2935 1064 3108 1134 gratia
3139 1082 3151 1117 :
3191 1065 3234 1119 si
3272 1080 3369 1136 per
3406 1067 3774 1136 inhospitales

2179 1152 2426 1219 regiones
2446 1153 2549 1207 iter
2563 1153 2790 1222 agimus,
2825 1153 2978 1224 plura
3004 1155 3183 1210 viatici
3207 1171 3366 1211 causa
3393 1156 3518 1212 licet
3541 1168 3772 1227 portare

2179 1257 2338 1311 quam
2365 1244 2508 1298 domi
2531 1245 2846 1308 habeamus.
2880 1246 2949 1299 Et
2996 1247 3083 1316 qui
3129 1264 3231 1300 non
3279 1249 3448 1302 habet.
3507 1249 3773 1305 Gladium

2179 1333 2261 1386 vel
2285 1333 2523 1388 habitum
2553 1350 2782 1398 sumere,
2817 1337 2901 1390 vel
2929 1353 3033 1390 non
3061 1337 3303 1392 habitum
3348 1339 3502 1407 jubet
3554 1358 3770 1408 emere,

2179 1435 2240 1481 ut
2265 1428 2437 1481 sciant
2459 1427 2700 1499 legentes
2730 1444 2836 1483 non
2887 1428 3197 1484 facultatem
3234 1433 3521 1488 resistendi
3570 1435 3772 1490 deesse

2179 1520 2474 1590 discipulis,
2507 1522 2600 1576 sed
2633 1536 2871 1576 amorem
2903 1522 3159 1592 magistro
3203 1523 3382 1592 potius
3438 1524 3620 1580 inesse
3678 1541 3776 1596 pa-

2181 1612 2371 1677 tiendi,
2425 1613 2513 1667 ubi
2555 1613 2656 1668 etsi
2702 1613 2843 1668 nulla
2875 1613 2979 1667 alia
3035 1629 3196 1668 causa
3243 1622 3386 1669 esset
3436 1617 3774 1686 evaginandi

2181 1705 2434 1776 gladium,
2467 1706 2708 1761 sufﬁcere
2738 1706 3016 1776 potestilla
3038 1716 3118 1772 ut,
3144 1718 3417 1778 amputata
3450 1709 3587 1763 servi
3621 1708 3781 1764 auri-

2181 1798 2321 1861 cula,
2354 1806 2494 1852 tactu
2523 1799 2729 1853 Domini
2757 1809 3057 1853 sanaretur.
3113 1798 3172 1854 In
3227 1816 3332 1870 quo
3383 1802 3774 1868 admonemur,

455 1932 460 1937 ,
502 1878 736 1934 tionibus
777 1879 973 1947 injuste
1015 1880 1244 1948 judicati
1281 1900 1400 1938 cum
1443 1885 1668 1939 Domino
1720 1894 2074 1956 permanent,
2103 1861 2152 1927 Β
2181 1905 2248 1944 ne
2274 1890 2406 1943 iram
2438 1890 2679 1958 percussi
2721 1891 3104 1955 sustineamus,
3142 1890 3236 1945 sed
3267 1891 3424 1946 ﬁdem
3470 1907 3774 1963 resurgen-

497 1969 610 2025 illic
639 1985 760 2024 cum
797 1986 863 2026 eo
891 1987 1054 2042 super
1087 1979 1389 2030 tentatores
1424 1991 1552 2030 suos
1581 1974 1713 2044 justi
1750 1974 1958 2043 jndices
1989 1991 2080 2032 ve-

497 2061 670 2114 niant.
711 2062 924 2128 Quanto
983 2064 1126 2118 enim
1187 2065 1278 2120 hic
1323 2067 1721 2137 despectiores,
1763 2077 1914 2124 tanto
1965 2069 2078 2138 illic

497 2153 690 2221 majori
741 2155 974 2210 culmine
1037 2158 1323 2226 potestatis
1383 2170 1720 2216 excrescent.
1767 2159 2077 2216 ludicantes

497 2243 790 2300 duodecim.
827 2246 929 2299 Per
964 2248 1278 2314 duodecim,
1325 2263 1432 2303 non
1469 2251 1748 2307 duodecim
1796 2268 2074 2322 persona),

495 2335 593 2390 sed
625 2336 912 2392 multitudo
930 2337 1284 2407 iudicantium
1317 2341 1672 2410 signiﬁcatur,
1703 2352 1921 2412 propter
1946 2345 2078 2401 duas

494 2438 679 2498 partes
723 2433 1036 2500 septenarii,
1078 2447 1185 2502 quo
1230 2433 1555 2490 universitas
1604 2436 1965 2506 significatur,
2024 2437 2079 2492 id

493 2531 578 2577 est
631 2523 732 2577 tria
787 2532 844 2580 et
889 2533 1123 2594 quatuor
1161 2541 1260 2596 per
1309 2542 1446 2597 quas
1485 2527 1766 2585 duodecim
1823 2528 2080 2600 multipli~

495 2626 711 2672 cantur.

566 2709 710 2765 Vens
740 2711 829 2766 5i.
859 2743 933 2755 —
966 2713 1053 2768 Ait
1106 2723 1277 2769 autem
1327 2714 1602 2769 Dominus.
1658 2714 1737 2770 Ne
1781 2715 2080 2786 glorientur

493 2802 778 2859 duodecim
805 2806 948 2874 quod
971 2805 1073 2860 soli
1109 2806 1176 2861 de
1211 2815 1290 2861 tot
1317 2806 1551 2861 millibus
1581 2822 1704 2863 cum
1749 2805 1976 2862 Domino
2022 2807 2077 2861 in

493 2894 882 2948 tentatiouibus
905 2897 1269 2964 permansisse
1297 2897 1627 2962 dicerentur,
1684 2898 1938 2951 admonet
1984 2911 2079 2952 eos

492 2984 684 3038 eadem
719 2984 953 3053 procella
990 2986 1230 3055 potuisse
1257 2987 1486 3050 conteri,
1537 2987 1640 3042 nisi
1673 2987 1854 3042 divina
1903 2987 2078 3058 gratia

495 3073 723 3128 fuissent
757 3076 1006 3144 protecti.
1037 3074 1170 3130 Cum
1196 3091 1326 3132 vero
1349 3075 1583 3131 Satanas
1609 3078 1814 3147 expetit
1841 3087 2073 3141 tentare,

493 3177 548 3222 et
569 3166 716 3221 velut
743 3169 836 3237 qui
883 3169 1118 3223 triticum
1166 3181 1360 3240 purgat
1400 3170 1709 3224 ventitando
1759 3179 2074 3234 concutere,

492 3259 718 3317 docetur
740 3261 916 3316 nullus
938 3277 969 3315 a
993 3261 1226 3326 diabolo,
1265 3263 1368 3316 nisi
1400 3264 1508 3318 Deo
1552 3263 1900 3332 permittente
1956 3271 2075 3316 ten-

492 3353 618 3408 tari.
653 3351 789 3407 Ecce
817 3352 1068 3419 Satanas,
1097 3363 1201 3409 etc.
1261 3352 1496 3410 Satanas
1542 3355 1711 3409 bonos
1735 3353 1800 3408 ad
1832 3353 2078 3408 cribrann

493 3445 621 3504 dum
645 3446 796 3515 petit,
821 3461 946 3500 cum
976 3447 1042 3500 ad
1079 3461 1267 3500 eorum
1314 3445 1658 3501 aﬂlictionem
1705 3445 1926 3500 aestibus
1975 3460 2074 3498 an-

493 3537 641 3593 helat
677 3537 916 3592 malitiae.
942 3537 1062 3604 Quo
1090 3535 1234 3592 enim
1284 3538 1531 3592 invidens
1577 3551 1765 3591 eorum
1817 3535 2074 3590 tentatio-

496 3644 618 3684 nem
643 3629 870 3698 appetit,
905 3643 972 3684 eo
1009 3629 1223 3683 illorum
1269 3629 1426 3698 quasi
1469 3627 1840 3697 probationem
1886 3627 2076 3696 depre-

494 3735 625 3776 cans
655 3721 807 3789 petit.

566 3813 732 3867 Vens.
761 3811 849 3867 52.
877 3843 949 3852 -
972 3811 1087 3883 Ego
1113 3820 1284 3866 autem
1307 3811 1502 3882 rogavi.
1558 3810 1674 3866 Non
1714 3820 1774 3866 ut
1827 3811 2070 3877 tenteris,

494 3905 588 3960 sed
617 3918 684 3958 ne
713 3904 929 3959 deficiat
950 3905 1082 3960 ﬁdes
1115 3913 1224 3969 tua,
1259 3915 1318 3958 ut
1353 3915 1477 3974 post
1519 3903 1725 3974 lapsum
1773 3903 2077 3974 negationis

493 3997 560 4051 ad
586 3997 874 4067 pristinum
905 4005 1104 4052 statum
1133 3997 1444 4068 paenitendo
1475 4012 1745 4068 resurgas.
1801 3995 1942 4052 Utile
1992 4004 2078 4052 est

493 4088 638 4142 enim
667 4089 870 4144 sanctis
889 4098 944 4144 et
970 4091 1359 4144 tentationibus
1375 4090 1694 4155 examinari,
1724 4097 1782 4144 ut
1835 4089 1920 4144 vel
1949 4097 2072 4143 ten-

497 4181 592 4236 tati
631 4197 791 4252 quam
835 4180 1005 4238 fortes
1036 4181 1236 4238 fuerint
1265 4192 1537 4253 appareat,
1587 4182 1669 4237 vel
1717 4182 1927 4255 cognita
1978 4196 2074 4254 per

494 4275 846 4331 tentationem
878 4290 975 4330 sua
1001 4274 1318 4330 inﬁrmitate
1367 4275 1619 4331 fortiores
1670 4274 1787 4329 ﬁeri
1839 4275 2070 4344 discant,

491 4376 544 4425 et
573 4369 651 4423 si‘c
677 4384 799 4424 cum
825 4368 1037 4439 probati
1071 4366 1271 4423 fuerint
1307 4370 1572 4438 accipiant
1623 4383 1875 4424 coronam
1924 4371 2067 4425 vitae.

562 4459 726 4513 Vens.
751 4458 840 4513 55.
867 4488 937 4498 -
959 4457 1062 4524 Qui
1089 4458 1220 4512 dixit
1246 4459 1313 4524 ei,
1345 4468 1448 4514 etc.
1476 4458 1610 4525 Quia
1638 4459 1893 4515 Dominus
1920 4460 2072 4516 dixe-

2181 1991 2263 2037 tes
2298 1982 2675 2051 suscipiamus.

2252 2073 2413 2128 Vens.
2444 2074 2531 2127 58.
2555 2103 2626 2112 —
2647 2072 2782 2126 Ecce
2811 2072 2973 2143 gladii
3000 2073 3125 2127 duo.
3156 2073 3272 2128 Duo
3304 2071 3464 2142 gladii
3494 2086 3773 2142 promun-

2180 2173 2288 2230 tur,
2323 2181 2461 2219 unus
2492 2164 2643 2229 Novi,
2708 2163 2844 2218 alter
2895 2164 3104 2218 Veteris
3166 2162 3515 2225 Testamenti,
3564 2161 3776 2232 quibus

2177 2256 2438 2311 adversus
2461 2255 2658 2310 diaboli
2691 2255 2961 2308 munimur
2999 2253 3240 2307 insidias.
3278 2252 3346 2306 Et
3396 2251 3592 2306 dicitur
3621 2268 3636 2303 :
3671 2247 3777 2303 Sa-

2179 2350 2245 2402 tis
2269 2359 2367 2402 est.
2401 2349 2516 2402 Duo
2545 2347 2707 2416 gladii
2734 2343 3006 2400 sutﬁciunt
3040 2343 3106 2398 ad
3147 2332 3515 2399 testimonium
3567 2350 3776 2410 sponte

2179 2440 2324 2510 passi
2364 2438 2678 2492 Salvatoris.
2733 2437 2882 2491 Unus
2934 2436 3025 2505 qui
3069 2443 3125 2490 et
3174 2433 3431 2506 apostolis
3481 2419 3775 2486 audaciam

2179 2531 2423 2585 certandi
2451 2545 2548 2599 pro
2577 2528 2803 2583 Domino
2823 2535 2880 2582 et
2922 2526 3104 2581 evulsa
3161 2527 3270 2580 ictu
3317 2524 3464 2580 ensis
3518 2522 3774 2578 auricula

2181 2621 2412 2676 Domino
2441 2622 2604 2675 etiam
2634 2621 2896 2675 morituro
2940 2619 3192 2689 pietatem
3233 2619 3596 2687 virtutemque
3651 2629 3775 2669 me-

2181 2712 2393 2767 dicandi
2418 2713 2594 2766 inesse
2621 2713 2858 2766 doceret.
2883 2710 3032 2764 Alter
3057 2709 3149 2779 qui
3183 2723 3522 2777 nequaquam
3568 2721 3770 2761 exem-

2182 2814 2305 2872 ptus
2331 2805 2542 2871 vagina,
2571 2802 2880 2856 ostenderet
2909 2815 3001 2856 eos
3031 2816 3134 2855 non
3163 2807 3331 2854 totum
3354 2799 3496 2868 quod
3512 2807 3770 2868 potuere,

2178 2909 2280 2965 pro
2314 2893 2429 2963 ejus
2451 2893 2762 2948 defensione
2793 2893 2972 2946 facere
2999 2892 3308 2962 permissos.

2255 2985 2418 3042 Vens.
2445 2988 2534 3042 59.
2559 2986 2718 3039 -Ει
2763 3002 3015 3056 egressus.
3069 2983 3386 3038 Tradendus
3427 2997 3456 3035 a
3498 2979 3773 3050 discipulo

2184 3079 2442 3134 Dominus
2480 3086 2795 3133 consuetum
2827 3077 3005 3131 locum
3054 3074 3188 3139 adit,
3237 3073 3326 3128 ubi
3379 3072 3533 3127 facile
3579 3079 3774 3142 posset

2184 3171 2434 3236 inveniri,
2466 3187 2534 3226 ne
2587 3178 2812 3224 mortem
2859 3176 3139 3238 putaretur
3188 3165 3449 3220 timuisse.
3506 3165 3574 3218 Et
3625 3164 3772 3219 bene

2183 3262 2477 3331 discipulos
2505 3261 2784 3332 sanguinis
2814 3269 2869 3315 et
2888 3259 3136 3328 corporis
3171 3257 3251 3313 sui
3277 3257 3547 3328 mysteriis
3582 3255 3771 3309 imbu-

2181 3365 2283 3420 tos,
2307 3356 2359 3410 in
2385 3364 2622 3410 montem
2675 3353 2869 3409 Oliveti
2919 3351 3103 3406 educit
3151 3358 3212 3404 ut
3258 3364 3447 3404 omnes
3487 3349 3540 3402 in
3587 3355 3769 3403 morte

2179 3447 2350 3518 ipsius
2385 3448 2687 3518 baptizatos
2717 3445 3048 3513 designaret,
3081 3441 3350 3498 altissimo
3369 3439 3542 3496 sancti
3594 3437 3772 3509 Spiri—

2177 3550 2265 3599 tus
2293 3541 2622 3597 charismate
2657 3536 3078 3594 conﬁrmandos.

2249 3635 2414 3691 Vens.
2437 3633 2526 3687 40.
2559 3663 2629 3672 —
2659 3630 2840 3684 Orate.
2875 3625 3212 3699 lmpossibile
3241 3633 3324 3679 est
3345 3621 3623 3680 hominem
3652 3639 3770 3680 non

2178 3727 2392 3788 tentari,
2424 3740 2524 3780 nec
2558 3724 2653 3789 ait,
2684 3731 2742 3777 ut
2767 3738 2873 3777 non
2901 3720 3203 3784 tentemini,
3227 3718 3340 3786 sed,
3369 3735 3430 3772 ne
3478 3718 3677 3771 intretis
3712 3719 3771 3772 in

2178 3818 2532 3871 tentationem.
2561 3812 2742 3880 Orate,
2767 3813 2820 3866 id
2849 3821 2950 3878 est,
2989 3827 3057 3866 ne
3095 3810 3321 3866 tentatio
3373 3824 3468 3864 vos
3522 3818 3768 3879 superet,

2177 3917 2234 3964 et
2262 3909 2404 3964 intra
2429 3920 2609 3962 casses
2637 3921 2764 3960 suos
2789 3912 2989 3959 teneat.

2249 3997 2726 4057 Vens.4l.—Et
2782 3999 2911 4068 ipse,
2976 4006 3080 4051 etc.
3131 3995 3268 4051 Dato
3315 3994 3576 4066 apostolis
3629 4011 3771 4066 pm-

2178 4101 2334 4163 cepto
2354 4091 2566 4157 orandi,
2594 4098 2648 4145 et
2677 4091 2790 4160 ipse
2813 4089 3028 4144 avulsus
3059 4097 3144 4144 est
3175 4089 3241 4142 ab
3267 4088 3366 4142 eis.
3427 4087 3589 4141 Solus
3643 4097 3769 4144 orat

2174 4203 2276 4259 pro
2293 4187 2543 4241 omnibus
2567 4184 2657 4252 qui
2681 4184 2826 4238 solus
2847 4197 2944 4253 pro
2967 4181 3213 4236 omnibus
3235 4195 3489 4250 passurus
3519 4188 3656 4244 erat,
3680 4180 3769 4232 in-

2179 4294 2350 4336 nuens
2387 4278 2687 4332 orationem
2725 4291 2902 4340 suam,
2926 4283 3132 4328 tantum
3178 4281 3438 4342 quantum
3477 4279 3532 4326 et
3557 4272 3769 4341 passio-

2178 4388 2300 4428 nem
2330 4387 2358 4425 a
2391 4378 2572 4425 nostra
2599 4369 2820 4423 distare.
2853 4365 3039 4419 lactus
3065 4375 3138 4420 est
3169 4363 3377 4433 lapidis,
3405 4374 3512 4419 etc.
3571 4363 3629 4417 In
3663 4365 3767 4418 hoc

2177 4463 2403 4536 mystice
2423 4462 2613 4525 innuit,
2639 4469 2699 4515 ut
2724 4459 2776 4514 in
2800 4459 3028 4528 idipsum
3060 4457 3566 4527 dirigantlapidem,
3601 4457 3654 4510 id
3683 4464 3768 4512 est

491 4561 577 4607 rat
602 4567 660 4607 se
687 4565 786 4623 pro
806 4550 966 4606 Petro
993 4565 1196 4617 orasse,
1243 4551 1491 4606 conscius
1518 4551 1607 4607 ille
1631 4555 1911 4622 przesentis
1938 4554 2069 4610 atl'e—
2097 4589 2152 4651 Β
2176 4576 2348 4630 usque
2390 4559 2456 4614 ad
2500 4557 2673 4627 ipsum
2715 4554 3012 4625 perducant
3055 4551 3406 4607 intentionem
3449 4550 3606 4621 legis,
3647 4564 3767 4620 qum

491 4650 609 4698 ctus
633 4649 688 4696 et
709 4640 967 4696 ferventis
995 4640 1140 4705 ﬁdei,
1172 4640 1265 4696 sed
1286 4640 1502 4694 nescius
1528 4656 1686 4697 casus
1716 4641 1905 4710 futuri,
1959 4661 2068 4701 non

489 4735 663 4792 credit
691 4749 750 4790 se
779 4735 849 4789 ab
879 4747 944 4789 eo
973 4749 1131 4804 posse
1161 4731 1412 4788 deﬁcere.
1471 4731 1578 4788 Sed
1634 4733 1723 4790 ille
1773 4737 1862 4805 qui
1923 4739 2074 4794 novit

491 4826 620 4896 quid
644 4825 715 4880 sit
752 4826 807 4880 in
839 4825 1078 4890 homine,
1126 4839 1196 4879 ne
1242 4823 1364 4894 quis
1403 4823 1470 4879 de
1519 4839 1616 4880 suo
1669 4834 1814 4880 statu
1855 4827 2071 4883 incaute

490 4915 743 4979 conﬁdat,
772 4914 858 4970 vel
885 4915 951 4970 de
989 4930 1118 4970 casu
1169 4915 1437 4971 incautius
1467 4914 1690 4984 ditﬁdat,
1737 4917 1878 4972 sicut
1929 4918 2073 4973 Deus

489 5009 729 5072 modum,
758 5013 989 5076 tempus,
1020 5022 1303 5062 numerum
1334 5009 1632 5077 negationis
1654 5006 1770 5078 ejus
1807 5007 2070 5078 prtedicit,

491 5111 546 5155 et
580 5107 721 5155 sicut
768 5101 1083 5157 misericors
1127 5100 1385 5157 auxilium
1415 5117 1527 5158 suae
1576 5102 1906 5159 defensionis
1947 5118 2075 5175 pro-

490 5193 677 5247 mittit.

563 5285 726 5342 Vsns.
754 5285 841 5341 35.
869 5317 940 5326 —
968 5286 1190 5353 Quando
1219 5287 1339 5342 misi
1360 5303 1466 5342 vos.
1522 5286 1641 5342 Non
1673 5287 1861 5343 eadem
1888 5287 2074 5359 regula

492 5379 708 5435 vivendi
757 5372 1146 5449 persecutionis
1193 5390 1434 5450 tempore
1459 5396 1564 5450 qua
1601 5381 1753 5451 pacis
1779 5380 2074 5452 discipulos

490 5470 766 5526 informat.
790 5471 968 5528 Missis
989 5473 1251 5542 siquidem
1273 5473 1551 5543 discipulis
1566 5473 1632 5527 ad
1646 5473 2072 5544 praedicandum,

491 5583 560 5622 ne
589 5566 716 5637 quid
747 5565 998 5622 tollerent
1024 5567 1078 5620 in
1105 5567 1190 5620 via
1223 5566 1512 5636 praecepit;
1541 5567 1801 5621 ordinans
1846 5567 2072 5636 scilicet,

493 5669 550 5713 ut
588 5660 678 5728 qui
719 5657 1060 5730 Evangelium
1087 5659 1314 5721 nuntiat,
1344 5659 1409 5712 de
1443 5658 1730 5727 Evangelia
1769 5659 1928 5714 vivat.
1985 5659 2076 5715 ln-

491 5761 669 5807 stante
695 5767 826 5807 vero
855 5752 1044 5806 mortis
1068 5751 1320 5818 articulo,
1361 5761 1415 5806 et
1435 5760 1545 5806 tota
1591 5750 1679 5806 illa
1713 5761 1871 5823 gente
1897 5763 2078 5824 pasto—

493 5859 607 5904 retu
635 5845 796 5904 simul
819 5853 874 5902 et
902 5860 1122 5919 gregem
1167 5856 1548 5919 persequente,
1597 5862 1896 5918 congruam
1947 5861 2080 5908 tem-

2173 4658 2374 4726 scripta
2403 4661 2521 4709 erat
2551 4651 2728 4720 lapide
2756 4667 2768 4703 :
2797 4663 2965 4717 usque
2995 4645 3060 4700 ad
3085 4644 3232 4699 illum
3261 4645 3404 4700 enim
3431 4653 3610 4714 potest
3637 4658 3762 4714 pcr-

2173 4750 2358 4806 venire
2385 4746 2474 4800 ille
2495 4745 2652 4814 lapis,
2673 4741 2928 4812 quoniam
2958 4739 3080 4807 ﬁnis
3102 4737 3227 4808 legis
3253 4746 3330 4791 est
3350 4736 3589 4792 Christus
3622 4732 3766 4789 omni

2175 4841 2404 4898 credenti
2432 4838 2499 4893 ad
2541 4835 2807 4907 justitiam
2832 4831 3008 4904 (Rom.
3033 4831 3109 4903 χ).
3765 4831 3774 4840 '

2248 4934 2411 4988 Vens.
2440 4928 2531 4982 42.
2552 4957 2622 4966 —
2647 4921 2846 4979 Orabat
2873 4923 3069 4977 dicens.
3101 4922 3230 4976 Orat
3256 4936 3361 4975 non
3416 4927 3523 4974 tam
3566 4917 3764 4972 timore

2177 5021 2437 5094 patiendi,
2485 5032 2644 5087 quam
2694 5013 3068 5069 misericordia
3105 5011 3305 5082 prioris
3356 5007 3560 5081 populi,
3590 5024 3660 5062 ne
3697 5008 3766 5064 ab

2179 5115 2270 5170 illo
2297 5113 2448 5168 bibat
2473 5107 2696 5164 calicem
2719 5106 3081 5175 propinatum.
3115 5101 3268 5158 Unde
3301 5111 3354 5157 et
3377 5102 3657 5171 signanter
3683 5097 3764 5152 di-

2178 5206 2253 5262 cit
2281 5223 2293 5258 :
2324 5203 2515 5266 Istum,
2539 5200 2592 5255 id
2622 5207 2724 5261 est,
2755 5195 2932 5267 populi
2953 5194 3258 5248 Judmorum
3294 5192 3385 5265 qui
3426 5205 3531 5244 non
3567 5189 3766 5242 habent

2179 5295 2586 5354 excusationem
2636 5275 2953 5362 ignorantia
2995 5287 3049 5340 in
3109 5302 3282 5341 meam
3329 5292 3581 5344 mortem,
3637 5281 3761 5350 quia

2180 5387 2422 5460 quotidie
2454 5385 2746 5440 annuntior
2783 5383 2889 5437 illis
2925 5382 2978 5435 in
3001 5379 3117 5450 lege
3145 5388 3198 5434 et
3215 5378 3511 5449 prophetis.
3553 5373 3610 5431 Si
3637 5388 3763 5442 ergo

2180 5479 2297 5535 ﬁeri
2328 5485 2524 5550 potest,
2553 5486 2612 5532 ut
2634 5476 2750 5531 sine
2782 5474 3002 5529 interitu
3041 5471 3346 5528 Iudaeorum
3382 5468 3575 5525 credat
3627 5466 3766 5522 mul-

2178 5573 2354 5627 titudo
2376 5571 2635 5642 gentium,
2672 5585 2863 5624 recuso
2887 5567 3216 5638 passionem.
3250 5565 3307 5620 Si
3334 5578 3463 5618 vero
3491 5561 3565 5617 illi
3591 5576 3765 5618 excae-

2181 5665 2334 5721 candi
2362 5672 2508 5730 sunt,
2543 5672 2604 5719 ut
2630 5661 2721 5718 alii
2760 5662 2996 5725 videant,
3047 5676 3152 5715 non
3203 5673 3343 5722 mea,
3386 5655 3482 5712 sed
3531 5664 3623 5710 tua
3673 5653 3764 5709 ﬁat

2180 5760 2436 5919 vellat]:
2470 5848 2516 5905 si
2543 5848 2642 5916 vis,
2665 5853 2767 5904 etc.
2794 5842 3015 5919 (Anna)
3048 5842 3154 5900 Pro
3176 5857 3263 5900 me
3313 5839 3486 5899 doluit
3511 5853 3634 5916 cum
3661 5849 3762 5927 pro
