3960 6336
220 368 309 425 3M
525 424 538 425 ί
1181 356 1449 415 GLOSSA
1487 349 1881 412 ORDINARIA.
1923 381 1994 392 —
2029 351 2283 409 EVANG.
2321 350 2476 407 LUC.

3367 345 3474 402 υη

231 499 282 540 se
304 476 428 534 nihil
446 474 632 530 habuit
657 472 799 544 quod
831 471 1057 529 doleret.
1111 471 1362 544 Suscepit
1410 471 1554 528 enim
1617 469 1784 524 tristi-
1811 469 1862 529 Α
1887 482 2009 522 esse
2037 483 2178 533 reos,
2210 481 2440 537 quorum
2461 463 2685 522 consilio
2707 472 2902 520 cuncta
2943 466 3292 534 gerebantur,
3337 462 3475 519 dicit

230 575 348 630 tiam
369 583 539 624 meam
576 575 634 620 ut
662 565 794 620 mihi
827 565 1113 634 largiretur
1149 580 1301 620 suam
1324 562 1586 618 laetitiam.
1612 559 1791 616 Confl-

231 663 404 718 denter
437 672 563 728 ergo
597 656 875 712 tristitiam
907 655 1145 718 nomino,
1175 655 1268 723 qui
1290 666 1505 708 crucem
1533 649 1787 720 praedico.

301 751 679 811 Verumtamen,
726 756 830 802 etc.
876 745 1327 816 Appropinquans
1382 741 1641 798 Dominus
1662 753 1789 810 pas-

229 843 378 908 sioni,
426 839 812 894 infirmantium
868 853 1055 893 vocem
1085 845 1140 891 et
1164 837 1413 900 timorem
1465 840 1524 887 ut
1578 832 1790 887 abstra-

230 939 388 998 heret,
428 933 480 986 in
510 947 570 986 se
627 931 865 1000 suscepit
897 948 911 983 :
943 937 999 984 et
1043 942 1230 983 rursus
1279 941 1378 997 per
1429 923 1792 980 obedientiam

229 1019 580 1082 fortitudinem
605 1021 806 1078 mentis
836 1020 1094 1086 ostendit,
1127 1027 1186 1074 ut
1230 1033 1354 1074 eum
1407 1016 1562 1072 nobis
1612 1015 1791 1070 immi-

226 1125 307 1172 net
327 1117 464 1186 quod
491 1113 606 1169 fieri
635 1113 904 1176 nolumus,
929 1112 1005 1166 sic
1025 1126 1122 1180 per
1145 1109 1520 1164 infirmitatem
1547 1115 1794 1179 petamus

225 1223 286 1261 ne
322 1207 427 1270 fiat,
464 1213 523 1259 ut
555 1212 732 1258 tamen
766 1219 860 1273 per
893 1201 1261 1255 fortitudinem
1305 1199 1482 1270 parati
1527 1198 1696 1252 simus
1726 1196 1794 1252 ad

223 1293 539 1363 implendum
571 1291 868 1347 conditoris
898 1289 1230 1345 voluntatem
1265 1288 1444 1358 potius
1480 1301 1642 1357 quam
1693 1302 1793 1342 no-

220 1393 394 1440 stram.

283 1475 436 1529 Vens.
469 1473 557 1528 44.
578 1503 649 1515 -—
676 1473 745 1527 Et
773 1473 944 1541 factus
965 1481 1038 1527 est
1090 1472 1272 1527 sudor.
1315 1467 1796 1541 Appropinquante

215 1578 379 1624 morte
407 1577 690 1622 certamen
720 1565 916 1621 mentis
939 1575 1138 1619 nostrze
1170 1564 1222 1618 in
1268 1579 1325 1618 se
1371 1562 1659 1634 expressit,
1701 1560 1795 1629 qui

216 1661 399 1716 merito
454 1658 745 1730 quamdam
795 1658 900 1711 vim
956 1656 1150 1711 terrori
1186 1657 1441 1726 patimur,
1503 1669 1624 1709 cum
1674 1660 1798 1722 post

213 1752 461 1822 pusillum
491 1766 678 1806 sumus
707 1750 976 1805 inventuri
1010 1749 1150 1817 quod
1211 1749 1263 1802 in
1302 1757 1563 1804 aeternum
1612 1747 1790 1802 duret.

1890 574 1985 616 eos
2018 561 2232 615 venisse
2267 562 2335 614 ad
2380 557 2946 630 comprehendendum
3003 556 3339 611 Salvatorem
3380 555 3474 625 qui

1889 666 2003 707 suae
2022 650 2283 719 jussionis
2303 657 2570 720 potestate
2601 657 2882 704 venerunt.
2913 647 3078 714 Quasi
3100 648 3168 700 ad
3195 646 3473 713 latronem,

1889 748 1999 796 etc.
2022 741 2258 796 Stultum
2283 749 2366 796 est
2396 753 2520 794 cum
2541 737 2732 811 gladiis
2755 748 2811 795 et
2841 739 3077 794 fustibus
3096 753 3360 807 quaerere,
3383 737 3476 806 qui

1892 833 2035 887 ultro
2057 846 2114 886 se
2136 847 2322 887 eorum
2353 829 2510 886 offert
2550 831 2822 895 manibus,
2856 840 2912 884 et
2940 831 2995 885 in
3027 839 3185 886 nocte
3203 829 3360 898 quasi
3401 829 3478 882 la-

1889 925 2141 980 titantem
2172 933 2226 980 et
2245 932 2459 979 vestros
2498 922 2686 978 oculos
2735 923 3098 979 declinantem
3153 922 3481 992 investigare

1891 1031 1992 1088 per
2015 1017 2368 1087 proditorem,
2399 1015 2489 1086 qui
2515 1016 2757 1086 quotidie
2799 1016 2852 1070 in
2886 1018 3087 1085 templo
3136 1016 3311 1096 docet.
3372 1013 3479 1068 Sed

1892 1108 2017 1164 ideo
2047 1108 2335 1163 adversum
2364 1121 2451 1160 me
2482 1107 2535 1160 in
2583 1107 2819 1161 tenebris
2872 1106 3295 1178 eongregamini,
3351 1105 3480 1175 quia

1893 1209 2133 1272 potestas
2158 1209 2338 1256 vestra
2367 1216 2472 1270 qua
2499 1209 2690 1256 contra
2712 1199 2884 1256 lucem
2917 1200 3226 1266 armamini,
3255 1200 3308 1254 in
3339 1207 3483 1254 tene-

1895 1294 2010 1350 bris
2035 1304 2135 1348 est.

1965 1382 2135 1439 Vens.
2163 1384 2250 1439 54.
2278 1413 2346 1424 ο-
2380 1383 2644 1454 Principis
2697 1384 3048 1437 sacerdotum.
3105 1382 3340 1452 Caiphae,
3388 1382 3482 1452 qui

1895 1476 2267 1548 pontificatum
2292 1477 2451 1532 unius
2480 1476 2603 1529 anni
2637 1476 2813 1546 pretio
2832 1475 2938 1528 sibi
2961 1482 3214 1528 emerata
3236 1474 3484 1528 Romano

1896 1569 2136 1639 principe
2165 1587 2176 1623 :
2203 1569 2352 1639 prius
2383 1579 2562 1624 tamen
2577 1568 2643 1624 ad
2664 1567 2898 1640 Apnam,
2925 1576 2982 1622 ut
3002 1567 3236 1622 Joannes
3261 1567 3336 1620 ait
3356 1583 3369 1618 :
3389 1566 3486 1620 Se-

1895 1663 2152 1733 quebatur
2179 1663 2408 1734 alonge.
2477 1661 2668 1717 Merito
2707 1678 2734 1716 a
2769 1662 2926 1730 longe
2976 1661 3068 1731 qui
3129 1661 3181 1714 in
3237 1659 3486 1730 proximo

1898 1753 2075 1809 fuerat
2108 1762 2420 1826 negaturus.
2470 1754 2754 1825 Signiﬁcat
2803 1752 3098 1808 Ecclesiam
3146 1753 3484 1806 imitatnram

217 1844 496 1915 Sanguinis
525 1846 846 1898 decurrentis
868 1846 922 1898 in
945 1853 1155 1897 terram.
1181 1843 1286 1897 Per
1306 1851 1504 1898 terram
1528 1843 1790 1912 sanguine
1820 1828 1867 1889 Β
1895 1847 2093 1904 Christi
2123 1849 2426 1919 passionem
2479 1846 2633 1919 longe
2683 1845 3014 1910 differenter,
3055 1845 3181 1916 quia
3240 1843 3486 1899 Ecclesia

213 1933 490 2004 irrigatam
521 1933 852 1998 declaratur,
875 1935 1017 2003 quod
1053 1932 1303 1987 effectum
1333 1949 1444 1987 sua:
1481 1934 1660 2003 procis
1675 1932 1790 2000 jam

213 2025 500 2089 obtineret,
529 2034 588 2079 ut
626 2025 784 2080 fidem
807 2024 1014 2080 scilicet
1041 2023 1422 2093 discipulorum
1462 2039 1624 2092 quam
1679 2032 1791 2079 ter-

211 2129 329 2169 rena
360 2116 545 2170 adhuc
569 2113 834 2185 fragilitas
857 2113 1132 2185 arguebat,
1193 2129 1292 2170 suo
1340 2115 1604 2185 sanguine
1661 2131 1795 2185 pur-

212 2213 374 2275 garet,
403 2213 470 2260 et
495 2205 754 2275 quidquid
793 2205 883 2259 illa
923 2204 1159 2260 scandali
1187 2207 1252 2260 de
1288 2215 1460 2261 morte
1491 2205 1608 2276 ejus
1665 2220 1790 2275 per-

211 2295 430 2360 tulisset,
471 2296 572 2350 hoc
608 2304 777 2352 totum
807 2296 919 2366 ipse
941 2295 1222 2351 moriendo
1250 2296 1473 2364 deleret,
1515 2298 1610 2353 sed
1637 2306 1691 2352 et
1713 2306 1796 2352 to-

215 2397 318 2442 tum
359 2390 627 2444 mundum
669 2390 908 2460 peccatis
953 2397 1223 2444 mortuum
1270 2390 1336 2446 ad
1386 2390 1554 2446 vitam
1609 2404 1792 2446 resus-

213 2479 417 2534 citaret.

285 2569 448 2625 Vens.
507 2571 692 2625 47.-—
726 2569 792 2624 Ut
848 2571 1191 2627 oscularetur.
1244 2569 1478 2641 Suscipit
1537 2571 1797 2628 Dominus

217 2661 478 2727 osculum,
505 2677 611 2716 non
642 2663 785 2733 quod
820 2662 1075 2717 simulare
1103 2678 1200 2717 nos
1230 2663 1438 2727 doceat,
1469 2663 1560 2716 sed
1589 2673 1646 2717 ut
1698 2677 1798 2718 nec

217 2753 544 2821 proditorem
579 2754 823 2824 refugere
845 2755 1138 2819 videretur,
1161 2763 1212 2809 et
1239 2753 1360 2824 plus
1391 2753 1624 2808 alliceret
1673 2770 1799 2824 pro-

215 2845 466 2910 ditorem,
497 2847 582 2901 cui
609 2849 811 2902 amoris
835 2846 1007 2902 officia
1040 2863 1147 2903 non
1183 2856 1422 2918 negaret.
1475 2848 1627 2904 Unde
1657 2846 1796 2901 dici-

217 2944 350 2993 tur:
393 2939 525 2994 Cum
578 2942 658 2995 his
711 2943 800 3012 qui
846 2941 1064 2997 oderunt
1112 2957 1291 3012 pacem
1345 2959 1487 2997 eram
1542 2942 1796 3014 paciﬁcus

213 3030 387 3100 (Psal.
421 3033 594 3102 CXIX).

1893 1938 2096 2009 patitur
2122 1956 2219 2010 pro
2243 1955 2323 2005 sc,
2355 1939 2604 1995 Christus
2633 1955 2733 2011 pro
2761 1939 3020 1995 Ecclesia.

1971 2030 2130 2084 Vens.
2160 2031 2249 2085 55.
2273 2061 2342 2070 -—-
2372 2031 2502 2101 Igne
2527 2032 2581 2084 in
2609 2031 2800 2085 medio.
2860 2029 3002 2102 Ignis
3047 2027 3358 2100 crtpiditatis
3400 2027 3488 2081 in-

1894 2123 2098 2179 stinctu
2151 2122 2373 2192 maligni
2409 2123 2629 2192 spiritus
2663 2138 2944 2186 accensus,
2997 2122 3051 2176 in
3095 2122 3233 2176 atrio
3273 2121 3490 2190 Caiphae

1898 2217 1964 2271 ad
1987 2217 2291 2290 negandum
2315 2224 2370 2270 et
2388 2215 2874 2286 blasphemandum
2905 2217 3071 2272 Deum
3094 2215 3308 2284 linguas
3331 2214 3492 2284 perfi-

1898 2314 2089 2368 dorum
2119 2315 2382 2367 armabat.
2423 2311 2575 2378 Quod
2603 2311 2747 2366 enim
2776 2311 2921 2366 intus
2945 2312 2999 2366 in
3027 2312 3186 2366 domo
3226 2308 3490 2379 principis

1897 2406 2240 2461 sacerdotum
2273 2404 2505 2474 maligna
2536 2404 2774 2475 synodus
2800 2403 3045 2474 gerebat,
3087 2403 3191 2457 hoc
3222 2401 3360 2469 ignis
3402 2401 3488 2454 in-

1901 2489 1983 2549 ter
2019 2494 2218 2565 frigora
2251 2494 2423 2548 noctis
2463 2492 2592 2547 foris
2618 2508 2877 2547 accensus
2932 2491 3107 2563 typice
3150 2489 3492 2543 demonstra-

1900 2585 2016 2641 bat.
2050 2585 2164 2640 Hoc
2194 2585 2394 2656 frigore
2435 2585 2503 2640 ad
2555 2584 2746 2638 horam
2794 2593 3014 2654 torpens
3060 2582 3273 2648 Petrus,
3333 2580 3493 2650 quasi

1900 2678 2090 2750 prunis
2119 2679 2494 2734 ministrorum
2524 2677 2760 2734 calefieri
2791 2677 3061 2748 cupiebat,
3110 2676 3236 2747 quia
3276 2683 3486 2745 tempo-

1902 2769 2033 2824 ralis
2076 2769 2346 2825 commodi
2379 2769 2632 2825 solatium
2681 2768 3014 2838 perfidorum
3049 2767 3309 2822 societate
3345 2779 3496 2834 qua»

1902 2861 2076 2917 rebat.
2131 2859 2238 2916 Sed
2287 2863 2428 2916 hanc
2471 2860 2844 2917 infidelitatem
2890 2859 3119 2916 Domino
3163 2859 3495 2930 respiciente

1903 2954 2121 3024 reliquit
2143 2963 2197 3009 et
2234 2965 2353 3025 post
2389 2955 2843 3011 resurrectionem
2880 2954 2935 3010 in
2959 2963 3187 3025 captura
3230 2953 3488 3024 piscium,

1904 3061 2027 3100 cum
2044 3063 2249 3116 prunas
2269 3047 2496 3116 positas,
2522 3056 2574 3102 et
2597 3048 2798 3118 piscem
2825 3047 3224 3118 superpositum
3249 3047 3492 3114 vidisset,

284 3123 458 3176 Vens.
508 3121 596 3176 49.
651 3151 722 3163 —
752 3121 992 3185 Domine,
1049 3123 1094 3177 si
1134 3125 1450 3193 percutimus
1507 3125 1560 3178 in
1600 3124 1794 3194 gladio.

1907 3151 2000 3190 cor
2031 3151 2184 3190 suum
2206 3137 2397 3206 prunis
2430 3138 2630 3193 amoris
2660 3137 3028 3192 inflammavit.

211 3212 364 3266 Ordo
412 3227 427 3265 :

211 3306 537 3376 percutiunt:
558 3307 612 3360 in
631 3305 806 3377 gladio
829 3346 844 3372 ,
897 3315 1024 3360 tunc
1051 3307 1328 3376 respondit
1359 3323 1373 3360 :
1416 3305 1585 3361 Sinite
1639 3321 1803 3376 usque

213 3401 334 3450 huc.
376 3393 434 3449 Id
463 3405 566 3462 est,
596 3411 699 3450 non
729 3399 827 3450 vos
854 3404 1068 3451 moveat
1089 3396 1233 3466 quod
1267 3393 1505 3450 futurum
1539 3402 1639 3450 est.
1673 3395 1802 3449 Per-

214 3480 468 3540 mittendi
493 3496 617 3542 sunt
643 3490 920 3557 hucusque
945 3487 1219 3558 progredi,
1250 3495 1310 3541 ut
1366 3502 1451 3541 me
1495 3489 1800 3558 apprehen-

218 3578 370 3644 dant,
403 3586 459 3633 et
502 3578 831 3648 impleantur
855 3595 976 3650 quae
1011 3579 1078 3634 de
1109 3594 1196 3634 me
1245 3579 1448 3650 scripta
1497 3588 1638 3635 sunt.
1694 3579 1803 3636 Sed

218 3671 357 3725 inter
381 3687 564 3727 moras
592 3673 878 3727 verborum
911 3672 1354 3743 interrogantium
1375 3680 1429 3727 et
1470 3674 1804 3742 responden-

219 3760 307 3825 tis,
339 3760 558 3827 Petrus,
592 3762 850 3817 aviditate
876 3758 1206 3817 defensionis
1235 3761 1442 3831 majore
1473 3772 1798 3831 commotus,

215 3864 310 3921 pro
334 3852 566 3907 Domino
589 3853 874 3922 percussit.
903 3852 1008 3908 Sed
1039 3869 1142 3909 non
1165 3862 1455 3924 potuerunt
1491 3855 1650 3909 simul
1672 3855 1800 3924 dici,

216 3958 332 4012 qua:
366 3954 662 4013 potuerunt
689 3946 848 4001 simul
875 3947 1010 4001 fieri.
1042 3945 1156 4001 Non
1194 3962 1322 4018 ergo
1347 3948 1547 4002 dicitur
1581 3967 1594 4002 :
1629 3948 1805 4004 Sinite

215 4051 380 4107 usque
407 4039 541 4105 huc,
585 4040 738 4111 quasi
777 4040 1004 4094 Domino
1056 4039 1318 4108 placuerit
1374 4039 1574 4096 factum
1633 4041 1801 4108 Petri,

213 4142 331 4182 cum
360 4131 509 4200 apud
543 4129 852 4185 Matthreum
880 4130 1091 4202 legatur
1126 4129 1366 4188 dixisse:
1396 4130 1649 4186 Converte
1685 4132 1803 4203 gla-

211 4218 534 4276 diummum
560 4223 613 4274 in
638 4222 809 4275 locum
835 4237 1009 4288 suum,
1050 4223 1194 4294 quod
1226 4231 1350 4294 post
1396 4222 1600 4279 factum
1640 4239 1805 4296 appa-

215 4319 292 4367 ret
330 4312 542 4368 dixisse
560 4311 764 4368 Jesum.

282 4421 446 4478 Vens.
484 4421 572 4478 50.
608 4454 677 4463 —
727 4421 972 4489 Servum,
1029 4432 1134 4481 etc.
1185 4423 1410 4496 Mystice
1435 4443 1447 4480 ε
1476 4425 1679 4482 Servus
1722 4432 1808 4482 est

485 3211 620 3267 Cum
681 3213 1108 3284 interrogassent
1135 3186 1384 3270 dicentes
1417 3234 1428 3268 :
1461 3186 1699 3278 Domine,
1752 3215 1800 3269 si
1827 3186 1873 3251 Ο
3078 3229 3252 3300 prima
3297 3225 3495 3284 ancilla

1905 3319 2106 3389 prodit,
2133 3334 2254 3373 cum
2285 3319 2385 3373 viri
2408 3321 2580 3391 magis
2605 3329 2858 3391 poterant
2884 3321 3250 3391 cegnoscere?
3288 3320 3402 3376 Nisi
3427 3325 3490 3377 ut

1907 3408 2010 3464 iste
2029 3425 2198 3470 sexus
2219 3409 2537 3466 ostendatur
2569 3413 2622 3467 in
2661 3425 2792 3467 nece
2823 3411 3035 3467 Domini
3071 3427 3350 3484 peccasse,
3391 3426 3492 3482 per

1904 3501 2213 3573 passionem
2237 3503 2635 3573 redempturus.
2670 3504 2737 3558 Et
2762 3503 2882 3559 ideo
2903 3504 3098 3560 mulier
3119 3505 3290 3576 prima
3315 3519 3498 3560 resur-

1907 3591 2163 3648 rectionis
2192 3593 2508 3664 mysterium
2540 3594 2771 3665 accepit,
2798 3604 2853 3651 et
2879 3597 3134 3652 mandata
3164 3597 3418 3663 custodit,
3435 3603 3498 3654 ut

1903 3694 2143 3740 veterem
2170 3686 2627 3755 praevaricationis
2657 3702 2900 3742 errorem
2928 3687 3188 3744 aboleret.

1975 3773 2141 3831 Vens.
2179 3774 2269 3831 57.
2292 3807 2363 3817 —
2384 3775 2559 3830 Atille
2580 3778 2798 3848 negavit.
2842 3776 2960 3833 Non
2985 3778 3040 3832 in
3071 3788 3275 3846 monte,
3301 3793 3408 3834 non
3436 3775 3498 3835 in

1908 3864 2127 3937 templo,
2154 3881 2261 3922 non
2287 3867 2342 3922 in
2367 3867 2525 3923 domo
2550 3884 2645 3924 sua
2676 3868 2869 3925 Petrus
2896 3877 3077 3938 negat,
3109 3870 3203 3926 sed
3255 3870 3310 3924 in
3356 3884 3496 3940 prae-

1905 3957 2046 4013 torio
2082 3953 2412 4022 Iudaeorum,
2440 3958 2495 4012 in
2522 3957 2683 4014 domo
2712 3958 2972 4028 principis
2999 3959 3344 4014 sacerdotum
3402 3957 3498 4016 ubi

1907 4066 2015 4105 non
2039 4057 2122 4105 est
2149 4050 2370 4115 veritas,
2404 4050 2495 4106 ubi
2521 4049 2770 4106 Christus
2799 4061 2991 4122 captus
3012 4063 3066 4107 et
3096 4053 3309 4124 ligatus.
3353 4051 3497 4120 Quid

1908 4141 2013 4195 nisi
2046 4148 2272 4204 erraret,
2323 4155 2482 4210 quem
2529 4141 2824 4197 intromisit
2873 4144 3092 4198 ostiaria
3149 4144 3498 4200 Iudaeorum!

1903 4229 2018 4285 Eva
2057 4229 2197 4286 male
2240 4229 2452 4286 induxit
2500 4231 2694 4298 Adam,
2748 4229 2969 4289 Petrum
3013 4235 3154 4290 male
3197 4234 3497 4292 introduxit

1907 4322 2132 4379 femina.

1980 4413 2143 4470 Vens.
2169 4413 2259 4479 59,
2292 4414 2378 4469 60.
2407 4445 2478 4455 —
2505 4413 2701 4481 Homo,
2739 4417 2909 4472 nescio
2932 4419 3060 4490 quid
3086 4419 3236 4478 dicis.
3266 4422 3384 4480 Non
3410 4439 3497 4481 so-

205 4513 440 4583 ‘populus
495 4511 822 4579 Iudaeorum,
882 4513 1238 4584 principibus,
1300 4516 1507 4571 scilicet
1565 4517 1804 4572 indebite
1828 4549 1884 4614 Β
1910 4507 2020 4562 lum
2046 4515 2207 4614 "883-!
2231 4506 2527 4611 Christum,
2578 4508 2668 4579 qui
2704 4507 2836 4564 dicit
2865 4511 3011 4565 illum
3040 4529 3144 4568 non
3186 4530 3306 4569 esse
3336 4514 3497 4574 Chri-

220 4605 580 4676 mancipatus,
617 4604 708 4675 qni
737 4606 788 4659 in
811 4605 1062 4675 passione
1108 4605 1320 4660 Domini
1369 4607 1647 4662 dexteram
1705 4622 1803 4662 au-

220 4707 348 4758 rem,
385 4693 438 4749 id
474 4704 575 4760 est,
606 4695 940 4766 spiritualem
976 4696 1386 4767 intelligentiam
1410 4699 1661 4769 perdidit.
1716 4697 1804 4754 Si-

225 4786 412 4854 nistra,
469 4789 522 4844 id
550 4799 654 4854 est,
709 4788 910 4843 vilitate
935 4790 1128 4845 litterae
1157 4798 1462 4855 contentus,
1514 4808 1618 4846 non
1642 4791 1804 4847 Petro

229 4876 466 4945 tollente,
492 4879 587 4933 sed
607 4878 789 4934 divino
812 4880 1016 4950 judicio
1055 4881 1286 4936 ablatam
1331 4883 1618 4953 pandente.
1675 4883 1806 4950 Quae

228 4971 370 5025 auris
396 4972 449 5025 in
479 4971 564 5026 his
586 4972 678 5042 qui
704 4973 924 5028 credere
951 4972 1276 5040 maluerunt,
1333 4974 1537 5045 pietate
1589 4972 1806 5030 Domini

227 5061 552 5118 restituitur.

296 5152 461 5211 Vens.
495 5155 584 5210 52.
625 5187 694 5196 —-
751 5153 1006 5213 Venerunt
1063 5158 1132 5212 ad
1180 5174 1252 5223 se,
1302 5165 1406 5214 etc.
1459 5155 1620 5214 Juxta
1671 5159 1807 5216 alios

229 5248 581 5315 evangelistas
617 5263 722 5302 non
746 5257 1007 5302 venerant
1030 5248 1095 5301 ad
1117 5245 1296 5303 Jesum
1329 5248 1599 5319 principes
1626 5265 1807 5304 sacer-

231 5334 412 5391 dotum
438 5347 492 5393 et
514 5339 878 5410 magistratus,
907 5338 999 5394 sed
1019 5339 1071 5392 in
1101 5340 1240 5394 atrio
1271 5337 1491 5409 Caiphae
1525 5349 1806 5410 exspecta-

232 5440 441 5484 verant.
469 5429 572 5484 Sed
596 5430 723 5500 quia
754 5429 827 5484 illi
859 5430 925 5484 de
954 5445 1088 5484 nece
1125 5429 1337 5483 Domini
1369 5430 1440 5484 ita
1465 5429 1716 5502 agebant,
1747 5437 1806 5486 ut

231 5522 380 5588 quasi
415 5521 618 5575 innoxii
647 5522 972 5587 viderentur,
1005 5528 1124 5575 cum
1165 5537 1260 5591 per
1289 5520 1607 5592 discipulum
1640 5523 1806 5578 tradi-

233 5619 338 5678 tus,
373 5630 402 5668 a
435 5614 648 5670 tribuno
707 5623 758 5670 et
803 5615 996 5670 turbis-
1032 5615 1472 5683 comprehensus,
1518 5631 1547 5668 a
1578 5616 1806 5686 praeside

235 5700 540 5769 damnatus,
587 5721 616 5759 a
652 5702 912 5759 Romanis
967 5704 1275 5769 crucifixus,
1319 5721 1346 5758 a
1385 5705 1592 5776 populis
1639 5705 1804 5762 etiam

235 5788 508 5850 Barabbas
533 5803 614 5852 est
637 5794 860 5864 electus,
881 5795 1067 5852 volens
1092 5795 1418 5867 evangelista
1454 5811 1545 5853 eos
1569 5796 1805 5852 maxime

1909 4608 2076 4666 stum,
2106 4599 2200 4655 sed
2227 4599 2391 4654 etiam
2420 4601 2660 4670 quicum
2700 4601 2790 4667 sit,
2852 4611 3014 4672 negat
3061 4617 3120 4658 se
3163 4618 3284 4660 esse
3331 4603 3493 4663 Chri-

1907 4692 2164 4758 stianum,
2194 4700 2250 4746 et
2277 4693 2352 4746 ita
2389 4691 2642 4762 impletur
2687 4692 2830 4762 quod
2882 4693 3014 4749 dicit
3068 4695 3326 4752 Dominus
3359 4717 3371 4751 :
3411 4697 3494 4756 Tu

1908 4801 1991 4839 me
2018 4783 2246 4856 negabis.
2298 4779 2550 4839 Galliam;
2583 4793 2675 4838 est.
2733 4783 3162 4857 ﬂierosolymitze
3185 4796 3240 4844 et
3283 4788 3495 4847 Galilzei

1910 4895 2062 4950 aeque
2100 4887 2222 4934 sunt
2247 4877 2456 4934 Hebraei
2480 4887 2535 4933 et
2559 4879 2720 4933 unius
2755 4877 2972 4948 linguae,
3021 4879 3116 4935 sed
3156 4896 3493 4953 unaquaeque

1910 4970 2187 5040 provincia
2236 4968 2395 5024 habet
2443 4982 2570 5024 suas
2606 4968 2984 5037 proprietates,
3015 4971 3364 5028 vernaculum
3413 4973 3495 5030 lo-

1910 5061 2109 5132 quendi
2131 5073 2322 5116 sonum
2347 5069 2558 5114 mutare
2589 5074 2694 5113 non
2720 5069 2917 5130 potest.
2959 5059 3027 5114 Et
3059 5064 3322 5118 continuo.
3364 5063 3496 5122 Post

1913 5153 2126 5209 tertiam
2175 5153 2516 5222 negationem
2558 5152 2804 5221 sequitur
2858 5152 2981 5222 galli
3029 5165 3241 5212 cantus.
3297 5156 3493 5216 Sacra-

1910 5254 2092 5303 menta
2140 5261 2322 5300 rerum
2367 5258 2466 5315 per
2512 5252 2712 5299 statum
2773 5254 3070 5317 temporum
3117 5249 3487 5322 designantur.

1911 5337 2082 5392 Media
2114 5345 2269 5391 nocte
2296 5344 2480 5407 negat,
2511 5336 2637 5408 galli
2673 5347 2838 5393 cantu
2865 5340 3113 5408 paenitet.
3155 5340 3283 5397 Post
3312 5358 3490 5398 resur-

1910 5431 2206 5487 rectionem
2228 5430 2328 5486 sub
2354 5428 2473 5484 luce
2492 5445 2650 5500 quem
2675 5439 2756 5486 ter
2777 5443 3090 5504 negaverat,
3121 5441 3202 5490 ter
3228 5451 3287 5490 se
3306 5450 3492 5490 amare

1908 5519 2188 5590 professus
2216 5529 2318 5586 est,
2353 5520 2477 5588 quia
2509 5520 2598 5591 qui
2634 5522 2690 5576 in
2720 5523 2959 5577 tenebris
2981 5523 3268 5580 oblivionis
3288 5525 3492 5580 erravit

1911 5623 2138 5686 Sperate:
2170 5610 2280 5680 iam
2307 5613 2445 5670 lucis
2483 5617 2936 5672 rememoratione
2988 5618 3225 5672 correxit
3258 5626 3311 5671 et
3353 5615 3492 5686 ejus-

1907 5704 2030 5760 dem
2062 5719 2205 5760 νει-ω
2239 5703 2374 5761 lucis
2411 5708 2695 5776 praesentia
2739 5709 2894 5778 plene
2931 5709 3166 5778 quidque
3203 5718 3491 5780 putaverat

1841 5875 1858 5880 η
1905 5798 2096 5853 erexit.
