  <div class='ocr_page' id='page_1' title='image "/cluster/home/n/w/nwhite01/storage/ocr_20150623/114/hvd.32044018909580/177.png"; bbox 0 0 3960 6336; ppageno 0'>
   <div class='ocr_carea' id='block_1_1' title="bbox 433 460 590 538">
    <p class='ocr_par' dir='ltr' id='par_1_1' title="bbox 433 460 590 538">
     <span class='ocr_line' id='line_1_1' title="bbox 433 460 590 538; baseline 0 -20"><span class='ocrx_word' id='word_1_1' title='bbox 433 460 590 538; x_wconf 41' lang='grc' dir='ltr'><strong>,διδ</strong></span> 
     </span>
    </p>
   </div>
   <div class='ocr_carea' id='block_1_2' title="bbox 971 450 2060 540">
    <p class='ocr_par' dir='ltr' id='par_1_2' title="bbox 971 453 2060 540">
     <span class='ocr_line' id='line_1_2' title="bbox 971 453 2060 540; baseline -0.003 -26"><span class='ocrx_word' id='word_1_2' title='bbox 971 457 1364 540; x_wconf 31' lang='grc' dir='ltr'><strong>,ψΑιΑιτΒιυι</strong></span> <span class='ocrx_word' id='word_1_3' title='bbox 1401 455 1646 514; x_wconf 71' lang='lat' dir='ltr'><strong>srmm</strong></span> <span class='ocrx_word' id='word_1_4' title='bbox 1687 453 1887 513; x_wconf 84' lang='lat' dir='ltr'><strong>FULD.</strong></span> <span class='ocrx_word' id='word_1_5' title='bbox 1929 454 2060 512; x_wconf 64' lang='lat' dir='ltr'><strong>non</strong></span> 
     </span>
    </p>
   </div>
   <div class='ocr_carea' id='block_1_3' title="bbox 2168 450 3183 540">
    <p class='ocr_par' dir='ltr' id='par_1_3' title="bbox 2168 450 3183 512">
     <span class='ocr_line' id='line_1_3' title="bbox 2168 450 3183 512; baseline 0.004 -8"><span class='ocrx_word' id='word_1_6' title='bbox 2168 455 2285 510; x_wconf 71' lang='lat' dir='ltr'><strong>&gt;PP.</strong></span> <span class='ocrx_word' id='word_1_7' title='bbox 2324 455 2504 512; x_wconf 81' lang='lat' dir='ltr'><strong>PARS</strong></span> <span class='ocrx_word' id='word_1_8' title='bbox 2540 453 2582 511; x_wconf 86' lang='grc' dir='ltr'><strong>Ι.</strong></span> <span class='ocrx_word' id='word_1_9' title='bbox 2619 485 2693 498; x_wconf 93' lang='lat'><strong><em>—</em></strong></span> <span class='ocrx_word' id='word_1_10' title='bbox 2729 450 3183 511; x_wconf 80' lang='lat' dir='ltr'><strong>THEOLOGICA.</strong></span> 
     </span>
    </p>
   </div>
   <div class='ocr_carea' id='block_1_4' title="bbox 3620 447 3728 510">
    <p class='ocr_par' dir='ltr' id='par_1_4' title="bbox 3620 447 3728 510">
     <span class='ocr_line' id='line_1_4' title="bbox 3620 447 3728 510; baseline 0 -2"><span class='ocrx_word' id='word_1_11' title='bbox 3620 447 3728 510; x_wconf 70' lang='grc'><strong>344</strong></span> 
     </span>
    </p>
   </div>
   <div class='ocr_carea' id='block_1_5' title="bbox 555 568 3734 645">
    <p class='ocr_par' dir='ltr' id='par_1_5' title="bbox 555 568 3734 645">
     <span class='ocr_line' id='line_1_5' title="bbox 555 568 3734 645; baseline -0.001 -14"><span class='ocrx_word' id='word_1_12' title='bbox 555 575 717 631; x_wconf 71' lang='lat' dir='ltr'><strong>Vnus.</strong></span> <span class='ocrx_word' id='word_1_13' title='bbox 750 575 837 631; x_wconf 79' lang='grc'><strong>61.</strong></span> <span class='ocrx_word' id='word_1_14' title='bbox 866 605 937 616; x_wconf 88' lang='lat'><strong>——</strong></span> <span class='ocrx_word' id='word_1_15' title='bbox 964 575 1033 630; x_wconf 82' lang='lat' dir='ltr'><strong>Et</strong></span> <span class='ocrx_word' id='word_1_16' title='bbox 1063 592 1336 631; x_wconf 86' lang='lat' dir='ltr'><strong>conversus</strong></span> <span class='ocrx_word' id='word_1_17' title='bbox 1381 575 1654 630; x_wconf 76' lang='lat' dir='ltr'><strong>Dominus.</strong></span> <span class='ocrx_word' id='word_1_18' title='bbox 1706 573 1908 628; x_wconf 88' lang='lat' dir='ltr'><strong>Intuitu</strong></span> <span class='ocrx_word' id='word_1_19' title='bbox 1931 587 2054 644; x_wconf 89' lang='lat' dir='ltr'><strong>pro-</strong></span> <span class='ocrx_word' id='word_1_20' title='bbox 2077 573 2130 634; x_wconf 77' lang='grc' dir='ltr'>Α</span> <span class='ocrx_word' id='word_1_21' title='bbox 2157 571 2377 638; x_wconf 83' lang='lat' dir='ltr'><strong>fuerint,</strong></span> <span class='ocrx_word' id='word_1_22' title='bbox 2418 573 2626 630; x_wconf 83' lang='lat' dir='ltr'><strong>scilicet</strong></span> <span class='ocrx_word' id='word_1_23' title='bbox 2665 573 2807 645; x_wconf 91' lang='lat' dir='ltr'><strong>quod</strong></span> <span class='ocrx_word' id='word_1_24' title='bbox 2833 572 3088 628; x_wconf 78' lang='lat' dir='ltr'><strong>attributa</strong></span> <span class='ocrx_word' id='word_1_25' title='bbox 3131 569 3284 627; x_wconf 81' lang='lat' dir='ltr'><strong>reddi</strong></span> <span class='ocrx_word' id='word_1_26' title='bbox 3311 568 3648 642; x_wconf 80' lang='lat' dir='ltr'><strong>prohiberet,</strong></span> <span class='ocrx_word' id='word_1_27' title='bbox 3675 580 3734 629; x_wconf 86' lang='lat' dir='ltr'><strong>et</strong></span> 
     </span>
    </p>
   </div>
   <div class='ocr_carea' id='block_1_6' title="bbox 485 663 2058 739">
    <p class='ocr_par' dir='ltr' id='par_1_6' title="bbox 485 663 2058 739">
     <span class='ocr_line' id='line_1_6' title="bbox 485 663 2058 739; baseline -0.004 -15"><span class='ocrx_word' id='word_1_28' title='bbox 485 670 698 724; x_wconf 81' lang='lat' dir='ltr'><strong>vocavit</strong></span> <span class='ocrx_word' id='word_1_29' title='bbox 735 667 800 722; x_wconf 91' lang='lat' dir='ltr'><strong>ad</strong></span> <span class='ocrx_word' id='word_1_30' title='bbox 823 667 1110 739; x_wconf 88' lang='lat' dir='ltr'><strong>lacrymas,</strong></span> <span class='ocrx_word' id='word_1_31' title='bbox 1134 667 1290 738; x_wconf 88' lang='lat' dir='ltr'><strong>quasi</strong></span> <span class='ocrx_word' id='word_1_32' title='bbox 1320 667 1377 722; x_wconf 90' lang='lat' dir='ltr'><strong>in</strong></span> <span class='ocrx_word' id='word_1_33' title='bbox 1419 673 1654 722; x_wconf 87' lang='lat' dir='ltr'><strong>mentem</strong></span> <span class='ocrx_word' id='word_1_34' title='bbox 1680 663 1753 720; x_wconf 71' lang='lat' dir='ltr'><strong>&#39;ei</strong></span> <span class='ocrx_word' id='word_1_35' title='bbox 1794 665 2058 719; x_wconf 85' lang='lat' dir='ltr'><strong>reducens</strong></span> 
     </span>
    </p>
   </div>
   <div class='ocr_carea' id='block_1_7' title="bbox 485 754 2060 831">
    <p class='ocr_par' dir='ltr' id='par_1_7' title="bbox 485 754 2060 831">
     <span class='ocr_line' id='line_1_7' title="bbox 485 754 2060 831; baseline -0.004 -15"><span class='ocrx_word' id='word_1_36' title='bbox 485 760 700 830; x_wconf 87' lang='lat' dir='ltr'><strong>quoties</strong></span> <span class='ocrx_word' id='word_1_37' title='bbox 726 767 1038 831; x_wconf 87' lang='lat' dir='ltr'><strong>negaverat,</strong></span> <span class='ocrx_word' id='word_1_38' title='bbox 1070 758 1214 829; x_wconf 89' lang='lat' dir='ltr'><strong>quod</strong></span> <span class='ocrx_word' id='word_1_39' title='bbox 1247 759 1299 814; x_wconf 91' lang='lat' dir='ltr'><strong>ei</strong></span> <span class='ocrx_word' id='word_1_40' title='bbox 1336 758 1686 828; x_wconf 66' lang='lat' dir='ltr'><strong>praedixerat,</strong></span> <span class='ocrx_word' id='word_1_41' title='bbox 1741 771 1842 812; x_wconf 91' lang='lat' dir='ltr'><strong>nec</strong></span> <span class='ocrx_word' id='word_1_42' title='bbox 1884 754 2060 826; x_wconf 86' lang='lat' dir='ltr'><strong>potuit</strong></span> 
     </span>
    </p>
   </div>
   <div class='ocr_carea' id='block_1_8' title="bbox 485 846 1915 921">
    <p class='ocr_par' dir='ltr' id='par_1_8' title="bbox 485 846 1915 921">
     <span class='ocr_line' id='line_1_8' title="bbox 485 846 1915 921; baseline -0.006 -14"><span class='ocrx_word' id='word_1_43' title='bbox 485 852 541 908; x_wconf 94' lang='lat' dir='ltr'><strong>in</strong></span> <span class='ocrx_word' id='word_1_44' title='bbox 564 851 801 907; x_wconf 83' lang='lat' dir='ltr'><strong>tenebris</strong></span> <span class='ocrx_word' id='word_1_45' title='bbox 827 863 1111 906; x_wconf 88' lang='lat' dir='ltr'><strong>remanere</strong></span> <span class='ocrx_word' id='word_1_46' title='bbox 1135 864 1296 921; x_wconf 88' lang='lat' dir='ltr'><strong>quem</strong></span> <span class='ocrx_word' id='word_1_47' title='bbox 1323 847 1414 902; x_wconf 79' lang='lat' dir='ltr'><strong>lux</strong></span> <span class='ocrx_word' id='word_1_48' title='bbox 1441 846 1628 902; x_wconf 90' lang='lat' dir='ltr'><strong>mundi</strong></span> <span class='ocrx_word' id='word_1_49' title='bbox 1660 846 1915 916; x_wconf 78' lang='lat' dir='ltr'><strong>respexit.</strong></span> 
     </span>
    </p>
   </div>
   <div class='ocr_carea' id='block_1_9' title="bbox 555 936 2062 1009">
    <p class='ocr_par' dir='ltr' id='par_1_9' title="bbox 555 936 2062 1009">
     <span class='ocr_line' id='line_1_9' title="bbox 555 936 2062 1009; baseline -0.005 -13"><span class='ocrx_word' id='word_1_50' title='bbox 555 941 719 997; x_wconf 76' lang='lat' dir='ltr'><strong>Vsus.</strong></span> <span class='ocrx_word' id='word_1_51' title='bbox 747 939 834 996; x_wconf 77' lang='lat'><strong>62.</strong></span> <span class='ocrx_word' id='word_1_52' title='bbox 873 970 943 982; x_wconf 90' lang='lat'><strong>-—-</strong></span> <span class='ocrx_word' id='word_1_53' title='bbox 967 939 1036 994; x_wconf 85' lang='lat' dir='ltr'><strong>Et</strong></span> <span class='ocrx_word' id='word_1_54' title='bbox 1059 955 1295 1009; x_wconf 86' lang='lat' dir='ltr'><strong>egressus</strong></span> <span class='ocrx_word' id='word_1_55' title='bbox 1314 938 1480 1008; x_wconf 83' lang='lat' dir='ltr'><strong>foras.</strong></span> <span class='ocrx_word' id='word_1_56' title='bbox 1511 936 1594 993; x_wconf 83' lang='lat' dir='ltr'><strong>Ab</strong></span> <span class='ocrx_word' id='word_1_57' title='bbox 1623 936 1910 1007; x_wconf 90' lang='lat' dir='ltr'><strong>impiorum</strong></span> <span class='ocrx_word' id='word_1_58' title='bbox 1931 948 2062 990; x_wconf 87' lang='lat' dir='ltr'><strong>con-</strong></span> 
     </span>
    </p>
   </div>
   <div class='ocr_carea' id='block_1_10' title="bbox 483 1025 2061 1102">
    <p class='ocr_par' dir='ltr' id='par_1_10' title="bbox 483 1025 2061 1102">
     <span class='ocr_line' id='line_1_10' title="bbox 483 1025 2061 1102; baseline -0.007 -10"><span class='ocrx_word' id='word_1_59' title='bbox 483 1034 608 1092; x_wconf 90' lang='lat' dir='ltr'><strong>cilio</strong></span> <span class='ocrx_word' id='word_1_60' title='bbox 635 1033 878 1091; x_wconf 75' lang='lat' dir='ltr'><strong>seclusus</strong></span> <span class='ocrx_word' id='word_1_61' title='bbox 895 1033 1109 1102; x_wconf 91' lang='lat' dir='ltr'><strong>culpam</strong></span> <span class='ocrx_word' id='word_1_62' title='bbox 1138 1032 1300 1098; x_wconf 85' lang='lat' dir='ltr'><strong>lavat,</strong></span> <span class='ocrx_word' id='word_1_63' title='bbox 1336 1044 1458 1101; x_wconf 83' lang='lat' dir='ltr'><strong>quae</strong></span> <span class='ocrx_word' id='word_1_64' title='bbox 1501 1044 1609 1086; x_wconf 91' lang='lat' dir='ltr'><strong>non</strong></span> <span class='ocrx_word' id='word_1_65' title='bbox 1660 1029 1805 1084; x_wconf 90' lang='lat' dir='ltr'><strong>intus</strong></span> <span class='ocrx_word' id='word_1_66' title='bbox 1846 1028 1916 1083; x_wconf 90' lang='lat' dir='ltr'><strong>ob</strong></span> <span class='ocrx_word' id='word_1_67' title='bbox 1957 1025 2061 1082; x_wconf 89' lang='lat' dir='ltr'><strong>hoc</strong></span> 
     </span>
    </p>
   </div>
   <div class='ocr_carea' id='block_1_11' title="bbox 484 1117 2060 1195">
    <p class='ocr_par' dir='ltr' id='par_1_11' title="bbox 484 1117 2060 1195">
     <span class='ocr_line' id='line_1_11' title="bbox 484 1117 2060 1195; baseline -0.006 -16"><span class='ocrx_word' id='word_1_68' title='bbox 484 1123 779 1195; x_wconf 90' lang='lat' dir='ltr'><strong>permissus</strong></span> <span class='ocrx_word' id='word_1_69' title='bbox 807 1133 892 1178; x_wconf 89' lang='lat' dir='ltr'><strong>est</strong></span> <span class='ocrx_word' id='word_1_70' title='bbox 919 1121 1170 1177; x_wconf 70' lang='lat' dir='ltr'><strong>haesitare</strong></span> <span class='ocrx_word' id='word_1_71' title='bbox 1197 1128 1257 1174; x_wconf 91' lang='lat' dir='ltr'><strong>ut</strong></span> <span class='ocrx_word' id='word_1_72' title='bbox 1272 1119 1341 1190; x_wconf 70' lang='grc' dir='ltr'><strong>⁸ἰιι</strong></span> <span class='ocrx_word' id='word_1_73' title='bbox 1373 1117 1630 1175; x_wconf 69' lang='lat' dir='ltr'><strong>Ecclesiae</strong></span> <span class='ocrx_word' id='word_1_74' title='bbox 1654 1117 1898 1189; x_wconf 86' lang='lat' dir='ltr'><strong>principe</strong></span> <span class='ocrx_word' id='word_1_75' title='bbox 1925 1130 2060 1172; x_wconf 93' lang='lat' dir='ltr'><strong>con-</strong></span> 
     </span>
    </p>
   </div>
   <div class='ocr_carea' id='block_1_12' title="bbox 483 1206 2064 1282">
    <p class='ocr_par' dir='ltr' id='par_1_12' title="bbox 483 1206 2064 1282">
     <span class='ocr_line' id='line_1_12' title="bbox 483 1206 2064 1282; baseline -0.004 -14"><span class='ocrx_word' id='word_1_76' title='bbox 483 1213 703 1269; x_wconf 90' lang='lat' dir='ltr'><strong>deretur</strong></span> <span class='ocrx_word' id='word_1_77' title='bbox 730 1211 1028 1268; x_wconf 87' lang='lat' dir='ltr'><strong>remedium</strong></span> <span class='ocrx_word' id='word_1_78' title='bbox 1062 1209 1411 1282; x_wconf 60' lang='lat' dir='ltr'><strong>paenitentia,</strong></span> <span class='ocrx_word' id='word_1_79' title='bbox 1451 1217 1506 1265; x_wconf 91' lang='lat' dir='ltr'><strong>et</strong></span> <span class='ocrx_word' id='word_1_80' title='bbox 1529 1222 1690 1266; x_wconf 90' lang='lat' dir='ltr'><strong>nemo</strong></span> <span class='ocrx_word' id='word_1_81' title='bbox 1737 1208 1960 1264; x_wconf 84' lang='lat' dir='ltr'><strong>auderet</strong></span> <span class='ocrx_word' id='word_1_82' title='bbox 1995 1206 2064 1264; x_wconf 89' lang='lat' dir='ltr'><strong>de</strong></span> 
     </span>
    </p>
   </div>
   <div class='ocr_carea' id='block_1_13' title="bbox 483 1303 1120 1362">
    <p class='ocr_par' dir='ltr' id='par_1_13' title="bbox 483 1303 1120 1362">
     <span class='ocr_line' id='line_1_13' title="bbox 483 1303 1120 1362; baseline -0.008 0"><span class='ocrx_word' id='word_1_83' title='bbox 483 1322 580 1362; x_wconf 88' lang='lat' dir='ltr'><strong>sua</strong></span> <span class='ocrx_word' id='word_1_84' title='bbox 605 1305 805 1360; x_wconf 87' lang='lat' dir='ltr'><strong>virtute</strong></span> <span class='ocrx_word' id='word_1_85' title='bbox 827 1303 1120 1360; x_wconf 86' lang='lat' dir='ltr'><strong>conﬁdere.</strong></span> 
     </span>
    </p>
   </div>
   <div class='ocr_carea' id='block_1_14' title="bbox 555 1390 2062 1464">
    <p class='ocr_par' dir='ltr' id='par_1_14' title="bbox 555 1390 2062 1464">
     <span class='ocr_line' id='line_1_14' title="bbox 555 1390 2062 1464; baseline -0.004 -12"><span class='ocrx_word' id='word_1_86' title='bbox 555 1395 722 1452; x_wconf 72' lang='lat' dir='ltr'><strong>Vsus.</strong></span> <span class='ocrx_word' id='word_1_87' title='bbox 749 1397 839 1452; x_wconf 78' lang='lat'><strong>65.</strong></span> <span class='ocrx_word' id='word_1_88' title='bbox 868 1395 1280 1463; x_wconf 85' lang='lat' dir='ltr'><strong>-Itludebant,</strong></span> <span class='ocrx_word' id='word_1_89' title='bbox 1311 1402 1421 1451; x_wconf 91' lang='lat' dir='ltr'><strong>etc.</strong></span> <span class='ocrx_word' id='word_1_90' title='bbox 1463 1392 1685 1464; x_wconf 90' lang='lat' dir='ltr'><strong>lmpleta</strong></span> <span class='ocrx_word' id='word_1_91' title='bbox 1721 1401 1805 1448; x_wconf 88' lang='lat' dir='ltr'><strong>est</strong></span> <span class='ocrx_word' id='word_1_92' title='bbox 1828 1390 2062 1464; x_wconf 84' lang='lat' dir='ltr'><strong>prophe-</strong></span> 
     </span>
    </p>
   </div>
   <div class='ocr_carea' id='block_1_15' title="bbox 482 1481 2065 1558">
    <p class='ocr_par' dir='ltr' id='par_1_15' title="bbox 482 1481 2065 1558">
     <span class='ocr_line' id='line_1_15' title="bbox 482 1481 2065 1558; baseline -0.004 -15"><span class='ocrx_word' id='word_1_93' title='bbox 482 1489 597 1544; x_wconf 88' lang='lat' dir='ltr'><strong>tia:</strong></span> <span class='ocrx_word' id='word_1_94' title='bbox 629 1486 697 1541; x_wconf 86' lang='lat' dir='ltr'><strong>In</strong></span> <span class='ocrx_word' id='word_1_95' title='bbox 730 1489 876 1558; x_wconf 85' lang='lat' dir='ltr'><strong>virga</strong></span> <span class='ocrx_word' id='word_1_96' title='bbox 898 1486 1214 1556; x_wconf 88' lang='lat' dir='ltr'><strong>percutietur</strong></span> <span class='ocrx_word' id='word_1_97' title='bbox 1243 1483 1462 1539; x_wconf 73' lang='lat' dir='ltr'><strong>maxilla</strong></span> <span class='ocrx_word' id='word_1_98' title='bbox 1489 1483 1694 1554; x_wconf 63' lang='lat' dir='ltr'><strong>’judicis</strong></span> <span class='ocrx_word' id='word_1_99' title='bbox 1750 1483 1940 1538; x_wconf 85' lang='lat' dir='ltr'><strong>Israel.</strong></span> <span class='ocrx_word' id='word_1_100' title='bbox 1995 1481 2065 1537; x_wconf 86' lang='lat' dir='ltr'><strong>Et</strong></span> 
     </span>
    </p>
   </div>
   <div class='ocr_carea' id='block_1_16' title="bbox 482 1573 2064 1645">
    <p class='ocr_par' dir='ltr' id='par_1_16' title="bbox 482 1573 2064 1645">
     <span class='ocr_line' id='line_1_16' title="bbox 482 1573 2064 1645; baseline -0.004 -11"><span class='ocrx_word' id='word_1_101' title='bbox 482 1579 612 1634; x_wconf 86' lang='lat' dir='ltr'><strong>item</strong></span> <span class='ocrx_word' id='word_1_102' title='bbox 648 1596 662 1632; x_wconf 93' lang='lat'><strong>:</strong></span> <span class='ocrx_word' id='word_1_103' title='bbox 692 1577 824 1632; x_wconf 85' lang='lat' dir='ltr'><strong>Dedi</strong></span> <span class='ocrx_word' id='word_1_104' title='bbox 846 1575 1118 1631; x_wconf 74' lang='lat' dir='ltr'><strong>maxillam</strong></span> <span class='ocrx_word' id='word_1_105' title='bbox 1139 1591 1309 1630; x_wconf 89' lang='lat' dir='ltr'><strong>meam</strong></span> <span class='ocrx_word' id='word_1_106' title='bbox 1335 1573 1524 1645; x_wconf 77' lang='lat' dir='ltr'><strong>alapis.</strong></span> <span class='ocrx_word' id='word_1_107' title='bbox 1559 1573 1667 1630; x_wconf 88' lang='lat' dir='ltr'><strong>Sed</strong></span> <span class='ocrx_word' id='word_1_108' title='bbox 1694 1574 1784 1644; x_wconf 90' lang='lat' dir='ltr'><strong>qui</strong></span> <span class='ocrx_word' id='word_1_109' title='bbox 1815 1581 1944 1627; x_wconf 90' lang='lat' dir='ltr'><strong>tunc</strong></span> <span class='ocrx_word' id='word_1_110' title='bbox 1963 1587 2064 1628; x_wconf 71' lang='lat' dir='ltr'><strong>ca:-</strong></span> 
     </span>
    </p>
   </div>
   <div class='ocr_carea' id='block_1_17' title="bbox 482 1646 2063 1743">
    <p class='ocr_par' dir='ltr' id='par_1_17' title="bbox 482 1646 2063 1743">
     <span class='ocr_line' id='line_1_17' title="bbox 482 1646 2063 1743; baseline -0.006 -17"><span class='ocrx_word' id='word_1_111' title='bbox 482 1670 714 1726; x_wconf 91' lang='lat' dir='ltr'><strong>debatur</strong></span> <span class='ocrx_word' id='word_1_112' title='bbox 740 1668 979 1739; x_wconf 88' lang='lat' dir='ltr'><strong>colaphis</strong></span> <span class='ocrx_word' id='word_1_113' title='bbox 1000 1646 1332 1732; x_wconf 65' lang='lat' dir='ltr'><strong>Iudaeorum,</strong></span> <span class='ocrx_word' id='word_1_114' title='bbox 1384 1680 1527 1721; x_wconf 90' lang='lat' dir='ltr'><strong>nunc</strong></span> <span class='ocrx_word' id='word_1_115' title='bbox 1557 1665 1781 1720; x_wconf 69' lang='lat' dir='ltr'><strong>caeditur</strong></span> <span class='ocrx_word' id='word_1_116' title='bbox 1813 1663 2063 1743; x_wconf 77' lang='lat' dir='ltr'><strong>blasphe-</strong></span> 
     </span>
    </p>
   </div>
   <div class='ocr_carea' id='block_1_18' title="bbox 481 1755 2063 1820">
    <p class='ocr_par' dir='ltr' id='par_1_18' title="bbox 481 1755 2063 1820">
     <span class='ocr_line' id='line_1_18' title="bbox 481 1755 2063 1820; baseline -0.006 -1"><span class='ocrx_word' id='word_1_117' title='bbox 481 1764 606 1819; x_wconf 89' lang='lat' dir='ltr'><strong>miis</strong></span> <span class='ocrx_word' id='word_1_118' title='bbox 627 1763 886 1819; x_wconf 84' lang='lat' dir='ltr'><strong>falsorum</strong></span> <span class='ocrx_word' id='word_1_119' title='bbox 906 1761 1354 1818; x_wconf 90' lang='lat' dir='ltr'><strong>Christianorum.</strong></span> <span class='ocrx_word' id='word_1_120' title='bbox 1379 1756 1702 1813; x_wconf 83' lang='lat' dir='ltr'><strong>Velaverunt</strong></span> <span class='ocrx_word' id='word_1_121' title='bbox 1725 1755 1939 1820; x_wconf 83' lang='lat' dir='ltr'><strong>faciem,</strong></span> <span class='ocrx_word' id='word_1_122' title='bbox 1956 1769 2063 1810; x_wconf 87' lang='lat' dir='ltr'><strong>non</strong></span> 
     </span>
    </p>
   </div>
   <div class='ocr_carea' id='block_1_19' title="bbox 482 1845 2062 1918">
    <p class='ocr_par' dir='ltr' id='par_1_19' title="bbox 482 1845 2062 1918">
     <span class='ocr_line' id='line_1_19' title="bbox 482 1845 2062 1918; baseline -0.008 -7"><span class='ocrx_word' id='word_1_123' title='bbox 482 1863 544 1911; x_wconf 92' lang='lat' dir='ltr'><strong>ut</strong></span> <span class='ocrx_word' id='word_1_124' title='bbox 568 1870 754 1910; x_wconf 90' lang='lat' dir='ltr'><strong>eorum</strong></span> <span class='ocrx_word' id='word_1_125' title='bbox 771 1852 975 1910; x_wconf 87' lang='lat' dir='ltr'><strong>scelera</strong></span> <span class='ocrx_word' id='word_1_126' title='bbox 999 1867 1108 1907; x_wconf 91' lang='lat' dir='ltr'><strong>non</strong></span> <span class='ocrx_word' id='word_1_127' title='bbox 1131 1850 1362 1916; x_wconf 84' lang='lat' dir='ltr'><strong>videret,</strong></span> <span class='ocrx_word' id='word_1_128' title='bbox 1385 1848 1480 1904; x_wconf 91' lang='lat' dir='ltr'><strong>sed</strong></span> <span class='ocrx_word' id='word_1_129' title='bbox 1503 1855 1610 1902; x_wconf 90' lang='lat' dir='ltr'><strong>uta</strong></span> <span class='ocrx_word' id='word_1_130' title='bbox 1627 1862 1686 1902; x_wconf 93' lang='lat' dir='ltr'><strong>se</strong></span> <span class='ocrx_word' id='word_1_131' title='bbox 1707 1845 1870 1918; x_wconf 87' lang='lat' dir='ltr'><strong>(sicut</strong></span> <span class='ocrx_word' id='word_1_132' title='bbox 1887 1859 2062 1916; x_wconf 90' lang='lat' dir='ltr'><strong>quon-</strong></span> 
     </span>
    </p>
   </div>
   <div class='ocr_carea' id='block_1_20' title="bbox 2155 665 3734 736">
    <p class='ocr_par' dir='ltr' id='par_1_20' title="bbox 2155 665 3734 736">
     <span class='ocr_line' id='line_1_20' title="bbox 2155 665 3734 736; baseline 0.002 -15"><span class='ocrx_word' id='word_1_133' title='bbox 2155 679 2213 721; x_wconf 87' lang='lat' dir='ltr'><strong>se</strong></span> <span class='ocrx_word' id='word_1_134' title='bbox 2237 665 2511 721; x_wconf 89' lang='lat' dir='ltr'><strong>Christum</strong></span> <span class='ocrx_word' id='word_1_135' title='bbox 2539 666 2766 732; x_wconf 87' lang='lat' dir='ltr'><strong>diceret,</strong></span> <span class='ocrx_word' id='word_1_136' title='bbox 2800 665 3009 722; x_wconf 83' lang='lat' dir='ltr'><strong>Pilatus</strong></span> <span class='ocrx_word' id='word_1_137' title='bbox 3058 665 3235 735; x_wconf 92' lang='lat' dir='ltr'><strong>potuit</strong></span> <span class='ocrx_word' id='word_1_138' title='bbox 3281 665 3470 721; x_wconf 89' lang='lat' dir='ltr'><strong>audire</strong></span> <span class='ocrx_word' id='word_1_139' title='bbox 3495 666 3639 736; x_wconf 89' lang='lat' dir='ltr'><strong>quod</strong></span> <span class='ocrx_word' id='word_1_140' title='bbox 3665 667 3734 724; x_wconf 78' lang='lat' dir='ltr'><strong>de</strong></span> 
     </span>
    </p>
   </div>
   <div class='ocr_carea' id='block_1_21' title="bbox 2155 753 3730 827">
    <p class='ocr_par' dir='ltr' id='par_1_21' title="bbox 2155 753 3730 827">
     <span class='ocr_line' id='line_1_21' title="bbox 2155 753 3730 827; baseline 0 -16"><span class='ocrx_word' id='word_1_141' title='bbox 2155 755 2372 812; x_wconf 85' lang='lat' dir='ltr'><strong>tributis</strong></span> <span class='ocrx_word' id='word_1_142' title='bbox 2396 757 2640 812; x_wconf 70' lang='lat' dir='ltr'><strong>dixerat:</strong></span> <span class='ocrx_word' id='word_1_143' title='bbox 2676 755 2896 811; x_wconf 79' lang='lat' dir='ltr'><strong>Reddite</strong></span> <span class='ocrx_word' id='word_1_144' title='bbox 2925 771 3041 827; x_wconf 79' lang='lat' dir='ltr'><strong>qua:</strong></span> <span class='ocrx_word' id='word_1_145' title='bbox 3074 764 3196 810; x_wconf 84' lang='lat' dir='ltr'><strong>sunt</strong></span> <span class='ocrx_word' id='word_1_146' title='bbox 3230 753 3457 811; x_wconf 65' lang='lat' dir='ltr'><strong>Caesaris</strong></span> <span class='ocrx_word' id='word_1_147' title='bbox 3506 755 3730 823; x_wconf 69' lang='lat' dir='ltr'><strong>Ccsari,</strong></span> 
     </span>
    </p>
   </div>
   <div class='ocr_carea' id='block_1_22' title="bbox 2154 844 3736 917">
    <p class='ocr_par' dir='ltr' id='par_1_22' title="bbox 2154 844 3736 917">
     <span class='ocr_line' id='line_1_22' title="bbox 2154 844 3736 917; baseline -0.001 -15"><span class='ocrx_word' id='word_1_148' title='bbox 2154 853 2210 902; x_wconf 89' lang='lat' dir='ltr'><strong>et</strong></span> <span class='ocrx_word' id='word_1_149' title='bbox 2229 845 2353 901; x_wconf 91' lang='lat' dir='ltr'><strong>inde</strong></span> <span class='ocrx_word' id='word_1_150' title='bbox 2373 845 2477 902; x_wconf 92' lang='lat' dir='ltr'><strong>hoc</strong></span> <span class='ocrx_word' id='word_1_151' title='bbox 2497 847 2650 917; x_wconf 89' lang='lat' dir='ltr'><strong>quasi</strong></span> <span class='ocrx_word' id='word_1_152' title='bbox 2678 853 2924 915; x_wconf 89' lang='lat' dir='ltr'><strong>apertum</strong></span> <span class='ocrx_word' id='word_1_153' title='bbox 2952 844 3292 900; x_wconf 88' lang='lat' dir='ltr'><strong>mendacium</strong></span> <span class='ocrx_word' id='word_1_154' title='bbox 3313 844 3736 916; x_wconf 84' lang='lat' dir='ltr'><strong>nihilipendens,</strong></span> 
     </span>
    </p>
   </div>
   <div class='ocr_carea' id='block_1_23' title="bbox 2155 934 3120 1008">
    <p class='ocr_par' dir='ltr' id='par_1_23' title="bbox 2155 934 3120 1008">
     <span class='ocr_line' id='line_1_23' title="bbox 2155 934 3120 1008; baseline -0.006 -13"><span class='ocrx_word' id='word_1_155' title='bbox 2155 937 2330 995; x_wconf 86' lang='lat' dir='ltr'><strong>solum</strong></span> <span class='ocrx_word' id='word_1_156' title='bbox 2364 953 2482 1008; x_wconf 64' lang='lat' dir='ltr'><strong>quae</strong></span> <span class='ocrx_word' id='word_1_157' title='bbox 2528 936 2806 993; x_wconf 87' lang='lat' dir='ltr'><strong>nesciebat</strong></span> <span class='ocrx_word' id='word_1_158' title='bbox 2856 934 3120 1006; x_wconf 80' lang='lat' dir='ltr'><strong>quaesivit.</strong></span> 
     </span>
    </p>
   </div>
   <div class='ocr_carea' id='block_1_24' title="bbox 2231 1024 3741 1097">
    <p class='ocr_par' dir='ltr' id='par_1_24' title="bbox 2231 1024 3741 1097">
     <span class='ocr_line' id='line_1_24' title="bbox 2231 1024 3741 1097; baseline -0.001 -14"><span class='ocrx_word' id='word_1_159' title='bbox 2231 1028 2312 1084; x_wconf 87' lang='lat' dir='ltr'><strong>Tu</strong></span> <span class='ocrx_word' id='word_1_160' title='bbox 2373 1028 2524 1083; x_wconf 84' lang='lat' dir='ltr'><strong>dicis.</strong></span> <span class='ocrx_word' id='word_1_161' title='bbox 2569 1027 2771 1082; x_wconf 85' lang='lat' dir='ltr'><strong>Eodem</strong></span> <span class='ocrx_word' id='word_1_162' title='bbox 2816 1027 2984 1082; x_wconf 86' lang='lat' dir='ltr'><strong>verbo</strong></span> <span class='ocrx_word' id='word_1_163' title='bbox 3013 1039 3122 1096; x_wconf 92' lang='lat' dir='ltr'><strong>quo</strong></span> <span class='ocrx_word' id='word_1_164' title='bbox 3166 1024 3503 1097; x_wconf 86' lang='lat' dir='ltr'><strong>principibus</strong></span> <span class='ocrx_word' id='word_1_165' title='bbox 3555 1039 3741 1082; x_wconf 88' lang='lat' dir='ltr'><strong>sacer-</strong></span> 
     </span>
    </p>
   </div>
   <div class='ocr_carea' id='block_1_25' title="bbox 2159 1115 3740 1187">
    <p class='ocr_par' dir='ltr' id='par_1_25' title="bbox 2159 1115 3740 1187">
     <span class='ocr_line' id='line_1_25' title="bbox 2159 1115 3740 1187; baseline -0.003 -12"><span class='ocrx_word' id='word_1_166' title='bbox 2159 1119 2366 1184; x_wconf 90' lang='lat' dir='ltr'><strong>dotum,</strong></span> <span class='ocrx_word' id='word_1_167' title='bbox 2421 1118 2714 1187; x_wconf 88' lang='lat' dir='ltr'><strong>respondet</strong></span> <span class='ocrx_word' id='word_1_168' title='bbox 2765 1123 2823 1171; x_wconf 91' lang='lat' dir='ltr'><strong>et</strong></span> <span class='ocrx_word' id='word_1_169' title='bbox 2867 1115 3106 1186; x_wconf 64' lang='lat' dir='ltr'><strong>praesidi,</strong></span> <span class='ocrx_word' id='word_1_170' title='bbox 3145 1123 3208 1170; x_wconf 90' lang='lat' dir='ltr'><strong>ut</strong></span> <span class='ocrx_word' id='word_1_171' title='bbox 3251 1117 3470 1186; x_wconf 88' lang='lat' dir='ltr'><strong>propria</strong></span> <span class='ocrx_word' id='word_1_172' title='bbox 3521 1123 3740 1171; x_wconf 88' lang='lat' dir='ltr'><strong>senten-</strong></span> 
     </span>
    </p>
   </div>
   <div class='ocr_carea' id='block_1_26' title="bbox 2160 1210 2922 1274">
    <p class='ocr_par' dir='ltr' id='par_1_26' title="bbox 2160 1210 2922 1274">
     <span class='ocr_line' id='line_1_26' title="bbox 2160 1210 2922 1274; baseline -0.004 -6"><span class='ocrx_word' id='word_1_173' title='bbox 2160 1213 2234 1269; x_wconf 89' lang='lat' dir='ltr'><strong>tia</strong></span> <span class='ocrx_word' id='word_1_174' title='bbox 2277 1210 2435 1266; x_wconf 89' lang='lat' dir='ltr'><strong>ambo</strong></span> <span class='ocrx_word' id='word_1_175' title='bbox 2471 1210 2922 1274; x_wconf 88' lang='lat' dir='ltr'><strong>condemnentur.</strong></span> 
     </span>
    </p>
   </div>
   <div class='ocr_carea' id='block_1_27' title="bbox 2231 1299 3742 1372">
    <p class='ocr_par' dir='ltr' id='par_1_27' title="bbox 2231 1299 3742 1372">
     <span class='ocr_line' id='line_1_27' title="bbox 2231 1299 3742 1372; baseline -0.001 -15"><span class='ocrx_word' id='word_1_176' title='bbox 2231 1301 2396 1358; x_wconf 69' lang='lat' dir='ltr'><strong>Vens.</strong></span> <span class='ocrx_word' id='word_1_177' title='bbox 2425 1302 2480 1356; x_wconf 78' lang='grc'><strong>4.</strong></span> <span class='ocrx_word' id='word_1_178' title='bbox 2519 1332 2592 1343; x_wconf 93' lang='grc'><strong>-</strong></span> <span class='ocrx_word' id='word_1_179' title='bbox 2617 1300 2768 1355; x_wconf 84' lang='lat' dir='ltr'><strong>Nihil</strong></span> <span class='ocrx_word' id='word_1_180' title='bbox 2795 1301 3021 1356; x_wconf 84' lang='lat' dir='ltr'><strong>invenio.</strong></span> <span class='ocrx_word' id='word_1_181' title='bbox 3050 1299 3232 1357; x_wconf 89' lang='lat' dir='ltr'><strong>Pridie</strong></span> <span class='ocrx_word' id='word_1_182' title='bbox 3250 1315 3415 1372; x_wconf 89' lang='lat' dir='ltr'><strong>quam</strong></span> <span class='ocrx_word' id='word_1_183' title='bbox 3460 1307 3742 1372; x_wconf 83' lang='lat' dir='ltr'><strong>pateretur</strong></span> 
     </span>
    </p>
   </div>
   <div class='ocr_carea' id='block_1_28' title="bbox 2159 1383 3740 1466">
    <p class='ocr_par' dir='ltr' id='par_1_28' title="bbox 2159 1383 3740 1466">
     <span class='ocr_line' id='line_1_28' title="bbox 2159 1383 3740 1466; baseline -0.002 -14"><span class='ocrx_word' id='word_1_184' title='bbox 2159 1395 2440 1461; x_wconf 89' lang='lat' dir='ltr'><strong>Dominus,</strong></span> <span class='ocrx_word' id='word_1_185' title='bbox 2466 1395 2543 1450; x_wconf 85' lang='lat' dir='ltr'><strong>ait</strong></span> <span class='ocrx_word' id='word_1_186' title='bbox 2566 1393 2877 1465; x_wconf 84' lang='lat' dir='ltr'><strong>discipulis:</strong></span> <span class='ocrx_word' id='word_1_187' title='bbox 2918 1391 3064 1449; x_wconf 78' lang='lat' dir='ltr'><strong>Venit</strong></span> <span class='ocrx_word' id='word_1_188' title='bbox 3087 1383 3324 1466; x_wconf 71' lang='lat' dir='ltr'><strong>princeps</strong></span> <span class='ocrx_word' id='word_1_189' title='bbox 3343 1395 3530 1449; x_wconf 85' lang='lat' dir='ltr'><strong>mundi</strong></span> <span class='ocrx_word' id='word_1_190' title='bbox 3556 1395 3740 1464; x_wconf 73' lang='lat' dir='ltr'><strong>hujus,</strong></span> 
     </span>
    </p>
   </div>
   <div class='ocr_carea' id='block_1_29' title="bbox 2129 1485 3743 1558">
    <p class='ocr_par' dir='ltr' id='par_1_29' title="bbox 2129 1485 3743 1558">
     <span class='ocr_line' id='line_1_29' title="bbox 2129 1485 3743 1558; baseline -0.002 -14"><span class='ocrx_word' id='word_1_191' title='bbox 2129 1487 2208 1545; x_wconf 47' lang='lat' dir='ltr'><strong>&#39;et</strong></span> <span class='ocrx_word' id='word_1_192' title='bbox 2235 1505 2338 1542; x_wconf 82' lang='lat' dir='ltr'><strong>non</strong></span> <span class='ocrx_word' id='word_1_193' title='bbox 2383 1487 2535 1542; x_wconf 84' lang='lat' dir='ltr'><strong>habet</strong></span> <span class='ocrx_word' id='word_1_194' title='bbox 2591 1487 2646 1540; x_wconf 87' lang='lat' dir='ltr'><strong>in</strong></span> <span class='ocrx_word' id='word_1_195' title='bbox 2684 1503 2765 1541; x_wconf 86' lang='lat' dir='ltr'><strong>me</strong></span> <span class='ocrx_word' id='word_1_196' title='bbox 2819 1487 3102 1558; x_wconf 75' lang='lat' dir='ltr'><strong>quidquam</strong></span> <span class='ocrx_word' id='word_1_197' title='bbox 3150 1485 3300 1558; x_wconf 88' lang='lat' dir='ltr'><strong>(Luc.</strong></span> <span class='ocrx_word' id='word_1_198' title='bbox 3332 1486 3450 1558; x_wconf 77' lang='lat' dir='ltr'><strong>xx).</strong></span> <span class='ocrx_word' id='word_1_199' title='bbox 3481 1485 3589 1542; x_wconf 88' lang='lat' dir='ltr'><strong>Sed</strong></span> <span class='ocrx_word' id='word_1_200' title='bbox 3612 1487 3743 1557; x_wconf 88' lang='lat' dir='ltr'><strong>quia</strong></span> 
     </span>
    </p>
   </div>
   <div class='ocr_carea' id='block_1_30' title="bbox 2159 1577 3746 1652">
    <p class='ocr_par' dir='ltr' id='par_1_30' title="bbox 2159 1577 3746 1652">
     <span class='ocr_line' id='line_1_30' title="bbox 2159 1577 3746 1652; baseline -0.001 -18"><span class='ocrx_word' id='word_1_201' title='bbox 2159 1580 2431 1652; x_wconf 89' lang='lat' dir='ltr'><strong>princeps,</strong></span> <span class='ocrx_word' id='word_1_202' title='bbox 2455 1579 2508 1634; x_wconf 92' lang='lat' dir='ltr'><strong>id</strong></span> <span class='ocrx_word' id='word_1_203' title='bbox 2532 1587 2617 1634; x_wconf 92' lang='lat' dir='ltr'><strong>est</strong></span> <span class='ocrx_word' id='word_1_204' title='bbox 2655 1578 2880 1645; x_wconf 87' lang='lat' dir='ltr'><strong>Pilatus,</strong></span> <span class='ocrx_word' id='word_1_205' title='bbox 2924 1593 3047 1634; x_wconf 89' lang='lat' dir='ltr'><strong>eum</strong></span> <span class='ocrx_word' id='word_1_206' title='bbox 3100 1577 3351 1645; x_wconf 86' lang='lat' dir='ltr'><strong>absolvit,</strong></span> <span class='ocrx_word' id='word_1_207' title='bbox 3380 1580 3435 1634; x_wconf 94' lang='lat' dir='ltr'><strong>in</strong></span> <span class='ocrx_word' id='word_1_208' title='bbox 3475 1595 3585 1651; x_wconf 89' lang='lat' dir='ltr'><strong>quo</strong></span> <span class='ocrx_word' id='word_1_209' title='bbox 3606 1578 3746 1635; x_wconf 85' lang='lat' dir='ltr'><strong>nihil</strong></span> 
     </span>
    </p>
   </div>
   <div class='ocr_carea' id='block_1_31' title="bbox 2161 1668 3744 1741">
    <p class='ocr_par' dir='ltr' id='par_1_31' title="bbox 2161 1668 3744 1741">
     <span class='ocr_line' id='line_1_31' title="bbox 2161 1668 3744 1741; baseline -0.001 -15"><span class='ocrx_word' id='word_1_210' title='bbox 2161 1669 2525 1726; x_wconf 90' lang='lat' dir='ltr'><strong>damnationis</strong></span> <span class='ocrx_word' id='word_1_211' title='bbox 2549 1669 2771 1735; x_wconf 85' lang='lat' dir='ltr'><strong>invenit,</strong></span> <span class='ocrx_word' id='word_1_212' title='bbox 2802 1669 2926 1725; x_wconf 90' lang='lat' dir='ltr'><strong>vide</strong></span> <span class='ocrx_word' id='word_1_213' title='bbox 2945 1669 3074 1740; x_wconf 90' lang='lat' dir='ltr'><strong>quid</strong></span> <span class='ocrx_word' id='word_1_214' title='bbox 3096 1677 3258 1739; x_wconf 80' lang='lat' dir='ltr'><strong>agant</strong></span> <span class='ocrx_word' id='word_1_215' title='bbox 3279 1668 3451 1726; x_wconf 66' lang='lat' dir='ltr'><strong>Judaei</strong></span> <span class='ocrx_word' id='word_1_216' title='bbox 3486 1671 3581 1741; x_wconf 91' lang='lat' dir='ltr'><strong>qui</strong></span> <span class='ocrx_word' id='word_1_217' title='bbox 3635 1685 3744 1726; x_wconf 89' lang='lat' dir='ltr'><strong>non</strong></span> 
     </span>
    </p>
   </div>
   <div class='ocr_carea' id='block_1_32' title="bbox 2162 1761 3746 1832">
    <p class='ocr_par' dir='ltr' id='par_1_32' title="bbox 2162 1761 3746 1832">
     <span class='ocr_line' id='line_1_32' title="bbox 2162 1761 3746 1832; baseline 0.001 -15"><span class='ocrx_word' id='word_1_218' title='bbox 2162 1761 2434 1831; x_wconf 64' lang='lat' dir='ltr'><strong>aequitatis</strong></span> <span class='ocrx_word' id='word_1_219' title='bbox 2455 1776 2638 1817; x_wconf 88' lang='lat' dir='ltr'><strong>amore</strong></span> <span class='ocrx_word' id='word_1_220' title='bbox 2656 1775 2845 1817; x_wconf 87' lang='lat' dir='ltr'><strong>verum</strong></span> <span class='ocrx_word' id='word_1_221' title='bbox 2867 1761 3210 1832; x_wconf 90' lang='lat' dir='ltr'><strong>investigant,</strong></span> <span class='ocrx_word' id='word_1_222' title='bbox 3254 1761 3352 1818; x_wconf 87' lang='lat' dir='ltr'><strong>sed</strong></span> <span class='ocrx_word' id='word_1_223' title='bbox 3402 1761 3624 1818; x_wconf 66' lang='lat' dir='ltr'><strong>invidiae</strong></span> <span class='ocrx_word' id='word_1_224' title='bbox 3649 1763 3746 1819; x_wconf 82' lang='lat' dir='ltr'><strong>sti-</strong></span> 
     </span>
    </p>
   </div>
   <div class='ocr_carea' id='block_1_33' title="bbox 2163 1850 3111 1920">
    <p class='ocr_par' dir='ltr' id='par_1_33' title="bbox 2163 1850 3111 1920">
     <span class='ocr_line' id='line_1_33' title="bbox 2163 1850 3111 1920; baseline 0 -13"><span class='ocrx_word' id='word_1_225' title='bbox 2163 1851 2310 1907; x_wconf 89' lang='lat' dir='ltr'><strong>mulo</strong></span> <span class='ocrx_word' id='word_1_226' title='bbox 2327 1850 2533 1920; x_wconf 88' lang='lat' dir='ltr'><strong>justum</strong></span> <span class='ocrx_word' id='word_1_227' title='bbox 2559 1851 2817 1906; x_wconf 91' lang='lat' dir='ltr'><strong>damnare</strong></span> <span class='ocrx_word' id='word_1_228' title='bbox 2844 1850 3111 1907; x_wconf 87' lang='lat' dir='ltr'><strong>laborant.</strong></span> 
     </span>
    </p>
   </div>
   <div class='ocr_carea' id='block_1_34' title="bbox 481 1926 3747 2018">
    <p class='ocr_par' dir='ltr' id='par_1_34' title="bbox 481 1926 3747 2018">
     <span class='ocr_line' id='line_1_34' title="bbox 481 1926 3747 2018; baseline 0 -15"><span class='ocrx_word' id='word_1_229' title='bbox 481 1948 606 2003; x_wconf 91' lang='lat' dir='ltr'><strong>dam</strong></span> <span class='ocrx_word' id='word_1_230' title='bbox 646 1946 816 2018; x_wconf 82' lang='lat' dir='ltr'><strong>Moysi</strong></span> <span class='ocrx_word' id='word_1_231' title='bbox 861 1942 1127 2016; x_wconf 81' lang='lat' dir='ltr'><strong>fecerunt)</strong></span> <span class='ocrx_word' id='word_1_232' title='bbox 1175 1942 1407 2015; x_wconf 77' lang='lat' dir='ltr'><strong>gratiam</strong></span> <span class='ocrx_word' id='word_1_233' title='bbox 1437 1939 1762 2013; x_wconf 80' lang='lat' dir='ltr'><strong>cognitionis</strong></span> <span class='ocrx_word' id='word_1_234' title='bbox 1786 1938 1903 2009; x_wconf 90' lang='lat' dir='ltr'><strong>ejus</strong></span> <span class='ocrx_word' id='word_1_235' title='bbox 1931 1938 2062 2018; x_wconf 78' lang='lat' dir='ltr'><strong>abs-</strong></span> <span class='ocrx_word' id='word_1_236' title='bbox 2091 1926 2138 1987; x_wconf 87' lang='grc' dir='ltr'><strong>Β</strong></span> <span class='ocrx_word' id='word_1_237' title='bbox 2236 1943 2400 2000; x_wconf 75' lang='lat' dir='ltr'><strong>Vsns.</strong></span> <span class='ocrx_word' id='word_1_238' title='bbox 2439 1943 2494 1998; x_wconf 81' lang='grc'><strong>5.</strong></span> <span class='ocrx_word' id='word_1_239' title='bbox 2517 1973 2586 1982; x_wconf 88' lang='grc'><strong><em>-</em></strong></span> <span class='ocrx_word' id='word_1_240' title='bbox 2605 1941 2899 1998; x_wconf 86' lang='lat' dir='ltr'><strong>Commovet</strong></span> <span class='ocrx_word' id='word_1_241' title='bbox 2919 1943 3189 2015; x_wconf 82' lang='lat' dir='ltr'><strong>populum.</strong></span> <span class='ocrx_word' id='word_1_242' title='bbox 3219 1943 3339 2001; x_wconf 87' lang='lat' dir='ltr'><strong>Non</strong></span> <span class='ocrx_word' id='word_1_243' title='bbox 3368 1944 3542 2011; x_wconf 89' lang='lat' dir='ltr'><strong>illum,</strong></span> <span class='ocrx_word' id='word_1_244' title='bbox 3565 1945 3662 2001; x_wconf 89' lang='lat' dir='ltr'><strong>sed</strong></span> <span class='ocrx_word' id='word_1_245' title='bbox 3687 1960 3747 2003; x_wconf 85' lang='lat' dir='ltr'><strong>se</strong></span> 
     </span>
    </p>
   </div>
   <div class='ocr_carea' id='block_1_35' title="bbox 480 2009 2066 2105">
    <p class='ocr_par' dir='ltr' id='par_1_35' title="bbox 480 2009 2066 2105">
     <span class='ocr_line' id='line_1_35' title="bbox 480 2009 2066 2105; baseline -0.009 -8"><span class='ocrx_word' id='word_1_246' title='bbox 480 2009 754 2098; x_wconf 53' lang='lat' dir='ltr'><strong>condant;</strong></span> <span class='ocrx_word' id='word_1_247' title='bbox 778 2037 841 2095; x_wconf 86' lang='lat' dir='ltr'><strong>Si</strong></span> <span class='ocrx_word' id='word_1_248' title='bbox 877 2039 1014 2094; x_wconf 90' lang='lat' dir='ltr'><strong>enim</strong></span> <span class='ocrx_word' id='word_1_249' title='bbox 1048 2009 1316 2092; x_wconf 72' lang='lat' dir='ltr'><strong>crederent</strong></span> <span class='ocrx_word' id='word_1_250' title='bbox 1351 2009 1546 2105; x_wconf 80' lang='lat' dir='ltr'><strong>Moysi,</strong></span> <span class='ocrx_word' id='word_1_251' title='bbox 1591 2032 1857 2087; x_wconf 83' lang='lat' dir='ltr'><strong>crederent</strong></span> <span class='ocrx_word' id='word_1_252' title='bbox 1882 2009 2066 2085; x_wconf 71' lang='grc' dir='ltr'><strong>αὐο-</strong></span> 
     </span>
    </p>
   </div>
   <div class='ocr_carea' id='block_1_36' title="bbox 481 2123 2066 2202">
    <p class='ocr_par' dir='ltr' id='par_1_36' title="bbox 481 2123 2066 2202">
     <span class='ocr_line' id='line_1_36' title="bbox 481 2123 2066 2202; baseline -0.006 -16"><span class='ocrx_word' id='word_1_253' title='bbox 481 2133 624 2186; x_wconf 83' lang='lat' dir='ltr'><strong>mino</strong></span> <span class='ocrx_word' id='word_1_254' title='bbox 653 2130 836 2202; x_wconf 84' lang='lat' dir='ltr'><strong>(Joan.</strong></span> <span class='ocrx_word' id='word_1_255' title='bbox 867 2129 1012 2200; x_wconf 78' lang='lat' dir='ltr'><strong>Vill).</strong></span> <span class='ocrx_word' id='word_1_256' title='bbox 1053 2128 1166 2184; x_wconf 87' lang='lat' dir='ltr'><strong>Hoc</strong></span> <span class='ocrx_word' id='word_1_257' title='bbox 1184 2127 1432 2182; x_wconf 83' lang='lat' dir='ltr'><strong>velamen</strong></span> <span class='ocrx_word' id='word_1_258' title='bbox 1455 2139 1628 2195; x_wconf 87' lang='lat' dir='ltr'><strong>usque</strong></span> <span class='ocrx_word' id='word_1_259' title='bbox 1672 2123 1833 2179; x_wconf 89' lang='lat' dir='ltr'><strong>hodie</strong></span> <span class='ocrx_word' id='word_1_260' title='bbox 1881 2127 2066 2177; x_wconf 92' lang='lat' dir='ltr'><strong>manet</strong></span> 
     </span>
    </p>
   </div>
   <div class='ocr_carea' id='block_1_37' title="bbox 484 2215 2060 2292">
    <p class='ocr_par' dir='ltr' id='par_1_37' title="bbox 484 2215 2060 2292">
     <span class='ocr_line' id='line_1_37' title="bbox 484 2215 2060 2292; baseline -0.006 -14"><span class='ocrx_word' id='word_1_261' title='bbox 484 2237 648 2292; x_wconf 85' lang='lat' dir='ltr'><strong>super</strong></span> <span class='ocrx_word' id='word_1_262' title='bbox 671 2220 837 2276; x_wconf 88' lang='lat' dir='ltr'><strong>corda</strong></span> <span class='ocrx_word' id='word_1_263' title='bbox 874 2234 1084 2286; x_wconf 88' lang='lat' dir='ltr'><strong>eorum,</strong></span> <span class='ocrx_word' id='word_1_264' title='bbox 1124 2217 1220 2274; x_wconf 90' lang='lat' dir='ltr'><strong>sed</strong></span> <span class='ocrx_word' id='word_1_265' title='bbox 1256 2217 1602 2273; x_wconf 89' lang='lat' dir='ltr'><strong>credentibus</strong></span> <span class='ocrx_word' id='word_1_266' title='bbox 1652 2223 1737 2272; x_wconf 90' lang='lat' dir='ltr'><strong>est</strong></span> <span class='ocrx_word' id='word_1_267' title='bbox 1783 2215 2060 2272; x_wconf 89' lang='lat' dir='ltr'><strong>ablatum:</strong></span> 
     </span>
    </p>
   </div>
   <div class='ocr_carea' id='block_1_38' title="bbox 485 2309 1814 2381">
    <p class='ocr_par' dir='ltr' id='par_1_38' title="bbox 485 2309 1814 2381">
     <span class='ocr_line' id='line_1_38' title="bbox 485 2309 1814 2381; baseline -0.007 -10"><span class='ocrx_word' id='word_1_268' title='bbox 485 2328 610 2371; x_wconf 89' lang='lat' dir='ltr'><strong>cum</strong></span> <span class='ocrx_word' id='word_1_269' title='bbox 636 2313 727 2369; x_wconf 91' lang='lat' dir='ltr'><strong>illo</strong></span> <span class='ocrx_word' id='word_1_270' title='bbox 754 2313 1020 2369; x_wconf 90' lang='lat' dir='ltr'><strong>moriente</strong></span> <span class='ocrx_word' id='word_1_271' title='bbox 1040 2311 1218 2367; x_wconf 89' lang='lat' dir='ltr'><strong>velum</strong></span> <span class='ocrx_word' id='word_1_272' title='bbox 1239 2309 1428 2381; x_wconf 88' lang='lat' dir='ltr'><strong>templi</strong></span> <span class='ocrx_word' id='word_1_273' title='bbox 1449 2311 1678 2366; x_wconf 91' lang='lat' dir='ltr'><strong>scissum</strong></span> <span class='ocrx_word' id='word_1_274' title='bbox 1711 2319 1814 2366; x_wconf 90' lang='lat' dir='ltr'><strong>est.</strong></span> 
     </span>
    </p>
   </div>
   <div class='ocr_carea' id='block_1_39' title="bbox 457 2401 2066 2477">
    <p class='ocr_par' dir='ltr' id='par_1_39' title="bbox 457 2401 2066 2477">
     <span class='ocr_line' id='line_1_39' title="bbox 457 2401 2066 2477; baseline -0.004 -14"><span class='ocrx_word' id='word_1_275' title='bbox 457 2461 459 2463; x_wconf 81' lang='grc'><strong><em>,</em></strong></span> <span class='ocrx_word' id='word_1_276' title='bbox 554 2408 718 2464; x_wconf 70' lang='lat' dir='ltr'><strong>Vens.</strong></span> <span class='ocrx_word' id='word_1_277' title='bbox 761 2406 1297 2477; x_wconf 65' lang='lat' dir='ltr'><strong>64.—Pr0phetiza.</strong></span> <span class='ocrx_word' id='word_1_278' title='bbox 1341 2406 1676 2462; x_wconf 90' lang='lat' dir='ltr'><strong>Contumelia</strong></span> <span class='ocrx_word' id='word_1_279' title='bbox 1716 2406 1769 2460; x_wconf 92' lang='lat' dir='ltr'><strong>in</strong></span> <span class='ocrx_word' id='word_1_280' title='bbox 1812 2420 1934 2460; x_wconf 89' lang='lat' dir='ltr'><strong>eum</strong></span> <span class='ocrx_word' id='word_1_281' title='bbox 1971 2401 2066 2474; x_wconf 89' lang='lat' dir='ltr'><strong>qui</strong></span> 
     </span>
    </p>
   </div>
   <div class='ocr_carea' id='block_1_40' title="bbox 482 2496 2062 2569">
    <p class='ocr_par' dir='ltr' id='par_1_40' title="bbox 482 2496 2062 2569">
     <span class='ocr_line' id='line_1_40' title="bbox 482 2496 2062 2569; baseline -0.003 -14"><span class='ocrx_word' id='word_1_282' title='bbox 482 2513 543 2555; x_wconf 82' lang='lat' dir='ltr'><strong>se</strong></span> <span class='ocrx_word' id='word_1_283' title='bbox 579 2499 896 2569; x_wconf 85' lang='lat' dir='ltr'><strong>prophetam</strong></span> <span class='ocrx_word' id='word_1_284' title='bbox 936 2498 1169 2558; x_wconf 90' lang='lat' dir='ltr'><strong>dicebat.</strong></span> <span class='ocrx_word' id='word_1_285' title='bbox 1231 2496 1343 2553; x_wconf 88' lang='lat' dir='ltr'><strong>Sed</strong></span> <span class='ocrx_word' id='word_1_286' title='bbox 1388 2506 1444 2553; x_wconf 92' lang='lat' dir='ltr'><strong>et</strong></span> <span class='ocrx_word' id='word_1_287' title='bbox 1490 2497 1726 2553; x_wconf 72' lang='lat' dir='ltr'><strong>haeretici</strong></span> <span class='ocrx_word' id='word_1_288' title='bbox 1765 2505 1820 2552; x_wconf 91' lang='lat' dir='ltr'><strong>et</strong></span> <span class='ocrx_word' id='word_1_289' title='bbox 1869 2497 2062 2563; x_wconf 69' lang='lat' dir='ltr'><strong>Judaei,</strong></span> 
     </span>
    </p>
   </div>
   <div class='ocr_carea' id='block_1_41' title="bbox 481 2587 2064 2660">
    <p class='ocr_par' dir='ltr' id='par_1_41' title="bbox 481 2587 2064 2660">
     <span class='ocr_line' id='line_1_41' title="bbox 481 2587 2064 2660; baseline -0.001 -16"><span class='ocrx_word' id='word_1_290' title='bbox 481 2590 574 2660; x_wconf 88' lang='lat' dir='ltr'><strong>qui</strong></span> <span class='ocrx_word' id='word_1_291' title='bbox 595 2604 764 2660; x_wconf 85' lang='lat' dir='ltr'><strong>usque</strong></span> <span class='ocrx_word' id='word_1_292' title='bbox 785 2589 944 2644; x_wconf 89' lang='lat' dir='ltr'><strong>hodie</strong></span> <span class='ocrx_word' id='word_1_293' title='bbox 965 2588 1240 2644; x_wconf 84' lang='lat' dir='ltr'><strong>Christum</strong></span> <span class='ocrx_word' id='word_1_294' title='bbox 1270 2597 1490 2660; x_wconf 90' lang='lat' dir='ltr'><strong>negant,</strong></span> <span class='ocrx_word' id='word_1_295' title='bbox 1521 2598 1578 2644; x_wconf 92' lang='lat' dir='ltr'><strong>et</strong></span> <span class='ocrx_word' id='word_1_296' title='bbox 1611 2588 1738 2644; x_wconf 90' lang='lat' dir='ltr'><strong>mali</strong></span> <span class='ocrx_word' id='word_1_297' title='bbox 1769 2587 2064 2644; x_wconf 87' lang='lat' dir='ltr'><strong>Christiani</strong></span> 
     </span>
    </p>
   </div>
   <div class='ocr_carea' id='block_1_42' title="bbox 482 2678 2066 2748">
    <p class='ocr_par' dir='ltr' id='par_1_42' title="bbox 482 2678 2066 2748">
     <span class='ocr_line' id='line_1_42' title="bbox 482 2678 2066 2748; baseline 0.001 -18"><span class='ocrx_word' id='word_1_298' title='bbox 482 2678 575 2747; x_wconf 90' lang='lat' dir='ltr'><strong>qui</strong></span> <span class='ocrx_word' id='word_1_299' title='bbox 600 2678 844 2747; x_wconf 88' lang='lat' dir='ltr'><strong>reprobis</strong></span> <span class='ocrx_word' id='word_1_300' title='bbox 876 2678 1087 2732; x_wconf 89' lang='lat' dir='ltr'><strong>actibus</strong></span> <span class='ocrx_word' id='word_1_301' title='bbox 1113 2678 1464 2745; x_wconf 78' lang='lat' dir='ltr'><strong>exacerbant,</strong></span> <span class='ocrx_word' id='word_1_302' title='bbox 1516 2679 1644 2733; x_wconf 90' lang='lat' dir='ltr'><strong>dum</strong></span> <span class='ocrx_word' id='word_1_303' title='bbox 1693 2694 1821 2734; x_wconf 89' lang='lat' dir='ltr'><strong>suas</strong></span> <span class='ocrx_word' id='word_1_304' title='bbox 1860 2678 2066 2748; x_wconf 88' lang='lat' dir='ltr'><strong>cogita-</strong></span> 
     </span>
    </p>
   </div>
   <div class='ocr_carea' id='block_1_43' title="bbox 487 2768 2060 2842">
    <p class='ocr_par' dir='ltr' id='par_1_43' title="bbox 487 2768 2060 2842">
     <span class='ocr_line' id='line_1_43' title="bbox 487 2768 2060 2842; baseline 0.003 -21"><span class='ocrx_word' id='word_1_305' title='bbox 487 2768 662 2823; x_wconf 89' lang='lat' dir='ltr'><strong>tiones</strong></span> <span class='ocrx_word' id='word_1_306' title='bbox 683 2778 738 2824; x_wconf 92' lang='lat' dir='ltr'><strong>et</strong></span> <span class='ocrx_word' id='word_1_307' title='bbox 760 2783 925 2839; x_wconf 83' lang='lat' dir='ltr'><strong>opera</strong></span> <span class='ocrx_word' id='word_1_308' title='bbox 954 2768 1300 2824; x_wconf 87' lang='lat' dir='ltr'><strong>tenebrarum</strong></span> <span class='ocrx_word' id='word_1_309' title='bbox 1323 2770 1391 2825; x_wconf 90' lang='lat' dir='ltr'><strong>ab</strong></span> <span class='ocrx_word' id='word_1_310' title='bbox 1413 2769 1506 2825; x_wconf 89' lang='lat' dir='ltr'><strong>illo</strong></span> <span class='ocrx_word' id='word_1_311' title='bbox 1524 2771 1695 2826; x_wconf 88' lang='lat' dir='ltr'><strong>videri</strong></span> <span class='ocrx_word' id='word_1_312' title='bbox 1721 2787 1829 2826; x_wconf 92' lang='lat' dir='ltr'><strong>non</strong></span> <span class='ocrx_word' id='word_1_313' title='bbox 1849 2779 2060 2842; x_wconf 89' lang='lat' dir='ltr'><strong>putant,</strong></span> 
     </span>
    </p>
   </div>
   <div class='ocr_carea' id='block_1_44' title="bbox 483 2858 2066 2934">
    <p class='ocr_par' dir='ltr' id='par_1_44' title="bbox 483 2858 2066 2934">
     <span class='ocr_line' id='line_1_44' title="bbox 483 2858 2066 2934; baseline 0.004 -24"><span class='ocrx_word' id='word_1_314' title='bbox 483 2858 637 2928; x_wconf 89' lang='lat' dir='ltr'><strong>quasi</strong></span> <span class='ocrx_word' id='word_1_315' title='bbox 668 2858 954 2915; x_wconf 87' lang='lat' dir='ltr'><strong>illudentes</strong></span> <span class='ocrx_word' id='word_1_316' title='bbox 986 2860 1176 2914; x_wconf 88' lang='lat' dir='ltr'><strong>aiunt:</strong></span> <span class='ocrx_word' id='word_1_317' title='bbox 1210 2859 1528 2931; x_wconf 82' lang='lat' dir='ltr'><strong>Prophetiza</strong></span> <span class='ocrx_word' id='word_1_318' title='bbox 1553 2877 1572 2917; x_wconf 91' lang='lat'><strong><em>:</em></strong></span> <span class='ocrx_word' id='word_1_319' title='bbox 1597 2860 1728 2928; x_wconf 83' lang='lat' dir='ltr'><strong>Quis</strong></span> <span class='ocrx_word' id='word_1_320' title='bbox 1777 2870 1852 2916; x_wconf 86' lang='lat' dir='ltr'><strong>est</strong></span> <span class='ocrx_word' id='word_1_321' title='bbox 1899 2862 1988 2934; x_wconf 86' lang='lat' dir='ltr'><strong>qui</strong></span> <span class='ocrx_word' id='word_1_322' title='bbox 2017 2872 2066 2917; x_wconf 92' lang='lat' dir='ltr'><strong>te</strong></span> 
     </span>
    </p>
   </div>
   <div class='ocr_carea' id='block_1_45' title="bbox 479 2950 780 3020">
    <p class='ocr_par' dir='ltr' id='par_1_45' title="bbox 479 2950 780 3020">
     <span class='ocr_line' id='line_1_45' title="bbox 479 2950 780 3020; baseline -0.003 -16"><span class='ocrx_word' id='word_1_323' title='bbox 479 2951 735 3020; x_wconf 83' lang='lat' dir='ltr'><strong>percussit</strong></span> <span class='ocrx_word' id='word_1_324' title='bbox 755 2950 780 3003; x_wconf 79' lang='lat'><strong><em>?</em></strong></span> 
     </span>
    </p>
   </div>
   <div class='ocr_carea' id='block_1_46' title="bbox 551 3039 2066 3102">
    <p class='ocr_par' dir='ltr' id='par_1_46' title="bbox 551 3039 2066 3102">
     <span class='ocr_line' id='line_1_46' title="bbox 551 3039 2066 3102; baseline 0.006 -9"><span class='ocrx_word' id='word_1_325' title='bbox 551 3039 717 3095; x_wconf 68' lang='lat' dir='ltr'><strong>Vens.</strong></span> <span class='ocrx_word' id='word_1_326' title='bbox 746 3039 835 3094; x_wconf 88' lang='grc'><strong>66.</strong></span> <span class='ocrx_word' id='word_1_327' title='bbox 865 3071 938 3082; x_wconf 91' lang='grc'><strong><em>-</em></strong></span> <span class='ocrx_word' id='word_1_328' title='bbox 988 3039 1050 3096; x_wconf 89' lang='lat' dir='ltr'><strong>Si</strong></span> <span class='ocrx_word' id='word_1_329' title='bbox 1095 3049 1152 3094; x_wconf 87' lang='lat' dir='ltr'><strong>tu</strong></span> <span class='ocrx_word' id='word_1_330' title='bbox 1192 3058 1246 3096; x_wconf 88' lang='lat' dir='ltr'><strong>es</strong></span> <span class='ocrx_word' id='word_1_331' title='bbox 1305 3039 1569 3098; x_wconf 81' lang='lat' dir='ltr'><strong>Christus.</strong></span> <span class='ocrx_word' id='word_1_332' title='bbox 1615 3042 1731 3099; x_wconf 82' lang='lat' dir='ltr'><strong>Non</strong></span> <span class='ocrx_word' id='word_1_333' title='bbox 1784 3045 2066 3102; x_wconf 84' lang='lat' dir='ltr'><strong>veritatem</strong></span> 
     </span>
    </p>
   </div>
   <div class='ocr_carea' id='block_1_47' title="bbox 2163 2033 3745 2107">
    <p class='ocr_par' dir='ltr' id='par_1_47' title="bbox 2163 2033 3745 2107">
     <span class='ocr_line' id='line_1_47' title="bbox 2163 2033 3745 2107; baseline 0.001 -17"><span class='ocrx_word' id='word_1_334' title='bbox 2163 2043 2436 2092; x_wconf 88' lang='lat' dir='ltr'><strong>accusant.</strong></span> <span class='ocrx_word' id='word_1_335' title='bbox 2464 2033 2723 2090; x_wconf 86' lang='lat' dir='ltr'><strong>Docuisse</strong></span> <span class='ocrx_word' id='word_1_336' title='bbox 2747 2035 2892 2090; x_wconf 91' lang='lat' dir='ltr'><strong>enim</strong></span> <span class='ocrx_word' id='word_1_337' title='bbox 2917 2035 3193 2106; x_wconf 90' lang='lat' dir='ltr'><strong>populum,</strong></span> <span class='ocrx_word' id='word_1_338' title='bbox 3216 2044 3273 2092; x_wconf 91' lang='lat' dir='ltr'><strong>et</strong></span> <span class='ocrx_word' id='word_1_339' title='bbox 3298 2051 3328 2091; x_wconf 90' lang='lat' dir='ltr'><strong>a</strong></span> <span class='ocrx_word' id='word_1_340' title='bbox 3349 2037 3580 2107; x_wconf 90' lang='lat' dir='ltr'><strong>pristina</strong></span> <span class='ocrx_word' id='word_1_341' title='bbox 3619 2052 3745 2092; x_wconf 83' lang='lat' dir='ltr'><strong>cor-</strong></span> 
     </span>
    </p>
   </div>
   <div class='ocr_carea' id='block_1_48' title="bbox 2161 2123 3744 2198">
    <p class='ocr_par' dir='ltr' id='par_1_48' title="bbox 2161 2123 3744 2198">
     <span class='ocr_line' id='line_1_48' title="bbox 2161 2123 3744 2198; baseline 0.001 -19"><span class='ocrx_word' id='word_1_342' title='bbox 2161 2124 2310 2196; x_wconf 90' lang='lat' dir='ltr'><strong>poris</strong></span> <span class='ocrx_word' id='word_1_343' title='bbox 2337 2123 2550 2196; x_wconf 77' lang='lat' dir='ltr'><strong>ignavia</strong></span> <span class='ocrx_word' id='word_1_344' title='bbox 2572 2124 2814 2180; x_wconf 90' lang='lat' dir='ltr'><strong>docendo</strong></span> <span class='ocrx_word' id='word_1_345' title='bbox 2857 2125 3237 2190; x_wconf 89' lang='lat' dir='ltr'><strong>commovisse,</strong></span> <span class='ocrx_word' id='word_1_346' title='bbox 3299 2125 3501 2198; x_wconf 88' lang='lat' dir='ltr'><strong>talique</strong></span> <span class='ocrx_word' id='word_1_347' title='bbox 3547 2133 3674 2181; x_wconf 90' lang='lat' dir='ltr'><strong>actu</strong></span> <span class='ocrx_word' id='word_1_348' title='bbox 3711 2141 3744 2181; x_wconf 90' lang='lat' dir='ltr'><strong>a</strong></span> 
     </span>
    </p>
   </div>
   <div class='ocr_carea' id='block_1_49' title="bbox 2162 2213 3746 2288">
    <p class='ocr_par' dir='ltr' id='par_1_49' title="bbox 2162 2213 3746 2288">
     <span class='ocr_line' id='line_1_49' title="bbox 2162 2213 3746 2288; baseline 0.001 -17"><span class='ocrx_word' id='word_1_349' title='bbox 2162 2213 2379 2271; x_wconf 83' lang='lat' dir='ltr'><strong>Galilaea</strong></span> <span class='ocrx_word' id='word_1_350' title='bbox 2401 2230 2573 2286; x_wconf 90' lang='lat' dir='ltr'><strong>usque</strong></span> <span class='ocrx_word' id='word_1_351' title='bbox 2599 2215 2667 2270; x_wconf 91' lang='lat' dir='ltr'><strong>ad</strong></span> <span class='ocrx_word' id='word_1_352' title='bbox 2701 2214 2961 2282; x_wconf 68' lang='lat' dir='ltr'><strong>Iudaeam,</strong></span> <span class='ocrx_word' id='word_1_353' title='bbox 2990 2215 3044 2272; x_wconf 90' lang='lat' dir='ltr'><strong>id</strong></span> <span class='ocrx_word' id='word_1_354' title='bbox 3086 2226 3170 2273; x_wconf 89' lang='lat' dir='ltr'><strong>est</strong></span> <span class='ocrx_word' id='word_1_355' title='bbox 3211 2225 3380 2272; x_wconf 88' lang='lat' dir='ltr'><strong>totam</strong></span> <span class='ocrx_word' id='word_1_356' title='bbox 3424 2218 3746 2288; x_wconf 86' lang='lat' dir='ltr'><strong>promissio-</strong></span> 
     </span>
    </p>
   </div>
   <div class='ocr_carea' id='block_1_50' title="bbox 2163 2304 3815 2380">
    <p class='ocr_par' dir='ltr' id='par_1_50' title="bbox 2163 2304 3815 2380">
     <span class='ocr_line' id='line_1_50' title="bbox 2163 2304 3815 2380; baseline 0.003 -21"><span class='ocrx_word' id='word_1_357' title='bbox 2163 2304 2250 2360; x_wconf 89' lang='lat' dir='ltr'><strong>nis</strong></span> <span class='ocrx_word' id='word_1_358' title='bbox 2273 2311 2498 2371; x_wconf 90' lang='lat' dir='ltr'><strong>terram,</strong></span> <span class='ocrx_word' id='word_1_359' title='bbox 2525 2321 2556 2360; x_wconf 92' lang='lat' dir='ltr'><strong>a</strong></span> <span class='ocrx_word' id='word_1_360' title='bbox 2586 2304 2691 2361; x_wconf 87' lang='lat' dir='ltr'><strong>line</strong></span> <span class='ocrx_word' id='word_1_361' title='bbox 2715 2321 2887 2376; x_wconf 87' lang='lat' dir='ltr'><strong>usque</strong></span> <span class='ocrx_word' id='word_1_362' title='bbox 2909 2306 2978 2361; x_wconf 92' lang='lat' dir='ltr'><strong>ad</strong></span> <span class='ocrx_word' id='word_1_363' title='bbox 3029 2305 3192 2362; x_wconf 82' lang='lat' dir='ltr'><strong>tinem</strong></span> <span class='ocrx_word' id='word_1_364' title='bbox 3223 2309 3606 2380; x_wconf 90' lang='lat' dir='ltr'><strong>pertransisse,</strong></span> <span class='ocrx_word' id='word_1_365' title='bbox 3636 2324 3748 2364; x_wconf 87' lang='lat' dir='ltr'><strong>non</strong></span> <span class='ocrx_word' id='word_1_366' title='bbox 3808 2322 3815 2328; x_wconf 87' lang='grc'>·</span> 
     </span>
    </p>
   </div>
   <div class='ocr_carea' id='block_1_51' title="bbox 2162 2393 3746 2468">
    <p class='ocr_par' dir='ltr' id='par_1_51' title="bbox 2162 2393 3746 2468">
     <span class='ocr_line' id='line_1_51' title="bbox 2162 2393 3746 2468; baseline 0.002 -17"><span class='ocrx_word' id='word_1_367' title='bbox 2162 2395 2428 2461; x_wconf 91' lang='lat' dir='ltr'><strong>criminis,</strong></span> <span class='ocrx_word' id='word_1_368' title='bbox 2455 2395 2551 2450; x_wconf 92' lang='lat' dir='ltr'><strong>sed</strong></span> <span class='ocrx_word' id='word_1_369' title='bbox 2575 2393 2838 2466; x_wconf 86' lang='lat' dir='ltr'><strong>judicium</strong></span> <span class='ocrx_word' id='word_1_370' title='bbox 2866 2404 2950 2452; x_wconf 90' lang='lat' dir='ltr'><strong>est</strong></span> <span class='ocrx_word' id='word_1_371' title='bbox 2969 2395 3208 2452; x_wconf 89' lang='lat' dir='ltr'><strong>virtutis.</strong></span> <span class='ocrx_word' id='word_1_372' title='bbox 3267 2398 3510 2468; x_wconf 90' lang='lat' dir='ltr'><strong>Denique</strong></span> <span class='ocrx_word' id='word_1_373' title='bbox 3535 2397 3746 2454; x_wconf 86' lang='lat' dir='ltr'><strong>Pilatus</strong></span> 
     </span>
    </p>
   </div>
   <div class='ocr_carea' id='block_1_52' title="bbox 2164 2487 3746 2560">
    <p class='ocr_par' dir='ltr' id='par_1_52' title="bbox 2164 2487 3746 2560">
     <span class='ocr_line' id='line_1_52' title="bbox 2164 2487 3746 2560; baseline 0.003 -18"><span class='ocrx_word' id='word_1_374' title='bbox 2164 2503 2266 2544; x_wconf 90' lang='lat' dir='ltr'><strong>nec</strong></span> <span class='ocrx_word' id='word_1_375' title='bbox 2291 2487 2732 2560; x_wconf 77' lang='lat' dir='ltr'><strong>interrogandum</strong></span> <span class='ocrx_word' id='word_1_376' title='bbox 2795 2488 3132 2545; x_wconf 86' lang='lat' dir='ltr'><strong>Salvatorem</strong></span> <span class='ocrx_word' id='word_1_377' title='bbox 3188 2491 3256 2546; x_wconf 91' lang='lat' dir='ltr'><strong>de</strong></span> <span class='ocrx_word' id='word_1_378' title='bbox 3296 2490 3402 2546; x_wconf 91' lang='lat' dir='ltr'><strong>hoc</strong></span> <span class='ocrx_word' id='word_1_379' title='bbox 3441 2499 3617 2556; x_wconf 88' lang='lat' dir='ltr'><strong>ratus,</strong></span> <span class='ocrx_word' id='word_1_380' title='bbox 3649 2491 3746 2546; x_wconf 84' lang='lat' dir='ltr'><strong>sed</strong></span> 
     </span>
    </p>
   </div>
   <div class='ocr_carea' id='block_1_53' title="bbox 2164 2580 3746 2653">
    <p class='ocr_par' dir='ltr' id='par_1_53' title="bbox 2164 2580 3746 2653">
     <span class='ocr_line' id='line_1_53' title="bbox 2164 2580 3746 2653; baseline 0.003 -19"><span class='ocrx_word' id='word_1_381' title='bbox 2164 2580 2336 2650; x_wconf 90' lang='lat' dir='ltr'><strong>magis</strong></span> <span class='ocrx_word' id='word_1_382' title='bbox 2359 2590 2518 2635; x_wconf 89' lang='lat' dir='ltr'><strong>nacta</strong></span> <span class='ocrx_word' id='word_1_383' title='bbox 2541 2581 2847 2648; x_wconf 89' lang='lat' dir='ltr'><strong>occasione,</strong></span> <span class='ocrx_word' id='word_1_384' title='bbox 2901 2581 3130 2638; x_wconf 87' lang='lat' dir='ltr'><strong>liberum</strong></span> <span class='ocrx_word' id='word_1_385' title='bbox 3151 2582 3221 2639; x_wconf 86' lang='lat' dir='ltr'><strong>ah</strong></span> <span class='ocrx_word' id='word_1_386' title='bbox 3241 2581 3619 2653; x_wconf 88' lang='lat' dir='ltr'><strong>eojudicando</strong></span> <span class='ocrx_word' id='word_1_387' title='bbox 3649 2599 3746 2640; x_wconf 84' lang='lat' dir='ltr'><strong>cu-</strong></span> 
     </span>
    </p>
   </div>
   <div class='ocr_carea' id='block_1_54' title="bbox 2162 2665 2582 2740">
    <p class='ocr_par' dir='ltr' id='par_1_54' title="bbox 2162 2665 2582 2740">
     <span class='ocr_line' id='line_1_54' title="bbox 2162 2665 2582 2740; baseline 0.002 -16"><span class='ocrx_word' id='word_1_388' title='bbox 2162 2671 2244 2740; x_wconf 91' lang='lat' dir='ltr'><strong>pit</strong></span> <span class='ocrx_word' id='word_1_389' title='bbox 2273 2671 2519 2727; x_wconf 90' lang='lat' dir='ltr'><strong>reddere.</strong></span> <span class='ocrx_word' id='word_1_390' title='bbox 2577 2665 2582 2678; x_wconf 59' lang='grc'><strong>³</strong></span> 
     </span>
    </p>
   </div>
   <div class='ocr_carea' id='block_1_55' title="bbox 2238 2757 3750 2839">
    <p class='ocr_par' dir='ltr' id='par_1_55' title="bbox 2238 2757 3750 2839">
     <span class='ocr_line' id='line_1_55' title="bbox 2238 2757 3750 2839; baseline 0.005 -21"><span class='ocrx_word' id='word_1_391' title='bbox 2238 2762 2402 2819; x_wconf 69' lang='lat' dir='ltr'><strong>Vens.</strong></span> <span class='ocrx_word' id='word_1_392' title='bbox 2427 2764 2481 2818; x_wconf 93' lang='lat'><strong>7.</strong></span> <span class='ocrx_word' id='word_1_393' title='bbox 2509 2795 2579 2805; x_wconf 96' lang='lat'><strong>—</strong></span> <span class='ocrx_word' id='word_1_394' title='bbox 2604 2763 2672 2819; x_wconf 84' lang='lat' dir='ltr'><strong>Et</strong></span> <span class='ocrx_word' id='word_1_395' title='bbox 2700 2775 2758 2820; x_wconf 89' lang='lat' dir='ltr'><strong>ut</strong></span> <span class='ocrx_word' id='word_1_396' title='bbox 2777 2768 3031 2839; x_wconf 85' lang='lat' dir='ltr'><strong>cognovit.</strong></span> <span class='ocrx_word' id='word_1_397' title='bbox 3058 2767 3136 2825; x_wconf 83' lang='lat' dir='ltr'><strong>Ne</strong></span> <span class='ocrx_word' id='word_1_398' title='bbox 3157 2775 3344 2825; x_wconf 89' lang='lat' dir='ltr'><strong>contra</strong></span> <span class='ocrx_word' id='word_1_399' title='bbox 3371 2757 3663 2836; x_wconf 82' lang='lat' dir='ltr'><strong>insontem,</strong></span> <span class='ocrx_word' id='word_1_400' title='bbox 3695 2780 3750 2826; x_wconf 90' lang='lat' dir='ltr'><strong>et</strong></span> 
     </span>
    </p>
   </div>
   <div class='ocr_carea' id='block_1_56' title="bbox 2164 2854 3739 2925">
    <p class='ocr_par' dir='ltr' id='par_1_56' title="bbox 2164 2854 3739 2925">
     <span class='ocr_line' id='line_1_56' title="bbox 2164 2854 3739 2925; baseline 0.004 -17"><span class='ocrx_word' id='word_1_401' title='bbox 2164 2868 2326 2925; x_wconf 89' lang='lat' dir='ltr'><strong>quem</strong></span> <span class='ocrx_word' id='word_1_402' title='bbox 2370 2854 2622 2910; x_wconf 89' lang='lat' dir='ltr'><strong>traditum</strong></span> <span class='ocrx_word' id='word_1_403' title='bbox 2666 2871 2763 2925; x_wconf 89' lang='lat' dir='ltr'><strong>per</strong></span> <span class='ocrx_word' id='word_1_404' title='bbox 2809 2855 3066 2913; x_wconf 89' lang='lat' dir='ltr'><strong>invidiam</strong></span> <span class='ocrx_word' id='word_1_405' title='bbox 3117 2867 3360 2925; x_wconf 87' lang='lat' dir='ltr'><strong>noverat,</strong></span> <span class='ocrx_word' id='word_1_406' title='bbox 3408 2861 3739 2916; x_wconf 82' lang='lat' dir='ltr'><strong>sententiam</strong></span> 
     </span>
    </p>
   </div>
   <div class='ocr_carea' id='block_1_57' title="bbox 2165 2947 3748 3020">
    <p class='ocr_par' dir='ltr' id='par_1_57' title="bbox 2165 2947 3748 3020">
     <span class='ocr_line' id='line_1_57' title="bbox 2165 2947 3748 3020; baseline 0.004 -17"><span class='ocrx_word' id='word_1_407' title='bbox 2165 2947 2295 3003; x_wconf 91' lang='lat' dir='ltr'><strong>dare</strong></span> <span class='ocrx_word' id='word_1_408' title='bbox 2320 2957 2622 3020; x_wconf 88' lang='lat' dir='ltr'><strong>cogeretur,</strong></span> <span class='ocrx_word' id='word_1_409' title='bbox 2673 2948 2871 3005; x_wconf 88' lang='lat' dir='ltr'><strong>Herodi</strong></span> <span class='ocrx_word' id='word_1_410' title='bbox 2922 2951 3087 3006; x_wconf 89' lang='lat' dir='ltr'><strong>mittit</strong></span> <span class='ocrx_word' id='word_1_411' title='bbox 3127 2953 3477 3020; x_wconf 88' lang='lat' dir='ltr'><strong>audiendum,</strong></span> <span class='ocrx_word' id='word_1_412' title='bbox 3503 2960 3620 3008; x_wconf 90' lang='lat' dir='ltr'><strong>uta</strong></span> <span class='ocrx_word' id='word_1_413' title='bbox 3645 2967 3748 3009; x_wconf 91' lang='lat' dir='ltr'><strong>suo</strong></span> 
     </span>
    </p>
   </div>
   <div class='ocr_carea' id='block_1_58' title="bbox 2167 3042 3748 3112">
    <p class='ocr_par' dir='ltr' id='par_1_58' title="bbox 2167 3042 3748 3112">
     <span class='ocr_line' id='line_1_58' title="bbox 2167 3042 3748 3112; baseline 0.005 -18"><span class='ocrx_word' id='word_1_414' title='bbox 2167 3043 2436 3096; x_wconf 88' lang='lat' dir='ltr'><strong>tetrarcha</strong></span> <span class='ocrx_word' id='word_1_415' title='bbox 2465 3042 2549 3098; x_wconf 86' lang='lat' dir='ltr'><strong>vel</strong></span> <span class='ocrx_word' id='word_1_416' title='bbox 2577 3042 2948 3099; x_wconf 87' lang='lat' dir='ltr'><strong>absolveretur</strong></span> <span class='ocrx_word' id='word_1_417' title='bbox 2999 3043 3084 3100; x_wconf 86' lang='lat' dir='ltr'><strong>vel</strong></span> <span class='ocrx_word' id='word_1_418' title='bbox 3128 3045 3499 3112; x_wconf 87' lang='lat' dir='ltr'><strong>damnaretur,</strong></span> <span class='ocrx_word' id='word_1_419' title='bbox 3549 3046 3644 3103; x_wconf 85' lang='lat' dir='ltr'><strong>sed</strong></span> <span class='ocrx_word' id='word_1_420' title='bbox 3675 3060 3748 3102; x_wconf 90' lang='lat' dir='ltr'><strong>ne</strong></span> 
     </span>
    </p>
   </div>
   <div class='ocr_carea' id='block_1_59' title="bbox 479 3130 3745 3208">
    <p class='ocr_par' dir='ltr' id='par_1_59' title="bbox 479 3130 3745 3208">
     <span class='ocr_line' id='line_1_59' title="bbox 479 3130 3745 3208; baseline 0.002 -22"><span class='ocrx_word' id='word_1_421' title='bbox 479 3130 827 3197; x_wconf 89' lang='lat' dir='ltr'><strong>desiderant,</strong></span> <span class='ocrx_word' id='word_1_422' title='bbox 885 3132 980 3188; x_wconf 91' lang='lat' dir='ltr'><strong>sed</strong></span> <span class='ocrx_word' id='word_1_423' title='bbox 1029 3131 1354 3189; x_wconf 88' lang='lat' dir='ltr'><strong>calumniam</strong></span> <span class='ocrx_word' id='word_1_424' title='bbox 1410 3142 1626 3205; x_wconf 91' lang='lat' dir='ltr'><strong>parant.</strong></span> <span class='ocrx_word' id='word_1_425' title='bbox 1691 3135 2069 3208; x_wconf 89' lang='lat' dir='ltr'><strong>lntelligebant</strong></span> <span class='ocrx_word' id='word_1_426' title='bbox 2167 3147 2273 3202; x_wconf 82' lang='lat' dir='ltr'><strong>qua</strong></span> <span class='ocrx_word' id='word_1_427' title='bbox 2297 3131 2495 3189; x_wconf 67' lang='lat' dir='ltr'><strong>Iudaeis</strong></span> <span class='ocrx_word' id='word_1_428' title='bbox 2523 3135 2804 3189; x_wconf 82' lang='lat' dir='ltr'><strong>excusatio</strong></span> <span class='ocrx_word' id='word_1_429' title='bbox 2856 3145 3181 3202; x_wconf 90' lang='lat' dir='ltr'><strong>remaneret,</strong></span> <span class='ocrx_word' id='word_1_430' title='bbox 3235 3135 3474 3192; x_wconf 87' lang='lat' dir='ltr'><strong>Herodes</strong></span> <span class='ocrx_word' id='word_1_431' title='bbox 3525 3153 3745 3208; x_wconf 86' lang='lat' dir='ltr'><strong>quoque</strong></span> 
     </span>
    </p>
   </div>
   <div class='ocr_carea' id='block_1_60' title="bbox 485 3222 2060 3294">
    <p class='ocr_par' dir='ltr' id='par_1_60' title="bbox 485 3222 2060 3294">
     <span class='ocr_line' id='line_1_60' title="bbox 485 3222 2060 3294; baseline 0.002 -16"><span class='ocrx_word' id='word_1_432' title='bbox 485 3222 760 3278; x_wconf 77' lang='lat' dir='ltr'><strong>Christum</strong></span> <span class='ocrx_word' id='word_1_433' title='bbox 806 3238 1004 3294; x_wconf 90' lang='lat' dir='ltr'><strong>purum</strong></span> <span class='ocrx_word' id='word_1_434' title='bbox 1053 3223 1328 3279; x_wconf 87' lang='lat' dir='ltr'><strong>hominem</strong></span> <span class='ocrx_word' id='word_1_435' title='bbox 1381 3224 1448 3280; x_wconf 91' lang='lat' dir='ltr'><strong>de</strong></span> <span class='ocrx_word' id='word_1_436' title='bbox 1493 3224 1663 3280; x_wconf 87' lang='lat' dir='ltr'><strong>David</strong></span> <span class='ocrx_word' id='word_1_437' title='bbox 1705 3228 2060 3282; x_wconf 87' lang='lat' dir='ltr'><strong>nasciturum.</strong></span> 
     </span>
    </p>
   </div>
   <div class='ocr_carea' id='block_1_61' title="bbox 483 3314 2060 3390">
    <p class='ocr_par' dir='ltr' id='par_1_61' title="bbox 483 3314 2060 3390">
     <span class='ocr_line' id='line_1_61' title="bbox 483 3314 2060 3390; baseline 0.004 -20"><span class='ocrx_word' id='word_1_438' title='bbox 483 3314 791 3371; x_wconf 90' lang='lat' dir='ltr'><strong>Secundum</strong></span> <span class='ocrx_word' id='word_1_439' title='bbox 843 3316 948 3372; x_wconf 86' lang='lat' dir='ltr'><strong>hoc</strong></span> <span class='ocrx_word' id='word_1_440' title='bbox 998 3331 1126 3388; x_wconf 92' lang='lat' dir='ltr'><strong>ergo</strong></span> <span class='ocrx_word' id='word_1_441' title='bbox 1157 3327 1427 3387; x_wconf 63' lang='lat' dir='ltr'><strong>quaerunt,</strong></span> <span class='ocrx_word' id='word_1_442' title='bbox 1488 3319 1621 3374; x_wconf 89' lang='lat' dir='ltr'><strong>utsi</strong></span> <span class='ocrx_word' id='word_1_443' title='bbox 1668 3319 1912 3387; x_wconf 88' lang='lat' dir='ltr'><strong>diceret,</strong></span> <span class='ocrx_word' id='word_1_444' title='bbox 1948 3319 2060 3390; x_wconf 90' lang='lat' dir='ltr'><strong>Ego</strong></span> 
     </span>
    </p>
   </div>
   <div class='ocr_carea' id='block_1_62' title="bbox 481 3408 2060 3487">
    <p class='ocr_par' dir='ltr' id='par_1_62' title="bbox 481 3408 2060 3487">
     <span class='ocr_line' id='line_1_62' title="bbox 481 3408 2060 3487; baseline 0.004 -23"><span class='ocrx_word' id='word_1_445' title='bbox 481 3425 599 3464; x_wconf 90' lang='lat' dir='ltr'><strong>sum</strong></span> <span class='ocrx_word' id='word_1_446' title='bbox 653 3408 921 3476; x_wconf 88' lang='lat' dir='ltr'><strong>Christus,</strong></span> <span class='ocrx_word' id='word_1_447' title='bbox 960 3411 1421 3470; x_wconf 85' lang='lat' dir='ltr'><strong>calumniarentur</strong></span> <span class='ocrx_word' id='word_1_448' title='bbox 1457 3413 1604 3485; x_wconf 91' lang='lat' dir='ltr'><strong>quod</strong></span> <span class='ocrx_word' id='word_1_449' title='bbox 1636 3413 1737 3470; x_wconf 90' lang='lat' dir='ltr'><strong>sibi</strong></span> <span class='ocrx_word' id='word_1_450' title='bbox 1777 3423 2060 3487; x_wconf 88' lang='lat' dir='ltr'><strong>arrogaret</strong></span> 
     </span>
    </p>
   </div>
   <div class='ocr_carea' id='block_1_63' title="bbox 479 3501 1048 3571">
    <p class='ocr_par' dir='ltr' id='par_1_63' title="bbox 479 3501 1048 3571">
     <span class='ocr_line' id='line_1_63' title="bbox 479 3501 1048 3571; baseline 0.005 -18"><span class='ocrx_word' id='word_1_451' title='bbox 479 3501 682 3571; x_wconf 87' lang='lat' dir='ltr'><strong>regiam</strong></span> <span class='ocrx_word' id='word_1_452' title='bbox 704 3511 1048 3571; x_wconf 87' lang='lat' dir='ltr'><strong>potestatem.</strong></span> 
     </span>
    </p>
   </div>
   <div class='ocr_carea' id='block_1_64' title="bbox 551 3591 2062 3667">
    <p class='ocr_par' dir='ltr' id='par_1_64' title="bbox 551 3591 2062 3667">
     <span class='ocr_line' id='line_1_64' title="bbox 551 3591 2062 3667; baseline 0.005 -21"><span class='ocrx_word' id='word_1_453' title='bbox 551 3591 808 3648; x_wconf 76' lang='lat' dir='ltr'><strong>Vnus.67.</strong></span> <span class='ocrx_word' id='word_1_454' title='bbox 836 3624 903 3633; x_wconf 89' lang='lat'><strong>—</strong></span> <span class='ocrx_word' id='word_1_455' title='bbox 928 3591 987 3648; x_wconf 90' lang='lat' dir='ltr'><strong>Si</strong></span> <span class='ocrx_word' id='word_1_456' title='bbox 1008 3595 1148 3649; x_wconf 81' lang='lat' dir='ltr'><strong>vobis</strong></span> <span class='ocrx_word' id='word_1_457' title='bbox 1168 3596 1369 3651; x_wconf 70' lang='lat' dir='ltr'><strong>dixero.</strong></span> <span class='ocrx_word' id='word_1_458' title='bbox 1403 3595 1559 3667; x_wconf 67' lang='lat' dir='ltr'><strong>Stepe</strong></span> <span class='ocrx_word' id='word_1_459' title='bbox 1602 3595 1815 3653; x_wconf 79' lang='lat' dir='ltr'><strong>dixerat</strong></span> <span class='ocrx_word' id='word_1_460' title='bbox 1856 3611 1915 3653; x_wconf 88' lang='lat' dir='ltr'><strong>se</strong></span> <span class='ocrx_word' id='word_1_461' title='bbox 1941 3612 2062 3654; x_wconf 88' lang='lat' dir='ltr'><strong>esse</strong></span> 
     </span>
    </p>
   </div>
   <div class='ocr_carea' id='block_1_65' title="bbox 479 3681 2062 3760">
    <p class='ocr_par' dir='ltr' id='par_1_65' title="bbox 479 3681 2062 3760">
     <span class='ocr_line' id='line_1_65' title="bbox 479 3681 2062 3760; baseline 0.006 -23"><span class='ocrx_word' id='word_1_462' title='bbox 479 3681 779 3737; x_wconf 88' lang='lat' dir='ltr'><strong>Christum.</strong></span> <span class='ocrx_word' id='word_1_463' title='bbox 808 3683 1242 3755; x_wconf 88' lang='lat' dir='ltr'><strong>lnterrogaverat</strong></span> <span class='ocrx_word' id='word_1_464' title='bbox 1266 3687 1431 3743; x_wconf 89' lang='lat' dir='ltr'><strong>etiam</strong></span> <span class='ocrx_word' id='word_1_465' title='bbox 1452 3704 1546 3746; x_wconf 89' lang='lat' dir='ltr'><strong>eos</strong></span> <span class='ocrx_word' id='word_1_466' title='bbox 1598 3691 1869 3760; x_wconf 90' lang='lat' dir='ltr'><strong>quomodo</strong></span> <span class='ocrx_word' id='word_1_467' title='bbox 1915 3690 2062 3747; x_wconf 89' lang='lat' dir='ltr'><strong>dice-</strong></span> 
     </span>
    </p>
   </div>
   <div class='ocr_carea' id='block_1_66' title="bbox 480 3771 2060 3836">
    <p class='ocr_par' dir='ltr' id='par_1_66' title="bbox 480 3771 2060 3836">
     <span class='ocr_line' id='line_1_66' title="bbox 480 3771 2060 3836; baseline 0.005 -8"><span class='ocrx_word' id='word_1_468' title='bbox 480 3782 602 3828; x_wconf 89' lang='lat' dir='ltr'><strong>rent</strong></span> <span class='ocrx_word' id='word_1_469' title='bbox 623 3771 894 3830; x_wconf 89' lang='lat' dir='ltr'><strong>Christum</strong></span> <span class='ocrx_word' id='word_1_470' title='bbox 933 3775 1104 3830; x_wconf 84' lang='lat' dir='ltr'><strong>ﬁlium</strong></span> <span class='ocrx_word' id='word_1_471' title='bbox 1151 3776 1320 3833; x_wconf 86' lang='lat' dir='ltr'><strong>David</strong></span> <span class='ocrx_word' id='word_1_472' title='bbox 1345 3794 1469 3834; x_wconf 91' lang='lat' dir='ltr'><strong>cum</strong></span> <span class='ocrx_word' id='word_1_473' title='bbox 1519 3795 1645 3834; x_wconf 88' lang='lat' dir='ltr'><strong>eum</strong></span> <span class='ocrx_word' id='word_1_474' title='bbox 1674 3778 1844 3835; x_wconf 87' lang='lat' dir='ltr'><strong>David</strong></span> <span class='ocrx_word' id='word_1_475' title='bbox 1872 3779 2060 3836; x_wconf 80' lang='lat' dir='ltr'><strong>Domi-</strong></span> 
     </span>
    </p>
   </div>
   <div class='ocr_carea' id='block_1_67' title="bbox 480 3865 2062 3940">
    <p class='ocr_par' dir='ltr' id='par_1_67' title="bbox 480 3865 2062 3940">
     <span class='ocr_line' id='line_1_67' title="bbox 480 3865 2062 3940; baseline 0.006 -24"><span class='ocrx_word' id='word_1_476' title='bbox 480 3877 608 3917; x_wconf 92' lang='lat' dir='ltr'><strong>num</strong></span> <span class='ocrx_word' id='word_1_477' title='bbox 635 3872 814 3928; x_wconf 88' lang='lat' dir='ltr'><strong>vocet,</strong></span> <span class='ocrx_word' id='word_1_478' title='bbox 841 3871 902 3919; x_wconf 91' lang='lat' dir='ltr'><strong>ut</strong></span> <span class='ocrx_word' id='word_1_479' title='bbox 927 3878 1027 3934; x_wconf 91' lang='lat' dir='ltr'><strong>per</strong></span> <span class='ocrx_word' id='word_1_480' title='bbox 1048 3865 1152 3921; x_wconf 91' lang='lat' dir='ltr'><strong>hoc</strong></span> <span class='ocrx_word' id='word_1_481' title='bbox 1178 3866 1248 3921; x_wconf 90' lang='lat' dir='ltr'><strong>ad</strong></span> <span class='ocrx_word' id='word_1_482' title='bbox 1291 3869 1616 3924; x_wconf 90' lang='lat' dir='ltr'><strong>credendum</strong></span> <span class='ocrx_word' id='word_1_483' title='bbox 1658 3868 1826 3925; x_wconf 90' lang='lat' dir='ltr'><strong>Deum</strong></span> <span class='ocrx_word' id='word_1_484' title='bbox 1866 3885 2062 3940; x_wconf 86' lang='lat' dir='ltr'><strong>provo-</strong></span> 
     </span>
    </p>
   </div>
   <div class='ocr_carea' id='block_1_68' title="bbox 478 3953 2062 4034">
    <p class='ocr_par' dir='ltr' id='par_1_68' title="bbox 478 3953 2062 4034">
     <span class='ocr_line' id='line_1_68' title="bbox 478 3953 2062 4034; baseline 0.007 -27"><span class='ocrx_word' id='word_1_485' title='bbox 478 3961 632 4008; x_wconf 89' lang='lat' dir='ltr'><strong>caret</strong></span> <span class='ocrx_word' id='word_1_486' title='bbox 661 3971 674 4006; x_wconf 92' lang='lat'><strong>:</strong></span> <span class='ocrx_word' id='word_1_487' title='bbox 700 3954 794 4010; x_wconf 90' lang='lat' dir='ltr'><strong>sed</strong></span> <span class='ocrx_word' id='word_1_488' title='bbox 821 3953 897 4010; x_wconf 93' lang='lat' dir='ltr'><strong>illi</strong></span> <span class='ocrx_word' id='word_1_489' title='bbox 922 3970 1025 4012; x_wconf 91' lang='lat' dir='ltr'><strong>nec</strong></span> <span class='ocrx_word' id='word_1_490' title='bbox 1070 3957 1271 4013; x_wconf 89' lang='lat' dir='ltr'><strong>dicenti</strong></span> <span class='ocrx_word' id='word_1_491' title='bbox 1301 3959 1545 4028; x_wconf 89' lang='lat' dir='ltr'><strong>credere,</strong></span> <span class='ocrx_word' id='word_1_492' title='bbox 1569 3975 1669 4016; x_wconf 91' lang='lat' dir='ltr'><strong>nec</strong></span> <span class='ocrx_word' id='word_1_493' title='bbox 1702 3962 2062 4034; x_wconf 90' lang='lat' dir='ltr'><strong>interroganti</strong></span> 
     </span>
    </p>
   </div>
   <div class='ocr_carea' id='block_1_69' title="bbox 480 4045 2063 4120">
    <p class='ocr_par' dir='ltr' id='par_1_69' title="bbox 480 4045 2063 4120">
     <span class='ocr_line' id='line_1_69' title="bbox 480 4045 2063 4120; baseline 0.007 -21"><span class='ocrx_word' id='word_1_494' title='bbox 480 4045 825 4115; x_wconf 88' lang='lat' dir='ltr'><strong>respondere,</strong></span> <span class='ocrx_word' id='word_1_495' title='bbox 855 4061 955 4103; x_wconf 90' lang='lat' dir='ltr'><strong>nec</strong></span> <span class='ocrx_word' id='word_1_496' title='bbox 979 4060 1103 4103; x_wconf 87' lang='lat' dir='ltr'><strong>eum</strong></span> <span class='ocrx_word' id='word_1_497' title='bbox 1125 4049 1219 4120; x_wconf 90' lang='lat' dir='ltr'><strong>qui</strong></span> <span class='ocrx_word' id='word_1_498' title='bbox 1241 4048 1494 4106; x_wconf 81' lang='lat' dir='ltr'><strong>innoxius</strong></span> <span class='ocrx_word' id='word_1_499' title='bbox 1521 4061 1641 4107; x_wconf 90' lang='lat' dir='ltr'><strong>erat</strong></span> <span class='ocrx_word' id='word_1_500' title='bbox 1664 4051 1938 4110; x_wconf 89' lang='lat' dir='ltr'><strong>dimittere</strong></span> <span class='ocrx_word' id='word_1_501' title='bbox 1962 4068 2063 4110; x_wconf 89' lang='lat' dir='ltr'><strong>vo-</strong></span> 
     </span>
    </p>
   </div>
   <div class='ocr_carea' id='block_1_70' title="bbox 476 4134 682 4191">
    <p class='ocr_par' dir='ltr' id='par_1_70' title="bbox 476 4134 682 4191">
     <span class='ocr_line' id='line_1_70' title="bbox 476 4134 682 4191; baseline 0.019 -4"><span class='ocrx_word' id='word_1_502' title='bbox 476 4134 682 4191; x_wconf 87' lang='lat' dir='ltr'><strong>lebant.</strong></span> 
     </span>
    </p>
   </div>
   <div class='ocr_carea' id='block_1_71' title="bbox 553 4229 2061 4304">
    <p class='ocr_par' dir='ltr' id='par_1_71' title="bbox 553 4229 2061 4304">
     <span class='ocr_line' id='line_1_71' title="bbox 553 4229 2061 4304; baseline 0.008 -20"><span class='ocrx_word' id='word_1_503' title='bbox 553 4229 715 4284; x_wconf 73' lang='lat' dir='ltr'><strong>Vsus.</strong></span> <span class='ocrx_word' id='word_1_504' title='bbox 747 4229 834 4286; x_wconf 86' lang='lat'><strong>69.</strong></span> <span class='ocrx_word' id='word_1_505' title='bbox 866 4262 937 4273; x_wconf 93' lang='lat'><strong><em>—</em></strong></span> <span class='ocrx_word' id='word_1_506' title='bbox 956 4231 1044 4287; x_wconf 77' lang='lat' dir='ltr'><strong>Ea:</strong></span> <span class='ocrx_word' id='word_1_507' title='bbox 1077 4233 1175 4288; x_wconf 81' lang='lat' dir='ltr'><strong>hoc</strong></span> <span class='ocrx_word' id='word_1_508' title='bbox 1213 4243 1386 4289; x_wconf 84' lang='lat' dir='ltr'><strong>autem</strong></span> <span class='ocrx_word' id='word_1_509' title='bbox 1412 4235 1533 4290; x_wconf 88' lang='lat' dir='ltr'><strong>erit.</strong></span> <span class='ocrx_word' id='word_1_510' title='bbox 1550 4235 1652 4304; x_wconf 86' lang='lat' dir='ltr'><strong>Qui</strong></span> <span class='ocrx_word' id='word_1_511' title='bbox 1680 4251 1865 4294; x_wconf 90' lang='lat' dir='ltr'><strong>semen</strong></span> <span class='ocrx_word' id='word_1_512' title='bbox 1889 4238 2061 4295; x_wconf 88' lang='lat' dir='ltr'><strong>David</strong></span> 
     </span>
    </p>
   </div>
   <div class='ocr_carea' id='block_1_72' title="bbox 449 4310 2062 4400">
    <p class='ocr_par' dir='ltr' id='par_1_72' title="bbox 449 4310 2062 4400">
     <span class='ocr_line' id='line_1_72' title="bbox 449 4310 2062 4400; baseline 0.009 -27"><span class='ocrx_word' id='word_1_513' title='bbox 449 4310 452 4312; x_wconf 45' lang='grc'>⁷</span> <span class='ocrx_word' id='word_1_514' title='bbox 481 4318 798 4391; x_wconf 85' lang='lat' dir='ltr'><strong>calumniari</strong></span> <span class='ocrx_word' id='word_1_515' title='bbox 831 4322 1146 4392; x_wconf 74' lang='lat' dir='ltr'><strong>quaerebant</strong></span> <span class='ocrx_word' id='word_1_516' title='bbox 1172 4324 1293 4393; x_wconf 90' lang='lat' dir='ltr'><strong>plus</strong></span> <span class='ocrx_word' id='word_1_517' title='bbox 1314 4325 1481 4380; x_wconf 90' lang='lat' dir='ltr'><strong>etiam</strong></span> <span class='ocrx_word' id='word_1_518' title='bbox 1508 4327 1757 4395; x_wconf 91' lang='lat' dir='ltr'><strong>audiunt,</strong></span> <span class='ocrx_word' id='word_1_519' title='bbox 1790 4329 1934 4400; x_wconf 90' lang='lat' dir='ltr'><strong>quod</strong></span> <span class='ocrx_word' id='word_1_520' title='bbox 1960 4344 2062 4400; x_wconf 90' lang='lat' dir='ltr'><strong>per</strong></span> 
     </span>
    </p>
   </div>
   <div class='ocr_carea' id='block_1_73' title="bbox 478 4416 1590 4490">
    <p class='ocr_par' dir='ltr' id='par_1_73' title="bbox 478 4416 1590 4490">
     <span class='ocr_line' id='line_1_73' title="bbox 478 4416 1590 4490; baseline 0.009 -24"><span class='ocrx_word' id='word_1_521' title='bbox 478 4421 847 4482; x_wconf 89' lang='lat' dir='ltr'><strong>contemptum</strong></span> <span class='ocrx_word' id='word_1_522' title='bbox 867 4416 936 4470; x_wconf 89' lang='lat' dir='ltr'><strong>sit</strong></span> <span class='ocrx_word' id='word_1_523' title='bbox 962 4426 1223 4473; x_wconf 89' lang='lat' dir='ltr'><strong>venturus</strong></span> <span class='ocrx_word' id='word_1_524' title='bbox 1247 4420 1314 4475; x_wconf 92' lang='lat' dir='ltr'><strong>ad</strong></span> <span class='ocrx_word' id='word_1_525' title='bbox 1338 4419 1590 4490; x_wconf 89' lang='lat' dir='ltr'><strong>gloriam.</strong></span> 
     </span>
    </p>
   </div>
   <div class='ocr_carea' id='block_1_74' title="bbox 553 4503 2061 4587">
    <p class='ocr_par' dir='ltr' id='par_1_74' title="bbox 553 4503 2061 4587">
     <span class='ocr_line' id='line_1_74' title="bbox 553 4503 2061 4587; baseline 0.013 -29"><span class='ocrx_word' id='word_1_526' title='bbox 553 4503 717 4560; x_wconf 67' lang='lat' dir='ltr'><strong>Vnus.</strong></span> <span class='ocrx_word' id='word_1_527' title='bbox 736 4507 824 4562; x_wconf 90' lang='lat'><strong>70.</strong></span> <span class='ocrx_word' id='word_1_528' title='bbox 847 4539 915 4549; x_wconf 91' lang='lat'><strong>-—</strong></span> <span class='ocrx_word' id='word_1_529' title='bbox 935 4507 1035 4564; x_wconf 85' lang='lat' dir='ltr'><strong>Vos</strong></span> <span class='ocrx_word' id='word_1_530' title='bbox 1057 4510 1250 4566; x_wconf 84' lang='lat' dir='ltr'><strong>dicitis.</strong></span> <span class='ocrx_word' id='word_1_531' title='bbox 1271 4511 1350 4567; x_wconf 87' lang='lat' dir='ltr'><strong>Ita</strong></span> <span class='ocrx_word' id='word_1_532' title='bbox 1370 4522 1636 4586; x_wconf 86' lang='lat' dir='ltr'><strong>temperat</strong></span> <span class='ocrx_word' id='word_1_533' title='bbox 1654 4518 2061 4587; x_wconf 82' lang='lat' dir='ltr'><strong>responsionem</strong></span> 
     </span>
    </p>
   </div>
   <div class='ocr_carea' id='block_1_75' title="bbox 2167 3224 3741 3298">
    <p class='ocr_par' dir='ltr' id='par_1_75' title="bbox 2167 3224 3741 3298">
     <span class='ocr_line' id='line_1_75' title="bbox 2167 3224 3741 3298; baseline 0.005 -20"><span class='ocrx_word' id='word_1_534' title='bbox 2167 3226 2259 3294; x_wconf 92' lang='lat' dir='ltr'><strong>qui</strong></span> <span class='ocrx_word' id='word_1_535' title='bbox 2285 3231 2417 3279; x_wconf 89' lang='lat' dir='ltr'><strong>natu</strong></span> <span class='ocrx_word' id='word_1_536' title='bbox 2445 3233 2500 3280; x_wconf 91' lang='lat' dir='ltr'><strong>et</strong></span> <span class='ocrx_word' id='word_1_537' title='bbox 2528 3225 2783 3297; x_wconf 88' lang='lat' dir='ltr'><strong>religione</strong></span> <span class='ocrx_word' id='word_1_538' title='bbox 2817 3224 3033 3282; x_wconf 62' lang='lat' dir='ltr'><strong>Judaius</strong></span> <span class='ocrx_word' id='word_1_539' title='bbox 3075 3234 3212 3294; x_wconf 88' lang='lat' dir='ltr'><strong>erat,</strong></span> <span class='ocrx_word' id='word_1_540' title='bbox 3250 3227 3379 3298; x_wconf 92' lang='lat' dir='ltr'><strong>quid</strong></span> <span class='ocrx_word' id='word_1_541' title='bbox 3402 3228 3469 3285; x_wconf 90' lang='lat' dir='ltr'><strong>de</strong></span> <span class='ocrx_word' id='word_1_542' title='bbox 3519 3227 3741 3286; x_wconf 85' lang='lat' dir='ltr'><strong>Christo</strong></span> 
     </span>
    </p>
   </div>
   <div class='ocr_carea' id='block_1_76' title="bbox 2166 3321 3745 3397">
    <p class='ocr_par' dir='ltr' id='par_1_76' title="bbox 2166 3321 3745 3397">
     <span class='ocr_line' id='line_1_76' title="bbox 2166 3321 3745 3397; baseline 0.003 -19"><span class='ocrx_word' id='word_1_543' title='bbox 2166 3323 2421 3389; x_wconf 90' lang='lat' dir='ltr'><strong>senserit,</strong></span> <span class='ocrx_word' id='word_1_544' title='bbox 2451 3322 2739 3378; x_wconf 86' lang='lat' dir='ltr'><strong>ostendere</strong></span> <span class='ocrx_word' id='word_1_545' title='bbox 2764 3321 3061 3394; x_wconf 89' lang='lat' dir='ltr'><strong>permissus</strong></span> <span class='ocrx_word' id='word_1_546' title='bbox 3079 3331 3183 3390; x_wconf 89' lang='lat' dir='ltr'><strong>est,</strong></span> <span class='ocrx_word' id='word_1_547' title='bbox 3209 3331 3270 3380; x_wconf 90' lang='lat' dir='ltr'><strong>ut</strong></span> <span class='ocrx_word' id='word_1_548' title='bbox 3300 3333 3529 3396; x_wconf 88' lang='lat' dir='ltr'><strong>utraque</strong></span> <span class='ocrx_word' id='word_1_549' title='bbox 3573 3325 3745 3397; x_wconf 84' lang='lat' dir='ltr'><strong>regio,</strong></span> 
     </span>
    </p>
   </div>
   <div class='ocr_carea' id='block_1_77' title="bbox 2161 3412 3746 3489">
    <p class='ocr_par' dir='ltr' id='par_1_77' title="bbox 2161 3412 3746 3489">
     <span class='ocr_line' id='line_1_77' title="bbox 2161 3412 3746 3489; baseline 0.004 -21"><span class='ocrx_word' id='word_1_550' title='bbox 2161 3421 2218 3468; x_wconf 90' lang='lat' dir='ltr'><strong>et</strong></span> <span class='ocrx_word' id='word_1_551' title='bbox 2241 3412 2424 3468; x_wconf 61' lang='lat' dir='ltr'><strong>Iudaea</strong></span> <span class='ocrx_word' id='word_1_552' title='bbox 2453 3413 2507 3468; x_wconf 92' lang='lat' dir='ltr'><strong>in</strong></span> <span class='ocrx_word' id='word_1_553' title='bbox 2534 3428 2640 3485; x_wconf 90' lang='lat' dir='ltr'><strong>qua</strong></span> <span class='ocrx_word' id='word_1_554' title='bbox 2657 3412 2906 3470; x_wconf 89' lang='lat' dir='ltr'><strong>Christus</strong></span> <span class='ocrx_word' id='word_1_555' title='bbox 2943 3424 3122 3481; x_wconf 88' lang='lat' dir='ltr'><strong>natus,</strong></span> <span class='ocrx_word' id='word_1_556' title='bbox 3165 3423 3221 3471; x_wconf 90' lang='lat' dir='ltr'><strong>et</strong></span> <span class='ocrx_word' id='word_1_557' title='bbox 3263 3414 3484 3474; x_wconf 76' lang='lat' dir='ltr'><strong>Galilzea</strong></span> <span class='ocrx_word' id='word_1_558' title='bbox 3537 3419 3592 3474; x_wconf 91' lang='lat' dir='ltr'><strong>in</strong></span> <span class='ocrx_word' id='word_1_559' title='bbox 3636 3434 3746 3489; x_wconf 86' lang='lat' dir='ltr'><strong>qua</strong></span> 
     </span>
    </p>
   </div>
   <div class='ocr_carea' id='block_1_78' title="bbox 2161 3502 3742 3576">
    <p class='ocr_par' dir='ltr' id='par_1_78' title="bbox 2161 3502 3742 3576">
     <span class='ocr_line' id='line_1_78' title="bbox 2161 3502 3742 3576; baseline 0.004 -18"><span class='ocrx_word' id='word_1_560' title='bbox 2161 3503 2398 3559; x_wconf 89' lang='lat' dir='ltr'><strong>nutritus</strong></span> <span class='ocrx_word' id='word_1_561' title='bbox 2421 3514 2556 3569; x_wconf 88' lang='lat' dir='ltr'><strong>erat,</strong></span> <span class='ocrx_word' id='word_1_562' title='bbox 2581 3503 2634 3558; x_wconf 92' lang='lat' dir='ltr'><strong>in</strong></span> <span class='ocrx_word' id='word_1_563' title='bbox 2655 3502 2770 3572; x_wconf 88' lang='lat' dir='ltr'><strong>ejus</strong></span> <span class='ocrx_word' id='word_1_564' title='bbox 2792 3519 2977 3560; x_wconf 90' lang='lat' dir='ltr'><strong>necem</strong></span> <span class='ocrx_word' id='word_1_565' title='bbox 2994 3505 3332 3576; x_wconf 87' lang='lat' dir='ltr'><strong>conspirasse</strong></span> <span class='ocrx_word' id='word_1_566' title='bbox 3353 3515 3742 3564; x_wconf 90' lang='lat' dir='ltr'><strong>monstrentur.</strong></span> 
     </span>
    </p>
   </div>
   <div class='ocr_carea' id='block_1_79' title="bbox 2233 3593 3747 3670">
    <p class='ocr_par' dir='ltr' id='par_1_79' title="bbox 2233 3593 3747 3670">
     <span class='ocr_line' id='line_1_79' title="bbox 2233 3593 3747 3670; baseline 0.006 -24"><span class='ocrx_word' id='word_1_567' title='bbox 2233 3593 2299 3647; x_wconf 83' lang='lat' dir='ltr'><strong>At</strong></span> <span class='ocrx_word' id='word_1_568' title='bbox 2323 3595 2432 3664; x_wconf 85' lang='lat' dir='ltr'><strong>ipse</strong></span> <span class='ocrx_word' id='word_1_569' title='bbox 2459 3593 2592 3648; x_wconf 81' lang='lat' dir='ltr'><strong>nihil</strong></span> <span class='ocrx_word' id='word_1_570' title='bbox 2606 3595 2887 3665; x_wconf 82' lang='lat' dir='ltr'><strong>respondit.</strong></span> <span class='ocrx_word' id='word_1_571' title='bbox 2919 3593 3110 3652; x_wconf 89' lang='lat' dir='ltr'><strong>Tacuit</strong></span> <span class='ocrx_word' id='word_1_572' title='bbox 3128 3605 3183 3652; x_wconf 89' lang='lat' dir='ltr'><strong>et</strong></span> <span class='ocrx_word' id='word_1_573' title='bbox 3208 3596 3340 3651; x_wconf 88' lang='lat' dir='ltr'><strong>nihil</strong></span> <span class='ocrx_word' id='word_1_574' title='bbox 3371 3597 3521 3666; x_wconf 80' lang='lat' dir='ltr'><strong>fecit,</strong></span> <span class='ocrx_word' id='word_1_575' title='bbox 3546 3600 3747 3670; x_wconf 84' lang='lat' dir='ltr'><strong>quiaet</strong></span> 
     </span>
    </p>
   </div>
   <div class='ocr_carea' id='block_1_80' title="bbox 2161 3682 3743 3760">
    <p class='ocr_par' dir='ltr' id='par_1_80' title="bbox 2161 3682 3743 3760">
     <span class='ocr_line' id='line_1_80' title="bbox 2161 3682 3743 3760; baseline 0.005 -20"><span class='ocrx_word' id='word_1_576' title='bbox 2161 3682 2394 3741; x_wconf 83' lang='lat' dir='ltr'><strong>Herodis</strong></span> <span class='ocrx_word' id='word_1_577' title='bbox 2421 3685 2768 3741; x_wconf 89' lang='lat' dir='ltr'><strong>incredulitas</strong></span> <span class='ocrx_word' id='word_1_578' title='bbox 2809 3702 2917 3742; x_wconf 89' lang='lat' dir='ltr'><strong>non</strong></span> <span class='ocrx_word' id='word_1_579' title='bbox 2958 3688 3269 3743; x_wconf 88' lang='lat' dir='ltr'><strong>merebatur</strong></span> <span class='ocrx_word' id='word_1_580' title='bbox 3306 3688 3494 3746; x_wconf 88' lang='lat' dir='ltr'><strong>videre</strong></span> <span class='ocrx_word' id='word_1_581' title='bbox 3536 3691 3743 3760; x_wconf 90' lang='lat' dir='ltr'><strong>divina,</strong></span> 
     </span>
    </p>
   </div>
   <div class='ocr_carea' id='block_1_81' title="bbox 2162 3777 3744 3853">
    <p class='ocr_par' dir='ltr' id='par_1_81' title="bbox 2162 3777 3744 3853">
     <span class='ocr_line' id='line_1_81' title="bbox 2162 3777 3744 3853; baseline 0.003 -18"><span class='ocrx_word' id='word_1_582' title='bbox 2162 3786 2218 3835; x_wconf 89' lang='lat' dir='ltr'><strong>et</strong></span> <span class='ocrx_word' id='word_1_583' title='bbox 2241 3777 2499 3834; x_wconf 90' lang='lat' dir='ltr'><strong>Dominus</strong></span> <span class='ocrx_word' id='word_1_584' title='bbox 2530 3777 2847 3848; x_wconf 76' lang='lat' dir='ltr'><strong>iactantiam</strong></span> <span class='ocrx_word' id='word_1_585' title='bbox 2869 3779 3190 3836; x_wconf 87' lang='lat' dir='ltr'><strong>declinabat.</strong></span> <span class='ocrx_word' id='word_1_586' title='bbox 3233 3779 3624 3853; x_wconf 83' lang='lat' dir='ltr'><strong>Signiﬁcantur</strong></span> <span class='ocrx_word' id='word_1_587' title='bbox 3647 3801 3744 3840; x_wconf 82' lang='lat' dir='ltr'><strong>au-</strong></span> 
     </span>
    </p>
   </div>
   <div class='ocr_carea' id='block_1_82' title="bbox 2162 3870 3742 3948">
    <p class='ocr_par' dir='ltr' id='par_1_82' title="bbox 2162 3870 3742 3948">
     <span class='ocr_line' id='line_1_82' title="bbox 2162 3870 3742 3948; baseline 0.001 -20"><span class='ocrx_word' id='word_1_588' title='bbox 2162 3880 2271 3928; x_wconf 90' lang='lat' dir='ltr'><strong>tem</strong></span> <span class='ocrx_word' id='word_1_589' title='bbox 2299 3871 2354 3926; x_wconf 92' lang='lat' dir='ltr'><strong>in</strong></span> <span class='ocrx_word' id='word_1_590' title='bbox 2383 3870 2595 3927; x_wconf 85' lang='lat' dir='ltr'><strong>Herode</strong></span> <span class='ocrx_word' id='word_1_591' title='bbox 2619 3887 2807 3928; x_wconf 86' lang='lat' dir='ltr'><strong>omnes</strong></span> <span class='ocrx_word' id='word_1_592' title='bbox 2866 3871 3038 3942; x_wconf 92' lang='lat' dir='ltr'><strong>impii,</strong></span> <span class='ocrx_word' id='word_1_593' title='bbox 3077 3872 3170 3942; x_wconf 89' lang='lat' dir='ltr'><strong>qui</strong></span> <span class='ocrx_word' id='word_1_594' title='bbox 3221 3888 3330 3929; x_wconf 90' lang='lat' dir='ltr'><strong>non</strong></span> <span class='ocrx_word' id='word_1_595' title='bbox 3373 3874 3602 3930; x_wconf 89' lang='lat' dir='ltr'><strong>credunt</strong></span> <span class='ocrx_word' id='word_1_596' title='bbox 3637 3874 3742 3948; x_wconf 83' lang='lat' dir='ltr'><strong>legi</strong></span> 
     </span>
    </p>
   </div>
   <div class='ocr_carea' id='block_1_83' title="bbox 2162 3960 3744 4034">
    <p class='ocr_par' dir='ltr' id='par_1_83' title="bbox 2162 3960 3744 4034">
     <span class='ocr_line' id='line_1_83' title="bbox 2162 3960 3744 4034; baseline 0.003 -17"><span class='ocrx_word' id='word_1_597' title='bbox 2162 3969 2217 4018; x_wconf 92' lang='lat' dir='ltr'><strong>et</strong></span> <span class='ocrx_word' id='word_1_598' title='bbox 2249 3961 2557 4032; x_wconf 88' lang='lat' dir='ltr'><strong>prophetis,</strong></span> <span class='ocrx_word' id='word_1_599' title='bbox 2590 3969 2646 4017; x_wconf 91' lang='lat' dir='ltr'><strong>et</strong></span> <span class='ocrx_word' id='word_1_600' title='bbox 2686 3961 2738 4015; x_wconf 92' lang='lat' dir='ltr'><strong>in</strong></span> <span class='ocrx_word' id='word_1_601' title='bbox 2791 3960 3082 4034; x_wconf 89' lang='lat' dir='ltr'><strong>Evangelio</strong></span> <span class='ocrx_word' id='word_1_602' title='bbox 3128 3961 3331 4018; x_wconf 91' lang='lat' dir='ltr'><strong>Christi</strong></span> <span class='ocrx_word' id='word_1_603' title='bbox 3364 3977 3530 4034; x_wconf 84' lang='lat' dir='ltr'><strong>opera</strong></span> <span class='ocrx_word' id='word_1_604' title='bbox 3557 3965 3744 4022; x_wconf 81' lang='lat' dir='ltr'><strong>videre</strong></span> 
     </span>
    </p>
   </div>
   <div class='ocr_carea' id='block_1_84' title="bbox 2165 4049 3747 4124">
    <p class='ocr_par' dir='ltr' id='par_1_84' title="bbox 2165 4049 3747 4124">
     <span class='ocr_line' id='line_1_84' title="bbox 2165 4049 3747 4124; baseline 0.002 -17"><span class='ocrx_word' id='word_1_605' title='bbox 2165 4065 2276 4107; x_wconf 91' lang='lat' dir='ltr'><strong>non</strong></span> <span class='ocrx_word' id='word_1_606' title='bbox 2330 4058 2575 4120; x_wconf 86' lang='lat' dir='ltr'><strong>possunt.</strong></span> <span class='ocrx_word' id='word_1_607' title='bbox 2625 4049 2966 4122; x_wconf 88' lang='lat' dir='ltr'><strong>Principibus</strong></span> <span class='ocrx_word' id='word_1_608' title='bbox 3015 4066 3145 4124; x_wconf 87' lang='lat' dir='ltr'><strong>ergo</strong></span> <span class='ocrx_word' id='word_1_609' title='bbox 3191 4055 3534 4110; x_wconf 84' lang='lat' dir='ltr'><strong>sacerdotum</strong></span> <span class='ocrx_word' id='word_1_610' title='bbox 3579 4070 3747 4120; x_wconf 84' lang='lat' dir='ltr'><strong>accu-_</strong></span> 
     </span>
    </p>
   </div>
   <div class='ocr_carea' id='block_1_85' title="bbox 2164 4142 3742 4217">
    <p class='ocr_par' dir='ltr' id='par_1_85' title="bbox 2164 4142 3742 4217">
     <span class='ocr_line' id='line_1_85' title="bbox 2164 4142 3742 4217; baseline 0.003 -17"><span class='ocrx_word' id='word_1_611' title='bbox 2164 4143 2440 4210; x_wconf 90' lang='lat' dir='ltr'><strong>santibus,</strong></span> <span class='ocrx_word' id='word_1_612' title='bbox 2476 4143 2616 4216; x_wconf 89' lang='lat' dir='ltr'><strong>apud</strong></span> <span class='ocrx_word' id='word_1_613' title='bbox 2639 4142 2869 4200; x_wconf 83' lang='lat' dir='ltr'><strong>Pilatum</strong></span> <span class='ocrx_word' id='word_1_614' title='bbox 2897 4160 3090 4217; x_wconf 90' lang='lat' dir='ltr'><strong>pauca,</strong></span> <span class='ocrx_word' id='word_1_615' title='bbox 3119 4146 3264 4217; x_wconf 87' lang='lat' dir='ltr'><strong>apud</strong></span> <span class='ocrx_word' id='word_1_616' title='bbox 3295 4145 3567 4204; x_wconf 83' lang='lat' dir='ltr'><strong>Herodem</strong></span> <span class='ocrx_word' id='word_1_617' title='bbox 3595 4148 3742 4205; x_wconf 85' lang='lat' dir='ltr'><strong>nulla</strong></span> 
     </span>
    </p>
   </div>
   <div class='ocr_carea' id='block_1_86' title="bbox 2162 4235 3741 4310">
    <p class='ocr_par' dir='ltr' id='par_1_86' title="bbox 2162 4235 3741 4310">
     <span class='ocr_line' id='line_1_86' title="bbox 2162 4235 3741 4310; baseline 0.003 -21"><span class='ocrx_word' id='word_1_618' title='bbox 2162 4235 2472 4304; x_wconf 86' lang='lat' dir='ltr'><strong>respondet,</strong></span> <span class='ocrx_word' id='word_1_619' title='bbox 2523 4249 2593 4291; x_wconf 92' lang='lat' dir='ltr'><strong>ne</strong></span> <span class='ocrx_word' id='word_1_620' title='bbox 2619 4235 2824 4291; x_wconf 92' lang='lat' dir='ltr'><strong>crimen</strong></span> <span class='ocrx_word' id='word_1_621' title='bbox 2849 4235 3061 4294; x_wconf 85' lang='lat' dir='ltr'><strong>diluens</strong></span> <span class='ocrx_word' id='word_1_622' title='bbox 3106 4236 3361 4294; x_wconf 89' lang='lat' dir='ltr'><strong>dimissus</strong></span> <span class='ocrx_word' id='word_1_623' title='bbox 3409 4253 3441 4294; x_wconf 90' lang='lat' dir='ltr'><strong>a</strong></span> <span class='ocrx_word' id='word_1_624' title='bbox 3491 4238 3741 4310; x_wconf 89' lang='lat' dir='ltr'><strong>principe</strong></span> 
     </span>
    </p>
   </div>
   <div class='ocr_carea' id='block_1_87' title="bbox 2161 4326 2932 4384">
    <p class='ocr_par' dir='ltr' id='par_1_87' title="bbox 2161 4326 2932 4384">
     <span class='ocr_line' id='line_1_87' title="bbox 2161 4326 2932 4384; baseline 0 0"><span class='ocrx_word' id='word_1_625' title='bbox 2161 4329 2340 4384; x_wconf 90' lang='lat' dir='ltr'><strong>crucis</strong></span> <span class='ocrx_word' id='word_1_626' title='bbox 2365 4327 2653 4384; x_wconf 89' lang='lat' dir='ltr'><strong>utilitatem</strong></span> <span class='ocrx_word' id='word_1_627' title='bbox 2673 4326 2932 4384; x_wconf 78' lang='lat' dir='ltr'><strong>ditl‘erret.</strong></span> 
     </span>
    </p>
   </div>
   <div class='ocr_carea' id='block_1_88' title="bbox 2231 4418 3739 4493">
    <p class='ocr_par' dir='ltr' id='par_1_88' title="bbox 2231 4418 3739 4493">
     <span class='ocr_line' id='line_1_88' title="bbox 2231 4418 3739 4493; baseline 0.003 -19"><span class='ocrx_word' id='word_1_628' title='bbox 2231 4419 2392 4475; x_wconf 70' lang='lat' dir='ltr'><strong>Vnus.</strong></span> <span class='ocrx_word' id='word_1_629' title='bbox 2423 4420 2508 4475; x_wconf 83' lang='grc' dir='ltr'><strong>Η.</strong></span> <span class='ocrx_word' id='word_1_630' title='bbox 2549 4451 2622 4461; x_wconf 93' lang='grc'><strong>-</strong></span> <span class='ocrx_word' id='word_1_631' title='bbox 2647 4418 2716 4475; x_wconf 83' lang='lat' dir='ltr'><strong>Et</strong></span> <span class='ocrx_word' id='word_1_632' title='bbox 2740 4419 2924 4476; x_wconf 87' lang='lat' dir='ltr'><strong>illusit.</strong></span> <span class='ocrx_word' id='word_1_633' title='bbox 2953 4419 3107 4488; x_wconf 86' lang='lat' dir='ltr'><strong>Quod</strong></span> <span class='ocrx_word' id='word_1_634' title='bbox 3133 4420 3188 4477; x_wconf 91' lang='lat' dir='ltr'><strong>in</strong></span> <span class='ocrx_word' id='word_1_635' title='bbox 3233 4420 3357 4477; x_wconf 86' lang='lat' dir='ltr'><strong>alba</strong></span> <span class='ocrx_word' id='word_1_636' title='bbox 3382 4429 3538 4478; x_wconf 85' lang='lat' dir='ltr'><strong>veste</strong></span> <span class='ocrx_word' id='word_1_637' title='bbox 3585 4437 3739 4493; x_wconf 87' lang='lat' dir='ltr'><strong>sper-</strong></span> 
     </span>
    </p>
   </div>
   <div class='ocr_carea' id='block_1_89' title="bbox 2159 4509 3737 4582">
    <p class='ocr_par' dir='ltr' id='par_1_89' title="bbox 2159 4509 3737 4582">
     <span class='ocr_line' id='line_1_89' title="bbox 2159 4509 3737 4582; baseline 0.001 -18"><span class='ocrx_word' id='word_1_638' title='bbox 2159 4509 2308 4564; x_wconf 90' lang='lat' dir='ltr'><strong>nitur</strong></span> <span class='ocrx_word' id='word_1_639' title='bbox 2333 4517 2388 4565; x_wconf 89' lang='lat' dir='ltr'><strong>et</strong></span> <span class='ocrx_word' id='word_1_640' title='bbox 2420 4509 2677 4577; x_wconf 90' lang='lat' dir='ltr'><strong>illuditur,</strong></span> <span class='ocrx_word' id='word_1_641' title='bbox 2708 4509 2978 4582; x_wconf 82' lang='lat' dir='ltr'><strong>signiﬁcat</strong></span> <span class='ocrx_word' id='word_1_642' title='bbox 2999 4511 3144 4580; x_wconf 87' lang='lat' dir='ltr'><strong>quod</strong></span> <span class='ocrx_word' id='word_1_643' title='bbox 3187 4524 3288 4582; x_wconf 92' lang='lat' dir='ltr'><strong>pro</strong></span> <span class='ocrx_word' id='word_1_644' title='bbox 3334 4511 3502 4567; x_wconf 88' lang='lat' dir='ltr'><strong>totius</strong></span> <span class='ocrx_word' id='word_1_645' title='bbox 3549 4512 3737 4566; x_wconf 89' lang='lat' dir='ltr'><strong>mundi</strong></span> 
     </span>
    </p>
   </div>
   <div class='ocr_carea' id='block_1_90' title="bbox 481 4599 2060 4699">
    <p class='ocr_par' dir='ltr' id='par_1_90' title="bbox 481 4599 2054 4681">
     <span class='ocr_line' id='line_1_90' title="bbox 481 4599 2054 4681; baseline 0.011 -32"><span class='ocrx_word' id='word_1_646' title='bbox 481 4601 630 4665; x_wconf 74' lang='lat' dir='ltr'><strong>utth</strong></span> <span class='ocrx_word' id='word_1_647' title='bbox 654 4613 842 4654; x_wconf 88' lang='lat' dir='ltr'><strong>verum</strong></span> <span class='ocrx_word' id='word_1_648' title='bbox 871 4599 1033 4668; x_wconf 90' lang='lat' dir='ltr'><strong>dicat,</strong></span> <span class='ocrx_word' id='word_1_649' title='bbox 1068 4612 1122 4656; x_wconf 90' lang='lat' dir='ltr'><strong>et</strong></span> <span class='ocrx_word' id='word_1_650' title='bbox 1165 4618 1344 4660; x_wconf 88' lang='lat' dir='ltr'><strong>sermo</strong></span> <span class='ocrx_word' id='word_1_651' title='bbox 1397 4605 1682 4663; x_wconf 74' lang='lat' dir='ltr'><strong>calumnia:</strong></span> <span class='ocrx_word' id='word_1_652' title='bbox 1712 4624 1820 4665; x_wconf 91' lang='lat' dir='ltr'><strong>non</strong></span> <span class='ocrx_word' id='word_1_653' title='bbox 1851 4619 2054 4681; x_wconf 85' lang='lat' dir='ltr'><strong>pateat.</strong></span> 
     </span>
    </p>
   </div>
   <div class='ocr_carea' id='block_1_91' title="bbox 2168 4599 3738 4699">
    <p class='ocr_par' dir='ltr' id='par_1_91' title="bbox 2168 4600 3738 4672">
     <span class='ocr_line' id='line_1_91' title="bbox 2168 4600 3738 4672; baseline 0.001 -17"><span class='ocrx_word' id='word_1_654' title='bbox 2168 4600 2398 4672; x_wconf 87' lang='lat' dir='ltr'><strong>peccatis</strong></span> <span class='ocrx_word' id='word_1_655' title='bbox 2425 4601 2479 4655; x_wconf 86' lang='lat' dir='ltr'><strong>in</strong></span> <span class='ocrx_word' id='word_1_656' title='bbox 2510 4615 2672 4656; x_wconf 89' lang='lat' dir='ltr'><strong>carne</strong></span> <span class='ocrx_word' id='word_1_657' title='bbox 2691 4608 2839 4656; x_wconf 90' lang='lat' dir='ltr'><strong>casta</strong></span> <span class='ocrx_word' id='word_1_658' title='bbox 2867 4600 3175 4656; x_wconf 90' lang='lat' dir='ltr'><strong>immolatus</strong></span> <span class='ocrx_word' id='word_1_659' title='bbox 3212 4615 3386 4672; x_wconf 87' lang='lat' dir='ltr'><strong>agnus</strong></span> <span class='ocrx_word' id='word_1_660' title='bbox 3404 4609 3492 4657; x_wconf 88' lang='lat' dir='ltr'><strong>est</strong></span> <span class='ocrx_word' id='word_1_661' title='bbox 3542 4617 3738 4672; x_wconf 86' lang='lat' dir='ltr'><strong>passus</strong></span> 
     </span>
    </p>
   </div>
   <div class='ocr_carea' id='block_1_92' title="bbox 478 4687 2057 4770">
    <p class='ocr_par' dir='ltr' id='par_1_92' title="bbox 478 4687 2057 4770">
     <span class='ocr_line' id='line_1_92' title="bbox 478 4687 2057 4770; baseline 0.011 -29"><span class='ocrx_word' id='word_1_662' title='bbox 478 4687 665 4742; x_wconf 82' lang='lat' dir='ltr'><strong>Maluit</strong></span> <span class='ocrx_word' id='word_1_663' title='bbox 687 4704 745 4744; x_wconf 92' lang='lat' dir='ltr'><strong>se</strong></span> <span class='ocrx_word' id='word_1_664' title='bbox 767 4689 1039 4745; x_wconf 90' lang='lat' dir='ltr'><strong>Christum</strong></span> <span class='ocrx_word' id='word_1_665' title='bbox 1062 4692 1254 4748; x_wconf 90' lang='lat' dir='ltr'><strong>Filium</strong></span> <span class='ocrx_word' id='word_1_666' title='bbox 1276 4695 1371 4751; x_wconf 91' lang='lat' dir='ltr'><strong>Dei</strong></span> <span class='ocrx_word' id='word_1_667' title='bbox 1391 4698 1641 4766; x_wconf 90' lang='lat' dir='ltr'><strong>probare,</strong></span> <span class='ocrx_word' id='word_1_668' title='bbox 1659 4714 1820 4769; x_wconf 91' lang='lat' dir='ltr'><strong>quam</strong></span> <span class='ocrx_word' id='word_1_669' title='bbox 1854 4700 2057 4770; x_wconf 90' lang='lat' dir='ltr'><strong>dicere,</strong></span> 
     </span>
    </p>
   </div>
   <div class='ocr_carea' id='block_1_93' title="bbox 478 4781 2059 4861">
    <p class='ocr_par' dir='ltr' id='par_1_93' title="bbox 478 4781 2059 4861">
     <span class='ocr_line' id='line_1_93' title="bbox 478 4781 2059 4861; baseline 0.011 -30"><span class='ocrx_word' id='word_1_670' title='bbox 478 4785 536 4832; x_wconf 91' lang='lat' dir='ltr'><strong>ut</strong></span> <span class='ocrx_word' id='word_1_671' title='bbox 589 4781 981 4837; x_wconf 88' lang='lat' dir='ltr'><strong>condemnandi</strong></span> <span class='ocrx_word' id='word_1_672' title='bbox 1032 4798 1194 4840; x_wconf 87' lang='lat' dir='ltr'><strong>causa</strong></span> <span class='ocrx_word' id='word_1_673' title='bbox 1238 4785 1518 4843; x_wconf 91' lang='lat' dir='ltr'><strong>tolleretur</strong></span> <span class='ocrx_word' id='word_1_674' title='bbox 1566 4789 1652 4846; x_wconf 91' lang='lat' dir='ltr'><strong>his</strong></span> <span class='ocrx_word' id='word_1_675' title='bbox 1683 4792 1776 4861; x_wconf 89' lang='lat' dir='ltr'><strong>qui</strong></span> <span class='ocrx_word' id='word_1_676' title='bbox 1819 4790 2059 4850; x_wconf 81' lang='lat' dir='ltr'><strong>fatentur</strong></span> 
     </span>
    </p>
   </div>
   <div class='ocr_carea' id='block_1_94' title="bbox 473 4870 922 4938">
    <p class='ocr_par' dir='ltr' id='par_1_94' title="bbox 473 4870 922 4938">
     <span class='ocr_line' id='line_1_94' title="bbox 473 4870 922 4938; baseline 0.011 -17"><span class='ocrx_word' id='word_1_677' title='bbox 473 4871 616 4938; x_wconf 82' lang='lat' dir='ltr'><strong>quod</strong></span> <span class='ocrx_word' id='word_1_678' title='bbox 645 4870 922 4938; x_wconf 86' lang='lat' dir='ltr'><strong>objiciunt.</strong></span> 
     </span>
    </p>
   </div>
   <div class='ocr_carea' id='block_1_95' title="bbox 553 4960 2055 5033">
    <p class='ocr_par' dir='ltr' id='par_1_95' title="bbox 553 4960 2055 5033">
     <span class='ocr_line' id='line_1_95' title="bbox 553 4960 2055 5033; baseline 0.011 -21"><span class='ocrx_word' id='word_1_679' title='bbox 553 4960 710 5014; x_wconf 70' lang='lat' dir='ltr'><strong>Vens.</strong></span> <span class='ocrx_word' id='word_1_680' title='bbox 738 4962 825 5015; x_wconf 89' lang='lat' dir='ltr'><strong>7l.</strong></span> <span class='ocrx_word' id='word_1_681' title='bbox 849 4993 922 5004; x_wconf 89' lang='lat'><strong>—</strong></span> <span class='ocrx_word' id='word_1_682' title='bbox 946 4961 1060 5033; x_wconf 86' lang='lat' dir='ltr'><strong>Ipsi</strong></span> <span class='ocrx_word' id='word_1_683' title='bbox 1085 4965 1221 5019; x_wconf 85' lang='lat' dir='ltr'><strong>enim</strong></span> <span class='ocrx_word' id='word_1_684' title='bbox 1259 4967 1574 5022; x_wconf 85' lang='lat' dir='ltr'><strong>audivimus.</strong></span> <span class='ocrx_word' id='word_1_685' title='bbox 1601 4969 1702 5026; x_wconf 88' lang='lat' dir='ltr'><strong>Ubi</strong></span> <span class='ocrx_word' id='word_1_686' title='bbox 1725 4970 1860 5026; x_wconf 77' lang='lat' dir='ltr'><strong>dixit</strong></span> <span class='ocrx_word' id='word_1_687' title='bbox 1888 4989 1902 5026; x_wconf 84' lang='lat'><strong>:</strong></span> <span class='ocrx_word' id='word_1_688' title='bbox 1936 4971 2055 5029; x_wconf 83' lang='lat' dir='ltr'><strong>Erit</strong></span> 
     </span>
    </p>
   </div>
   <div class='ocr_carea' id='block_1_96' title="bbox 475 5045 2054 5120">
    <p class='ocr_par' dir='ltr' id='par_1_96' title="bbox 475 5045 2054 5120">
     <span class='ocr_line' id='line_1_96' title="bbox 475 5045 2054 5120; baseline 0.013 -20"><span class='ocrx_word' id='word_1_689' title='bbox 475 5045 650 5103; x_wconf 84' lang='lat' dir='ltr'><strong>Filius</strong></span> <span class='ocrx_word' id='word_1_690' title='bbox 677 5051 900 5106; x_wconf 79' lang='lat' dir='ltr'><strong>hominis</strong></span> <span class='ocrx_word' id='word_1_691' title='bbox 921 5055 1102 5109; x_wconf 84' lang='lat' dir='ltr'><strong>sedens</strong></span> <span class='ocrx_word' id='word_1_692' title='bbox 1121 5056 1191 5109; x_wconf 91' lang='lat' dir='ltr'><strong>ad</strong></span> <span class='ocrx_word' id='word_1_693' title='bbox 1213 5056 1479 5112; x_wconf 74' lang='lat' dir='ltr'><strong>dexteram</strong></span> <span class='ocrx_word' id='word_1_694' title='bbox 1499 5059 1698 5114; x_wconf 87' lang='lat' dir='ltr'><strong>virtutis</strong></span> <span class='ocrx_word' id='word_1_695' title='bbox 1720 5059 1836 5116; x_wconf 88' lang='lat' dir='ltr'><strong>Dei.</strong></span> <span class='ocrx_word' id='word_1_696' title='bbox 1863 5061 1970 5118; x_wconf 89' lang='lat' dir='ltr'><strong>Sua</strong></span> <span class='ocrx_word' id='word_1_697' title='bbox 1993 5079 2054 5120; x_wconf 85' lang='lat' dir='ltr'><strong>se</strong></span> 
     </span>
    </p>
   </div>
   <div class='ocr_carea' id='block_1_97' title="bbox 471 5139 2050 5224">
    <p class='ocr_par' dir='ltr' id='par_1_97' title="bbox 471 5139 2050 5224">
     <span class='ocr_line' id='line_1_97' title="bbox 471 5139 2050 5224; baseline 0.013 -34"><span class='ocrx_word' id='word_1_698' title='bbox 471 5139 739 5194; x_wconf 82' lang='lat' dir='ltr'><strong>sententia</strong></span> <span class='ocrx_word' id='word_1_699' title='bbox 793 5141 1054 5200; x_wconf 88' lang='lat' dir='ltr'><strong>damnant</strong></span> <span class='ocrx_word' id='word_1_700' title='bbox 1112 5146 1202 5216; x_wconf 91' lang='lat' dir='ltr'><strong>qui</strong></span> <span class='ocrx_word' id='word_1_701' title='bbox 1250 5162 1372 5201; x_wconf 87' lang='lat' dir='ltr'><strong>eum</strong></span> <span class='ocrx_word' id='word_1_702' title='bbox 1417 5148 1577 5204; x_wconf 90' lang='lat' dir='ltr'><strong>morti</strong></span> <span class='ocrx_word' id='word_1_703' title='bbox 1625 5150 1842 5207; x_wconf 90' lang='lat' dir='ltr'><strong>tradunt</strong></span> <span class='ocrx_word' id='word_1_704' title='bbox 1888 5168 2050 5224; x_wconf 88' lang='lat' dir='ltr'><strong>quem</strong></span> 
     </span>
    </p>
   </div>
   <div class='ocr_carea' id='block_1_98' title="bbox 472 5229 2048 5315">
    <p class='ocr_par' dir='ltr' id='par_1_98' title="bbox 472 5229 2048 5315">
     <span class='ocr_line' id='line_1_98' title="bbox 472 5229 2048 5315; baseline 0.012 -33"><span class='ocrx_word' id='word_1_705' title='bbox 472 5229 586 5283; x_wconf 87' lang='lat' dir='ltr'><strong>oris</strong></span> <span class='ocrx_word' id='word_1_706' title='bbox 631 5238 686 5285; x_wconf 90' lang='lat' dir='ltr'><strong>et</strong></span> <span class='ocrx_word' id='word_1_707' title='bbox 743 5233 924 5303; x_wconf 88' lang='lat' dir='ltr'><strong>operis</strong></span> <span class='ocrx_word' id='word_1_708' title='bbox 949 5235 1031 5290; x_wconf 90' lang='lat' dir='ltr'><strong>sui</strong></span> <span class='ocrx_word' id='word_1_709' title='bbox 1078 5237 1385 5295; x_wconf 89' lang='lat' dir='ltr'><strong>testimonio</strong></span> <span class='ocrx_word' id='word_1_710' title='bbox 1438 5239 1609 5295; x_wconf 89' lang='lat' dir='ltr'><strong>Deum</strong></span> <span class='ocrx_word' id='word_1_711' title='bbox 1662 5255 1784 5298; x_wconf 90' lang='lat' dir='ltr'><strong>esse</strong></span> <span class='ocrx_word' id='word_1_712' title='bbox 1845 5258 2048 5315; x_wconf 89' lang='lat' dir='ltr'><strong>cogno-</strong></span> 
     </span>
    </p>
   </div>
   <div class='ocr_carea' id='block_1_99' title="bbox 467 5332 645 5380">
    <p class='ocr_par' dir='ltr' id='par_1_99' title="bbox 467 5332 645 5380">
     <span class='ocr_line' id='line_1_99' title="bbox 467 5332 645 5380; baseline 0.011 -2"><span class='ocrx_word' id='word_1_713' title='bbox 467 5332 645 5380; x_wconf 85' lang='lat' dir='ltr'><strong>scunt.</strong></span> 
     </span>
    </p>
   </div>
   <div class='ocr_carea' id='block_1_100' title="bbox 1034 5398 1491 5458">
    <p class='ocr_par' dir='ltr' id='par_1_100' title="bbox 1034 5398 1491 5458">
     <span class='ocr_line' id='line_1_100' title="bbox 1034 5398 1491 5458; baseline 0.007 -3"><span class='ocrx_word' id='word_1_714' title='bbox 1034 5398 1263 5458; x_wconf 82' lang='lat' dir='ltr'><strong>CAPUT</strong></span> <span class='ocrx_word' id='word_1_715' title='bbox 1306 5400 1491 5458; x_wconf 83' lang='lat' dir='ltr'><strong>XXIII.</strong></span> 
     </span>
    </p>
   </div>
   <div class='ocr_carea' id='block_1_101' title="bbox 542 5501 2039 5572">
    <p class='ocr_par' dir='ltr' id='par_1_101' title="bbox 542 5501 2039 5572">
     <span class='ocr_line' id='line_1_101' title="bbox 542 5501 2039 5572; baseline 0.009 -14"><span class='ocrx_word' id='word_1_716' title='bbox 542 5501 704 5560; x_wconf 70' lang='lat' dir='ltr'><strong>Vens.</strong></span> <span class='ocrx_word' id='word_1_717' title='bbox 734 5507 787 5563; x_wconf 81' lang='lat' dir='ltr'><strong>l.</strong></span> <span class='ocrx_word' id='word_1_718' title='bbox 823 5539 898 5551; x_wconf 92' lang='lat'>—</span> <span class='ocrx_word' id='word_1_719' title='bbox 921 5509 1200 5566; x_wconf 68' lang='lat' dir='ltr'><strong>ﬂuxerunt</strong></span> <span class='ocrx_word' id='word_1_720' title='bbox 1229 5511 1396 5567; x_wconf 87' lang='lat' dir='ltr'><strong>illum.</strong></span> <span class='ocrx_word' id='word_1_721' title='bbox 1430 5511 1794 5571; x_wconf 88' lang='lat' dir='ltr'><strong>Tradiderunt</strong></span> <span class='ocrx_word' id='word_1_722' title='bbox 1841 5515 2039 5572; x_wconf 79' lang='lat' dir='ltr'><strong>Roma-</strong></span> 
     </span>
    </p>
   </div>
   <div class='ocr_carea' id='block_1_102' title="bbox 2161 4690 3736 4765">
    <p class='ocr_par' dir='ltr' id='par_1_102' title="bbox 2161 4690 3736 4765">
     <span class='ocr_line' id='line_1_102' title="bbox 2161 4690 3736 4765; baseline 0.001 -18"><span class='ocrx_word' id='word_1_723' title='bbox 2161 4698 2217 4747; x_wconf 92' lang='lat' dir='ltr'><strong>et</strong></span> <span class='ocrx_word' id='word_1_724' title='bbox 2245 4690 2482 4762; x_wconf 90' lang='lat' dir='ltr'><strong>sepultus</strong></span> <span class='ocrx_word' id='word_1_725' title='bbox 2513 4708 2527 4745; x_wconf 90' lang='lat'><strong>:</strong></span> <span class='ocrx_word' id='word_1_726' title='bbox 2556 4691 2698 4761; x_wconf 90' lang='lat' dir='ltr'><strong>quod</strong></span> <span class='ocrx_word' id='word_1_727' title='bbox 2722 4691 2810 4748; x_wconf 91' lang='lat' dir='ltr'><strong>hic</strong></span> <span class='ocrx_word' id='word_1_728' title='bbox 2835 4690 2979 4759; x_wconf 90' lang='lat' dir='ltr'><strong>alba,</strong></span> <span class='ocrx_word' id='word_1_729' title='bbox 3000 4690 3155 4762; x_wconf 82' lang='lat' dir='ltr'><strong>juxta</strong></span> <span class='ocrx_word' id='word_1_730' title='bbox 3178 4692 3314 4749; x_wconf 90' lang='lat' dir='ltr'><strong>alios</strong></span> <span class='ocrx_word' id='word_1_731' title='bbox 3360 4692 3736 4765; x_wconf 84' lang='lat' dir='ltr'><strong>Evangelistas</strong></span> 
     </span>
    </p>
   </div>
   <div class='ocr_carea' id='block_1_103' title="bbox 2159 4782 3738 4857">
    <p class='ocr_par' dir='ltr' id='par_1_103' title="bbox 2159 4782 3738 4857">
     <span class='ocr_line' id='line_1_103' title="bbox 2159 4782 3738 4857; baseline 0.002 -19"><span class='ocrx_word' id='word_1_732' title='bbox 2159 4797 2432 4853; x_wconf 89' lang='lat' dir='ltr'><strong>purpurea</strong></span> <span class='ocrx_word' id='word_1_733' title='bbox 2451 4783 2536 4837; x_wconf 81' lang='lat' dir='ltr'><strong>vel</strong></span> <span class='ocrx_word' id='word_1_734' title='bbox 2560 4783 2813 4839; x_wconf 84' lang='lat' dir='ltr'><strong>coccinea</strong></span> <span class='ocrx_word' id='word_1_735' title='bbox 2832 4791 2982 4840; x_wconf 87' lang='lat' dir='ltr'><strong>veste</strong></span> <span class='ocrx_word' id='word_1_736' title='bbox 3001 4782 3262 4852; x_wconf 89' lang='lat' dir='ltr'><strong>illuditur,</strong></span> <span class='ocrx_word' id='word_1_737' title='bbox 3288 4785 3526 4853; x_wconf 89' lang='lat' dir='ltr'><strong>indutus,</strong></span> <span class='ocrx_word' id='word_1_738' title='bbox 3556 4785 3738 4857; x_wconf 84' lang='lat' dir='ltr'><strong>signat</strong></span> 
     </span>
    </p>
   </div>
   <div class='ocr_carea' id='block_1_104' title="bbox 2157 4872 3733 4945">
    <p class='ocr_par' dir='ltr' id='par_1_104' title="bbox 2157 4872 3733 4945">
     <span class='ocr_line' id='line_1_104' title="bbox 2157 4872 3733 4945; baseline 0.001 -17"><span class='ocrx_word' id='word_1_739' title='bbox 2157 4873 2428 4944; x_wconf 87' lang='lat' dir='ltr'><strong>geminum</strong></span> <span class='ocrx_word' id='word_1_740' title='bbox 2453 4872 2703 4944; x_wconf 89' lang='lat' dir='ltr'><strong>martyrii</strong></span> <span class='ocrx_word' id='word_1_741' title='bbox 2724 4888 2914 4944; x_wconf 90' lang='lat' dir='ltr'><strong>genus,</strong></span> <span class='ocrx_word' id='word_1_742' title='bbox 2942 4888 3050 4944; x_wconf 90' lang='lat' dir='ltr'><strong>quo</strong></span> <span class='ocrx_word' id='word_1_743' title='bbox 3072 4873 3128 4930; x_wconf 88' lang='lat' dir='ltr'><strong>in</strong></span> <span class='ocrx_word' id='word_1_744' title='bbox 3155 4874 3497 4945; x_wconf 87' lang='lat' dir='ltr'><strong>passionihus</strong></span> <span class='ocrx_word' id='word_1_745' title='bbox 3542 4875 3733 4932; x_wconf 84' lang='lat' dir='ltr'><strong>Eccle-</strong></span> 
     </span>
    </p>
   </div>
   <div class='ocr_carea' id='block_1_105' title="bbox 2157 4962 3733 5034">
    <p class='ocr_par' dir='ltr' id='par_1_105' title="bbox 2157 4962 3733 5034">
     <span class='ocr_line' id='line_1_105' title="bbox 2157 4962 3733 5034; baseline 0.003 -15"><span class='ocrx_word' id='word_1_746' title='bbox 2157 4963 2236 5019; x_wconf 89' lang='lat' dir='ltr'><strong>sia</strong></span> <span class='ocrx_word' id='word_1_747' title='bbox 2274 4962 2587 5028; x_wconf 87' lang='lat' dir='ltr'><strong>adornatur,</strong></span> <span class='ocrx_word' id='word_1_748' title='bbox 2621 4970 2682 5018; x_wconf 91' lang='lat' dir='ltr'><strong>ut</strong></span> <span class='ocrx_word' id='word_1_749' title='bbox 2705 4963 2775 5018; x_wconf 90' lang='lat' dir='ltr'><strong>sit</strong></span> <span class='ocrx_word' id='word_1_750' title='bbox 2798 4964 3060 5022; x_wconf 88' lang='lat' dir='ltr'><strong>candidus</strong></span> <span class='ocrx_word' id='word_1_751' title='bbox 3113 4966 3344 5034; x_wconf 89' lang='lat' dir='ltr'><strong>actione,</strong></span> <span class='ocrx_word' id='word_1_752' title='bbox 3395 4966 3733 5024; x_wconf 86' lang='lat' dir='ltr'><strong>rubicundus</strong></span> 
     </span>
    </p>
   </div>
   <div class='ocr_carea' id='block_1_106' title="bbox 2155 5055 3730 5128">
    <p class='ocr_par' dir='ltr' id='par_1_106' title="bbox 2155 5055 3730 5128">
     <span class='ocr_line' id='line_1_106' title="bbox 2155 5055 3730 5128; baseline 0.004 -17"><span class='ocrx_word' id='word_1_753' title='bbox 2155 5057 2434 5128; x_wconf 89' lang='lat' dir='ltr'><strong>sanguine.</strong></span> <span class='ocrx_word' id='word_1_754' title='bbox 2463 5055 2582 5126; x_wconf 87' lang='lat' dir='ltr'><strong>Ipse</strong></span> <span class='ocrx_word' id='word_1_755' title='bbox 2602 5057 2746 5112; x_wconf 91' lang='lat' dir='ltr'><strong>enim</strong></span> <span class='ocrx_word' id='word_1_756' title='bbox 2769 5057 3138 5114; x_wconf 85' lang='lat' dir='ltr'><strong>membrorum</strong></span> <span class='ocrx_word' id='word_1_757' title='bbox 3195 5058 3432 5116; x_wconf 84' lang='lat' dir='ltr'><strong>ﬂosculis</strong></span> <span class='ocrx_word' id='word_1_758' title='bbox 3467 5075 3730 5126; x_wconf 85' lang='lat' dir='ltr'><strong>vernans,</strong></span> 
     </span>
    </p>
   </div>
   <div class='ocr_carea' id='block_1_107' title="bbox 2158 5145 3733 5219">
    <p class='ocr_par' dir='ltr' id='par_1_107' title="bbox 2158 5145 3733 5219">
     <span class='ocr_line' id='line_1_107' title="bbox 2158 5145 3733 5219; baseline 0.004 -19"><span class='ocrx_word' id='word_1_759' title='bbox 2158 5145 2370 5218; x_wconf 89' lang='lat' dir='ltr'><strong>in&#39;pace</strong></span> <span class='ocrx_word' id='word_1_760' title='bbox 2391 5147 2500 5202; x_wconf 91' lang='lat' dir='ltr'><strong>lilia</strong></span> <span class='ocrx_word' id='word_1_761' title='bbox 2527 5148 2716 5219; x_wconf 87' lang='lat' dir='ltr'><strong>gignit,</strong></span> <span class='ocrx_word' id='word_1_762' title='bbox 2745 5147 2888 5203; x_wconf 91' lang='lat' dir='ltr'><strong>bello</strong></span> <span class='ocrx_word' id='word_1_763' title='bbox 2911 5163 3082 5206; x_wconf 87' lang='lat' dir='ltr'><strong>rosas.</strong></span> <span class='ocrx_word' id='word_1_764' title='bbox 3108 5148 3179 5205; x_wconf 88' lang='lat' dir='ltr'><strong>Et</strong></span> <span class='ocrx_word' id='word_1_765' title='bbox 3225 5151 3429 5206; x_wconf 82' lang='lat' dir='ltr'><strong>remisit</strong></span> <span class='ocrx_word' id='word_1_766' title='bbox 3458 5151 3532 5205; x_wconf 85' lang='lat' dir='ltr'><strong>ad</strong></span> <span class='ocrx_word' id='word_1_767' title='bbox 3586 5149 3733 5206; x_wconf 83' lang='lat' dir='ltr'><strong>Pila-</strong></span> 
     </span>
    </p>
   </div>
   <div class='ocr_carea' id='block_1_108' title="bbox 2155 5236 3725 5309">
    <p class='ocr_par' dir='ltr' id='par_1_108' title="bbox 2155 5236 3725 5309">
     <span class='ocr_line' id='line_1_108' title="bbox 2155 5236 3725 5309; baseline 0.005 -19"><span class='ocrx_word' id='word_1_768' title='bbox 2155 5247 2286 5291; x_wconf 85' lang='lat' dir='ltr'><strong>tum.</strong></span> <span class='ocrx_word' id='word_1_769' title='bbox 2325 5237 2407 5292; x_wconf 80' lang='lat' dir='ltr'><strong>Ad</strong></span> <span class='ocrx_word' id='word_1_770' title='bbox 2444 5236 2711 5293; x_wconf 80' lang='lat' dir='ltr'><strong>Herodem</strong></span> <span class='ocrx_word' id='word_1_771' title='bbox 2746 5237 2999 5306; x_wconf 87' lang='lat' dir='ltr'><strong>mittitur,</strong></span> <span class='ocrx_word' id='word_1_772' title='bbox 3031 5239 3100 5296; x_wconf 90' lang='lat' dir='ltr'><strong>ad</strong></span> <span class='ocrx_word' id='word_1_773' title='bbox 3119 5239 3355 5297; x_wconf 87' lang='lat' dir='ltr'><strong>Pilatum</strong></span> <span class='ocrx_word' id='word_1_774' title='bbox 3405 5242 3725 5309; x_wconf 87' lang='lat' dir='ltr'><strong>remittitur,</strong></span> 
     </span>
    </p>
   </div>
   <div class='ocr_carea' id='block_1_109' title="bbox 2151 5329 3726 5402">
    <p class='ocr_par' dir='ltr' id='par_1_109' title="bbox 2151 5329 3726 5402">
     <span class='ocr_line' id='line_1_109' title="bbox 2151 5329 3726 5402; baseline 0.004 -18"><span class='ocrx_word' id='word_1_775' title='bbox 2151 5329 2267 5385; x_wconf 89' lang='lat' dir='ltr'><strong>etsi</strong></span> <span class='ocrx_word' id='word_1_776' title='bbox 2291 5337 2518 5399; x_wconf 89' lang='lat' dir='ltr'><strong>uterque</strong></span> <span class='ocrx_word' id='word_1_777' title='bbox 2543 5345 2694 5385; x_wconf 89' lang='lat' dir='ltr'><strong>reum</strong></span> <span class='ocrx_word' id='word_1_778' title='bbox 2715 5346 2821 5387; x_wconf 91' lang='lat' dir='ltr'><strong>non</strong></span> <span class='ocrx_word' id='word_1_779' title='bbox 2849 5333 3184 5402; x_wconf 86' lang='lat' dir='ltr'><strong>pronuntiat,</strong></span> <span class='ocrx_word' id='word_1_780' title='bbox 3207 5332 3396 5390; x_wconf 78' lang='lat' dir='ltr'><strong>aliena:</strong></span> <span class='ocrx_word' id='word_1_781' title='bbox 3422 5342 3603 5392; x_wconf 68' lang='lat' dir='ltr'><strong>umen</strong></span> <span class='ocrx_word' id='word_1_782' title='bbox 3622 5334 3726 5391; x_wconf 90' lang='lat' dir='ltr'><strong>ini-</strong></span> 
     </span>
    </p>
   </div>
   <div class='ocr_carea' id='block_1_110' title="bbox 2151 5420 3008 5494">
    <p class='ocr_par' dir='ltr' id='par_1_110' title="bbox 2151 5420 3008 5494">
     <span class='ocr_line' id='line_1_110' title="bbox 2151 5420 3008 5494; baseline 0.007 -20"><span class='ocrx_word' id='word_1_783' title='bbox 2151 5420 2374 5490; x_wconf 90' lang='lat' dir='ltr'><strong>quitatis</strong></span> <span class='ocrx_word' id='word_1_784' title='bbox 2400 5421 2635 5478; x_wconf 90' lang='lat' dir='ltr'><strong>stimulis</strong></span> <span class='ocrx_word' id='word_1_785' title='bbox 2670 5423 3008 5494; x_wconf 90' lang='lat' dir='ltr'><strong>obsequitur.</strong></span> 
     </span>
    </p>
   </div>
   <div class='ocr_carea' id='block_1_111' title="bbox 2220 5519 3717 5595">
    <p class='ocr_par' dir='ltr' id='par_1_111' title="bbox 2220 5519 3717 5595">
     <span class='ocr_line' id='line_1_111' title="bbox 2220 5519 3717 5595; baseline 0.005 -19"><span class='ocrx_word' id='word_1_786' title='bbox 2220 5519 2386 5577; x_wconf 70' lang='lat' dir='ltr'><strong>Vnus.</strong></span> <span class='ocrx_word' id='word_1_787' title='bbox 2412 5523 2498 5578; x_wconf 74' lang='lat' dir='ltr'><strong>l2.</strong></span> <span class='ocrx_word' id='word_1_788' title='bbox 2520 5555 2592 5565; x_wconf 99' lang='lat'><strong><em>—</em></strong></span> <span class='ocrx_word' id='word_1_789' title='bbox 2611 5523 2676 5578; x_wconf 83' lang='lat' dir='ltr'><strong>Et</strong></span> <span class='ocrx_word' id='word_1_790' title='bbox 2702 5525 2829 5595; x_wconf 77' lang='lat' dir='ltr'><strong>facti</strong></span> <span class='ocrx_word' id='word_1_791' title='bbox 2849 5533 2970 5580; x_wconf 83' lang='lat' dir='ltr'><strong>sunt</strong></span> <span class='ocrx_word' id='word_1_792' title='bbox 2994 5525 3169 5582; x_wconf 84' lang='lat' dir='ltr'><strong>amici.</strong></span> <span class='ocrx_word' id='word_1_793' title='bbox 3193 5525 3493 5582; x_wconf 81' lang='lat' dir='ltr'><strong>Nefandum</strong></span> <span class='ocrx_word' id='word_1_794' title='bbox 3519 5525 3717 5592; x_wconf 72' lang='lat' dir='ltr'><strong>fmdns,</strong></span> 
     </span>
    </p>
   </div>
   <div class='ocr_carea' id='block_1_112' title="bbox 468 5600 3719 5691">
    <p class='ocr_par' dir='ltr' id='par_1_112' title="bbox 468 5600 3719 5691">
     <span class='ocr_line' id='line_1_112' title="bbox 468 5600 3719 5691; baseline 0.008 -41"><span class='ocrx_word' id='word_1_795' title='bbox 468 5611 551 5691; x_wconf 58' lang='lat' dir='ltr'><strong>na:</strong></span> <span class='ocrx_word' id='word_1_796' title='bbox 575 5600 854 5667; x_wconf 90' lang='lat' dir='ltr'><strong>potestati,</strong></span> <span class='ocrx_word' id='word_1_797' title='bbox 870 5612 932 5658; x_wconf 92' lang='lat' dir='ltr'><strong>ut</strong></span> <span class='ocrx_word' id='word_1_798' title='bbox 956 5619 1022 5660; x_wconf 89' lang='lat' dir='ltr'><strong>eo</strong></span> <span class='ocrx_word' id='word_1_799' title='bbox 1035 5604 1196 5659; x_wconf 91' lang='lat' dir='ltr'><strong>modo</strong></span> <span class='ocrx_word' id='word_1_800' title='bbox 1212 5602 1377 5660; x_wconf 58' lang='lat' dir='ltr'><strong>Judaei</strong></span> <span class='ocrx_word' id='word_1_801' title='bbox 1416 5607 1483 5662; x_wconf 85' lang='lat' dir='ltr'><strong>ab</strong></span> <span class='ocrx_word' id='word_1_802' title='bbox 1520 5606 1637 5678; x_wconf 87' lang='lat' dir='ltr'><strong>ejus</strong></span> <span class='ocrx_word' id='word_1_803' title='bbox 1670 5608 2044 5667; x_wconf 74' lang='lat' dir='ltr'><strong>interiectione</strong></span> <span class='ocrx_word' id='word_1_804' title='bbox 2149 5615 2290 5685; x_wconf 92' lang='lat' dir='ltr'><strong>quod</strong></span> <span class='ocrx_word' id='word_1_805' title='bbox 2321 5614 2560 5672; x_wconf 84' lang='lat' dir='ltr'><strong>Herodes</strong></span> <span class='ocrx_word' id='word_1_806' title='bbox 2579 5625 2634 5672; x_wconf 88' lang='lat' dir='ltr'><strong>et</strong></span> <span class='ocrx_word' id='word_1_807' title='bbox 2654 5615 2856 5674; x_wconf 88' lang='lat' dir='ltr'><strong>Pilatus</strong></span> <span class='ocrx_word' id='word_1_808' title='bbox 2883 5619 2934 5673; x_wconf 90' lang='lat' dir='ltr'><strong>in</strong></span> <span class='ocrx_word' id='word_1_809' title='bbox 2955 5617 3248 5675; x_wconf 90' lang='lat' dir='ltr'><strong>occidendo</strong></span> <span class='ocrx_word' id='word_1_810' title='bbox 3272 5618 3547 5676; x_wconf 88' lang='lat' dir='ltr'><strong>Christum</strong></span> <span class='ocrx_word' id='word_1_811' title='bbox 3572 5621 3719 5691; x_wconf 89' lang='lat' dir='ltr'><strong>pepi-</strong></span> 
     </span>
    </p>
   </div>
   <div class='ocr_carea' id='block_1_113' title="bbox 466 5685 2043 5766">
    <p class='ocr_par' dir='ltr' id='par_1_113' title="bbox 466 5685 2043 5766">
     <span class='ocr_line' id='line_1_113' title="bbox 466 5685 2043 5766; baseline 0.012 -28"><span class='ocrx_word' id='word_1_812' title='bbox 466 5685 674 5745; x_wconf 89' lang='lat' dir='ltr'><strong>alienos</strong></span> <span class='ocrx_word' id='word_1_813' title='bbox 703 5707 764 5748; x_wconf 86' lang='lat' dir='ltr'><strong>se</strong></span> <span class='ocrx_word' id='word_1_814' title='bbox 790 5709 912 5752; x_wconf 89' lang='lat' dir='ltr'><strong>esse</strong></span> <span class='ocrx_word' id='word_1_815' title='bbox 941 5696 1310 5761; x_wconf 87' lang='lat' dir='ltr'><strong>ostenderent,</strong></span> <span class='ocrx_word' id='word_1_816' title='bbox 1344 5697 1396 5750; x_wconf 93' lang='lat' dir='ltr'><strong>in</strong></span> <span class='ocrx_word' id='word_1_817' title='bbox 1427 5712 1533 5766; x_wconf 92' lang='lat' dir='ltr'><strong>quo</strong></span> <span class='ocrx_word' id='word_1_818' title='bbox 1576 5713 1684 5754; x_wconf 92' lang='lat' dir='ltr'><strong>non</strong></span> <span class='ocrx_word' id='word_1_819' title='bbox 1721 5714 1908 5756; x_wconf 91' lang='lat' dir='ltr'><strong>eorum</strong></span> <span class='ocrx_word' id='word_1_820' title='bbox 1962 5701 2043 5756; x_wconf 94' lang='lat' dir='ltr'><strong>in-</strong></span> 
     </span>
    </p>
   </div>
   <div class='ocr_carea' id='block_1_114' title="bbox 465 5782 1478 5849">
    <p class='ocr_par' dir='ltr' id='par_1_114' title="bbox 465 5782 1478 5849">
     <span class='ocr_line' id='line_1_114' title="bbox 465 5782 1478 5849; baseline 0.014 -19"><span class='ocrx_word' id='word_1_821' title='bbox 465 5782 738 5849; x_wconf 88' lang='lat' dir='ltr'><strong>nocentia,</strong></span> <span class='ocrx_word' id='word_1_822' title='bbox 761 5785 856 5840; x_wconf 87' lang='lat' dir='ltr'><strong>sed</strong></span> <span class='ocrx_word' id='word_1_823' title='bbox 882 5785 1092 5840; x_wconf 89' lang='lat' dir='ltr'><strong>insania</strong></span> <span class='ocrx_word' id='word_1_824' title='bbox 1128 5795 1478 5846; x_wconf 88' lang='lat' dir='ltr'><strong>monstratur.</strong></span> 
     </span>
    </p>
   </div>
   <div class='ocr_carea' id='block_1_115' title="bbox 2145 5709 3718 5780">
    <p class='ocr_par' dir='ltr' id='par_1_115' title="bbox 2145 5709 3718 5780">
     <span class='ocr_line' id='line_1_115' title="bbox 2145 5709 3718 5780; baseline 0.006 -20"><span class='ocrx_word' id='word_1_825' title='bbox 2145 5715 2361 5777; x_wconf 87' lang='lat' dir='ltr'><strong>gerunt,</strong></span> <span class='ocrx_word' id='word_1_826' title='bbox 2397 5722 2738 5764; x_wconf 89' lang='lat' dir='ltr'><strong>successores</strong></span> <span class='ocrx_word' id='word_1_827' title='bbox 2781 5723 2969 5765; x_wconf 91' lang='lat' dir='ltr'><strong>eorum</strong></span> <span class='ocrx_word' id='word_1_828' title='bbox 3005 5709 3344 5766; x_wconf 83' lang='lat' dir='ltr'><strong>haereditario</strong></span> <span class='ocrx_word' id='word_1_829' title='bbox 3374 5709 3498 5780; x_wconf 88' lang='lat' dir='ltr'><strong>jure</strong></span> <span class='ocrx_word' id='word_1_830' title='bbox 3539 5720 3718 5769; x_wconf 85' lang='lat' dir='ltr'><strong>custo-</strong></span> 
     </span>
    </p>
   </div>
   <div class='ocr_carea' id='block_1_116' title="bbox 2145 5798 3715 5874">
    <p class='ocr_par' dir='ltr' id='par_1_116' title="bbox 2145 5798 3715 5874">
     <span class='ocr_line' id='line_1_116' title="bbox 2145 5798 3715 5874; baseline 0.006 -22"><span class='ocrx_word' id='word_1_831' title='bbox 2145 5798 2318 5865; x_wconf 92' lang='lat' dir='ltr'><strong>diunt,</strong></span> <span class='ocrx_word' id='word_1_832' title='bbox 2335 5799 2462 5855; x_wconf 91' lang='lat' dir='ltr'><strong>dum</strong></span> <span class='ocrx_word' id='word_1_833' title='bbox 2472 5798 2639 5856; x_wconf 68' lang='lat' dir='ltr'><strong>Judaei</strong></span> <span class='ocrx_word' id='word_1_834' title='bbox 2655 5810 2711 5857; x_wconf 93' lang='lat' dir='ltr'><strong>et</strong></span> <span class='ocrx_word' id='word_1_835' title='bbox 2726 5801 2970 5874; x_wconf 83' lang='lat' dir='ltr'><strong>gentiles,</strong></span> <span class='ocrx_word' id='word_1_836' title='bbox 3007 5801 3145 5857; x_wconf 91' lang='lat' dir='ltr'><strong>sicut</strong></span> <span class='ocrx_word' id='word_1_837' title='bbox 3161 5815 3355 5873; x_wconf 71' lang='lat' dir='ltr'><strong>genere</strong></span> <span class='ocrx_word' id='word_1_838' title='bbox 3366 5809 3422 5857; x_wconf 90' lang='lat' dir='ltr'><strong>et</strong></span> <span class='ocrx_word' id='word_1_839' title='bbox 3437 5803 3715 5874; x_wconf 85' lang='lat' dir='ltr'><strong>religione,</strong></span> 
     </span>
    </p>
   </div>
   <div class='ocr_carea' id='block_1_117' title="bbox 543 5867 3718 5971">
    <p class='ocr_par' dir='ltr' id='par_1_117' title="bbox 543 5867 3718 5971">
     <span class='ocr_line' id='line_1_117' title="bbox 543 5867 3718 5971; baseline 0.01 -45"><span class='ocrx_word' id='word_1_840' title='bbox 543 5867 707 5931; x_wconf 75' lang='lat' dir='ltr'><strong>Vna.</strong></span> <span class='ocrx_word' id='word_1_841' title='bbox 734 5874 791 5933; x_wconf 69' lang='grc' dir='ltr'><strong>ὅ.</strong></span> <span class='ocrx_word' id='word_1_842' title='bbox 819 5904 894 5920; x_wconf 91' lang='grc'><strong>--</strong></span> <span class='ocrx_word' id='word_1_843' title='bbox 915 5874 1128 5936; x_wconf 81' lang='lat' dir='ltr'><strong>Pilatus</strong></span> <span class='ocrx_word' id='word_1_844' title='bbox 1149 5890 1343 5938; x_wconf 83' lang='lat' dir='ltr'><strong>autem.</strong></span> <span class='ocrx_word' id='word_1_845' title='bbox 1391 5892 1496 5941; x_wconf 89' lang='lat' dir='ltr'><strong>etc.</strong></span> <span class='ocrx_word' id='word_1_846' title='bbox 1532 5885 1670 5943; x_wconf 88' lang='lat' dir='ltr'><strong>Cum</strong></span> <span class='ocrx_word' id='word_1_847' title='bbox 1698 5887 1804 5946; x_wconf 90' lang='lat' dir='ltr'><strong>duo</strong></span> <span class='ocrx_word' id='word_1_848' title='bbox 1827 5888 2036 5963; x_wconf 89' lang='lat' dir='ltr'><strong>objecta</strong></span> <span class='ocrx_word' id='word_1_849' title='bbox 2143 5888 2220 5947; x_wconf 88' lang='lat' dir='ltr'><strong>ita</strong></span> <span class='ocrx_word' id='word_1_850' title='bbox 2249 5899 2429 5949; x_wconf 88' lang='lat' dir='ltr'><strong>mente</strong></span> <span class='ocrx_word' id='word_1_851' title='bbox 2461 5894 2688 5971; x_wconf 76' lang='lat' dir='ltr'><strong>quoque</strong></span> <span class='ocrx_word' id='word_1_852' title='bbox 2709 5867 3054 5966; x_wconf 77' lang='lat' dir='ltr'><strong>dissidentes,</strong></span> <span class='ocrx_word' id='word_1_853' title='bbox 3080 5892 3138 5960; x_wconf 78' lang='lat' dir='ltr'><strong>in</strong></span> <span class='ocrx_word' id='word_1_854' title='bbox 3163 5867 3498 5958; x_wconf 62' lang='lat' dir='ltr'><strong>Christianis</strong></span> 
     </span>
    </p>
   </div>
  </div>
