  <div class='ocr_page' id='page_1' title='image "/cluster/home/n/w/nwhite01/storage/ocr_20150623/114/hvd.32044018909580/178.png"; bbox 0 0 3960 6336; ppageno 0'>
   <div class='ocr_carea' id='block_1_1' title="bbox 239 424 341 489">
    <p class='ocr_par' dir='ltr' id='par_1_1' title="bbox 239 424 341 489">
     <span class='ocr_line' id='line_1_1' title="bbox 239 424 341 489; baseline 0 0"><span class='ocrx_word' id='word_1_1' title='bbox 239 424 341 489; x_wconf 68' lang='grc'><strong>365</strong></span> 
     </span>
    </p>
   </div>
   <div class='ocr_carea' id='block_1_2' title="bbox 1183 429 2459 491">
    <p class='ocr_par' dir='ltr' id='par_1_2' title="bbox 1183 429 2459 491">
     <span class='ocr_line' id='line_1_2' title="bbox 1183 429 2459 491; baseline 0.002 -2"><span class='ocrx_word' id='word_1_2' title='bbox 1183 429 1448 490; x_wconf 81' lang='lat' dir='ltr'><strong>GLOSSA</strong></span> <span class='ocrx_word' id='word_1_3' title='bbox 1483 429 1876 489; x_wconf 77' lang='lat' dir='ltr'><strong>ORDINARIA.</strong></span> <span class='ocrx_word' id='word_1_4' title='bbox 1911 461 1979 473; x_wconf 90' lang='lat'><strong><em>—</em></strong></span> <span class='ocrx_word' id='word_1_5' title='bbox 2014 431 2264 490; x_wconf 81' lang='lat' dir='ltr'><strong>EVANG.</strong></span> <span class='ocrx_word' id='word_1_6' title='bbox 2303 433 2459 491; x_wconf 85' lang='lat' dir='ltr'><strong>LUC.</strong></span> 
     </span>
    </p>
   </div>
   <div class='ocr_carea' id='block_1_3' title="bbox 3356 434 3459 493">
    <p class='ocr_par' dir='ltr' id='par_1_3' title="bbox 3356 434 3459 493">
     <span class='ocr_line' id='line_1_3' title="bbox 3356 434 3459 493; baseline -0.01 0"><span class='ocrx_word' id='word_1_7' title='bbox 3356 434 3459 493; x_wconf 68' lang='grc'><strong>346</strong></span> 
     </span>
    </p>
   </div>
   <div class='ocr_carea' id='block_1_4' title="bbox 234 541 3459 620">
    <p class='ocr_par' dir='ltr' id='par_1_4' title="bbox 234 541 3459 620">
     <span class='ocr_line' id='line_1_4' title="bbox 234 541 3459 620; baseline 0.001 -20"><span class='ocrx_word' id='word_1_8' title='bbox 234 543 636 620; x_wconf 88' lang='lat' dir='ltr'><strong>persequendis,</strong></span> <span class='ocrx_word' id='word_1_9' title='bbox 650 551 706 599; x_wconf 93' lang='lat' dir='ltr'><strong>et</strong></span> <span class='ocrx_word' id='word_1_10' title='bbox 723 542 830 600; x_wconf 86' lang='lat' dir='ltr'><strong>ﬁde</strong></span> <span class='ocrx_word' id='word_1_11' title='bbox 851 543 1056 602; x_wconf 89' lang='lat' dir='ltr'><strong>Christi</strong></span> <span class='ocrx_word' id='word_1_12' title='bbox 1080 549 1389 618; x_wconf 88' lang='lat' dir='ltr'><strong>perimenda</strong></span> <span class='ocrx_word' id='word_1_13' title='bbox 1431 546 1792 604; x_wconf 88' lang='lat' dir='ltr'><strong>consentiunt.</strong></span> <span class='ocrx_word' id='word_1_14' title='bbox 1820 546 1872 608; x_wconf 78' lang='grc' dir='ltr'>Α</span> <span class='ocrx_word' id='word_1_15' title='bbox 1899 556 2133 612; x_wconf 88' lang='lat' dir='ltr'><strong>vertunt,</strong></span> <span class='ocrx_word' id='word_1_16' title='bbox 2165 555 2224 603; x_wconf 91' lang='lat' dir='ltr'><strong>ut</strong></span> <span class='ocrx_word' id='word_1_17' title='bbox 2248 547 2390 619; x_wconf 84' lang='lat' dir='ltr'><strong>quod</strong></span> <span class='ocrx_word' id='word_1_18' title='bbox 2431 547 2769 604; x_wconf 84' lang='lat' dir='ltr'><strong>criminando</strong></span> <span class='ocrx_word' id='word_1_19' title='bbox 2814 541 2898 602; x_wconf 99' lang='lat' dir='ltr'><strong>vel</strong></span> <span class='ocrx_word' id='word_1_20' title='bbox 2917 546 3069 616; x_wconf 90' lang='lat' dir='ltr'><strong>quasi</strong></span> <span class='ocrx_word' id='word_1_21' title='bbox 3092 545 3459 603; x_wconf 88' lang='lat' dir='ltr'><strong>ratiocinando</strong></span> 
     </span>
    </p>
   </div>
   <div class='ocr_carea' id='block_1_5' title="bbox 233 634 1796 710">
    <p class='ocr_par' dir='ltr' id='par_1_5' title="bbox 233 634 1796 710">
     <span class='ocr_line' id='line_1_5' title="bbox 233 634 1796 710; baseline -0.002 -17"><span class='ocrx_word' id='word_1_22' title='bbox 233 636 289 693; x_wconf 84' lang='lat' dir='ltr'><strong>In</strong></span> <span class='ocrx_word' id='word_1_23' title='bbox 313 645 438 708; x_wconf 86' lang='lat' dir='ltr'><strong>typo</strong></span> <span class='ocrx_word' id='word_1_24' title='bbox 460 634 684 692; x_wconf 79' lang='lat' dir='ltr'><strong>Herodis</strong></span> <span class='ocrx_word' id='word_1_25' title='bbox 711 645 768 692; x_wconf 92' lang='lat' dir='ltr'><strong>et</strong></span> <span class='ocrx_word' id='word_1_26' title='bbox 811 635 968 692; x_wconf 87' lang='lat' dir='ltr'><strong>Pilati</strong></span> <span class='ocrx_word' id='word_1_27' title='bbox 991 639 1082 708; x_wconf 88' lang='lat' dir='ltr'><strong>qui</strong></span> <span class='ocrx_word' id='word_1_28' title='bbox 1109 654 1206 710; x_wconf 89' lang='lat' dir='ltr'><strong>per</strong></span> <span class='ocrx_word' id='word_1_29' title='bbox 1231 637 1416 696; x_wconf 70' lang='lat' dir='ltr'><strong>Iesum</strong></span> <span class='ocrx_word' id='word_1_30' title='bbox 1464 637 1623 693; x_wconf 74' lang='lat' dir='ltr'><strong>amici</strong></span> <span class='ocrx_word' id='word_1_31' title='bbox 1667 635 1796 690; x_wconf 90' lang='lat' dir='ltr'><strong>facti</strong></span> 
     </span>
    </p>
   </div>
   <div class='ocr_carea' id='block_1_6' title="bbox 234 726 1796 803">
    <p class='ocr_par' dir='ltr' id='par_1_6' title="bbox 234 726 1796 803">
     <span class='ocr_line' id='line_1_6' title="bbox 234 726 1796 803; baseline -0.003 -18"><span class='ocrx_word' id='word_1_32' title='bbox 234 737 372 794; x_wconf 88' lang='lat' dir='ltr'><strong>sunt,</strong></span> <span class='ocrx_word' id='word_1_33' title='bbox 402 726 705 783; x_wconf 62' lang='lat' dir='ltr'><strong>Judaeorum</strong></span> <span class='ocrx_word' id='word_1_34' title='bbox 731 730 1079 802; x_wconf 73' lang='lat' dir='ltr'><strong>gentiumque</strong></span> <span class='ocrx_word' id='word_1_35' title='bbox 1107 730 1277 803; x_wconf 89' lang='lat' dir='ltr'><strong>ﬁgura</strong></span> <span class='ocrx_word' id='word_1_36' title='bbox 1306 739 1570 795; x_wconf 77' lang='lat' dir='ltr'><strong>servatur,</strong></span> <span class='ocrx_word' id='word_1_37' title='bbox 1610 735 1670 783; x_wconf 91' lang='lat' dir='ltr'><strong>ut</strong></span> <span class='ocrx_word' id='word_1_38' title='bbox 1698 740 1796 796; x_wconf 89' lang='lat' dir='ltr'><strong>per</strong></span> 
     </span>
    </p>
   </div>
   <div class='ocr_carea' id='block_1_7' title="bbox 232 819 1794 894">
    <p class='ocr_par' dir='ltr' id='par_1_7' title="bbox 232 819 1794 894">
     <span class='ocr_line' id='line_1_7' title="bbox 232 819 1794 894; baseline -0.002 -18"><span class='ocrx_word' id='word_1_39' title='bbox 232 820 532 892; x_wconf 82' lang='lat' dir='ltr'><strong>passionem</strong></span> <span class='ocrx_word' id='word_1_40' title='bbox 553 820 754 877; x_wconf 89' lang='lat' dir='ltr'><strong>Christi</strong></span> <span class='ocrx_word' id='word_1_41' title='bbox 790 823 1071 894; x_wconf 89' lang='lat' dir='ltr'><strong>utriusque</strong></span> <span class='ocrx_word' id='word_1_42' title='bbox 1093 823 1276 894; x_wconf 89' lang='lat' dir='ltr'><strong>populi</strong></span> <span class='ocrx_word' id='word_1_43' title='bbox 1320 822 1609 879; x_wconf 86' lang='lat' dir='ltr'><strong>concordia</strong></span> <span class='ocrx_word' id='word_1_44' title='bbox 1652 819 1794 874; x_wconf 89' lang='lat' dir='ltr'><strong>facta</strong></span> 
     </span>
    </p>
   </div>
   <div class='ocr_carea' id='block_1_8' title="bbox 231 909 1795 983">
    <p class='ocr_par' dir='ltr' id='par_1_8' title="bbox 231 909 1795 983">
     <span class='ocr_line' id='line_1_8' title="bbox 231 909 1795 983; baseline 0.001 -19"><span class='ocrx_word' id='word_1_45' title='bbox 231 909 299 964; x_wconf 92' lang='lat' dir='ltr'><strong>sit</strong></span> <span class='ocrx_word' id='word_1_46' title='bbox 317 917 566 975; x_wconf 89' lang='lat' dir='ltr'><strong>ventura,</strong></span> <span class='ocrx_word' id='word_1_47' title='bbox 593 910 666 965; x_wconf 90' lang='lat' dir='ltr'><strong>ita</strong></span> <span class='ocrx_word' id='word_1_48' title='bbox 689 917 870 966; x_wconf 89' lang='lat' dir='ltr'><strong>tamen</strong></span> <span class='ocrx_word' id='word_1_49' title='bbox 918 921 979 967; x_wconf 89' lang='lat' dir='ltr'><strong>ut</strong></span> <span class='ocrx_word' id='word_1_50' title='bbox 1020 911 1247 969; x_wconf 89' lang='lat' dir='ltr'><strong>Gentilis</strong></span> <span class='ocrx_word' id='word_1_51' title='bbox 1278 913 1430 983; x_wconf 87' lang='lat' dir='ltr'><strong>prius</strong></span> <span class='ocrx_word' id='word_1_52' title='bbox 1478 911 1654 980; x_wconf 90' lang='lat' dir='ltr'><strong>capiat</strong></span> <span class='ocrx_word' id='word_1_53' title='bbox 1712 925 1795 965; x_wconf 92' lang='lat' dir='ltr'><strong>re-</strong></span> 
     </span>
    </p>
   </div>
   <div class='ocr_carea' id='block_1_9' title="bbox 229 997 1792 1070">
    <p class='ocr_par' dir='ltr' id='par_1_9' title="bbox 229 997 1792 1070">
     <span class='ocr_line' id='line_1_9' title="bbox 229 997 1792 1070; baseline 0.001 -18"><span class='ocrx_word' id='word_1_54' title='bbox 229 1013 385 1070; x_wconf 87' lang='lat' dir='ltr'><strong>gnum</strong></span> <span class='ocrx_word' id='word_1_55' title='bbox 418 997 558 1064; x_wconf 86' lang='lat' dir='ltr'><strong>Dei,</strong></span> <span class='ocrx_word' id='word_1_56' title='bbox 606 1008 663 1055; x_wconf 91' lang='lat' dir='ltr'><strong>et</strong></span> <span class='ocrx_word' id='word_1_57' title='bbox 715 1001 784 1055; x_wconf 88' lang='lat' dir='ltr'><strong>ad</strong></span> <span class='ocrx_word' id='word_1_58' title='bbox 833 999 1075 1057; x_wconf 60' lang='lat' dir='ltr'><strong>Judaeum</strong></span> <span class='ocrx_word' id='word_1_59' title='bbox 1133 1002 1257 1058; x_wconf 89' lang='lat' dir='ltr'><strong>ﬁdei</strong></span> <span class='ocrx_word' id='word_1_60' title='bbox 1303 1017 1413 1058; x_wconf 68' lang='lat' dir='ltr'><strong>suae</strong></span> <span class='ocrx_word' id='word_1_61' title='bbox 1453 1001 1792 1058; x_wconf 89' lang='lat' dir='ltr'><strong>devotionem</strong></span> 
     </span>
    </p>
   </div>
   <div class='ocr_carea' id='block_1_10' title="bbox 228 1088 1790 1168">
    <p class='ocr_par' dir='ltr' id='par_1_10' title="bbox 228 1088 1790 1168">
     <span class='ocr_line' id='line_1_10' title="bbox 228 1088 1790 1168; baseline 0.001 -25"><span class='ocrx_word' id='word_1_62' title='bbox 228 1088 573 1155; x_wconf 83' lang='lat' dir='ltr'><strong>transmittat,</strong></span> <span class='ocrx_word' id='word_1_63' title='bbox 597 1097 658 1168; x_wconf 80' lang='lat' dir='ltr'><strong>ut</strong></span> <span class='ocrx_word' id='word_1_64' title='bbox 677 1089 752 1144; x_wconf 85' lang='lat' dir='ltr'><strong>illi</strong></span> <span class='ocrx_word' id='word_1_65' title='bbox 774 1105 989 1161; x_wconf 92' lang='lat' dir='ltr'><strong>quoque</strong></span> <span class='ocrx_word' id='word_1_66' title='bbox 1009 1092 1177 1163; x_wconf 90' lang='lat' dir='ltr'><strong>gloria</strong></span> <span class='ocrx_word' id='word_1_67' title='bbox 1214 1091 1514 1161; x_wconf 88' lang='lat' dir='ltr'><strong>majestatis</strong></span> <span class='ocrx_word' id='word_1_68' title='bbox 1533 1106 1645 1147; x_wconf 69' lang='lat' dir='ltr'><strong>suae</strong></span> <span class='ocrx_word' id='word_1_69' title='bbox 1664 1105 1790 1147; x_wconf 87' lang='lat' dir='ltr'><strong>cor-</strong></span> 
     </span>
    </p>
   </div>
   <div class='ocr_carea' id='block_1_11' title="bbox 224 1180 1616 1255">
    <p class='ocr_par' dir='ltr' id='par_1_11' title="bbox 224 1180 1616 1255">
     <span class='ocr_line' id='line_1_11' title="bbox 224 1180 1616 1255; baseline 0.004 -20"><span class='ocrx_word' id='word_1_70' title='bbox 224 1195 319 1250; x_wconf 86' lang='lat' dir='ltr'><strong>pus</strong></span> <span class='ocrx_word' id='word_1_71' title='bbox 342 1181 577 1236; x_wconf 86' lang='lat' dir='ltr'><strong>vestiant</strong></span> <span class='ocrx_word' id='word_1_72' title='bbox 605 1180 825 1249; x_wconf 87' lang='lat' dir='ltr'><strong>Christi,</strong></span> <span class='ocrx_word' id='word_1_73' title='bbox 860 1199 1021 1254; x_wconf 86' lang='lat' dir='ltr'><strong>quem</strong></span> <span class='ocrx_word' id='word_1_74' title='bbox 1052 1192 1210 1240; x_wconf 87' lang='lat' dir='ltr'><strong>antea</strong></span> <span class='ocrx_word' id='word_1_75' title='bbox 1239 1186 1616 1255; x_wconf 78' lang='lat' dir='ltr'><strong>despexerunt.</strong></span> 
     </span>
    </p>
   </div>
   <div class='ocr_carea' id='block_1_12' title="bbox 289 1267 1789 1341">
    <p class='ocr_par' dir='ltr' id='par_1_12' title="bbox 289 1267 1789 1341">
     <span class='ocr_line' id='line_1_12' title="bbox 289 1267 1789 1341; baseline 0.004 -19"><span class='ocrx_word' id='word_1_76' title='bbox 289 1267 451 1324; x_wconf 70' lang='lat' dir='ltr'><strong>Vens.</strong></span> <span class='ocrx_word' id='word_1_77' title='bbox 482 1269 574 1325; x_wconf 73' lang='grc'><strong>14.</strong></span> <span class='ocrx_word' id='word_1_78' title='bbox 597 1300 668 1311; x_wconf 90' lang='grc'><strong><em>-</em></strong></span> <span class='ocrx_word' id='word_1_79' title='bbox 697 1269 992 1328; x_wconf 74' lang='lat' dir='ltr'><strong>Obtuliatia.</strong></span> <span class='ocrx_word' id='word_1_80' title='bbox 1026 1272 1294 1341; x_wconf 89' lang='lat' dir='ltr'><strong>Quantum</strong></span> <span class='ocrx_word' id='word_1_81' title='bbox 1324 1275 1561 1331; x_wconf 90' lang='lat' dir='ltr'><strong>studium</strong></span> <span class='ocrx_word' id='word_1_82' title='bbox 1610 1274 1789 1331; x_wconf 91' lang='lat' dir='ltr'><strong>dimit-</strong></span> 
     </span>
    </p>
   </div>
   <div class='ocr_carea' id='block_1_13' title="bbox 223 1360 1788 1432">
    <p class='ocr_par' dir='ltr' id='par_1_13' title="bbox 223 1360 1788 1432">
     <span class='ocr_line' id='line_1_13' title="bbox 223 1360 1788 1432; baseline 0.003 -16"><span class='ocrx_word' id='word_1_83' title='bbox 223 1361 360 1418; x_wconf 91' lang='lat' dir='ltr'><strong>tendi</strong></span> <span class='ocrx_word' id='word_1_84' title='bbox 393 1360 581 1417; x_wconf 77' lang='lat' dir='ltr'><strong>Jesum</strong></span> <span class='ocrx_word' id='word_1_85' title='bbox 634 1361 837 1420; x_wconf 88' lang='lat' dir='ltr'><strong>Pilatus</strong></span> <span class='ocrx_word' id='word_1_86' title='bbox 889 1364 1108 1432; x_wconf 82' lang='lat' dir='ltr'><strong>habeat,</strong></span> <span class='ocrx_word' id='word_1_87' title='bbox 1162 1367 1396 1422; x_wconf 89' lang='lat' dir='ltr'><strong>attende.</strong></span> <span class='ocrx_word' id='word_1_88' title='bbox 1445 1365 1629 1422; x_wconf 90' lang='lat' dir='ltr'><strong>Primo</strong></span> <span class='ocrx_word' id='word_1_89' title='bbox 1681 1365 1788 1421; x_wconf 87' lang='lat' dir='ltr'><strong>illis</strong></span> 
     </span>
    </p>
   </div>
   <div class='ocr_carea' id='block_1_14' title="bbox 221 1451 1784 1522">
    <p class='ocr_par' dir='ltr' id='par_1_14' title="bbox 221 1451 1784 1522">
     <span class='ocr_line' id='line_1_14' title="bbox 221 1451 1784 1522; baseline 0.003 -17"><span class='ocrx_word' id='word_1_90' title='bbox 221 1452 595 1508; x_wconf 84' lang='lat' dir='ltr'><strong>accusantibus</strong></span> <span class='ocrx_word' id='word_1_91' title='bbox 619 1451 832 1510; x_wconf 91' lang='lat' dir='ltr'><strong>dicitse</strong></span> <span class='ocrx_word' id='word_1_92' title='bbox 857 1455 992 1511; x_wconf 90' lang='lat' dir='ltr'><strong>nihil</strong></span> <span class='ocrx_word' id='word_1_93' title='bbox 1033 1470 1212 1512; x_wconf 68' lang='lat' dir='ltr'><strong>causa:</strong></span> <span class='ocrx_word' id='word_1_94' title='bbox 1262 1457 1317 1512; x_wconf 87' lang='lat' dir='ltr'><strong>in</strong></span> <span class='ocrx_word' id='word_1_95' title='bbox 1368 1472 1435 1512; x_wconf 91' lang='lat' dir='ltr'><strong>eo</strong></span> <span class='ocrx_word' id='word_1_96' title='bbox 1491 1455 1784 1522; x_wconf 86' lang='lat' dir='ltr'><strong>invenisse,</strong></span> 
     </span>
    </p>
   </div>
   <div class='ocr_carea' id='block_1_15' title="bbox 221 1539 1785 1616">
    <p class='ocr_par' dir='ltr' id='par_1_15' title="bbox 221 1539 1785 1616">
     <span class='ocr_line' id='line_1_15' title="bbox 221 1539 1785 1616; baseline 0.003 -20"><span class='ocrx_word' id='word_1_97' title='bbox 221 1539 401 1596; x_wconf 88' lang='lat' dir='ltr'><strong>deinde</strong></span> <span class='ocrx_word' id='word_1_98' title='bbox 423 1549 607 1597; x_wconf 91' lang='lat' dir='ltr'><strong>tamen</strong></span> <span class='ocrx_word' id='word_1_99' title='bbox 639 1543 692 1598; x_wconf 92' lang='lat' dir='ltr'><strong>in</strong></span> <span class='ocrx_word' id='word_1_100' title='bbox 752 1543 990 1616; x_wconf 69' lang='lat' dir='ltr'><strong>incoapto</strong></span> <span class='ocrx_word' id='word_1_101' title='bbox 1035 1545 1451 1616; x_wconf 80' lang='lat' dir='ltr'><strong>persistentibus</strong></span> <span class='ocrx_word' id='word_1_102' title='bbox 1498 1546 1667 1601; x_wconf 88' lang='lat' dir='ltr'><strong>mittit</strong></span> <span class='ocrx_word' id='word_1_103' title='bbox 1717 1545 1785 1601; x_wconf 92' lang='lat' dir='ltr'><strong>ad</strong></span> 
     </span>
    </p>
   </div>
   <div class='ocr_carea' id='block_1_16' title="bbox 216 1631 1784 1708">
    <p class='ocr_par' dir='ltr' id='par_1_16' title="bbox 216 1631 1784 1708">
     <span class='ocr_line' id='line_1_16' title="bbox 216 1631 1784 1708; baseline 0.003 -20"><span class='ocrx_word' id='word_1_104' title='bbox 216 1631 498 1700; x_wconf 81' lang='lat' dir='ltr'><strong>Herodem,</strong></span> <span class='ocrx_word' id='word_1_105' title='bbox 516 1642 579 1689; x_wconf 91' lang='lat' dir='ltr'><strong>ut</strong></span> <span class='ocrx_word' id='word_1_106' title='bbox 598 1634 840 1705; x_wconf 80' lang='lat' dir='ltr'><strong>exploret</strong></span> <span class='ocrx_word' id='word_1_107' title='bbox 877 1652 946 1692; x_wconf 89' lang='lat' dir='ltr'><strong>an</strong></span> <span class='ocrx_word' id='word_1_108' title='bbox 969 1637 1058 1693; x_wconf 92' lang='lat' dir='ltr'><strong>ille</strong></span> <span class='ocrx_word' id='word_1_109' title='bbox 1088 1638 1290 1708; x_wconf 89' lang='lat' dir='ltr'><strong>aliquid</strong></span> <span class='ocrx_word' id='word_1_110' title='bbox 1339 1638 1560 1695; x_wconf 88' lang='lat' dir='ltr'><strong>sceleris</strong></span> <span class='ocrx_word' id='word_1_111' title='bbox 1621 1637 1676 1693; x_wconf 89' lang='lat' dir='ltr'><strong>in</strong></span> <span class='ocrx_word' id='word_1_112' title='bbox 1718 1651 1784 1693; x_wconf 93' lang='lat' dir='ltr'><strong>eo</strong></span> 
     </span>
    </p>
   </div>
   <div class='ocr_carea' id='block_1_17' title="bbox 217 1721 1817 1798">
    <p class='ocr_par' dir='ltr' id='par_1_17' title="bbox 217 1721 1817 1798">
     <span class='ocr_line' id='line_1_17' title="bbox 217 1721 1817 1798; baseline 0.004 -22"><span class='ocrx_word' id='word_1_113' title='bbox 217 1721 446 1779; x_wconf 90' lang='lat' dir='ltr'><strong>invenire</strong></span> <span class='ocrx_word' id='word_1_114' title='bbox 491 1727 688 1795; x_wconf 85' lang='lat' dir='ltr'><strong>possit,</strong></span> <span class='ocrx_word' id='word_1_115' title='bbox 731 1742 802 1782; x_wconf 90' lang='lat' dir='ltr'><strong>an</strong></span> <span class='ocrx_word' id='word_1_116' title='bbox 837 1727 1213 1784; x_wconf 90' lang='lat' dir='ltr'><strong>dimittendum</strong></span> <span class='ocrx_word' id='word_1_117' title='bbox 1234 1728 1508 1785; x_wconf 87' lang='lat' dir='ltr'><strong>decernat.</strong></span> <span class='ocrx_word' id='word_1_118' title='bbox 1541 1728 1817 1798; x_wconf 48' lang='lat' dir='ltr'><strong>Denique.</strong></span> 
     </span>
    </p>
   </div>
   <div class='ocr_carea' id='block_1_18' title="bbox 213 1813 1778 1890">
    <p class='ocr_par' dir='ltr' id='par_1_18' title="bbox 213 1813 1778 1890">
     <span class='ocr_line' id='line_1_18' title="bbox 213 1813 1778 1890; baseline 0.004 -20"><span class='ocrx_word' id='word_1_119' title='bbox 213 1813 428 1872; x_wconf 85' lang='lat' dir='ltr'><strong>Herodis</strong></span> <span class='ocrx_word' id='word_1_120' title='bbox 455 1818 642 1889; x_wconf 87' lang='lat' dir='ltr'><strong>agnita</strong></span> <span class='ocrx_word' id='word_1_121' title='bbox 668 1819 964 1890; x_wconf 85' lang='lat' dir='ltr'><strong>voluntate,</strong></span> <span class='ocrx_word' id='word_1_122' title='bbox 989 1837 1089 1879; x_wconf 91' lang='lat' dir='ltr'><strong>nec</strong></span> <span class='ocrx_word' id='word_1_123' title='bbox 1119 1823 1336 1880; x_wconf 88' lang='lat' dir='ltr'><strong>invento</strong></span> <span class='ocrx_word' id='word_1_124' title='bbox 1357 1825 1412 1879; x_wconf 93' lang='lat' dir='ltr'><strong>in</strong></span> <span class='ocrx_word' id='word_1_125' title='bbox 1465 1822 1592 1880; x_wconf 86' lang='lat' dir='ltr'><strong>Jesu</strong></span> <span class='ocrx_word' id='word_1_126' title='bbox 1641 1822 1778 1878; x_wconf 86' lang='lat' dir='ltr'><strong>faci-</strong></span> 
     </span>
    </p>
   </div>
   <div class='ocr_carea' id='block_1_19' title="bbox 1896 636 3450 709">
    <p class='ocr_par' dir='ltr' id='par_1_19' title="bbox 1896 636 3450 709">
     <span class='ocr_line' id='line_1_19' title="bbox 1896 636 3450 709; baseline 0.001 -17"><span class='ocrx_word' id='word_1_127' title='bbox 1896 639 2265 706; x_wconf 89' lang='lat' dir='ltr'><strong>nequiverant,</strong></span> <span class='ocrx_word' id='word_1_128' title='bbox 2289 639 2402 709; x_wconf 92' lang='lat' dir='ltr'><strong>jam</strong></span> <span class='ocrx_word' id='word_1_129' title='bbox 2423 639 2743 708; x_wconf 88' lang='lat' dir='ltr'><strong>postulando</strong></span> <span class='ocrx_word' id='word_1_130' title='bbox 2764 646 2822 695; x_wconf 91' lang='lat' dir='ltr'><strong>et</strong></span> <span class='ocrx_word' id='word_1_131' title='bbox 2847 636 3192 694; x_wconf 81' lang='lat' dir='ltr'><strong>vociferando</strong></span> <span class='ocrx_word' id='word_1_132' title='bbox 3237 647 3291 693; x_wconf 91' lang='lat' dir='ltr'><strong>et</strong></span> <span class='ocrx_word' id='word_1_133' title='bbox 3339 653 3450 708; x_wconf 91' lang='lat' dir='ltr'><strong>pcr-</strong></span> 
     </span>
    </p>
   </div>
   <div class='ocr_carea' id='block_1_20' title="bbox 1893 726 2451 798">
    <p class='ocr_par' dir='ltr' id='par_1_20' title="bbox 1893 726 2451 798">
     <span class='ocr_line' id='line_1_20' title="bbox 1893 726 2451 798; baseline 0.004 -18"><span class='ocrx_word' id='word_1_134' title='bbox 1893 726 2123 782; x_wconf 88' lang='lat' dir='ltr'><strong>ﬁciendo</strong></span> <span class='ocrx_word' id='word_1_135' title='bbox 2148 727 2451 798; x_wconf 88' lang='lat' dir='ltr'><strong>perﬁciunt.</strong></span> 
     </span>
    </p>
   </div>
   <div class='ocr_carea' id='block_1_21' title="bbox 1967 820 3458 888">
    <p class='ocr_par' dir='ltr' id='par_1_21' title="bbox 1967 820 3458 888">
     <span class='ocr_line' id='line_1_21' title="bbox 1967 820 3458 888; baseline 0.001 -13"><span class='ocrx_word' id='word_1_136' title='bbox 1967 820 2132 876; x_wconf 73' lang='lat' dir='ltr'><strong>Vens.</strong></span> <span class='ocrx_word' id='word_1_137' title='bbox 2163 822 2252 876; x_wconf 79' lang='grc'><strong>25.</strong></span> <span class='ocrx_word' id='word_1_138' title='bbox 2281 853 2353 862; x_wconf 92' lang='lat'>—</span> <span class='ocrx_word' id='word_1_139' title='bbox 2379 823 2592 877; x_wconf 76' lang='lat' dir='ltr'><strong>Dimisit</strong></span> <span class='ocrx_word' id='word_1_140' title='bbox 2623 834 2818 888; x_wconf 86' lang='lat' dir='ltr'><strong>autem,</strong></span> <span class='ocrx_word' id='word_1_141' title='bbox 2847 832 2953 879; x_wconf 89' lang='lat' dir='ltr'><strong>etc.</strong></span> <span class='ocrx_word' id='word_1_142' title='bbox 2982 829 3183 878; x_wconf 85' lang='lat' dir='ltr'><strong>Auctor</strong></span> <span class='ocrx_word' id='word_1_143' title='bbox 3236 821 3458 878; x_wconf 87' lang='lat' dir='ltr'><strong>seditio-</strong></span> 
     </span>
    </p>
   </div>
   <div class='ocr_carea' id='block_1_22' title="bbox 1892 911 3461 980">
    <p class='ocr_par' dir='ltr' id='par_1_22' title="bbox 1892 911 3461 980">
     <span class='ocr_line' id='line_1_22' title="bbox 1892 911 3461 980; baseline 0.001 -14"><span class='ocrx_word' id='word_1_144' title='bbox 1892 911 1976 966; x_wconf 92' lang='lat' dir='ltr'><strong>nis</strong></span> <span class='ocrx_word' id='word_1_145' title='bbox 2007 913 2482 969; x_wconf 90' lang='lat' dir='ltr'><strong>ethomicidiorum</strong></span> <span class='ocrx_word' id='word_1_146' title='bbox 2501 914 2698 969; x_wconf 65' lang='lat' dir='ltr'><strong>Iudaeis</strong></span> <span class='ocrx_word' id='word_1_147' title='bbox 2748 914 3056 980; x_wconf 89' lang='lat' dir='ltr'><strong>dimittitur,</strong></span> <span class='ocrx_word' id='word_1_148' title='bbox 3104 914 3160 968; x_wconf 90' lang='lat' dir='ltr'><strong>id</strong></span> <span class='ocrx_word' id='word_1_149' title='bbox 3209 920 3294 968; x_wconf 90' lang='lat' dir='ltr'><strong>est</strong></span> <span class='ocrx_word' id='word_1_150' title='bbox 3346 914 3461 968; x_wconf 87' lang='lat' dir='ltr'><strong>dia-</strong></span> 
     </span>
    </p>
   </div>
   <div class='ocr_carea' id='block_1_23' title="bbox 1890 1002 3458 1076">
    <p class='ocr_par' dir='ltr' id='par_1_23' title="bbox 1890 1002 3458 1076">
     <span class='ocr_line' id='line_1_23' title="bbox 1890 1002 3458 1076; baseline 0 -19"><span class='ocrx_word' id='word_1_151' title='bbox 1890 1002 2065 1070; x_wconf 89' lang='lat' dir='ltr'><strong>bolus,</strong></span> <span class='ocrx_word' id='word_1_152' title='bbox 2117 1005 2208 1075; x_wconf 92' lang='lat' dir='ltr'><strong>qui</strong></span> <span class='ocrx_word' id='word_1_153' title='bbox 2235 1005 2304 1060; x_wconf 94' lang='lat' dir='ltr'><strong>ob</strong></span> <span class='ocrx_word' id='word_1_154' title='bbox 2327 1005 2534 1076; x_wconf 88' lang='lat' dir='ltr'><strong>culpam</strong></span> <span class='ocrx_word' id='word_1_155' title='bbox 2560 1021 2591 1060; x_wconf 92' lang='lat' dir='ltr'><strong>a</strong></span> <span class='ocrx_word' id='word_1_156' title='bbox 2611 1004 2749 1060; x_wconf 89' lang='lat' dir='ltr'><strong>lucis</strong></span> <span class='ocrx_word' id='word_1_157' title='bbox 2774 1007 2952 1076; x_wconf 90' lang='lat' dir='ltr'><strong>patria</strong></span> <span class='ocrx_word' id='word_1_158' title='bbox 2981 1005 3254 1076; x_wconf 91' lang='lat' dir='ltr'><strong>depulsus,</strong></span> <span class='ocrx_word' id='word_1_159' title='bbox 3304 1013 3360 1059; x_wconf 91' lang='lat' dir='ltr'><strong>et</strong></span> <span class='ocrx_word' id='word_1_160' title='bbox 3403 1002 3458 1057; x_wconf 93' lang='lat' dir='ltr'><strong>in</strong></span> 
     </span>
    </p>
   </div>
   <div class='ocr_carea' id='block_1_24' title="bbox 1889 1095 3458 1164">
    <p class='ocr_par' dir='ltr' id='par_1_24' title="bbox 1889 1095 3458 1164">
     <span class='ocr_line' id='line_1_24' title="bbox 1889 1095 3458 1164; baseline -0.001 -16"><span class='ocrx_word' id='word_1_161' title='bbox 1889 1095 2235 1150; x_wconf 89' lang='lat' dir='ltr'><strong>tenebrarum</strong></span> <span class='ocrx_word' id='word_1_162' title='bbox 2258 1110 2532 1152; x_wconf 89' lang='lat' dir='ltr'><strong>carcerem</strong></span> <span class='ocrx_word' id='word_1_163' title='bbox 2567 1095 2744 1150; x_wconf 86' lang='lat' dir='ltr'><strong>fuerat</strong></span> <span class='ocrx_word' id='word_1_164' title='bbox 2769 1095 2985 1161; x_wconf 90' lang='lat' dir='ltr'><strong>missus,</strong></span> <span class='ocrx_word' id='word_1_165' title='bbox 3025 1105 3081 1150; x_wconf 89' lang='lat' dir='ltr'><strong>et</strong></span> <span class='ocrx_word' id='word_1_166' title='bbox 3105 1095 3224 1150; x_wconf 89' lang='lat' dir='ltr'><strong>ideo</strong></span> <span class='ocrx_word' id='word_1_167' title='bbox 3270 1107 3458 1164; x_wconf 90' lang='lat' dir='ltr'><strong>pacem</strong></span> 
     </span>
    </p>
   </div>
   <div class='ocr_carea' id='block_1_25' title="bbox 1889 1185 3458 1259">
    <p class='ocr_par' dir='ltr' id='par_1_25' title="bbox 1889 1185 3458 1259">
     <span class='ocr_line' id='line_1_25' title="bbox 1889 1185 3458 1259; baseline 0.001 -19"><span class='ocrx_word' id='word_1_168' title='bbox 1889 1185 2088 1243; x_wconf 87' lang='lat' dir='ltr'><strong>habere</strong></span> <span class='ocrx_word' id='word_1_169' title='bbox 2109 1202 2214 1243; x_wconf 91' lang='lat' dir='ltr'><strong>non</strong></span> <span class='ocrx_word' id='word_1_170' title='bbox 2237 1195 2479 1259; x_wconf 90' lang='lat' dir='ltr'><strong>possunt,</strong></span> <span class='ocrx_word' id='word_1_171' title='bbox 2508 1187 2633 1259; x_wconf 85' lang='lat' dir='ltr'><strong>quia</strong></span> <span class='ocrx_word' id='word_1_172' title='bbox 2656 1187 2805 1258; x_wconf 90' lang='lat' dir='ltr'><strong>pacis</strong></span> <span class='ocrx_word' id='word_1_173' title='bbox 2831 1194 3104 1244; x_wconf 88' lang='lat' dir='ltr'><strong>auctorem</strong></span> <span class='ocrx_word' id='word_1_174' title='bbox 3134 1202 3242 1243; x_wconf 92' lang='lat' dir='ltr'><strong>non</strong></span> <span class='ocrx_word' id='word_1_175' title='bbox 3278 1185 3458 1257; x_wconf 84' lang='lat' dir='ltr'><strong>elege-</strong></span> 
     </span>
    </p>
   </div>
   <div class='ocr_carea' id='block_1_26' title="bbox 1888 1284 2033 1331">
    <p class='ocr_par' dir='ltr' id='par_1_26' title="bbox 1888 1284 2033 1331">
     <span class='ocr_line' id='line_1_26' title="bbox 1888 1284 2033 1331; baseline 0.007 -1"><span class='ocrx_word' id='word_1_176' title='bbox 1888 1284 2033 1331; x_wconf 86' lang='lat' dir='ltr'><strong>runt.</strong></span> 
     </span>
    </p>
   </div>
   <div class='ocr_carea' id='block_1_27' title="bbox 1957 1366 3456 1440">
    <p class='ocr_par' dir='ltr' id='par_1_27' title="bbox 1957 1366 3456 1440">
     <span class='ocr_line' id='line_1_27' title="bbox 1957 1366 3456 1440; baseline -0.001 -17"><span class='ocrx_word' id='word_1_177' title='bbox 1957 1367 2121 1423; x_wconf 70' lang='lat' dir='ltr'><strong>Vens.</strong></span> <span class='ocrx_word' id='word_1_178' title='bbox 2167 1366 2257 1422; x_wconf 88' lang='grc'><strong>26.</strong></span> <span class='ocrx_word' id='word_1_179' title='bbox 2307 1398 2378 1408; x_wconf 88' lang='grc'><strong>-</strong></span> <span class='ocrx_word' id='word_1_180' title='bbox 2421 1368 2883 1440; x_wconf 76' lang='grc' dir='ltr'><strong>Λρρνειιεηάεηιηε</strong></span> <span class='ocrx_word' id='word_1_181' title='bbox 2955 1367 3228 1440; x_wconf 81' lang='lat' dir='ltr'><strong>quemdam</strong></span> <span class='ocrx_word' id='word_1_182' title='bbox 3262 1408 3278 1435; x_wconf 94' lang='lat'><strong>,</strong></span> <span class='ocrx_word' id='word_1_183' title='bbox 3351 1375 3456 1424; x_wconf 88' lang='lat' dir='ltr'><strong>etc.</strong></span> 
     </span>
    </p>
   </div>
   <div class='ocr_carea' id='block_1_28' title="bbox 1884 1457 3458 1530">
    <p class='ocr_par' dir='ltr' id='par_1_28' title="bbox 1884 1457 3458 1530">
     <span class='ocr_line' id='line_1_28' title="bbox 1884 1457 3458 1530; baseline 0.001 -18"><span class='ocrx_word' id='word_1_184' title='bbox 1884 1457 2070 1514; x_wconf 87' lang='lat' dir='ltr'><strong>Primo</strong></span> <span class='ocrx_word' id='word_1_185' title='bbox 2100 1458 2360 1515; x_wconf 88' lang='lat' dir='ltr'><strong>Dominus</strong></span> <span class='ocrx_word' id='word_1_186' title='bbox 2383 1473 2603 1515; x_wconf 90' lang='lat' dir='ltr'><strong>crucem</strong></span> <span class='ocrx_word' id='word_1_187' title='bbox 2629 1459 2884 1530; x_wconf 88' lang='lat' dir='ltr'><strong>portavit,</strong></span> <span class='ocrx_word' id='word_1_188' title='bbox 2924 1458 3018 1514; x_wconf 90' lang='lat' dir='ltr'><strong>sed</strong></span> <span class='ocrx_word' id='word_1_189' title='bbox 3039 1467 3225 1529; x_wconf 87' lang='lat' dir='ltr'><strong>postea</strong></span> <span class='ocrx_word' id='word_1_190' title='bbox 3283 1457 3458 1528; x_wconf 88' lang='lat' dir='ltr'><strong>impo-</strong></span> 
     </span>
    </p>
   </div>
   <div class='ocr_carea' id='block_1_29' title="bbox 1883 1551 3456 1622">
    <p class='ocr_par' dir='ltr' id='par_1_29' title="bbox 1883 1551 3456 1622">
     <span class='ocr_line' id='line_1_29' title="bbox 1883 1551 3456 1622; baseline 0.001 -16"><span class='ocrx_word' id='word_1_191' title='bbox 1883 1553 1988 1607; x_wconf 87' lang='lat' dir='ltr'><strong>sita</strong></span> <span class='ocrx_word' id='word_1_192' title='bbox 2010 1560 2093 1607; x_wconf 90' lang='lat' dir='ltr'><strong>est</strong></span> <span class='ocrx_word' id='word_1_193' title='bbox 2119 1551 2345 1618; x_wconf 91' lang='lat' dir='ltr'><strong>Simoni,</strong></span> <span class='ocrx_word' id='word_1_194' title='bbox 2376 1567 2538 1622; x_wconf 92' lang='lat' dir='ltr'><strong>quem</strong></span> <span class='ocrx_word' id='word_1_195' title='bbox 2585 1560 2844 1608; x_wconf 83' lang='lat' dir='ltr'><strong>exeuntes</strong></span> <span class='ocrx_word' id='word_1_196' title='bbox 2885 1552 3102 1608; x_wconf 89' lang='lat' dir='ltr'><strong>obviam</strong></span> <span class='ocrx_word' id='word_1_197' title='bbox 3128 1552 3456 1617; x_wconf 88' lang='lat' dir='ltr'><strong>habuerunt,</strong></span> 
     </span>
    </p>
   </div>
   <div class='ocr_carea' id='block_1_30' title="bbox 1881 1641 3454 1714">
    <p class='ocr_par' dir='ltr' id='par_1_30' title="bbox 1881 1641 3454 1714">
     <span class='ocr_line' id='line_1_30' title="bbox 1881 1641 3454 1714; baseline -0.003 -15"><span class='ocrx_word' id='word_1_198' title='bbox 1881 1644 2062 1699; x_wconf 91' lang='lat' dir='ltr'><strong>ethoc</strong></span> <span class='ocrx_word' id='word_1_199' title='bbox 2085 1657 2354 1714; x_wconf 89' lang='lat' dir='ltr'><strong>congrue:</strong></span> <span class='ocrx_word' id='word_1_200' title='bbox 2380 1641 2617 1698; x_wconf 76' lang='lat' dir='ltr'><strong>Christus</strong></span> <span class='ocrx_word' id='word_1_201' title='bbox 2647 1644 2782 1698; x_wconf 87' lang='lat' dir='ltr'><strong>enim</strong></span> <span class='ocrx_word' id='word_1_202' title='bbox 2811 1659 2995 1713; x_wconf 73' lang='lat' dir='ltr'><strong>passus</strong></span> <span class='ocrx_word' id='word_1_203' title='bbox 3017 1650 3090 1697; x_wconf 79' lang='lat' dir='ltr'><strong>est</strong></span> <span class='ocrx_word' id='word_1_204' title='bbox 3107 1658 3200 1713; x_wconf 82' lang='lat' dir='ltr'><strong>pro</strong></span> <span class='ocrx_word' id='word_1_205' title='bbox 3223 1641 3369 1696; x_wconf 81' lang='lat' dir='ltr'><strong>nobis</strong></span> <span class='ocrx_word' id='word_1_206' title='bbox 3399 1650 3454 1695; x_wconf 89' lang='lat' dir='ltr'><strong>ut</strong></span> 
     </span>
    </p>
   </div>
   <div class='ocr_carea' id='block_1_31' title="bbox 1879 1734 3461 1810">
    <p class='ocr_par' dir='ltr' id='par_1_31' title="bbox 1879 1734 3461 1810">
     <span class='ocr_line' id='line_1_31' title="bbox 1879 1734 3461 1810; baseline 0.001 -21"><span class='ocrx_word' id='word_1_207' title='bbox 1879 1736 2166 1806; x_wconf 83' lang='lat' dir='ltr'><strong>sequamini</strong></span> <span class='ocrx_word' id='word_1_208' title='bbox 2193 1737 2405 1807; x_wconf 73' lang='lat' dir='ltr'><strong>vestigia</strong></span> <span class='ocrx_word' id='word_1_209' title='bbox 2425 1737 2538 1807; x_wconf 84' lang='lat' dir='ltr'><strong>ejus</strong></span> <span class='ocrx_word' id='word_1_210' title='bbox 2563 1736 2614 1809; x_wconf 92' lang='lat' dir='ltr'><strong>(I</strong></span> <span class='ocrx_word' id='word_1_211' title='bbox 2637 1737 2780 1792; x_wconf 88' lang='lat' dir='ltr'><strong>Petr.</strong></span> <span class='ocrx_word' id='word_1_212' title='bbox 2813 1739 2898 1810; x_wconf 83' lang='lat' dir='ltr'><strong>rt).</strong></span> <span class='ocrx_word' id='word_1_213' title='bbox 2926 1738 3027 1805; x_wconf 88' lang='lat' dir='ltr'><strong>Qui</strong></span> <span class='ocrx_word' id='word_1_214' title='bbox 3052 1753 3180 1794; x_wconf 85' lang='lat' dir='ltr'><strong>vero</strong></span> <span class='ocrx_word' id='word_1_215' title='bbox 3205 1752 3328 1792; x_wconf 90' lang='lat' dir='ltr'><strong>eum</strong></span> <span class='ocrx_word' id='word_1_216' title='bbox 3348 1734 3461 1791; x_wconf 85' lang='lat' dir='ltr'><strong>vult</strong></span> 
     </span>
    </p>
   </div>
   <div class='ocr_carea' id='block_1_32' title="bbox 1881 1825 3459 1898">
    <p class='ocr_par' dir='ltr' id='par_1_32' title="bbox 1881 1825 3459 1898">
     <span class='ocr_line' id='line_1_32' title="bbox 1881 1825 3459 1898; baseline 0.001 -18"><span class='ocrx_word' id='word_1_217' title='bbox 1881 1825 2051 1895; x_wconf 88' lang='lat' dir='ltr'><strong>sequi,</strong></span> <span class='ocrx_word' id='word_1_218' title='bbox 2074 1825 2220 1881; x_wconf 89' lang='lat' dir='ltr'><strong>tollat</strong></span> <span class='ocrx_word' id='word_1_219' title='bbox 2231 1842 2447 1882; x_wconf 90' lang='lat' dir='ltr'><strong>crucem</strong></span> <span class='ocrx_word' id='word_1_220' title='bbox 2463 1841 2614 1882; x_wconf 90' lang='lat' dir='ltr'><strong>suam</strong></span> <span class='ocrx_word' id='word_1_221' title='bbox 2629 1835 2684 1882; x_wconf 92' lang='lat' dir='ltr'><strong>et</strong></span> <span class='ocrx_word' id='word_1_222' title='bbox 2700 1829 3116 1898; x_wconf 87' lang='lat' dir='ltr'><strong>sequatur.Quia</strong></span> <span class='ocrx_word' id='word_1_223' title='bbox 3128 1842 3256 1884; x_wconf 89' lang='lat' dir='ltr'><strong>vero</strong></span> <span class='ocrx_word' id='word_1_224' title='bbox 3271 1826 3459 1897; x_wconf 77' lang='lat' dir='ltr'><strong>Simon</strong></span> 
     </span>
    </p>
   </div>
   <div class='ocr_carea' id='block_1_33' title="bbox 211 1899 3460 1992">
    <p class='ocr_par' dir='ltr' id='par_1_33' title="bbox 211 1899 3460 1992">
     <span class='ocr_line' id='line_1_33' title="bbox 211 1899 3460 1992; baseline 0.005 -33"><span class='ocrx_word' id='word_1_225' title='bbox 211 1917 356 1972; x_wconf 87' lang='lat' dir='ltr'><strong>nore,</strong></span> <span class='ocrx_word' id='word_1_226' title='bbox 383 1905 562 1976; x_wconf 89' lang='lat' dir='ltr'><strong>plebis</strong></span> <span class='ocrx_word' id='word_1_227' title='bbox 582 1910 905 1966; x_wconf 87' lang='lat' dir='ltr'><strong>sententiam</strong></span> <span class='ocrx_word' id='word_1_228' title='bbox 933 1914 1148 1984; x_wconf 69' lang='lat' dir='ltr'><strong>quaerit,</strong></span> <span class='ocrx_word' id='word_1_229' title='bbox 1178 1915 1264 1970; x_wconf 92' lang='lat' dir='ltr'><strong>cui</strong></span> <span class='ocrx_word' id='word_1_230' title='bbox 1286 1930 1452 1970; x_wconf 90' lang='lat' dir='ltr'><strong>unum</strong></span> <span class='ocrx_word' id='word_1_231' title='bbox 1474 1915 1528 1969; x_wconf 94' lang='lat' dir='ltr'><strong>in</strong></span> <span class='ocrx_word' id='word_1_232' title='bbox 1573 1914 1781 1970; x_wconf 91' lang='lat' dir='ltr'><strong>Pascha</strong></span> <span class='ocrx_word' id='word_1_233' title='bbox 1809 1899 1857 1959; x_wconf 83' lang='grc' dir='ltr'>Β</span> <span class='ocrx_word' id='word_1_234' title='bbox 1884 1932 1990 1972; x_wconf 89' lang='lat' dir='ltr'><strong>non</strong></span> <span class='ocrx_word' id='word_1_235' title='bbox 2019 1916 2280 1984; x_wconf 88' lang='lat' dir='ltr'><strong>Israelita,</strong></span> <span class='ocrx_word' id='word_1_236' title='bbox 2312 1918 2405 1974; x_wconf 90' lang='lat' dir='ltr'><strong>sed</strong></span> <span class='ocrx_word' id='word_1_237' title='bbox 2429 1917 2718 1990; x_wconf 61' lang='lat' dir='ltr'><strong>Cyrenaeus</strong></span> <span class='ocrx_word' id='word_1_238' title='bbox 2752 1929 2893 1988; x_wconf 88' lang='lat' dir='ltr'><strong>erat,</strong></span> <span class='ocrx_word' id='word_1_239' title='bbox 2921 1933 3020 1992; x_wconf 90' lang='lat' dir='ltr'><strong>per</strong></span> <span class='ocrx_word' id='word_1_240' title='bbox 3059 1917 3181 1976; x_wconf 89' lang='lat' dir='ltr'><strong>eum</strong></span> <span class='ocrx_word' id='word_1_241' title='bbox 3221 1919 3460 1976; x_wconf 87' lang='lat' dir='ltr'><strong>Gentiles</strong></span> 
     </span>
    </p>
   </div>
   <div class='ocr_carea' id='block_1_34' title="bbox 210 1996 1781 2072">
    <p class='ocr_par' dir='ltr' id='par_1_34' title="bbox 210 1996 1781 2072">
     <span class='ocr_line' id='line_1_34' title="bbox 210 1996 1781 2072; baseline 0.008 -24"><span class='ocrx_word' id='word_1_242' title='bbox 210 1996 646 2064; x_wconf 90' lang='lat' dir='ltr'><strong>oportetdimitti.</strong></span> <span class='ocrx_word' id='word_1_243' title='bbox 667 1998 868 2056; x_wconf 90' lang='lat' dir='ltr'><strong>lterum</strong></span> <span class='ocrx_word' id='word_1_244' title='bbox 899 2002 1064 2058; x_wconf 89' lang='lat' dir='ltr'><strong>etiam</strong></span> <span class='ocrx_word' id='word_1_245' title='bbox 1089 2005 1248 2060; x_wconf 87' lang='lat' dir='ltr'><strong>tertio</strong></span> <span class='ocrx_word' id='word_1_246' title='bbox 1267 2005 1457 2060; x_wconf 89' lang='lat' dir='ltr'><strong>volens</strong></span> <span class='ocrx_word' id='word_1_247' title='bbox 1485 2005 1781 2072; x_wconf 89' lang='lat' dir='ltr'><strong>dimittere,</strong></span> 
     </span>
    </p>
   </div>
   <div class='ocr_carea' id='block_1_35' title="bbox 209 2085 1779 2166">
    <p class='ocr_par' dir='ltr' id='par_1_35' title="bbox 209 2085 1779 2166">
     <span class='ocr_line' id='line_1_35' title="bbox 209 2085 1779 2166; baseline 0.006 -26"><span class='ocrx_word' id='word_1_248' title='bbox 209 2085 518 2159; x_wconf 89' lang='lat' dir='ltr'><strong>interrogat.</strong></span> <span class='ocrx_word' id='word_1_249' title='bbox 557 2087 664 2145; x_wconf 89' lang='lat' dir='ltr'><strong>Sed</strong></span> <span class='ocrx_word' id='word_1_250' title='bbox 701 2098 905 2161; x_wconf 89' lang='lat' dir='ltr'><strong>quanto</strong></span> <span class='ocrx_word' id='word_1_251' title='bbox 951 2094 1220 2150; x_wconf 85' lang='lat' dir='ltr'><strong>curiosius</strong></span> <span class='ocrx_word' id='word_1_252' title='bbox 1254 2093 1529 2151; x_wconf 90' lang='lat' dir='ltr'><strong>dimittere</strong></span> <span class='ocrx_word' id='word_1_253' title='bbox 1569 2095 1779 2166; x_wconf 68' lang='lat' dir='ltr'><strong>quaerit,</strong></span> 
     </span>
    </p>
   </div>
   <div class='ocr_carea' id='block_1_36' title="bbox 208 2179 1534 2258">
    <p class='ocr_par' dir='ltr' id='par_1_36' title="bbox 208 2179 1534 2258">
     <span class='ocr_line' id='line_1_36' title="bbox 208 2179 1534 2258; baseline 0.007 -25"><span class='ocrx_word' id='word_1_254' title='bbox 208 2184 348 2234; x_wconf 86' lang='lat' dir='ltr'><strong>tanto</strong></span> <span class='ocrx_word' id='word_1_255' title='bbox 375 2179 790 2238; x_wconf 90' lang='lat' dir='ltr'><strong>criminosiores</strong></span> <span class='ocrx_word' id='word_1_256' title='bbox 817 2184 887 2239; x_wconf 90' lang='lat' dir='ltr'><strong>ad</strong></span> <span class='ocrx_word' id='word_1_257' title='bbox 912 2194 1140 2240; x_wconf 89' lang='lat' dir='ltr'><strong>mortem</strong></span> <span class='ocrx_word' id='word_1_258' title='bbox 1169 2187 1285 2258; x_wconf 89' lang='lat' dir='ltr'><strong>ejus</strong></span> <span class='ocrx_word' id='word_1_259' title='bbox 1306 2187 1534 2242; x_wconf 91' lang='lat' dir='ltr'><strong>invenit.</strong></span> 
     </span>
    </p>
   </div>
   <div class='ocr_carea' id='block_1_37' title="bbox 271 2269 1780 2351">
    <p class='ocr_par' dir='ltr' id='par_1_37' title="bbox 271 2269 1780 2351">
     <span class='ocr_line' id='line_1_37' title="bbox 271 2269 1780 2351; baseline 0.007 -27"><span class='ocrx_word' id='word_1_260' title='bbox 271 2269 428 2326; x_wconf 68' lang='lat' dir='ltr'><strong>Vens.</strong></span> <span class='ocrx_word' id='word_1_261' title='bbox 455 2272 550 2351; x_wconf 81' lang='grc'><strong>15.</strong></span> <span class='ocrx_word' id='word_1_262' title='bbox 571 2303 643 2316; x_wconf 90' lang='grc'><strong>-</strong></span> <span class='ocrx_word' id='word_1_263' title='bbox 659 2272 762 2329; x_wconf 88' lang='lat' dir='ltr'><strong>Sed</strong></span> <span class='ocrx_word' id='word_1_264' title='bbox 781 2291 943 2347; x_wconf 84' lang='lat' dir='ltr'><strong>neque</strong></span> <span class='ocrx_word' id='word_1_265' title='bbox 966 2275 1222 2345; x_wconf 74' lang='lat' dir='ltr'><strong>Herodes.</strong></span> <span class='ocrx_word' id='word_1_266' title='bbox 1244 2278 1327 2334; x_wconf 87' lang='lat' dir='ltr'><strong>Ad</strong></span> <span class='ocrx_word' id='word_1_267' title='bbox 1353 2279 1780 2349; x_wconf 82' lang='lat' dir='ltr'><strong>exprobrandam</strong></span> 
     </span>
    </p>
   </div>
   <div class='ocr_carea' id='block_1_38' title="bbox 207 2358 1779 2440">
    <p class='ocr_par' dir='ltr' id='par_1_38' title="bbox 207 2358 1779 2440">
     <span class='ocr_line' id='line_1_38' title="bbox 207 2358 1779 2440; baseline 0.01 -26"><span class='ocrx_word' id='word_1_268' title='bbox 207 2358 448 2418; x_wconf 88' lang='lat' dir='ltr'><strong>duritiam</strong></span> <span class='ocrx_word' id='word_1_269' title='bbox 475 2363 785 2423; x_wconf 69' lang='lat' dir='ltr'><strong>Iudaeorum</strong></span> <span class='ocrx_word' id='word_1_270' title='bbox 829 2368 915 2424; x_wconf 89' lang='lat' dir='ltr'><strong>vel</strong></span> <span class='ocrx_word' id='word_1_271' title='bbox 965 2368 1258 2426; x_wconf 87' lang='lat' dir='ltr'><strong>Gentilium</strong></span> <span class='ocrx_word' id='word_1_272' title='bbox 1303 2370 1503 2428; x_wconf 84' lang='lat' dir='ltr'><strong>fatetur</strong></span> <span class='ocrx_word' id='word_1_273' title='bbox 1553 2371 1779 2440; x_wconf 86' lang='lat' dir='ltr'><strong>Pilatus,</strong></span> 
     </span>
    </p>
   </div>
   <div class='ocr_carea' id='block_1_39' title="bbox 212 2457 1782 2532">
    <p class='ocr_par' dir='ltr' id='par_1_39' title="bbox 212 2457 1782 2532">
     <span class='ocr_line' id='line_1_39' title="bbox 212 2457 1782 2532; baseline 0.009 -24"><span class='ocrx_word' id='word_1_274' title='bbox 212 2467 306 2509; x_wconf 90' lang='lat' dir='ltr'><strong>nec</strong></span> <span class='ocrx_word' id='word_1_275' title='bbox 331 2471 408 2523; x_wconf 91' lang='lat' dir='ltr'><strong>se,</strong></span> <span class='ocrx_word' id='word_1_276' title='bbox 427 2473 534 2514; x_wconf 90' lang='lat' dir='ltr'><strong>nec</strong></span> <span class='ocrx_word' id='word_1_277' title='bbox 557 2457 827 2516; x_wconf 83' lang='lat' dir='ltr'><strong>Herodem</strong></span> <span class='ocrx_word' id='word_1_278' title='bbox 849 2461 1049 2532; x_wconf 87' lang='lat' dir='ltr'><strong>aliquid</strong></span> <span class='ocrx_word' id='word_1_279' title='bbox 1074 2464 1128 2518; x_wconf 91' lang='lat' dir='ltr'><strong>in</strong></span> <span class='ocrx_word' id='word_1_280' title='bbox 1158 2465 1455 2522; x_wconf 89' lang='lat' dir='ltr'><strong>occidendo</strong></span> <span class='ocrx_word' id='word_1_281' title='bbox 1480 2465 1698 2522; x_wconf 88' lang='lat' dir='ltr'><strong>Christo</strong></span> <span class='ocrx_word' id='word_1_282' title='bbox 1726 2477 1782 2522; x_wconf 89' lang='lat' dir='ltr'><strong>et</strong></span> 
     </span>
    </p>
   </div>
   <div class='ocr_carea' id='block_1_40' title="bbox 208 2543 1780 2623">
    <p class='ocr_par' dir='ltr' id='par_1_40' title="bbox 208 2543 1780 2623">
     <span class='ocr_line' id='line_1_40' title="bbox 208 2543 1780 2623; baseline 0.011 -24"><span class='ocrx_word' id='word_1_283' title='bbox 208 2543 476 2607; x_wconf 90' lang='lat' dir='ltr'><strong>illudendo</strong></span> <span class='ocrx_word' id='word_1_284' title='bbox 506 2551 803 2623; x_wconf 87' lang='lat' dir='ltr'><strong>invenisse,</strong></span> <span class='ocrx_word' id='word_1_285' title='bbox 832 2556 930 2612; x_wconf 86' lang='lat' dir='ltr'><strong>sed</strong></span> <span class='ocrx_word' id='word_1_286' title='bbox 955 2556 1146 2613; x_wconf 65' lang='lat' dir='ltr'><strong>alienae</strong></span> <span class='ocrx_word' id='word_1_287' title='bbox 1165 2557 1500 2615; x_wconf 88' lang='lat' dir='ltr'><strong>crudelitatis</strong></span> <span class='ocrx_word' id='word_1_288' title='bbox 1528 2559 1780 2616; x_wconf 86' lang='lat' dir='ltr'><strong>clamori-</strong></span> 
     </span>
    </p>
   </div>
   <div class='ocr_carea' id='block_1_41' title="bbox 203 2634 772 2713">
    <p class='ocr_par' dir='ltr' id='par_1_41' title="bbox 203 2634 772 2713">
     <span class='ocr_line' id='line_1_41' title="bbox 203 2634 772 2713; baseline 0.014 -22"><span class='ocrx_word' id='word_1_289' title='bbox 203 2634 297 2694; x_wconf 88' lang='lat' dir='ltr'><strong>bus</strong></span> <span class='ocrx_word' id='word_1_290' title='bbox 343 2639 772 2713; x_wconf 88' lang='lat' dir='ltr'><strong>obtemperasse.</strong></span> 
     </span>
    </p>
   </div>
   <div class='ocr_carea' id='block_1_42' title="bbox 269 2731 1780 2822">
    <p class='ocr_par' dir='ltr' id='par_1_42' title="bbox 269 2731 1780 2822">
     <span class='ocr_line' id='line_1_42' title="bbox 269 2731 1780 2822; baseline 0.008 -35"><span class='ocrx_word' id='word_1_291' title='bbox 269 2731 433 2791; x_wconf 76' lang='lat' dir='ltr'><strong>Vsns.</strong></span> <span class='ocrx_word' id='word_1_292' title='bbox 469 2736 558 2793; x_wconf 83' lang='grc'><strong>16.</strong></span> <span class='ocrx_word' id='word_1_293' title='bbox 579 2768 651 2780; x_wconf 89' lang='lat'><strong>--</strong></span> <span class='ocrx_word' id='word_1_294' title='bbox 675 2736 1033 2796; x_wconf 83' lang='lat' dir='ltr'><strong>Emendatum</strong></span> <span class='ocrx_word' id='word_1_295' title='bbox 1071 2759 1221 2814; x_wconf 86' lang='lat' dir='ltr'><strong>ergo,</strong></span> <span class='ocrx_word' id='word_1_296' title='bbox 1245 2753 1352 2800; x_wconf 90' lang='lat' dir='ltr'><strong>etc.</strong></span> <span class='ocrx_word' id='word_1_297' title='bbox 1375 2743 1578 2822; x_wconf 84' lang='lat' dir='ltr'><strong>Pilatus</strong></span> <span class='ocrx_word' id='word_1_298' title='bbox 1605 2744 1780 2801; x_wconf 85' lang='lat' dir='ltr'><strong>absol-</strong></span> 
     </span>
    </p>
   </div>
   <div class='ocr_carea' id='block_1_43' title="bbox 201 2821 1775 2906">
    <p class='ocr_par' dir='ltr' id='par_1_43' title="bbox 201 2821 1775 2906">
     <span class='ocr_line' id='line_1_43' title="bbox 201 2821 1775 2906; baseline 0.01 -29"><span class='ocrx_word' id='word_1_299' title='bbox 201 2821 272 2878; x_wconf 88' lang='lat' dir='ltr'><strong>vit</strong></span> <span class='ocrx_word' id='word_1_300' title='bbox 291 2823 478 2884; x_wconf 88' lang='lat' dir='ltr'><strong>Jesum</strong></span> <span class='ocrx_word' id='word_1_301' title='bbox 511 2844 671 2900; x_wconf 89' lang='lat' dir='ltr'><strong>quem</strong></span> <span class='ocrx_word' id='word_1_302' title='bbox 708 2831 903 2902; x_wconf 87' lang='lat' dir='ltr'><strong>probat</strong></span> <span class='ocrx_word' id='word_1_303' title='bbox 927 2833 1215 2901; x_wconf 85' lang='lat' dir='ltr'><strong>insontem,</strong></span> <span class='ocrx_word' id='word_1_304' title='bbox 1243 2836 1337 2892; x_wconf 91' lang='lat' dir='ltr'><strong>sed</strong></span> <span class='ocrx_word' id='word_1_305' title='bbox 1368 2845 1430 2893; x_wconf 92' lang='lat' dir='ltr'><strong>ut</strong></span> <span class='ocrx_word' id='word_1_306' title='bbox 1478 2821 1775 2906; x_wconf 90' lang='lat' dir='ltr'><strong>impleren-</strong></span> 
     </span>
    </p>
   </div>
   <div class='ocr_carea' id='block_1_44' title="bbox 200 2913 1779 2999">
    <p class='ocr_par' dir='ltr' id='par_1_44' title="bbox 200 2913 1779 2999">
     <span class='ocr_line' id='line_1_44' title="bbox 200 2913 1779 2999; baseline 0.011 -32"><span class='ocrx_word' id='word_1_307' title='bbox 200 2920 281 2969; x_wconf 91' lang='lat' dir='ltr'><strong>tur</strong></span> <span class='ocrx_word' id='word_1_308' title='bbox 307 2913 623 2989; x_wconf 71' lang='lat' dir='ltr'><strong>Scriptum,</strong></span> <span class='ocrx_word' id='word_1_309' title='bbox 656 2921 887 2979; x_wconf 86' lang='lat' dir='ltr'><strong>absolvit</strong></span> <span class='ocrx_word' id='word_1_310' title='bbox 938 2926 1155 2997; x_wconf 88' lang='lat' dir='ltr'><strong>quidem</strong></span> <span class='ocrx_word' id='word_1_311' title='bbox 1194 2925 1421 2996; x_wconf 86' lang='lat' dir='ltr'><strong>judicio,</strong></span> <span class='ocrx_word' id='word_1_312' title='bbox 1483 2943 1644 2999; x_wconf 86' lang='lat' dir='ltr'><strong>quem</strong></span> <span class='ocrx_word' id='word_1_313' title='bbox 1701 2937 1779 2986; x_wconf 88' lang='lat' dir='ltr'><strong>ta-</strong></span> 
     </span>
    </p>
   </div>
   <div class='ocr_carea' id='block_1_45' title="bbox 198 3010 1477 3090">
    <p class='ocr_par' dir='ltr' id='par_1_45' title="bbox 198 3010 1477 3090">
     <span class='ocr_line' id='line_1_45' title="bbox 198 3010 1477 3090; baseline 0.015 -31"><span class='ocrx_word' id='word_1_314' title='bbox 198 3018 315 3062; x_wconf 72' lang='lat' dir='ltr'><strong>men</strong></span> <span class='ocrx_word' id='word_1_315' title='bbox 341 3010 616 3083; x_wconf 87' lang='lat' dir='ltr'><strong>cruciﬁgit</strong></span> <span class='ocrx_word' id='word_1_316' title='bbox 642 3015 927 3084; x_wconf 88' lang='lat' dir='ltr'><strong>mysterio.</strong></span> <span class='ocrx_word' id='word_1_317' title='bbox 1293 3087 1296 3090; x_wconf 35' lang='grc'>,</span> <span class='ocrx_word' id='word_1_318' title='bbox 1473 3039 1477 3043; x_wconf 82' lang='lat'><strong><em>&#39;</em></strong></span> 
     </span>
    </p>
   </div>
   <div class='ocr_carea' id='block_1_46' title="bbox 260 3101 1778 3184">
    <p class='ocr_par' dir='ltr' id='par_1_46' title="bbox 260 3101 1778 3184">
     <span class='ocr_line' id='line_1_46' title="bbox 260 3101 1778 3184; baseline 0.012 -32"><span class='ocrx_word' id='word_1_319' title='bbox 260 3101 427 3159; x_wconf 72' lang='lat' dir='ltr'><strong>Vnus.</strong></span> <span class='ocrx_word' id='word_1_320' title='bbox 462 3103 549 3160; x_wconf 90' lang='grc'><strong>18.</strong></span> <span class='ocrx_word' id='word_1_321' title='bbox 581 3136 650 3145; x_wconf 92' lang='grc'><strong><em>-</em></strong></span> <span class='ocrx_word' id='word_1_322' title='bbox 671 3104 815 3162; x_wconf 85' lang='lat' dir='ltr'><strong>Tolle</strong></span> <span class='ocrx_word' id='word_1_323' title='bbox 841 3109 1002 3175; x_wconf 80' lang='lat' dir='ltr'><strong>hunc,</strong></span> <span class='ocrx_word' id='word_1_324' title='bbox 1033 3117 1139 3165; x_wconf 85' lang='lat' dir='ltr'><strong>etc.</strong></span> <span class='ocrx_word' id='word_1_325' title='bbox 1171 3111 1309 3179; x_wconf 92' lang='lat' dir='ltr'><strong>Quia</strong></span> <span class='ocrx_word' id='word_1_326' title='bbox 1337 3129 1437 3184; x_wconf 88' lang='lat' dir='ltr'><strong>pro</strong></span> <span class='ocrx_word' id='word_1_327' title='bbox 1466 3113 1591 3169; x_wconf 82' lang='lat' dir='ltr'><strong>Jesu</strong></span> <span class='ocrx_word' id='word_1_328' title='bbox 1614 3114 1778 3170; x_wconf 89' lang='lat' dir='ltr'><strong>latro—</strong></span> 
     </span>
    </p>
   </div>
   <div class='ocr_carea' id='block_1_47' title="bbox 1882 2009 3457 2083">
    <p class='ocr_par' dir='ltr' id='par_1_47' title="bbox 1882 2009 3457 2083">
     <span class='ocr_line' id='line_1_47' title="bbox 1882 2009 3457 2083; baseline 0 -18"><span class='ocrx_word' id='word_1_329' title='bbox 1882 2009 2249 2080; x_wconf 89' lang='lat' dir='ltr'><strong>designantur,</strong></span> <span class='ocrx_word' id='word_1_330' title='bbox 2281 2011 2433 2080; x_wconf 88' lang='lat' dir='ltr'><strong>prius</strong></span> <span class='ocrx_word' id='word_1_331' title='bbox 2459 2013 2731 2083; x_wconf 90' lang='lat' dir='ltr'><strong>peregrini</strong></span> <span class='ocrx_word' id='word_1_332' title='bbox 2769 2021 2824 2069; x_wconf 89' lang='lat' dir='ltr'><strong>et</strong></span> <span class='ocrx_word' id='word_1_333' title='bbox 2871 2013 3112 2083; x_wconf 89' lang='lat' dir='ltr'><strong>hospites</strong></span> <span class='ocrx_word' id='word_1_334' title='bbox 3162 2021 3457 2068; x_wconf 88' lang='lat' dir='ltr'><strong>testamen-</strong></span> 
     </span>
    </p>
   </div>
   <div class='ocr_carea' id='block_1_48' title="bbox 1881 2102 3459 2167">
    <p class='ocr_par' dir='ltr' id='par_1_48' title="bbox 1881 2102 3459 2167">
     <span class='ocr_line' id='line_1_48' title="bbox 1881 2102 3459 2167; baseline 0.001 -13"><span class='ocrx_word' id='word_1_335' title='bbox 1881 2108 2080 2167; x_wconf 89' lang='lat' dir='ltr'><strong>torum,</strong></span> <span class='ocrx_word' id='word_1_336' title='bbox 2113 2102 2208 2156; x_wconf 91' lang='lat' dir='ltr'><strong>sed</strong></span> <span class='ocrx_word' id='word_1_337' title='bbox 2236 2117 2380 2158; x_wconf 92' lang='lat' dir='ltr'><strong>nunc</strong></span> <span class='ocrx_word' id='word_1_338' title='bbox 2405 2103 2459 2157; x_wconf 93' lang='lat' dir='ltr'><strong>in</strong></span> <span class='ocrx_word' id='word_1_339' title='bbox 2493 2102 2597 2158; x_wconf 90' lang='lat' dir='ltr'><strong>ﬁde</strong></span> <span class='ocrx_word' id='word_1_340' title='bbox 2645 2104 2790 2160; x_wconf 89' lang='lat' dir='ltr'><strong>cives</strong></span> <span class='ocrx_word' id='word_1_341' title='bbox 2833 2112 2888 2159; x_wconf 90' lang='lat' dir='ltr'><strong>et</strong></span> <span class='ocrx_word' id='word_1_342' title='bbox 2935 2103 3216 2160; x_wconf 90' lang='lat' dir='ltr'><strong>domestici</strong></span> <span class='ocrx_word' id='word_1_343' title='bbox 3261 2103 3359 2158; x_wconf 88' lang='lat' dir='ltr'><strong>Dei</strong></span> <span class='ocrx_word' id='word_1_344' title='bbox 3403 2113 3459 2156; x_wconf 90' lang='lat' dir='ltr'><strong>et</strong></span> 
     </span>
    </p>
   </div>
   <div class='ocr_carea' id='block_1_49' title="bbox 1878 2192 3458 2264">
    <p class='ocr_par' dir='ltr' id='par_1_49' title="bbox 1878 2192 3458 2264">
     <span class='ocr_line' id='line_1_49' title="bbox 1878 2192 3458 2264; baseline -0.001 -16"><span class='ocrx_word' id='word_1_345' title='bbox 1878 2192 2189 2248; x_wconf 80' lang='lat' dir='ltr'><strong>cohaeredes</strong></span> <span class='ocrx_word' id='word_1_346' title='bbox 2219 2193 2441 2259; x_wconf 89' lang='lat' dir='ltr'><strong>Christi,</strong></span> <span class='ocrx_word' id='word_1_347' title='bbox 2473 2195 2616 2248; x_wconf 91' lang='lat' dir='ltr'><strong>unde</strong></span> <span class='ocrx_word' id='word_1_348' title='bbox 2650 2193 2838 2248; x_wconf 88' lang='lat' dir='ltr'><strong>Simon</strong></span> <span class='ocrx_word' id='word_1_349' title='bbox 2880 2193 3138 2248; x_wconf 90' lang='lat' dir='ltr'><strong>obediens</strong></span> <span class='ocrx_word' id='word_1_350' title='bbox 3200 2192 3458 2264; x_wconf 68' lang='lat' dir='ltr'><strong>Cyrenen:</strong></span> 
     </span>
    </p>
   </div>
   <div class='ocr_carea' id='block_1_50' title="bbox 1879 2282 3458 2360">
    <p class='ocr_par' dir='ltr' id='par_1_50' title="bbox 1879 2282 3458 2360">
     <span class='ocr_line' id='line_1_50' title="bbox 1879 2282 3458 2360; baseline -0.001 -21"><span class='ocrx_word' id='word_1_351' title='bbox 1879 2283 2052 2339; x_wconf 75' lang='lat' dir='ltr'><strong>haeres</strong></span> <span class='ocrx_word' id='word_1_352' title='bbox 2079 2285 2485 2354; x_wconf 87' lang='lat' dir='ltr'><strong>interpretatur.</strong></span> <span class='ocrx_word' id='word_1_353' title='bbox 2527 2284 2634 2340; x_wconf 89' lang='lat' dir='ltr'><strong>Sed</strong></span> <span class='ocrx_word' id='word_1_354' title='bbox 2668 2282 2856 2340; x_wconf 91' lang='lat' dir='ltr'><strong>Simon</strong></span> <span class='ocrx_word' id='word_1_355' title='bbox 2903 2284 3054 2340; x_wconf 89' lang='lat' dir='ltr'><strong>venit</strong></span> <span class='ocrx_word' id='word_1_356' title='bbox 3097 2284 3169 2360; x_wconf 1' lang='lat' dir='ltr'><strong>de,</strong></span> <span class='ocrx_word' id='word_1_357' title='bbox 3190 2284 3338 2346; x_wconf 90' lang='lat' dir='ltr'><strong>villa,</strong></span> <span class='ocrx_word' id='word_1_358' title='bbox 3404 2282 3458 2337; x_wconf 90' lang='lat' dir='ltr'><strong>id</strong></span> 
     </span>
    </p>
   </div>
   <div class='ocr_carea' id='block_1_51' title="bbox 1879 2373 3457 2448">
    <p class='ocr_par' dir='ltr' id='par_1_51' title="bbox 1879 2373 3457 2448">
     <span class='ocr_line' id='line_1_51' title="bbox 1879 2373 3457 2448; baseline -0.001 -18"><span class='ocrx_word' id='word_1_359' title='bbox 1879 2383 1963 2430; x_wconf 89' lang='lat' dir='ltr'><strong>est</strong></span> <span class='ocrx_word' id='word_1_360' title='bbox 2000 2375 2064 2430; x_wconf 86' lang='lat' dir='ltr'><strong>de</strong></span> <span class='ocrx_word' id='word_1_361' title='bbox 2093 2391 2230 2446; x_wconf 83' lang='lat' dir='ltr'><strong>pago</strong></span> <span class='ocrx_word' id='word_1_362' title='bbox 2249 2416 2263 2440; x_wconf 91' lang='lat'><strong>,</strong></span> <span class='ocrx_word' id='word_1_363' title='bbox 2291 2391 2322 2430; x_wconf 88' lang='lat' dir='ltr'><strong>a</strong></span> <span class='ocrx_word' id='word_1_364' title='bbox 2351 2392 2457 2446; x_wconf 92' lang='lat' dir='ltr'><strong>quo</strong></span> <span class='ocrx_word' id='word_1_365' title='bbox 2487 2377 2713 2448; x_wconf 86' lang='lat' dir='ltr'><strong>pagani,</strong></span> <span class='ocrx_word' id='word_1_366' title='bbox 2753 2376 2845 2446; x_wconf 88' lang='lat' dir='ltr'><strong>qui</strong></span> <span class='ocrx_word' id='word_1_367' title='bbox 2877 2392 2907 2431; x_wconf 91' lang='lat' dir='ltr'><strong>a</strong></span> <span class='ocrx_word' id='word_1_368' title='bbox 2937 2376 3156 2431; x_wconf 89' lang='lat' dir='ltr'><strong>civitate</strong></span> <span class='ocrx_word' id='word_1_369' title='bbox 3176 2374 3271 2430; x_wconf 89' lang='lat' dir='ltr'><strong>Dei</strong></span> <span class='ocrx_word' id='word_1_370' title='bbox 3296 2373 3457 2431; x_wconf 89' lang='lat' dir='ltr'><strong>alieni</strong></span> 
     </span>
    </p>
   </div>
   <div class='ocr_carea' id='block_1_52' title="bbox 1879 2465 3458 2538">
    <p class='ocr_par' dir='ltr' id='par_1_52' title="bbox 1879 2465 3458 2538">
     <span class='ocr_line' id='line_1_52' title="bbox 1879 2465 3458 2538; baseline -0.003 -16"><span class='ocrx_word' id='word_1_371' title='bbox 1879 2467 2100 2522; x_wconf 63' lang='lat' dir='ltr'><strong>urbana:</strong></span> <span class='ocrx_word' id='word_1_372' title='bbox 2121 2477 2249 2522; x_wconf 91' lang='lat' dir='ltr'><strong>sunt</strong></span> <span class='ocrx_word' id='word_1_373' title='bbox 2274 2468 2698 2523; x_wconf 87' lang='lat' dir='ltr'><strong>conversationis</strong></span> <span class='ocrx_word' id='word_1_374' title='bbox 2726 2468 2918 2538; x_wconf 89' lang='lat' dir='ltr'><strong>ignari.</strong></span> <span class='ocrx_word' id='word_1_375' title='bbox 2950 2465 3057 2522; x_wconf 91' lang='lat' dir='ltr'><strong>Sed</strong></span> <span class='ocrx_word' id='word_1_376' title='bbox 3085 2465 3271 2520; x_wconf 91' lang='lat' dir='ltr'><strong>Simon</strong></span> <span class='ocrx_word' id='word_1_377' title='bbox 3318 2480 3458 2534; x_wconf 83' lang='lat' dir='ltr'><strong>pago</strong></span> 
     </span>
    </p>
   </div>
   <div class='ocr_carea' id='block_1_53' title="bbox 1879 2554 3458 2630">
    <p class='ocr_par' dir='ltr' id='par_1_53' title="bbox 1879 2554 3458 2630">
     <span class='ocr_line' id='line_1_53' title="bbox 1879 2554 3458 2630; baseline -0.004 -16"><span class='ocrx_word' id='word_1_378' title='bbox 1879 2559 2160 2630; x_wconf 87' lang='lat' dir='ltr'><strong>egrediens</strong></span> <span class='ocrx_word' id='word_1_379' title='bbox 2208 2573 2426 2614; x_wconf 91' lang='lat' dir='ltr'><strong>crucem</strong></span> <span class='ocrx_word' id='word_1_380' title='bbox 2454 2568 2636 2630; x_wconf 88' lang='lat' dir='ltr'><strong>portat</strong></span> <span class='ocrx_word' id='word_1_381' title='bbox 2659 2559 2794 2629; x_wconf 90' lang='lat' dir='ltr'><strong>&#39;post</strong></span> <span class='ocrx_word' id='word_1_382' title='bbox 2841 2557 3050 2624; x_wconf 84' lang='lat' dir='ltr'><strong>Jesum,</strong></span> <span class='ocrx_word' id='word_1_383' title='bbox 3104 2571 3226 2612; x_wconf 89' lang='lat' dir='ltr'><strong>cum</strong></span> <span class='ocrx_word' id='word_1_384' title='bbox 3275 2554 3458 2626; x_wconf 88' lang='lat' dir='ltr'><strong>populi</strong></span> 
     </span>
    </p>
   </div>
   <div class='ocr_carea' id='block_1_54' title="bbox 1879 2647 3458 2723">
    <p class='ocr_par' dir='ltr' id='par_1_54' title="bbox 1879 2647 3458 2723">
     <span class='ocr_line' id='line_1_54' title="bbox 1879 2647 3458 2723; baseline -0.004 -17"><span class='ocrx_word' id='word_1_385' title='bbox 1879 2651 2120 2723; x_wconf 90' lang='lat' dir='ltr'><strong>gentium</strong></span> <span class='ocrx_word' id='word_1_386' title='bbox 2143 2651 2366 2723; x_wconf 86' lang='lat' dir='ltr'><strong>paganis</strong></span> <span class='ocrx_word' id='word_1_387' title='bbox 2411 2651 2602 2706; x_wconf 90' lang='lat' dir='ltr'><strong>ritibus</strong></span> <span class='ocrx_word' id='word_1_388' title='bbox 2651 2649 2922 2705; x_wconf 85' lang='lat' dir='ltr'><strong>derelictis</strong></span> <span class='ocrx_word' id='word_1_389' title='bbox 2975 2647 3287 2704; x_wconf 84' lang='lat' dir='ltr'><strong>ohedienter</strong></span> <span class='ocrx_word' id='word_1_390' title='bbox 3343 2661 3458 2701; x_wconf 89' lang='lat' dir='ltr'><strong>am-</strong></span> 
     </span>
    </p>
   </div>
   <div class='ocr_carea' id='block_1_55' title="bbox 1876 2738 3087 2813">
    <p class='ocr_par' dir='ltr' id='par_1_55' title="bbox 1876 2738 3087 2813">
     <span class='ocr_line' id='line_1_55' title="bbox 1876 2738 3087 2813; baseline -0.003 -17"><span class='ocrx_word' id='word_1_391' title='bbox 1876 2741 2188 2813; x_wconf 89' lang='lat' dir='ltr'><strong>plectuntur</strong></span> <span class='ocrx_word' id='word_1_392' title='bbox 2213 2741 2442 2813; x_wconf 88' lang='lat' dir='ltr'><strong>vestigia</strong></span> <span class='ocrx_word' id='word_1_393' title='bbox 2469 2740 2766 2796; x_wconf 71' lang='lat' dir='ltr'><strong>Dominica:</strong></span> <span class='ocrx_word' id='word_1_394' title='bbox 2793 2738 3087 2810; x_wconf 86' lang='lat' dir='ltr'><strong>passionis.</strong></span> 
     </span>
    </p>
   </div>
   <div class='ocr_carea' id='block_1_56' title="bbox 1888 2829 3456 2905">
    <p class='ocr_par' dir='ltr' id='par_1_56' title="bbox 1888 2829 3456 2905">
     <span class='ocr_line' id='line_1_56' title="bbox 1888 2829 3456 2905; baseline -0.003 -17"><span class='ocrx_word' id='word_1_395' title='bbox 1888 2859 1897 2868; x_wconf 88' lang='lat'><strong>-</strong></span> <span class='ocrx_word' id='word_1_396' title='bbox 1948 2833 2114 2890; x_wconf 70' lang='lat' dir='ltr'><strong>Vens.</strong></span> <span class='ocrx_word' id='word_1_397' title='bbox 2156 2834 2245 2889; x_wconf 88' lang='grc'><strong>27.</strong></span> <span class='ocrx_word' id='word_1_398' title='bbox 2278 2865 2346 2874; x_wconf 93' lang='lat'><strong>-—</strong></span> <span class='ocrx_word' id='word_1_399' title='bbox 2375 2833 2716 2905; x_wconf 78' lang='lat' dir='ltr'><strong>Sequebatur,</strong></span> <span class='ocrx_word' id='word_1_400' title='bbox 2773 2841 2878 2889; x_wconf 89' lang='lat' dir='ltr'><strong>etc.</strong></span> <span class='ocrx_word' id='word_1_401' title='bbox 2943 2831 3053 2888; x_wconf 87' lang='lat' dir='ltr'><strong>Sed</strong></span> <span class='ocrx_word' id='word_1_402' title='bbox 3105 2845 3214 2886; x_wconf 87' lang='lat' dir='ltr'><strong>non</strong></span> <span class='ocrx_word' id='word_1_403' title='bbox 3266 2829 3456 2884; x_wconf 86' lang='lat' dir='ltr'><strong>eadem</strong></span> 
     </span>
    </p>
   </div>
   <div class='ocr_carea' id='block_1_57' title="bbox 1878 2921 3456 2998">
    <p class='ocr_par' dir='ltr' id='par_1_57' title="bbox 1878 2921 3456 2998">
     <span class='ocr_line' id='line_1_57' title="bbox 1878 2921 3456 2998; baseline -0.006 -14"><span class='ocrx_word' id='word_1_404' title='bbox 1878 2938 2060 2984; x_wconf 90' lang='lat' dir='ltr'><strong>mente</strong></span> <span class='ocrx_word' id='word_1_405' title='bbox 2087 2943 2302 2984; x_wconf 89' lang='lat' dir='ltr'><strong>crucem</strong></span> <span class='ocrx_word' id='word_1_406' title='bbox 2327 2927 2574 2998; x_wconf 91' lang='lat' dir='ltr'><strong>sequitur</strong></span> <span class='ocrx_word' id='word_1_407' title='bbox 2598 2944 2611 2980; x_wconf 90' lang='lat'><strong>:</strong></span> <span class='ocrx_word' id='word_1_408' title='bbox 2645 2924 2767 2980; x_wconf 84' lang='lat' dir='ltr'><strong>Mali</strong></span> <span class='ocrx_word' id='word_1_409' title='bbox 2793 2932 3097 2994; x_wconf 90' lang='lat' dir='ltr'><strong>sequuntur</strong></span> <span class='ocrx_word' id='word_1_410' title='bbox 3119 2929 3180 2977; x_wconf 94' lang='lat' dir='ltr'><strong>ut</strong></span> <span class='ocrx_word' id='word_1_411' title='bbox 3218 2921 3456 2996; x_wconf 54' lang='lat' dir='ltr'><strong>moriens</strong></span> 
     </span>
    </p>
   </div>
   <div class='ocr_carea' id='block_1_58' title="bbox 1876 3011 3453 3090">
    <p class='ocr_par' dir='ltr' id='par_1_58' title="bbox 1876 3011 3453 3090">
     <span class='ocr_line' id='line_1_58' title="bbox 1876 3011 3453 3090; baseline -0.006 -15"><span class='ocrx_word' id='word_1_412' title='bbox 1876 3028 1989 3075; x_wconf 89' lang='lat' dir='ltr'><strong>tem</strong></span> <span class='ocrx_word' id='word_1_413' title='bbox 2017 3019 2122 3074; x_wconf 65' lang='lat' dir='ltr'><strong>laeti</strong></span> <span class='ocrx_word' id='word_1_414' title='bbox 2153 3019 2434 3090; x_wconf 87' lang='lat' dir='ltr'><strong>aspiciant.</strong></span> <span class='ocrx_word' id='word_1_415' title='bbox 2469 3016 2742 3082; x_wconf 84' lang='lat' dir='ltr'><strong>Mulieres,</strong></span> <span class='ocrx_word' id='word_1_416' title='bbox 2786 3024 2848 3070; x_wconf 92' lang='lat' dir='ltr'><strong>ut</strong></span> <span class='ocrx_word' id='word_1_417' title='bbox 2878 3029 3040 3086; x_wconf 90' lang='lat' dir='ltr'><strong>quem</strong></span> <span class='ocrx_word' id='word_1_418' title='bbox 3080 3013 3264 3071; x_wconf 89' lang='lat' dir='ltr'><strong>vivere</strong></span> <span class='ocrx_word' id='word_1_419' title='bbox 3310 3011 3453 3068; x_wconf 86' lang='lat' dir='ltr'><strong>desi-</strong></span> 
     </span>
    </p>
   </div>
   <div class='ocr_carea' id='block_1_59' title="bbox 1877 3105 3454 3176">
    <p class='ocr_par' dir='ltr' id='par_1_59' title="bbox 1877 3105 3454 3176">
     <span class='ocr_line' id='line_1_59' title="bbox 1877 3105 3454 3176; baseline -0.004 -9"><span class='ocrx_word' id='word_1_420' title='bbox 1877 3113 2160 3176; x_wconf 87' lang='lat' dir='ltr'><strong>derahant,</strong></span> <span class='ocrx_word' id='word_1_421' title='bbox 2183 3111 2525 3172; x_wconf 86' lang='lat' dir='ltr'><strong>moriturum,</strong></span> <span class='ocrx_word' id='word_1_422' title='bbox 2547 3110 2891 3175; x_wconf 90' lang='lat' dir='ltr'><strong>morientem,</strong></span> <span class='ocrx_word' id='word_1_423' title='bbox 2915 3117 2971 3163; x_wconf 85' lang='lat' dir='ltr'><strong>et</strong></span> <span class='ocrx_word' id='word_1_424' title='bbox 3015 3115 3291 3162; x_wconf 87' lang='lat' dir='ltr'><strong>mortuum</strong></span> <span class='ocrx_word' id='word_1_425' title='bbox 3339 3105 3454 3175; x_wconf 86' lang='lat' dir='ltr'><strong>plo-</strong></span> 
     </span>
    </p>
   </div>
   <div class='ocr_carea' id='block_1_60' title="bbox 191 3194 3451 3274">
    <p class='ocr_par' dir='ltr' id='par_1_60' title="bbox 191 3194 3451 3274">
     <span class='ocr_line' id='line_1_60' title="bbox 191 3194 3451 3274; baseline 0.002 -29"><span class='ocrx_word' id='word_1_426' title='bbox 191 3207 334 3260; x_wconf 91' lang='lat' dir='ltr'><strong>nem,</strong></span> <span class='ocrx_word' id='word_1_427' title='bbox 364 3209 466 3264; x_wconf 87' lang='lat' dir='ltr'><strong>pro</strong></span> <span class='ocrx_word' id='word_1_428' title='bbox 494 3194 777 3253; x_wconf 84' lang='lat' dir='ltr'><strong>Salvatore</strong></span> <span class='ocrx_word' id='word_1_429' title='bbox 802 3198 1224 3270; x_wconf 79' lang='lat' dir='ltr'><strong>interfectorem,</strong></span> <span class='ocrx_word' id='word_1_430' title='bbox 1250 3219 1352 3274; x_wconf 89' lang='lat' dir='ltr'><strong>pro</strong></span> <span class='ocrx_word' id='word_1_431' title='bbox 1409 3206 1598 3261; x_wconf 89' lang='lat' dir='ltr'><strong>datore</strong></span> <span class='ocrx_word' id='word_1_432' title='bbox 1644 3206 1769 3262; x_wconf 68' lang='lat' dir='ltr'><strong>vita:</strong></span> <span class='ocrx_word' id='word_1_433' title='bbox 1796 3253 1839 3274; x_wconf 64' lang='grc' dir='ltr'>η</span> <span class='ocrx_word' id='word_1_434' title='bbox 1878 3210 2082 3257; x_wconf 86' lang='lat' dir='ltr'><strong>rarent.</strong></span> <span class='ocrx_word' id='word_1_435' title='bbox 2115 3201 2222 3257; x_wconf 80' lang='lat' dir='ltr'><strong>Nec</strong></span> <span class='ocrx_word' id='word_1_436' title='bbox 2251 3201 2370 3256; x_wconf 91' lang='lat' dir='ltr'><strong>ideo</strong></span> <span class='ocrx_word' id='word_1_437' title='bbox 2391 3201 2664 3256; x_wconf 90' lang='lat' dir='ltr'><strong>inducitur</strong></span> <span class='ocrx_word' id='word_1_438' title='bbox 2687 3199 2833 3254; x_wconf 92' lang='lat' dir='ltr'><strong>solus</strong></span> <span class='ocrx_word' id='word_1_439' title='bbox 2861 3198 3147 3253; x_wconf 90' lang='lat' dir='ltr'><strong>mulierum</strong></span> <span class='ocrx_word' id='word_1_440' title='bbox 3173 3196 3451 3266; x_wconf 90' lang='lat' dir='ltr'><strong>planctus,</strong></span> 
     </span>
    </p>
   </div>
   <div class='ocr_carea' id='block_1_61' title="bbox 191 3286 1769 3370">
    <p class='ocr_par' dir='ltr' id='par_1_61' title="bbox 191 3286 1769 3370">
     <span class='ocr_line' id='line_1_61' title="bbox 191 3286 1769 3370; baseline 0.01 -32"><span class='ocrx_word' id='word_1_441' title='bbox 191 3286 560 3357; x_wconf 87' lang='lat' dir='ltr'><strong>ademptorem</strong></span> <span class='ocrx_word' id='word_1_442' title='bbox 594 3289 891 3370; x_wconf 89' lang='lat' dir='ltr'><strong>elegerunt,</strong></span> <span class='ocrx_word' id='word_1_443' title='bbox 929 3293 1124 3349; x_wconf 90' lang='lat' dir='ltr'><strong>merito</strong></span> <span class='ocrx_word' id='word_1_444' title='bbox 1162 3295 1387 3351; x_wconf 91' lang='lat' dir='ltr'><strong>salutem</strong></span> <span class='ocrx_word' id='word_1_445' title='bbox 1417 3297 1769 3366; x_wconf 87' lang='lat' dir='ltr'><strong>perdiderunt</strong></span> 
     </span>
    </p>
   </div>
   <div class='ocr_carea' id='block_1_62' title="bbox 192 3371 1769 3446">
    <p class='ocr_par' dir='ltr' id='par_1_62' title="bbox 192 3371 1769 3446">
     <span class='ocr_line' id='line_1_62' title="bbox 192 3371 1769 3446; baseline 0.01 -16"><span class='ocrx_word' id='word_1_446' title='bbox 192 3374 447 3441; x_wconf 86' lang='lat' dir='ltr'><strong>etvitam,</strong></span> <span class='ocrx_word' id='word_1_447' title='bbox 500 3388 556 3436; x_wconf 92' lang='lat' dir='ltr'><strong>et</strong></span> <span class='ocrx_word' id='word_1_448' title='bbox 603 3371 903 3441; x_wconf 90' lang='lat' dir='ltr'><strong>latrociniis</strong></span> <span class='ocrx_word' id='word_1_449' title='bbox 957 3397 1015 3444; x_wconf 88' lang='lat' dir='ltr'><strong>et</strong></span> <span class='ocrx_word' id='word_1_450' title='bbox 1061 3387 1417 3445; x_wconf 90' lang='lat' dir='ltr'><strong>seditionibus</strong></span> <span class='ocrx_word' id='word_1_451' title='bbox 1462 3390 1516 3445; x_wconf 94' lang='lat' dir='ltr'><strong>in</strong></span> <span class='ocrx_word' id='word_1_452' title='bbox 1559 3399 1769 3446; x_wconf 89' lang='lat' dir='ltr'><strong>tantum</strong></span> 
     </span>
    </p>
   </div>
   <div class='ocr_carea' id='block_1_63' title="bbox 193 3471 1770 3551">
    <p class='ocr_par' dir='ltr' id='par_1_63' title="bbox 193 3471 1770 3551">
     <span class='ocr_line' id='line_1_63' title="bbox 193 3471 1770 3551; baseline 0.008 -28"><span class='ocrx_word' id='word_1_453' title='bbox 193 3481 249 3522; x_wconf 78' lang='lat' dir='ltr'><strong>se</strong></span> <span class='ocrx_word' id='word_1_454' title='bbox 292 3471 672 3542; x_wconf 90' lang='lat' dir='ltr'><strong>subdiderunt,</strong></span> <span class='ocrx_word' id='word_1_455' title='bbox 720 3484 781 3531; x_wconf 90' lang='lat' dir='ltr'><strong>ut</strong></span> <span class='ocrx_word' id='word_1_456' title='bbox 859 3485 916 3534; x_wconf 92' lang='lat' dir='ltr'><strong>et</strong></span> <span class='ocrx_word' id='word_1_457' title='bbox 965 3479 1195 3548; x_wconf 89' lang='lat' dir='ltr'><strong>patriam</strong></span> <span class='ocrx_word' id='word_1_458' title='bbox 1245 3495 1578 3551; x_wconf 87' lang='lat' dir='ltr'><strong>regnumque</strong></span> <span class='ocrx_word' id='word_1_459' title='bbox 1625 3481 1770 3550; x_wconf 88' lang='lat' dir='ltr'><strong>quod</strong></span> 
     </span>
    </p>
   </div>
   <div class='ocr_carea' id='block_1_64' title="bbox 194 3555 1766 3652">
    <p class='ocr_par' dir='ltr' id='par_1_64' title="bbox 194 3555 1766 3652">
     <span class='ocr_line' id='line_1_64' title="bbox 194 3555 1766 3652; baseline 0.009 -39"><span class='ocrx_word' id='word_1_460' title='bbox 194 3555 406 3652; x_wconf 63' lang='lat' dir='ltr'><strong>Christo</strong></span> <span class='ocrx_word' id='word_1_461' title='bbox 426 3564 1140 3638; x_wconf 67' lang='lat' dir='ltr'><strong>prmtulerant,perderent,</strong></span> <span class='ocrx_word' id='word_1_462' title='bbox 1180 3578 1235 3626; x_wconf 92' lang='lat' dir='ltr'><strong>et</strong></span> <span class='ocrx_word' id='word_1_463' title='bbox 1287 3571 1546 3627; x_wconf 88' lang='lat' dir='ltr'><strong>hactenus</strong></span> <span class='ocrx_word' id='word_1_464' title='bbox 1599 3569 1766 3627; x_wconf 88' lang='lat' dir='ltr'><strong>liber-</strong></span> 
     </span>
    </p>
   </div>
   <div class='ocr_carea' id='block_1_65' title="bbox 199 3655 1767 3731">
    <p class='ocr_par' dir='ltr' id='par_1_65' title="bbox 199 3655 1767 3731">
     <span class='ocr_line' id='line_1_65' title="bbox 199 3655 1767 3731; baseline 0.008 -26"><span class='ocrx_word' id='word_1_465' title='bbox 199 3656 356 3720; x_wconf 79' lang='lat' dir='ltr'><strong>tatem</strong></span> <span class='ocrx_word' id='word_1_466' title='bbox 386 3655 582 3711; x_wconf 67' lang='lat' dir='ltr'><strong>animae</strong></span> <span class='ocrx_word' id='word_1_467' title='bbox 623 3657 708 3712; x_wconf 91' lang='lat' dir='ltr'><strong>vel</strong></span> <span class='ocrx_word' id='word_1_468' title='bbox 736 3659 980 3730; x_wconf 92' lang='lat' dir='ltr'><strong>corporis</strong></span> <span class='ocrx_word' id='word_1_469' title='bbox 1029 3676 1192 3731; x_wconf 90' lang='lat' dir='ltr'><strong>quam</strong></span> <span class='ocrx_word' id='word_1_470' title='bbox 1235 3662 1608 3729; x_wconf 90' lang='lat' dir='ltr'><strong>vendiderant,</strong></span> <span class='ocrx_word' id='word_1_471' title='bbox 1657 3677 1767 3729; x_wconf 81' lang='lat' dir='ltr'><strong>non</strong></span> 
     </span>
    </p>
   </div>
   <div class='ocr_carea' id='block_1_66' title="bbox 198 3745 1768 3825">
    <p class='ocr_par' dir='ltr' id='par_1_66' title="bbox 198 3745 1768 3825">
     <span class='ocr_line' id='line_1_66' title="bbox 198 3745 1768 3825; baseline 0.009 -28"><span class='ocrx_word' id='word_1_472' title='bbox 198 3745 511 3818; x_wconf 85' lang='lat' dir='ltr'><strong>reciperent.</strong></span> <span class='ocrx_word' id='word_1_473' title='bbox 538 3748 856 3820; x_wconf 88' lang='lat' dir='ltr'><strong>Barabbam,</strong></span> <span class='ocrx_word' id='word_1_474' title='bbox 883 3762 990 3808; x_wconf 90' lang='lat' dir='ltr'><strong>etc.</strong></span> <span class='ocrx_word' id='word_1_475' title='bbox 1015 3752 1312 3822; x_wconf 90' lang='lat' dir='ltr'><strong>Barabbas,</strong></span> <span class='ocrx_word' id='word_1_476' title='bbox 1342 3755 1434 3825; x_wconf 89' lang='lat' dir='ltr'><strong>qui</strong></span> <span class='ocrx_word' id='word_1_477' title='bbox 1475 3754 1616 3811; x_wconf 89' lang='lat' dir='ltr'><strong>ﬁlius</strong></span> <span class='ocrx_word' id='word_1_478' title='bbox 1652 3770 1768 3811; x_wconf 87' lang='lat' dir='ltr'><strong>ma-</strong></span> 
     </span>
    </p>
   </div>
   <div class='ocr_carea' id='block_1_67' title="bbox 201 3835 1763 3918">
    <p class='ocr_par' dir='ltr' id='par_1_67' title="bbox 201 3835 1763 3918">
     <span class='ocr_line' id='line_1_67' title="bbox 201 3835 1763 3918; baseline 0.01 -30"><span class='ocrx_word' id='word_1_479' title='bbox 201 3835 345 3905; x_wconf 86' lang='lat' dir='ltr'><strong>gistri</strong></span> <span class='ocrx_word' id='word_1_480' title='bbox 374 3840 460 3896; x_wconf 91' lang='lat' dir='ltr'><strong>vel</strong></span> <span class='ocrx_word' id='word_1_481' title='bbox 480 3842 652 3913; x_wconf 85' lang='lat' dir='ltr'><strong>patris</strong></span> <span class='ocrx_word' id='word_1_482' title='bbox 675 3835 864 3900; x_wconf 69' lang='lat' dir='ltr'><strong>eorum</strong></span> <span class='ocrx_word' id='word_1_483' title='bbox 889 3846 1297 3918; x_wconf 89' lang='lat' dir='ltr'><strong>interpretatur,</strong></span> <span class='ocrx_word' id='word_1_484' title='bbox 1341 3849 1454 3918; x_wconf 88' lang='lat' dir='ltr'><strong>ipse</strong></span> <span class='ocrx_word' id='word_1_485' title='bbox 1491 3857 1576 3905; x_wconf 91' lang='lat' dir='ltr'><strong>est</strong></span> <span class='ocrx_word' id='word_1_486' title='bbox 1603 3847 1763 3904; x_wconf 83' lang='lat' dir='ltr'><strong>Anti-</strong></span> 
     </span>
    </p>
   </div>
   <div class='ocr_carea' id='block_1_68' title="bbox 199 3924 1760 4008">
    <p class='ocr_par' dir='ltr' id='par_1_68' title="bbox 199 3924 1760 4008">
     <span class='ocr_line' id='line_1_68' title="bbox 199 3924 1760 4008; baseline 0.009 -27"><span class='ocrx_word' id='word_1_487' title='bbox 199 3924 443 3999; x_wconf 84' lang='lat' dir='ltr'><strong>christus,</strong></span> <span class='ocrx_word' id='word_1_488' title='bbox 468 3949 628 4004; x_wconf 88' lang='lat' dir='ltr'><strong>quem</strong></span> <span class='ocrx_word' id='word_1_489' title='bbox 652 3935 726 3989; x_wconf 92' lang='lat' dir='ltr'><strong>illi</strong></span> <span class='ocrx_word' id='word_1_490' title='bbox 749 3933 965 3992; x_wconf 88' lang='lat' dir='ltr'><strong>Christo</strong></span> <span class='ocrx_word' id='word_1_491' title='bbox 983 3937 1292 4008; x_wconf 62' lang='lat' dir='ltr'><strong>pragferent,</strong></span> <span class='ocrx_word' id='word_1_492' title='bbox 1308 3940 1508 4008; x_wconf 91' lang='lat' dir='ltr'><strong>quibus</strong></span> <span class='ocrx_word' id='word_1_493' title='bbox 1529 3940 1727 3996; x_wconf 90' lang='lat' dir='ltr'><strong>dicitur</strong></span> <span class='ocrx_word' id='word_1_494' title='bbox 1747 3957 1760 3995; x_wconf 87' lang='lat'><strong>:</strong></span> 
     </span>
    </p>
   </div>
   <div class='ocr_carea' id='block_1_69' title="bbox 213 4013 1767 4093">
    <p class='ocr_par' dir='ltr' id='par_1_69' title="bbox 213 4013 1767 4093">
     <span class='ocr_line' id='line_1_69' title="bbox 213 4013 1767 4093; baseline 0.009 -21"><span class='ocrx_word' id='word_1_495' title='bbox 213 4013 303 4072; x_wconf 74' lang='lat' dir='ltr'><strong>Vos</strong></span> <span class='ocrx_word' id='word_1_496' title='bbox 330 4037 394 4076; x_wconf 78' lang='lat' dir='ltr'><strong>ex</strong></span> <span class='ocrx_word' id='word_1_497' title='bbox 416 4032 570 4093; x_wconf 81' lang='lat' dir='ltr'><strong>patre</strong></span> <span class='ocrx_word' id='word_1_498' title='bbox 609 4025 821 4082; x_wconf 82' lang='lat' dir='ltr'><strong>diabolo</strong></span> <span class='ocrx_word' id='word_1_499' title='bbox 868 4028 1012 4082; x_wconf 71' lang='lat' dir='ltr'><strong>eatis.</strong></span> <span class='ocrx_word' id='word_1_500' title='bbox 1067 4027 1273 4085; x_wconf 88' lang='lat' dir='ltr'><strong>Pilatus</strong></span> <span class='ocrx_word' id='word_1_501' title='bbox 1323 4045 1385 4084; x_wconf 91' lang='lat' dir='ltr'><strong>os</strong></span> <span class='ocrx_word' id='word_1_502' title='bbox 1432 4029 1767 4086; x_wconf 88' lang='lat' dir='ltr'><strong>malleatoris</strong></span> 
     </span>
    </p>
   </div>
   <div class='ocr_carea' id='block_1_70' title="bbox 203 4103 1766 4190">
    <p class='ocr_par' dir='ltr' id='par_1_70' title="bbox 203 4103 1766 4190">
     <span class='ocr_line' id='line_1_70' title="bbox 203 4103 1766 4190; baseline 0.007 -23"><span class='ocrx_word' id='word_1_503' title='bbox 203 4103 599 4182; x_wconf 67' lang='lat' dir='ltr'><strong>interpretatur,</strong></span> <span class='ocrx_word' id='word_1_504' title='bbox 623 4116 894 4173; x_wconf 87' lang='lat' dir='ltr'><strong>diabolum</strong></span> <span class='ocrx_word' id='word_1_505' title='bbox 923 4119 1212 4190; x_wconf 88' lang='lat' dir='ltr'><strong>signiﬁcat,</strong></span> <span class='ocrx_word' id='word_1_506' title='bbox 1278 4121 1371 4190; x_wconf 92' lang='lat' dir='ltr'><strong>qui</strong></span> <span class='ocrx_word' id='word_1_507' title='bbox 1415 4129 1499 4176; x_wconf 89' lang='lat' dir='ltr'><strong>est</strong></span> <span class='ocrx_word' id='word_1_508' title='bbox 1539 4121 1766 4178; x_wconf 88' lang='lat' dir='ltr'><strong>malleus</strong></span> 
     </span>
    </p>
   </div>
   <div class='ocr_carea' id='block_1_71' title="bbox 201 4198 1767 4284">
    <p class='ocr_par' dir='ltr' id='par_1_71' title="bbox 201 4198 1767 4284">
     <span class='ocr_line' id='line_1_71' title="bbox 201 4198 1767 4284; baseline 0.012 -34"><span class='ocrx_word' id='word_1_509' title='bbox 201 4198 452 4260; x_wconf 68' lang='lat' dir='ltr'><strong>universae</strong></span> <span class='ocrx_word' id='word_1_510' title='bbox 507 4207 770 4274; x_wconf 66' lang='lat' dir='ltr'><strong>materiae,</strong></span> <span class='ocrx_word' id='word_1_511' title='bbox 817 4224 916 4280; x_wconf 88' lang='lat' dir='ltr'><strong>per</strong></span> <span class='ocrx_word' id='word_1_512' title='bbox 963 4224 1124 4280; x_wconf 86' lang='lat' dir='ltr'><strong>quem</strong></span> <span class='ocrx_word' id='word_1_513' title='bbox 1174 4211 1318 4268; x_wconf 90' lang='lat' dir='ltr'><strong>Deus</strong></span> <span class='ocrx_word' id='word_1_514' title='bbox 1361 4227 1490 4268; x_wconf 90' lang='lat' dir='ltr'><strong>vasa</strong></span> <span class='ocrx_word' id='word_1_515' title='bbox 1536 4213 1767 4284; x_wconf 89' lang='lat' dir='ltr'><strong>probare</strong></span> 
     </span>
    </p>
   </div>
   <div class='ocr_carea' id='block_1_72' title="bbox 202 4295 1767 4372">
    <p class='ocr_par' dir='ltr' id='par_1_72' title="bbox 202 4295 1767 4372">
     <span class='ocr_line' id='line_1_72' title="bbox 202 4295 1767 4372; baseline 0.011 -27"><span class='ocrx_word' id='word_1_516' title='bbox 202 4295 489 4366; x_wconf 86' lang='lat' dir='ltr'><strong>permittit,</strong></span> <span class='ocrx_word' id='word_1_517' title='bbox 540 4306 596 4356; x_wconf 91' lang='lat' dir='ltr'><strong>et</strong></span> <span class='ocrx_word' id='word_1_518' title='bbox 656 4301 873 4358; x_wconf 91' lang='lat' dir='ltr'><strong>tandem</strong></span> <span class='ocrx_word' id='word_1_519' title='bbox 920 4303 1192 4372; x_wconf 90' lang='lat' dir='ltr'><strong>conterit,</strong></span> <span class='ocrx_word' id='word_1_520' title='bbox 1248 4318 1370 4360; x_wconf 91' lang='lat' dir='ltr'><strong>cum</strong></span> <span class='ocrx_word' id='word_1_521' title='bbox 1418 4304 1472 4360; x_wconf 92' lang='lat' dir='ltr'><strong>in</strong></span> <span class='ocrx_word' id='word_1_522' title='bbox 1523 4313 1767 4362; x_wconf 81' lang='lat' dir='ltr'><strong>extrema</strong></span> 
     </span>
    </p>
   </div>
   <div class='ocr_carea' id='block_1_73' title="bbox 204 4378 868 4464">
    <p class='ocr_par' dir='ltr' id='par_1_73' title="bbox 204 4378 868 4464">
     <span class='ocr_line' id='line_1_73' title="bbox 204 4378 868 4464; baseline 0.018 -29"><span class='ocrx_word' id='word_1_523' title='bbox 204 4378 538 4446; x_wconf 82' lang='lat' dir='ltr'><strong>damnatione</strong></span> <span class='ocrx_word' id='word_1_524' title='bbox 557 4389 868 4464; x_wconf 81' lang='lat' dir='ltr'><strong>confringit.</strong></span> 
     </span>
    </p>
   </div>
   <div class='ocr_carea' id='block_1_74' title="bbox 271 4473 1764 4557">
    <p class='ocr_par' dir='ltr' id='par_1_74' title="bbox 271 4473 1764 4557">
     <span class='ocr_line' id='line_1_74' title="bbox 271 4473 1764 4557; baseline 0.007 -27"><span class='ocrx_word' id='word_1_525' title='bbox 271 4473 428 4534; x_wconf 71' lang='lat' dir='ltr'><strong>Vlns.</strong></span> <span class='ocrx_word' id='word_1_526' title='bbox 453 4480 548 4537; x_wconf 87' lang='grc'><strong>21.</strong></span> <span class='ocrx_word' id='word_1_527' title='bbox 576 4512 646 4523; x_wconf 87' lang='lat'><strong>-—</strong></span> <span class='ocrx_word' id='word_1_528' title='bbox 665 4481 946 4555; x_wconf 78' lang='lat' dir='ltr'><strong>Cruciﬁge,</strong></span> <span class='ocrx_word' id='word_1_529' title='bbox 970 4485 1216 4555; x_wconf 78' lang='lat' dir='ltr'><strong>cruciﬁge</strong></span> <span class='ocrx_word' id='word_1_530' title='bbox 1235 4501 1373 4540; x_wconf 84' lang='lat' dir='ltr'><strong>eum.</strong></span> <span class='ocrx_word' id='word_1_531' title='bbox 1411 4483 1600 4557; x_wconf 80' lang='lat' dir='ltr'><strong>Magna</strong></span> <span class='ocrx_word' id='word_1_532' title='bbox 1637 4500 1764 4541; x_wconf 88' lang='lat' dir='ltr'><strong>cru-</strong></span> 
     </span>
    </p>
   </div>
   <div class='ocr_carea' id='block_1_75' title="bbox 1794 3253 1841 3317">
    <p class='ocr_par' dir='ltr' id='par_1_75' title="bbox 1794 3253 1841 3317">
     <span class='ocr_line' id='line_1_75' title="bbox 1794 3253 1841 3317; baseline 0 0"><span class='ocrx_word' id='word_1_533' title='bbox 1794 3253 1841 3317; x_wconf 92' lang='lat' dir='ltr'><strong>C</strong></span> 
     </span>
    </p>
   </div>
   <div class='ocr_carea' id='block_1_76' title="bbox 1870 3286 3456 3362">
    <p class='ocr_par' dir='ltr' id='par_1_76' title="bbox 1870 3286 3456 3362">
     <span class='ocr_line' id='line_1_76' title="bbox 1870 3286 3456 3362; baseline -0.001 -17"><span class='ocrx_word' id='word_1_534' title='bbox 1870 3292 2088 3362; x_wconf 89' lang='lat' dir='ltr'><strong>quando</strong></span> <span class='ocrx_word' id='word_1_535' title='bbox 2110 3300 2164 3345; x_wconf 90' lang='lat' dir='ltr'><strong>et</strong></span> <span class='ocrx_word' id='word_1_536' title='bbox 2213 3289 2367 3345; x_wconf 92' lang='lat' dir='ltr'><strong>multi</strong></span> <span class='ocrx_word' id='word_1_537' title='bbox 2401 3290 2504 3344; x_wconf 91' lang='lat' dir='ltr'><strong>viri</strong></span> <span class='ocrx_word' id='word_1_538' title='bbox 2531 3289 2817 3354; x_wconf 90' lang='lat' dir='ltr'><strong>dolerent,</strong></span> <span class='ocrx_word' id='word_1_539' title='bbox 2870 3287 2965 3343; x_wconf 89' lang='lat' dir='ltr'><strong>sed</strong></span> <span class='ocrx_word' id='word_1_540' title='bbox 3013 3288 3138 3356; x_wconf 87' lang='lat' dir='ltr'><strong>quia</strong></span> <span class='ocrx_word' id='word_1_541' title='bbox 3189 3286 3456 3344; x_wconf 88' lang='lat' dir='ltr'><strong>femineus</strong></span> 
     </span>
    </p>
   </div>
   <div class='ocr_carea' id='block_1_77' title="bbox 1868 3379 3454 3453">
    <p class='ocr_par' dir='ltr' id='par_1_77' title="bbox 1868 3379 3454 3453">
     <span class='ocr_line' id='line_1_77' title="bbox 1868 3379 3454 3453; baseline -0.003 -14"><span class='ocrx_word' id='word_1_542' title='bbox 1868 3399 2030 3440; x_wconf 81' lang='lat' dir='ltr'><strong>sexus</strong></span> <span class='ocrx_word' id='word_1_543' title='bbox 2054 3383 2207 3453; x_wconf 91' lang='lat' dir='ltr'><strong>quasi</strong></span> <span class='ocrx_word' id='word_1_544' title='bbox 2237 3381 2708 3452; x_wconf 87' lang='lat' dir='ltr'><strong>contemptibilior,</strong></span> <span class='ocrx_word' id='word_1_545' title='bbox 2731 3379 2952 3436; x_wconf 87' lang='lat' dir='ltr'><strong>liberius</strong></span> <span class='ocrx_word' id='word_1_546' title='bbox 2978 3387 3191 3449; x_wconf 87' lang='lat' dir='ltr'><strong>poterat</strong></span> <span class='ocrx_word' id='word_1_547' title='bbox 3220 3395 3454 3450; x_wconf 65' lang='lat' dir='ltr'><strong>praesen-</strong></span> 
     </span>
    </p>
   </div>
   <div class='ocr_carea' id='block_1_78' title="bbox 1867 3463 3464 3546">
    <p class='ocr_par' dir='ltr' id='par_1_78' title="bbox 1867 3463 3464 3546">
     <span class='ocr_line' id='line_1_78' title="bbox 1867 3463 3464 3546; baseline -0.004 -15"><span class='ocrx_word' id='word_1_548' title='bbox 1867 3475 2012 3531; x_wconf 89' lang='lat' dir='ltr'><strong>tibus</strong></span> <span class='ocrx_word' id='word_1_549' title='bbox 2039 3475 2372 3546; x_wconf 90' lang='lat' dir='ltr'><strong>principibus</strong></span> <span class='ocrx_word' id='word_1_550' title='bbox 2399 3472 2762 3538; x_wconf 86' lang='lat' dir='ltr'><strong>sacerdotum,</strong></span> <span class='ocrx_word' id='word_1_551' title='bbox 2803 3472 2945 3542; x_wconf 91' lang='lat' dir='ltr'><strong>quod</strong></span> <span class='ocrx_word' id='word_1_552' title='bbox 2977 3480 3167 3526; x_wconf 88' lang='lat' dir='ltr'><strong>contra</strong></span> <span class='ocrx_word' id='word_1_553' title='bbox 3192 3485 3285 3527; x_wconf 90' lang='lat' dir='ltr'><strong>eos</strong></span> <span class='ocrx_word' id='word_1_554' title='bbox 3324 3463 3464 3526; x_wconf 47' lang='lat' dir='ltr'><strong>seni</strong></span> 
     </span>
    </p>
   </div>
   <div class='ocr_carea' id='block_1_79' title="bbox 1866 3562 3452 3633">
    <p class='ocr_par' dir='ltr' id='par_1_79' title="bbox 1866 3562 3452 3633">
     <span class='ocr_line' id='line_1_79' title="bbox 1866 3562 3452 3633; baseline -0.003 -12"><span class='ocrx_word' id='word_1_555' title='bbox 1866 3566 1999 3621; x_wconf 85' lang='lat' dir='ltr'><strong>serit</strong></span> <span class='ocrx_word' id='word_1_556' title='bbox 2042 3574 2340 3620; x_wconf 84' lang='lat' dir='ltr'><strong>ostentare.</strong></span> <span class='ocrx_word' id='word_1_557' title='bbox 2382 3563 2516 3631; x_wconf 83' lang='lat' dir='ltr'><strong>Quia</strong></span> <span class='ocrx_word' id='word_1_558' title='bbox 2563 3578 2692 3618; x_wconf 88' lang='lat' dir='ltr'><strong>vero</strong></span> <span class='ocrx_word' id='word_1_559' title='bbox 2733 3564 2870 3618; x_wconf 83' lang='lat' dir='ltr'><strong>novit</strong></span> <span class='ocrx_word' id='word_1_560' title='bbox 2905 3562 3162 3617; x_wconf 72' lang='lat' dir='ltr'><strong>Dominus</strong></span> <span class='ocrx_word' id='word_1_561' title='bbox 3203 3563 3293 3633; x_wconf 85' lang='lat' dir='ltr'><strong>qui</strong></span> <span class='ocrx_word' id='word_1_562' title='bbox 3329 3571 3452 3617; x_wconf 76' lang='lat' dir='ltr'><strong>sunt</strong></span> 
     </span>
    </p>
   </div>
   <div class='ocr_carea' id='block_1_80' title="bbox 1864 3652 3452 3729">
    <p class='ocr_par' dir='ltr' id='par_1_80' title="bbox 1864 3652 3452 3729">
     <span class='ocr_line' id='line_1_80' title="bbox 1864 3652 3452 3729; baseline -0.002 -18"><span class='ocrx_word' id='word_1_563' title='bbox 1864 3657 1980 3727; x_wconf 70' lang='lat' dir='ltr'><strong>ejus</strong></span> <span class='ocrx_word' id='word_1_564' title='bbox 2010 3654 2096 3729; x_wconf 87' lang='lat' dir='ltr'><strong>(II</strong></span> <span class='ocrx_word' id='word_1_565' title='bbox 2131 3654 2265 3709; x_wconf 90' lang='lat' dir='ltr'><strong>Tim.</strong></span> <span class='ocrx_word' id='word_1_566' title='bbox 2296 3654 2380 3727; x_wconf 85' lang='grc' dir='ltr'><strong>ιι),</strong></span> <span class='ocrx_word' id='word_1_567' title='bbox 2412 3653 2779 3724; x_wconf 69' lang='lat' dir='ltr'><strong>praetermissa</strong></span> <span class='ocrx_word' id='word_1_568' title='bbox 2803 3652 3034 3708; x_wconf 89' lang='lat' dir='ltr'><strong>furentis</strong></span> <span class='ocrx_word' id='word_1_569' title='bbox 3061 3653 3242 3724; x_wconf 88' lang='lat' dir='ltr'><strong>populi</strong></span> <span class='ocrx_word' id='word_1_570' title='bbox 3271 3653 3452 3719; x_wconf 86' lang='lat' dir='ltr'><strong>turba,</strong></span> 
     </span>
    </p>
   </div>
   <div class='ocr_carea' id='block_1_81' title="bbox 1865 3745 3452 3819">
    <p class='ocr_par' dir='ltr' id='par_1_81' title="bbox 1865 3745 3452 3819">
     <span class='ocr_line' id='line_1_81' title="bbox 1865 3745 3452 3819; baseline 0 -15"><span class='ocrx_word' id='word_1_571' title='bbox 1865 3749 1934 3804; x_wconf 90' lang='lat' dir='ltr'><strong>ad</strong></span> <span class='ocrx_word' id='word_1_572' title='bbox 1965 3756 2212 3804; x_wconf 90' lang='lat' dir='ltr'><strong>amantes</strong></span> <span class='ocrx_word' id='word_1_573' title='bbox 2244 3757 2296 3804; x_wconf 89' lang='lat' dir='ltr'><strong>et</strong></span> <span class='ocrx_word' id='word_1_574' title='bbox 2333 3748 2648 3819; x_wconf 90' lang='lat' dir='ltr'><strong>plangentes</strong></span> <span class='ocrx_word' id='word_1_575' title='bbox 2686 3761 2743 3802; x_wconf 93' lang='lat' dir='ltr'><strong>se</strong></span> <span class='ocrx_word' id='word_1_576' title='bbox 2775 3745 3007 3802; x_wconf 90' lang='lat' dir='ltr'><strong>feminas</strong></span> <span class='ocrx_word' id='word_1_577' title='bbox 3047 3746 3233 3803; x_wconf 91' lang='lat' dir='ltr'><strong>oculos</strong></span> <span class='ocrx_word' id='word_1_578' title='bbox 3263 3755 3319 3802; x_wconf 90' lang='lat' dir='ltr'><strong>et</strong></span> <span class='ocrx_word' id='word_1_579' title='bbox 3354 3762 3452 3804; x_wconf 84' lang='lat' dir='ltr'><strong>ora</strong></span> 
     </span>
    </p>
   </div>
   <div class='ocr_carea' id='block_1_82' title="bbox 1864 3837 3450 3911">
    <p class='ocr_par' dir='ltr' id='par_1_82' title="bbox 1864 3837 3450 3911">
     <span class='ocr_line' id='line_1_82' title="bbox 1864 3837 3450 3911; baseline -0.003 -13"><span class='ocrx_word' id='word_1_580' title='bbox 1864 3841 2148 3899; x_wconf 90' lang='lat' dir='ltr'><strong>convertit.</strong></span> <span class='ocrx_word' id='word_1_581' title='bbox 2176 3840 2306 3906; x_wconf 77' lang='lat' dir='ltr'><strong>Qua:</strong></span> <span class='ocrx_word' id='word_1_582' title='bbox 2325 3839 2654 3911; x_wconf 85' lang='lat' dir='ltr'><strong>plangebant.</strong></span> <span class='ocrx_word' id='word_1_583' title='bbox 2682 3837 3062 3895; x_wconf 89' lang='lat' dir='ltr'><strong>Tristabantur</strong></span> <span class='ocrx_word' id='word_1_584' title='bbox 3083 3841 3149 3894; x_wconf 90' lang='lat' dir='ltr'><strong>de</strong></span> <span class='ocrx_word' id='word_1_585' title='bbox 3168 3839 3278 3894; x_wconf 87' lang='lat' dir='ltr'><strong>vita</strong></span> <span class='ocrx_word' id='word_1_586' title='bbox 3305 3855 3450 3894; x_wconf 86' lang='lat' dir='ltr'><strong>mor-</strong></span> 
     </span>
    </p>
   </div>
   <div class='ocr_carea' id='block_1_83' title="bbox 1866 3930 3451 4004">
    <p class='ocr_par' dir='ltr' id='par_1_83' title="bbox 1866 3930 3451 4004">
     <span class='ocr_line' id='line_1_83' title="bbox 1866 3930 3451 4004; baseline -0.001 -15"><span class='ocrx_word' id='word_1_587' title='bbox 1866 3934 1986 4001; x_wconf 88' lang='lat' dir='ltr'><strong>tali,</strong></span> <span class='ocrx_word' id='word_1_588' title='bbox 2015 3949 2134 4004; x_wconf 82' lang='lat' dir='ltr'><strong>quae</strong></span> <span class='ocrx_word' id='word_1_589' title='bbox 2160 3941 2335 3989; x_wconf 88' lang='lat' dir='ltr'><strong>morte</strong></span> <span class='ocrx_word' id='word_1_590' title='bbox 2364 3941 2480 3987; x_wconf 89' lang='lat' dir='ltr'><strong>erat</strong></span> <span class='ocrx_word' id='word_1_591' title='bbox 2511 3930 2765 3997; x_wconf 90' lang='lat' dir='ltr'><strong>ﬁnienda,</strong></span> <span class='ocrx_word' id='word_1_592' title='bbox 2799 3947 2908 3987; x_wconf 92' lang='lat' dir='ltr'><strong>non</strong></span> <span class='ocrx_word' id='word_1_593' title='bbox 2938 3933 3006 3987; x_wconf 91' lang='lat' dir='ltr'><strong>de</strong></span> <span class='ocrx_word' id='word_1_594' title='bbox 3031 3931 3192 3988; x_wconf 62' lang='lat' dir='ltr'><strong>cacis</strong></span> <span class='ocrx_word' id='word_1_595' title='bbox 3215 3932 3306 4002; x_wconf 86' lang='lat' dir='ltr'><strong>qui</strong></span> <span class='ocrx_word' id='word_1_596' title='bbox 3338 3945 3451 3988; x_wconf 88' lang='lat' dir='ltr'><strong>me-</strong></span> 
     </span>
    </p>
   </div>
   <div class='ocr_carea' id='block_1_84' title="bbox 1866 4023 2413 4082">
    <p class='ocr_par' dir='ltr' id='par_1_84' title="bbox 1866 4023 2413 4082">
     <span class='ocr_line' id='line_1_84' title="bbox 1866 4023 2413 4082; baseline -0.005 -1"><span class='ocrx_word' id='word_1_597' title='bbox 1866 4025 2046 4082; x_wconf 91' lang='lat' dir='ltr'><strong>dicum</strong></span> <span class='ocrx_word' id='word_1_598' title='bbox 2072 4023 2413 4078; x_wconf 90' lang='lat' dir='ltr'><strong>occidebant.</strong></span> 
     </span>
    </p>
   </div>
   <div class='ocr_carea' id='block_1_85' title="bbox 1934 4109 3531 4172">
    <p class='ocr_par' dir='ltr' id='par_1_85' title="bbox 1934 4109 3531 4172">
     <span class='ocr_line' id='line_1_85' title="bbox 1934 4109 3531 4172; baseline -0.004 0"><span class='ocrx_word' id='word_1_599' title='bbox 1934 4118 2097 4172; x_wconf 74' lang='lat' dir='ltr'><strong>Vens.</strong></span> <span class='ocrx_word' id='word_1_600' title='bbox 2113 4113 2452 4170; x_wconf 76' lang='lat' dir='ltr'><strong>28.—Filia:</strong></span> <span class='ocrx_word' id='word_1_601' title='bbox 2475 4112 2823 4168; x_wconf 75' lang='lat' dir='ltr'><strong>Hierusalem.</strong></span> <span class='ocrx_word' id='word_1_602' title='bbox 2839 4111 2975 4167; x_wconf 84' lang='lat' dir='ltr'><strong>Nota</strong></span> <span class='ocrx_word' id='word_1_603' title='bbox 3001 4125 3124 4167; x_wconf 91' lang='lat' dir='ltr'><strong>cum</strong></span> <span class='ocrx_word' id='word_1_604' title='bbox 3150 4110 3289 4166; x_wconf 83' lang='lat' dir='ltr'><strong>ﬁlios</strong></span> <span class='ocrx_word' id='word_1_605' title='bbox 3319 4109 3449 4166; x_wconf 82' lang='lat' dir='ltr'><strong>Hie-</strong></span> <span class='ocrx_word' id='word_1_606' title='bbox 3523 4159 3531 4166; x_wconf 93' lang='lat'><strong>.</strong></span> 
     </span>
    </p>
   </div>
   <div class='ocr_carea' id='block_1_86' title="bbox 1865 4202 3449 4274">
    <p class='ocr_par' dir='ltr' id='par_1_86' title="bbox 1865 4202 3449 4274">
     <span class='ocr_line' id='line_1_86' title="bbox 1865 4202 3449 4274; baseline -0.006 -10"><span class='ocrx_word' id='word_1_607' title='bbox 1865 4207 2099 4264; x_wconf 88' lang='lat' dir='ltr'><strong>rusalem</strong></span> <span class='ocrx_word' id='word_1_608' title='bbox 2126 4212 2303 4271; x_wconf 90' lang='lat' dir='ltr'><strong>vocat,</strong></span> <span class='ocrx_word' id='word_1_609' title='bbox 2335 4204 2479 4274; x_wconf 89' lang='lat' dir='ltr'><strong>quod</strong></span> <span class='ocrx_word' id='word_1_610' title='bbox 2508 4218 2615 4258; x_wconf 93' lang='lat' dir='ltr'><strong>non</strong></span> <span class='ocrx_word' id='word_1_611' title='bbox 2639 4202 2766 4258; x_wconf 72' lang='lat' dir='ltr'><strong>sola:</strong></span> <span class='ocrx_word' id='word_1_612' title='bbox 2790 4217 2909 4272; x_wconf 61' lang='lat' dir='ltr'><strong>quae</strong></span> <span class='ocrx_word' id='word_1_613' title='bbox 2939 4215 3062 4256; x_wconf 90' lang='lat' dir='ltr'><strong>cum</strong></span> <span class='ocrx_word' id='word_1_614' title='bbox 3091 4214 3158 4256; x_wconf 90' lang='lat' dir='ltr'><strong>eo</strong></span> <span class='ocrx_word' id='word_1_615' title='bbox 3188 4207 3449 4254; x_wconf 87' lang='lat' dir='ltr'><strong>venerant</strong></span> 
     </span>
    </p>
   </div>
   <div class='ocr_carea' id='block_1_87' title="bbox 1865 4289 3450 4366">
    <p class='ocr_par' dir='ltr' id='par_1_87' title="bbox 1865 4289 3450 4366">
     <span class='ocr_line' id='line_1_87' title="bbox 1865 4289 3450 4366; baseline -0.007 -10"><span class='ocrx_word' id='word_1_616' title='bbox 1865 4317 1899 4356; x_wconf 91' lang='lat' dir='ltr'><strong>a</strong></span> <span class='ocrx_word' id='word_1_617' title='bbox 1926 4299 2178 4365; x_wconf 71' lang='lat' dir='ltr'><strong>Galilma,</strong></span> <span class='ocrx_word' id='word_1_618' title='bbox 2223 4297 2316 4354; x_wconf 91' lang='lat' dir='ltr'><strong>sed</strong></span> <span class='ocrx_word' id='word_1_619' title='bbox 2343 4295 2507 4351; x_wconf 88' lang='lat' dir='ltr'><strong>etiam</strong></span> <span class='ocrx_word' id='word_1_620' title='bbox 2536 4295 2780 4366; x_wconf 86' lang='lat' dir='ltr'><strong>ejusdem</strong></span> <span class='ocrx_word' id='word_1_621' title='bbox 2810 4293 2963 4350; x_wconf 91' lang='lat' dir='ltr'><strong>urbis</strong></span> <span class='ocrx_word' id='word_1_622' title='bbox 2996 4293 3143 4348; x_wconf 89' lang='lat' dir='ltr'><strong>cives</strong></span> <span class='ocrx_word' id='word_1_623' title='bbox 3181 4291 3231 4346; x_wconf 86' lang='lat' dir='ltr'><strong>ei</strong></span> <span class='ocrx_word' id='word_1_624' title='bbox 3266 4289 3450 4346; x_wconf 68' lang='lat' dir='ltr'><strong>multa</strong></span> 
     </span>
    </p>
   </div>
   <div class='ocr_carea' id='block_1_88' title="bbox 1866 4380 3447 4458">
    <p class='ocr_par' dir='ltr' id='par_1_88' title="bbox 1866 4380 3447 4458">
     <span class='ocr_line' id='line_1_88' title="bbox 1866 4380 3447 4458; baseline -0.009 -8"><span class='ocrx_word' id='word_1_625' title='bbox 1866 4393 2121 4450; x_wconf 89' lang='lat' dir='ltr'><strong>mulieres</strong></span> <span class='ocrx_word' id='word_1_626' title='bbox 2159 4391 2520 4448; x_wconf 67' lang='lat' dir='ltr'><strong>adhazserant.</strong></span> <span class='ocrx_word' id='word_1_627' title='bbox 2556 4387 2732 4443; x_wconf 87' lang='lat' dir='ltr'><strong>Nolite</strong></span> <span class='ocrx_word' id='word_1_628' title='bbox 2771 4388 2915 4458; x_wconf 79' lang='lat' dir='ltr'><strong>ﬂere.</strong></span> <span class='ocrx_word' id='word_1_629' title='bbox 2960 4383 3038 4441; x_wconf 87' lang='lat' dir='ltr'><strong>Ne</strong></span> <span class='ocrx_word' id='word_1_630' title='bbox 3075 4380 3447 4442; x_wconf 88' lang='lat' dir='ltr'><strong>lamentemini</strong></span> 
     </span>
    </p>
   </div>
   <div class='ocr_carea' id='block_1_89' title="bbox 1865 4474 3450 4552">
    <p class='ocr_par' dir='ltr' id='par_1_89' title="bbox 1865 4474 3450 4552">
     <span class='ocr_line' id='line_1_89' title="bbox 1865 4474 3450 4552; baseline -0.009 -8"><span class='ocrx_word' id='word_1_631' title='bbox 1865 4502 1954 4544; x_wconf 89' lang='lat' dir='ltr'><strong>me</strong></span> <span class='ocrx_word' id='word_1_632' title='bbox 1991 4486 2344 4550; x_wconf 89' lang='lat' dir='ltr'><strong>moriturum,</strong></span> <span class='ocrx_word' id='word_1_633' title='bbox 2383 4481 2537 4552; x_wconf 85' lang='lat' dir='ltr'><strong>cujus</strong></span> <span class='ocrx_word' id='word_1_634' title='bbox 2578 4482 2686 4537; x_wconf 91' lang='lat' dir='ltr'><strong>cito</strong></span> <span class='ocrx_word' id='word_1_635' title='bbox 2722 4479 3053 4536; x_wconf 90' lang='lat' dir='ltr'><strong>resurrectio</strong></span> <span class='ocrx_word' id='word_1_636' title='bbox 3082 4485 3312 4534; x_wconf 86' lang='lat' dir='ltr'><strong>mortem</strong></span> <span class='ocrx_word' id='word_1_637' title='bbox 3340 4474 3450 4531; x_wconf 91' lang='lat' dir='ltr'><strong>sol-</strong></span> 
     </span>
    </p>
   </div>
   <div class='ocr_carea' id='block_1_90' title="bbox 205 4560 3449 4676">
    <p class='ocr_par' dir='ltr' id='par_1_90' title="bbox 205 4560 3449 4676">
     <span class='ocr_line' id='line_1_90' title="bbox 205 4560 3449 4676; baseline 0.002 -58"><span class='ocrx_word' id='word_1_638' title='bbox 205 4560 384 4625; x_wconf 84' lang='lat' dir='ltr'><strong>delitas</strong></span> <span class='ocrx_word' id='word_1_639' title='bbox 409 4587 426 4625; x_wconf 86' lang='lat'><strong>:</strong></span> <span class='ocrx_word' id='word_1_640' title='bbox 450 4588 563 4629; x_wconf 91' lang='lat' dir='ltr'><strong>non</strong></span> <span class='ocrx_word' id='word_1_641' title='bbox 587 4572 762 4630; x_wconf 83' lang='lat' dir='ltr'><strong>solum</strong></span> <span class='ocrx_word' id='word_1_642' title='bbox 787 4575 1056 4642; x_wconf 90' lang='lat' dir='ltr'><strong>occidere,</strong></span> <span class='ocrx_word' id='word_1_643' title='bbox 1111 4574 1206 4630; x_wconf 90' lang='lat' dir='ltr'><strong>sed</strong></span> <span class='ocrx_word' id='word_1_644' title='bbox 1259 4575 1577 4647; x_wconf 90' lang='lat' dir='ltr'><strong>cruciﬁgere</strong></span> <span class='ocrx_word' id='word_1_645' title='bbox 1619 4591 1767 4646; x_wconf 81' lang='lat' dir='ltr'><strong>quae-</strong></span> <span class='ocrx_word' id='word_1_646' title='bbox 1791 4591 1995 4676; x_wconf 59' lang='lat' dir='ltr'><strong>l)xere</strong></span> <span class='ocrx_word' id='word_1_647' title='bbox 2033 4585 2241 4646; x_wconf 89' lang='lat' dir='ltr'><strong>potest,</strong></span> <span class='ocrx_word' id='word_1_648' title='bbox 2278 4573 2431 4643; x_wconf 89' lang='lat' dir='ltr'><strong>cujus</strong></span> <span class='ocrx_word' id='word_1_649' title='bbox 2474 4588 2623 4628; x_wconf 86' lang='lat' dir='ltr'><strong>mors</strong></span> <span class='ocrx_word' id='word_1_650' title='bbox 2665 4580 2896 4652; x_wconf 85' lang='lat' dir='ltr'><strong>mortem</strong></span> <span class='ocrx_word' id='word_1_651' title='bbox 2941 4579 2996 4625; x_wconf 90' lang='lat' dir='ltr'><strong>et</strong></span> <span class='ocrx_word' id='word_1_652' title='bbox 3039 4569 3214 4639; x_wconf 89' lang='lat' dir='ltr'><strong>ipsum</strong></span> <span class='ocrx_word' id='word_1_653' title='bbox 3258 4567 3449 4623; x_wconf 87' lang='lat' dir='ltr'><strong>mortis</strong></span> 
     </span>
    </p>
   </div>
   <div class='ocr_carea' id='block_1_91' title="bbox 136 4657 1767 4740">
    <p class='ocr_par' dir='ltr' id='par_1_91' title="bbox 136 4657 1767 4740">
     <span class='ocr_line' id='line_1_91' title="bbox 136 4657 1767 4740; baseline 0.009 -29"><span class='ocrx_word' id='word_1_654' title='bbox 136 4704 168 4724; x_wconf 76' lang='grc'><strong>.,</strong></span> <span class='ocrx_word' id='word_1_655' title='bbox 207 4667 344 4726; x_wconf 76' lang='lat' dir='ltr'><strong>runt,</strong></span> <span class='ocrx_word' id='word_1_656' title='bbox 383 4672 442 4720; x_wconf 89' lang='lat' dir='ltr'><strong>ut</strong></span> <span class='ocrx_word' id='word_1_657' title='bbox 491 4665 747 4724; x_wconf 89' lang='lat' dir='ltr'><strong>manibus</strong></span> <span class='ocrx_word' id='word_1_658' title='bbox 792 4675 848 4722; x_wconf 87' lang='lat' dir='ltr'><strong>et</strong></span> <span class='ocrx_word' id='word_1_659' title='bbox 891 4657 1117 4738; x_wconf 76' lang='lat' dir='ltr'><strong>pedibus</strong></span> <span class='ocrx_word' id='word_1_660' title='bbox 1169 4669 1237 4723; x_wconf 89' lang='lat' dir='ltr'><strong>ad</strong></span> <span class='ocrx_word' id='word_1_661' title='bbox 1282 4667 1485 4740; x_wconf 91' lang='lat' dir='ltr'><strong>lignum</strong></span> <span class='ocrx_word' id='word_1_662' title='bbox 1537 4669 1767 4726; x_wconf 82' lang='lat' dir='ltr'><strong>conﬁxis</strong></span> 
     </span>
    </p>
   </div>
   <div class='ocr_carea' id='block_1_92' title="bbox 146 4745 1764 4829">
    <p class='ocr_par' dir='ltr' id='par_1_92' title="bbox 146 4745 1764 4829">
     <span class='ocr_line' id='line_1_92' title="bbox 146 4745 1764 4829; baseline 0.009 -26"><span class='ocrx_word' id='word_1_663' title='bbox 146 4745 157 4804; x_wconf 75' lang='grc'><strong>,’</strong></span> <span class='ocrx_word' id='word_1_664' title='bbox 206 4749 452 4814; x_wconf 79' lang='lat' dir='ltr'><strong>producta</strong></span> <span class='ocrx_word' id='word_1_665' title='bbox 475 4765 655 4813; x_wconf 88' lang='lat' dir='ltr'><strong>morte</strong></span> <span class='ocrx_word' id='word_1_666' title='bbox 680 4766 986 4822; x_wconf 87' lang='lat' dir='ltr'><strong>necaretur,</strong></span> <span class='ocrx_word' id='word_1_667' title='bbox 1022 4773 1091 4815; x_wconf 92' lang='lat' dir='ltr'><strong>ne</strong></span> <span class='ocrx_word' id='word_1_668' title='bbox 1118 4757 1272 4816; x_wconf 89' lang='lat' dir='ltr'><strong>dolor</strong></span> <span class='ocrx_word' id='word_1_669' title='bbox 1306 4758 1468 4816; x_wconf 76' lang='lat' dir='ltr'><strong>citius</strong></span> <span class='ocrx_word' id='word_1_670' title='bbox 1496 4759 1764 4829; x_wconf 89' lang='lat' dir='ltr'><strong>ﬁniretur,</strong></span> 
     </span>
    </p>
   </div>
   <div class='ocr_carea' id='block_1_93' title="bbox 207 4845 1040 4907">
    <p class='ocr_par' dir='ltr' id='par_1_93' title="bbox 207 4845 1040 4907">
     <span class='ocr_line' id='line_1_93' title="bbox 207 4845 1040 4907; baseline 0.017 -15"><span class='ocrx_word' id='word_1_671' title='bbox 207 4845 256 4893; x_wconf 86' lang='lat' dir='ltr'><strong>et</strong></span> <span class='ocrx_word' id='word_1_672' title='bbox 276 4850 332 4907; x_wconf 86' lang='lat' dir='ltr'><strong>nt</strong></span> <span class='ocrx_word' id='word_1_673' title='bbox 360 4845 413 4901; x_wconf 92' lang='lat' dir='ltr'><strong>in</strong></span> <span class='ocrx_word' id='word_1_674' title='bbox 435 4863 601 4905; x_wconf 88' lang='lat' dir='ltr'><strong>cruce</strong></span> <span class='ocrx_word' id='word_1_675' title='bbox 624 4850 714 4906; x_wconf 84' lang='lat' dir='ltr'><strong>diu</strong></span> <span class='ocrx_word' id='word_1_676' title='bbox 743 4850 1040 4906; x_wconf 86' lang='lat' dir='ltr'><strong>videretur.</strong></span> 
     </span>
    </p>
   </div>
   <div class='ocr_carea' id='block_1_94' title="bbox 269 4929 1765 5013">
    <p class='ocr_par' dir='ltr' id='par_1_94' title="bbox 269 4929 1765 5013">
     <span class='ocr_line' id='line_1_94' title="bbox 269 4929 1765 5013; baseline 0.007 -25"><span class='ocrx_word' id='word_1_677' title='bbox 269 4929 424 4994; x_wconf 75' lang='lat' dir='ltr'><strong>Vm.</strong></span> <span class='ocrx_word' id='word_1_678' title='bbox 461 4939 554 4995; x_wconf 82' lang='grc'><strong>22.</strong></span> <span class='ocrx_word' id='word_1_679' title='bbox 585 4939 996 5012; x_wconf 80' lang='lat' dir='ltr'><strong>—-Corripiam,</strong></span> <span class='ocrx_word' id='word_1_680' title='bbox 1036 4949 1141 4998; x_wconf 88' lang='lat' dir='ltr'><strong>etc.</strong></span> <span class='ocrx_word' id='word_1_681' title='bbox 1165 4940 1318 4998; x_wconf 84' lang='lat' dir='ltr'><strong>Hanc</strong></span> <span class='ocrx_word' id='word_1_682' title='bbox 1365 4942 1765 5013; x_wconf 87' lang='lat' dir='ltr'><strong>correptionem</strong></span> 
     </span>
    </p>
   </div>
   <div class='ocr_carea' id='block_1_95' title="bbox 207 5015 1766 5103">
    <p class='ocr_par' dir='ltr' id='par_1_95' title="bbox 207 5015 1766 5103">
     <span class='ocr_line' id='line_1_95' title="bbox 207 5015 1766 5103; baseline 0.003 -20"><span class='ocrx_word' id='word_1_683' title='bbox 207 5015 486 5095; x_wconf 53' lang='lat' dir='ltr'><strong>Qeridendo</strong></span> <span class='ocrx_word' id='word_1_684' title='bbox 517 5039 577 5086; x_wconf 90' lang='lat' dir='ltr'><strong>et</strong></span> <span class='ocrx_word' id='word_1_685' title='bbox 602 5030 920 5103; x_wconf 83' lang='lat' dir='ltr'><strong>ﬂagellando</strong></span> <span class='ocrx_word' id='word_1_686' title='bbox 937 5032 1294 5089; x_wconf 89' lang='lat' dir='ltr'><strong>nefandorum</strong></span> <span class='ocrx_word' id='word_1_687' title='bbox 1327 5032 1612 5089; x_wconf 89' lang='lat' dir='ltr'><strong>desideriis</strong></span> <span class='ocrx_word' id='word_1_688' title='bbox 1669 5049 1766 5090; x_wconf 82' lang='lat' dir='ltr'><strong>ex-</strong></span> 
     </span>
    </p>
   </div>
   <div class='ocr_carea' id='block_1_96' title="bbox 209 5107 1762 5196">
    <p class='ocr_par' dir='ltr' id='par_1_96' title="bbox 209 5107 1762 5196">
     <span class='ocr_line' id='line_1_96' title="bbox 209 5107 1762 5196; baseline 0.01 -29"><span class='ocrx_word' id='word_1_689' title='bbox 209 5107 388 5186; x_wconf 85' lang='lat' dir='ltr'><strong>hibuit,</strong></span> <span class='ocrx_word' id='word_1_690' title='bbox 417 5137 485 5180; x_wconf 89' lang='lat' dir='ltr'><strong>ne</strong></span> <span class='ocrx_word' id='word_1_691' title='bbox 516 5139 689 5194; x_wconf 87' lang='lat' dir='ltr'><strong>usque</strong></span> <span class='ocrx_word' id='word_1_692' title='bbox 716 5124 784 5180; x_wconf 88' lang='lat' dir='ltr'><strong>ad</strong></span> <span class='ocrx_word' id='word_1_693' title='bbox 833 5108 1251 5196; x_wconf 80' lang='lat' dir='ltr'><strong>crueiﬁgendum</strong></span> <span class='ocrx_word' id='word_1_694' title='bbox 1296 5125 1564 5182; x_wconf 68' lang='lat' dir='ltr'><strong>saevirent.</strong></span> <span class='ocrx_word' id='word_1_695' title='bbox 1608 5125 1762 5195; x_wconf 88' lang='lat' dir='ltr'><strong>Quod</strong></span> 
     </span>
    </p>
   </div>
   <div class='ocr_carea' id='block_1_97' title="bbox 211 5210 1762 5289">
    <p class='ocr_par' dir='ltr' id='par_1_97' title="bbox 211 5210 1762 5289">
     <span class='ocr_line' id='line_1_97' title="bbox 211 5210 1762 5289; baseline 0.01 -24"><span class='ocrx_word' id='word_1_696' title='bbox 211 5210 262 5256; x_wconf 72' lang='grc' dir='ltr'><strong>ει</strong></span> <span class='ocrx_word' id='word_1_697' title='bbox 279 5211 435 5274; x_wconf 72' lang='lat' dir='ltr'><strong>verba</strong></span> <span class='ocrx_word' id='word_1_698' title='bbox 459 5215 686 5274; x_wconf 78' lang='lat' dir='ltr'><strong>Joannis</strong></span> <span class='ocrx_word' id='word_1_699' title='bbox 723 5217 1089 5289; x_wconf 58' lang='lat' dir='ltr'><strong>evangelista,</strong></span> <span class='ocrx_word' id='word_1_700' title='bbox 1131 5225 1184 5273; x_wconf 92' lang='lat' dir='ltr'><strong>et</strong></span> <span class='ocrx_word' id='word_1_701' title='bbox 1225 5217 1341 5288; x_wconf 81' lang='lat' dir='ltr'><strong>ipsa</strong></span> <span class='ocrx_word' id='word_1_702' title='bbox 1388 5217 1637 5274; x_wconf 84' lang='lat' dir='ltr'><strong>columna</strong></span> <span class='ocrx_word' id='word_1_703' title='bbox 1675 5227 1762 5281; x_wconf 73' lang='lat' dir='ltr'><strong>te,-</strong></span> 
     </span>
    </p>
   </div>
   <div class='ocr_carea' id='block_1_98' title="bbox 213 5299 1766 5380">
    <p class='ocr_par' dir='ltr' id='par_1_98' title="bbox 213 5299 1766 5380">
     <span class='ocr_line' id='line_1_98' title="bbox 213 5299 1766 5380; baseline 0.008 -29"><span class='ocrx_word' id='word_1_704' title='bbox 213 5299 371 5380; x_wconf 64' lang='lat' dir='ltr'><strong>mmr</strong></span> <span class='ocrx_word' id='word_1_705' title='bbox 405 5308 472 5360; x_wconf 90' lang='lat' dir='ltr'><strong>ad</strong></span> <span class='ocrx_word' id='word_1_706' title='bbox 497 5321 657 5376; x_wconf 88' lang='lat' dir='ltr'><strong>quam</strong></span> <span class='ocrx_word' id='word_1_707' title='bbox 687 5306 883 5379; x_wconf 89' lang='lat' dir='ltr'><strong>ligatus</strong></span> <span class='ocrx_word' id='word_1_708' title='bbox 909 5306 1011 5362; x_wconf 89' lang='lat' dir='ltr'><strong>fuit</strong></span> <span class='ocrx_word' id='word_1_709' title='bbox 1030 5308 1309 5373; x_wconf 86' lang='lat' dir='ltr'><strong>Dominus,</strong></span> <span class='ocrx_word' id='word_1_710' title='bbox 1343 5323 1464 5378; x_wconf 63' lang='lat' dir='ltr'><strong>quae</strong></span> <span class='ocrx_word' id='word_1_711' title='bbox 1484 5323 1652 5380; x_wconf 90' lang='lat' dir='ltr'><strong>usque</strong></span> <span class='ocrx_word' id='word_1_712' title='bbox 1673 5310 1766 5364; x_wconf 93' lang='lat' dir='ltr'><strong>ho-</strong></span> 
     </span>
    </p>
   </div>
   <div class='ocr_carea' id='block_1_99' title="bbox 210 5379 1766 5470">
    <p class='ocr_par' dir='ltr' id='par_1_99' title="bbox 210 5379 1766 5470">
     <span class='ocr_line' id='line_1_99' title="bbox 210 5379 1766 5470; baseline 0.006 -24"><span class='ocrx_word' id='word_1_713' title='bbox 210 5379 291 5440; x_wconf 73' lang='lat' dir='ltr'><strong>die</strong></span> <span class='ocrx_word' id='word_1_714' title='bbox 312 5389 567 5452; x_wconf 85' lang='lat' dir='ltr'><strong>Dominici</strong></span> <span class='ocrx_word' id='word_1_715' title='bbox 596 5397 874 5469; x_wconf 85' lang='lat' dir='ltr'><strong>sanguinis</strong></span> <span class='ocrx_word' id='word_1_716' title='bbox 895 5396 1240 5452; x_wconf 90' lang='lat' dir='ltr'><strong>cernentibus</strong></span> <span class='ocrx_word' id='word_1_717' title='bbox 1279 5407 1424 5453; x_wconf 87' lang='lat' dir='ltr'><strong>certa</strong></span> <span class='ocrx_word' id='word_1_718' title='bbox 1460 5379 1611 5470; x_wconf 89' lang='lat' dir='ltr'><strong>signa</strong></span> <span class='ocrx_word' id='word_1_719' title='bbox 1671 5399 1766 5455; x_wconf 83' lang='lat' dir='ltr'><strong>de-</strong></span> 
     </span>
    </p>
   </div>
   <div class='ocr_carea' id='block_1_100' title="bbox 213 5486 1762 5562">
    <p class='ocr_par' dir='ltr' id='par_1_100' title="bbox 213 5486 1762 5562">
     <span class='ocr_line' id='line_1_100' title="bbox 213 5486 1762 5562; baseline 0.006 -23"><span class='ocrx_word' id='word_1_720' title='bbox 213 5486 480 5544; x_wconf 77' lang='lat' dir='ltr'><strong>monstrat.</strong></span> <span class='ocrx_word' id='word_1_721' title='bbox 515 5489 621 5546; x_wconf 89' lang='lat' dir='ltr'><strong>Sed</strong></span> <span class='ocrx_word' id='word_1_722' title='bbox 645 5489 770 5546; x_wconf 90' lang='lat' dir='ltr'><strong>licet</strong></span> <span class='ocrx_word' id='word_1_723' title='bbox 798 5489 1005 5546; x_wconf 88' lang='lat' dir='ltr'><strong>Pilatus</strong></span> <span class='ocrx_word' id='word_1_724' title='bbox 1035 5491 1138 5545; x_wconf 91' lang='lat' dir='ltr'><strong>hoc</strong></span> <span class='ocrx_word' id='word_1_725' title='bbox 1157 5499 1300 5562; x_wconf 87' lang='lat' dir='ltr'><strong>agat,</strong></span> <span class='ocrx_word' id='word_1_726' title='bbox 1331 5491 1652 5548; x_wconf 90' lang='lat' dir='ltr'><strong>insatiabilis</strong></span> <span class='ocrx_word' id='word_1_727' title='bbox 1677 5501 1762 5548; x_wconf 87' lang='lat' dir='ltr'><strong>ta-</strong></span> 
     </span>
    </p>
   </div>
   <div class='ocr_carea' id='block_1_101' title="bbox 214 5577 1765 5655">
    <p class='ocr_par' dir='ltr' id='par_1_101' title="bbox 214 5577 1765 5655">
     <span class='ocr_line' id='line_1_101' title="bbox 214 5577 1765 5655; baseline 0.008 -27"><span class='ocrx_word' id='word_1_728' title='bbox 214 5577 327 5624; x_wconf 77' lang='lat' dir='ltr'><strong>men</strong></span> <span class='ocrx_word' id='word_1_729' title='bbox 355 5580 729 5652; x_wconf 89' lang='lat' dir='ltr'><strong>sacrilegorum</strong></span> <span class='ocrx_word' id='word_1_730' title='bbox 763 5580 915 5637; x_wconf 90' lang='lat' dir='ltr'><strong>furor</strong></span> <span class='ocrx_word' id='word_1_731' title='bbox 939 5597 1046 5637; x_wconf 91' lang='lat' dir='ltr'><strong>non</strong></span> <span class='ocrx_word' id='word_1_732' title='bbox 1095 5592 1292 5648; x_wconf 88' lang='lat' dir='ltr'><strong>cessat,</strong></span> <span class='ocrx_word' id='word_1_733' title='bbox 1320 5584 1415 5640; x_wconf 88' lang='lat' dir='ltr'><strong>sed</strong></span> <span class='ocrx_word' id='word_1_734' title='bbox 1467 5585 1640 5655; x_wconf 88' lang='lat' dir='ltr'><strong>magis</strong></span> <span class='ocrx_word' id='word_1_735' title='bbox 1681 5585 1765 5640; x_wconf 90' lang='lat' dir='ltr'><strong>in-</strong></span> 
     </span>
    </p>
   </div>
   <div class='ocr_carea' id='block_1_102' title="bbox 217 5664 1766 5747">
    <p class='ocr_par' dir='ltr' id='par_1_102' title="bbox 217 5664 1766 5747">
     <span class='ocr_line' id='line_1_102' title="bbox 217 5664 1766 5747; baseline 0.017 -38"><span class='ocrx_word' id='word_1_736' title='bbox 217 5664 314 5715; x_wconf 81' lang='lat' dir='ltr'><strong>stat</strong></span> <span class='ocrx_word' id='word_1_737' title='bbox 339 5670 460 5737; x_wconf 89' lang='lat' dir='ltr'><strong>quia</strong></span> <span class='ocrx_word' id='word_1_738' title='bbox 481 5675 900 5743; x_wconf 86' lang='lat' dir='ltr'><strong>accusationem,</strong></span> <span class='ocrx_word' id='word_1_739' title='bbox 944 5691 1108 5747; x_wconf 86' lang='lat' dir='ltr'><strong>quam</strong></span> <span class='ocrx_word' id='word_1_740' title='bbox 1145 5685 1331 5732; x_wconf 91' lang='lat' dir='ltr'><strong>contra</strong></span> <span class='ocrx_word' id='word_1_741' title='bbox 1356 5677 1640 5734; x_wconf 89' lang='lat' dir='ltr'><strong>Dominum</strong></span> <span class='ocrx_word' id='word_1_742' title='bbox 1673 5679 1766 5734; x_wconf 90' lang='lat' dir='ltr'><strong>de-</strong></span> 
     </span>
    </p>
   </div>
   <div class='ocr_carea' id='block_1_103' title="bbox 219 5750 1767 5840">
    <p class='ocr_par' dir='ltr' id='par_1_103' title="bbox 219 5750 1767 5840">
     <span class='ocr_line' id='line_1_103' title="bbox 219 5750 1767 5840; baseline 0.016 -40"><span class='ocrx_word' id='word_1_743' title='bbox 219 5750 458 5832; x_wconf 87' lang='lat' dir='ltr'><strong>tulerant,</strong></span> <span class='ocrx_word' id='word_1_744' title='bbox 481 5761 709 5823; x_wconf 88' lang='lat' dir='ltr'><strong>sollicita</strong></span> <span class='ocrx_word' id='word_1_745' title='bbox 750 5767 908 5823; x_wconf 88' lang='lat' dir='ltr'><strong>Pilati</strong></span> <span class='ocrx_word' id='word_1_746' title='bbox 933 5768 1353 5840; x_wconf 82' lang='lat' dir='ltr'><strong>interrogatione</strong></span> <span class='ocrx_word' id='word_1_747' title='bbox 1375 5768 1622 5826; x_wconf 88' lang='lat' dir='ltr'><strong>viderant</strong></span> <span class='ocrx_word' id='word_1_748' title='bbox 1641 5784 1767 5825; x_wconf 84' lang='lat' dir='ltr'><strong>eva-</strong></span> 
     </span>
    </p>
   </div>
   <div class='ocr_carea' id='block_1_104' title="bbox 217 5851 1766 5953">
    <p class='ocr_par' dir='ltr' id='par_1_104' title="bbox 217 5851 1766 5953">
     <span class='ocr_line' id='line_1_104' title="bbox 217 5851 1766 5953; baseline 0.017 -55"><span class='ocrx_word' id='word_1_749' title='bbox 217 5851 435 5912; x_wconf 76' lang='lat' dir='ltr'><strong>cuatam.</strong></span> <span class='ocrx_word' id='word_1_750' title='bbox 473 5855 710 5924; x_wconf 83' lang='lat' dir='ltr'><strong>Tandem</strong></span> <span class='ocrx_word' id='word_1_751' title='bbox 734 5858 990 5951; x_wconf 81' lang='lat' dir='ltr'><strong>impudici</strong></span> <span class='ocrx_word' id='word_1_752' title='bbox 1007 5859 1087 5952; x_wconf 71' lang='lat' dir='ltr'><strong>ad</strong></span> <span class='ocrx_word' id='word_1_753' title='bbox 1111 5859 1259 5953; x_wconf 67' lang='lat' dir='ltr'><strong>solas</strong></span> <span class='ocrx_word' id='word_1_754' title='bbox 1292 5875 1484 5941; x_wconf 81' lang='lat' dir='ltr'><strong>preces</strong></span> <span class='ocrx_word' id='word_1_755' title='bbox 1531 5876 1591 5922; x_wconf 85' lang='lat' dir='ltr'><strong>se</strong></span> <span class='ocrx_word' id='word_1_756' title='bbox 1635 5876 1766 5924; x_wconf 82' lang='lat' dir='ltr'><strong>con-</strong></span> 
     </span>
    </p>
   </div>
   <div class='ocr_carea' id='block_1_105' title="bbox 1870 4665 3444 4737">
    <p class='ocr_par' dir='ltr' id='par_1_105' title="bbox 1870 4665 3444 4737">
     <span class='ocr_line' id='line_1_105' title="bbox 1870 4665 3444 4737; baseline -0.01 -9"><span class='ocrx_word' id='word_1_757' title='bbox 1870 4679 2144 4727; x_wconf 90' lang='lat' dir='ltr'><strong>auctorem</strong></span> <span class='ocrx_word' id='word_1_758' title='bbox 2190 4670 2451 4725; x_wconf 89' lang='lat' dir='ltr'><strong>destruet.</strong></span> <span class='ocrx_word' id='word_1_759' title='bbox 2489 4665 2598 4733; x_wconf 82' lang='lat' dir='ltr'><strong>Vos</strong></span> <span class='ocrx_word' id='word_1_760' title='bbox 2642 4666 2822 4737; x_wconf 88' lang='lat' dir='ltr'><strong>potius</strong></span> <span class='ocrx_word' id='word_1_761' title='bbox 2867 4671 3210 4730; x_wconf 89' lang='lat' dir='ltr'><strong>vestramque</strong></span> <span class='ocrx_word' id='word_1_762' title='bbox 3248 4673 3444 4730; x_wconf 83' lang='lat' dir='ltr'><strong>proge—</strong></span> 
     </span>
    </p>
   </div>
   <div class='ocr_carea' id='block_1_106' title="bbox 1871 4753 3448 4834">
    <p class='ocr_par' dir='ltr' id='par_1_106' title="bbox 1871 4753 3448 4834">
     <span class='ocr_line' id='line_1_106' title="bbox 1871 4753 3448 4834; baseline -0.009 -14"><span class='ocrx_word' id='word_1_763' title='bbox 1871 4764 2017 4820; x_wconf 89' lang='lat' dir='ltr'><strong>niem</strong></span> <span class='ocrx_word' id='word_1_764' title='bbox 2056 4762 2231 4834; x_wconf 88' lang='lat' dir='ltr'><strong>dignis</strong></span> <span class='ocrx_word' id='word_1_765' title='bbox 2267 4761 2629 4832; x_wconf 88' lang='lat' dir='ltr'><strong>lacrymarum</strong></span> <span class='ocrx_word' id='word_1_766' title='bbox 2677 4757 2915 4813; x_wconf 88' lang='lat' dir='ltr'><strong>fontibus</strong></span> <span class='ocrx_word' id='word_1_767' title='bbox 2955 4753 3180 4818; x_wconf 90' lang='lat' dir='ltr'><strong>abluite,</strong></span> <span class='ocrx_word' id='word_1_768' title='bbox 3218 4766 3286 4807; x_wconf 90' lang='lat' dir='ltr'><strong>ne</strong></span> <span class='ocrx_word' id='word_1_769' title='bbox 3321 4766 3448 4807; x_wconf 88' lang='lat' dir='ltr'><strong>cum</strong></span> 
     </span>
    </p>
   </div>
   <div class='ocr_carea' id='block_1_107' title="bbox 1871 4845 3213 4926">
    <p class='ocr_par' dir='ltr' id='par_1_107' title="bbox 1871 4845 3213 4926">
     <span class='ocr_line' id='line_1_107' title="bbox 1871 4845 3213 4926; baseline -0.01 -16"><span class='ocrx_word' id='word_1_770' title='bbox 1871 4854 2092 4926; x_wconf 87' lang='lat' dir='ltr'><strong>perﬁdis</strong></span> <span class='ocrx_word' id='word_1_771' title='bbox 2122 4851 2454 4908; x_wconf 90' lang='lat' dir='ltr'><strong>damnemini</strong></span> <span class='ocrx_word' id='word_1_772' title='bbox 2483 4852 2538 4906; x_wconf 94' lang='lat' dir='ltr'><strong>in</strong></span> <span class='ocrx_word' id='word_1_773' title='bbox 2568 4849 2828 4904; x_wconf 89' lang='lat' dir='ltr'><strong>ultionem</strong></span> <span class='ocrx_word' id='word_1_774' title='bbox 2853 4861 2988 4902; x_wconf 70' lang='lat' dir='ltr'><strong>mea:</strong></span> <span class='ocrx_word' id='word_1_775' title='bbox 3017 4845 3213 4900; x_wconf 88' lang='lat' dir='ltr'><strong>crucis.</strong></span> 
     </span>
    </p>
   </div>
   <div class='ocr_carea' id='block_1_108' title="bbox 1941 4933 3447 5003">
    <p class='ocr_par' dir='ltr' id='par_1_108' title="bbox 1941 4933 3447 5003">
     <span class='ocr_line' id='line_1_108' title="bbox 1941 4933 3447 5003; baseline -0.009 0"><span class='ocrx_word' id='word_1_776' title='bbox 1941 4947 2106 5003; x_wconf 72' lang='lat' dir='ltr'><strong>Vens.</strong></span> <span class='ocrx_word' id='word_1_777' title='bbox 2141 4945 2233 5002; x_wconf 86' lang='grc'><strong>29.</strong></span> <span class='ocrx_word' id='word_1_778' title='bbox 2266 4972 2339 4986; x_wconf 89' lang='grc'><strong><em>-</em></strong></span> <span class='ocrx_word' id='word_1_779' title='bbox 2366 4942 2501 4997; x_wconf 85' lang='lat' dir='ltr'><strong>Ecce</strong></span> <span class='ocrx_word' id='word_1_780' title='bbox 2529 4941 2725 4997; x_wconf 81' lang='lat' dir='ltr'><strong>venient</strong></span> <span class='ocrx_word' id='word_1_781' title='bbox 2752 4939 2882 4993; x_wconf 72' lang='lat' dir='ltr'><strong>dies.</strong></span> <span class='ocrx_word' id='word_1_782' title='bbox 2912 4937 3038 4992; x_wconf 90' lang='lat' dir='ltr'><strong>Dies</strong></span> <span class='ocrx_word' id='word_1_783' title='bbox 3065 4935 3322 4991; x_wconf 62' lang='lat' dir='ltr'><strong>Romanae</strong></span> <span class='ocrx_word' id='word_1_784' title='bbox 3344 4933 3447 4990; x_wconf 90' lang='lat' dir='ltr'><strong>ob-</strong></span> 
     </span>
    </p>
   </div>
   <div class='ocr_carea' id='block_1_109' title="bbox 1871 5026 3447 5104">
    <p class='ocr_par' dir='ltr' id='par_1_109' title="bbox 1871 5026 3447 5104">
     <span class='ocr_line' id='line_1_109' title="bbox 1871 5026 3447 5104; baseline -0.009 -10"><span class='ocrx_word' id='word_1_785' title='bbox 1871 5037 2096 5094; x_wconf 86' lang='lat' dir='ltr'><strong>sidionis</strong></span> <span class='ocrx_word' id='word_1_786' title='bbox 2116 5043 2174 5090; x_wconf 92' lang='lat' dir='ltr'><strong>et</strong></span> <span class='ocrx_word' id='word_1_787' title='bbox 2190 5032 2537 5104; x_wconf 89' lang='lat' dir='ltr'><strong>captivitatis.</strong></span> <span class='ocrx_word' id='word_1_788' title='bbox 2554 5029 2807 5085; x_wconf 84' lang='lat' dir='ltr'><strong>Naturale</strong></span> <span class='ocrx_word' id='word_1_789' title='bbox 2827 5037 2912 5084; x_wconf 88' lang='lat' dir='ltr'><strong>est</strong></span> <span class='ocrx_word' id='word_1_790' title='bbox 2935 5028 3251 5083; x_wconf 89' lang='lat' dir='ltr'><strong>imminente</strong></span> <span class='ocrx_word' id='word_1_791' title='bbox 3275 5026 3447 5096; x_wconf 82' lang='lat' dir='ltr'><strong>capti-</strong></span> 
     </span>
    </p>
   </div>
   <div class='ocr_carea' id='block_1_110' title="bbox 1873 5107 3460 5194">
    <p class='ocr_par' dir='ltr' id='par_1_110' title="bbox 1873 5107 3460 5194">
     <span class='ocr_line' id='line_1_110' title="bbox 1873 5107 3460 5194; baseline -0.004 -11"><span class='ocrx_word' id='word_1_792' title='bbox 1873 5128 2058 5194; x_wconf 88' lang='lat' dir='ltr'><strong>vitate,</strong></span> <span class='ocrx_word' id='word_1_793' title='bbox 2079 5125 2373 5194; x_wconf 91' lang='lat' dir='ltr'><strong>hostilique</strong></span> <span class='ocrx_word' id='word_1_794' title='bbox 2398 5138 2496 5194; x_wconf 92' lang='lat' dir='ltr'><strong>per</strong></span> <span class='ocrx_word' id='word_1_795' title='bbox 2522 5137 2680 5193; x_wconf 88' lang='lat' dir='ltr'><strong>agros</strong></span> <span class='ocrx_word' id='word_1_796' title='bbox 2707 5121 2976 5191; x_wconf 90' lang='lat' dir='ltr'><strong>urbesque</strong></span> <span class='ocrx_word' id='word_1_797' title='bbox 3005 5119 3154 5176; x_wconf 88' lang='lat' dir='ltr'><strong>clade</strong></span> <span class='ocrx_word' id='word_1_798' title='bbox 3179 5107 3460 5186; x_wconf 64' lang='lat' dir='ltr'><strong>fervente,</strong></span> 
     </span>
    </p>
   </div>
   <div class='ocr_carea' id='block_1_111' title="bbox 1871 5213 3444 5290">
    <p class='ocr_par' dir='ltr' id='par_1_111' title="bbox 1871 5213 3444 5290">
     <span class='ocr_line' id='line_1_111' title="bbox 1871 5213 3444 5290; baseline -0.006 -13"><span class='ocrx_word' id='word_1_799' title='bbox 1871 5227 2096 5277; x_wconf 88' lang='lat' dir='ltr'><strong>cunctos</strong></span> <span class='ocrx_word' id='word_1_800' title='bbox 2121 5218 2212 5290; x_wconf 91' lang='lat' dir='ltr'><strong>qui</strong></span> <span class='ocrx_word' id='word_1_801' title='bbox 2242 5217 2470 5273; x_wconf 87' lang='lat' dir='ltr'><strong>evadere</strong></span> <span class='ocrx_word' id='word_1_802' title='bbox 2497 5221 2723 5285; x_wconf 91' lang='lat' dir='ltr'><strong>queant,</strong></span> <span class='ocrx_word' id='word_1_803' title='bbox 2755 5213 2865 5269; x_wconf 89' lang='lat' dir='ltr'><strong>alta</strong></span> <span class='ocrx_word' id='word_1_804' title='bbox 2895 5228 3118 5286; x_wconf 63' lang='lat' dir='ltr'><strong>qumque</strong></span> <span class='ocrx_word' id='word_1_805' title='bbox 3150 5213 3234 5270; x_wconf 91' lang='lat' dir='ltr'><strong>vel</strong></span> <span class='ocrx_word' id='word_1_806' title='bbox 3261 5214 3444 5269; x_wconf 83' lang='lat' dir='ltr'><strong>abdita</strong></span> 
     </span>
    </p>
   </div>
   <div class='ocr_carea' id='block_1_112' title="bbox 1869 5306 3069 5384">
    <p class='ocr_par' dir='ltr' id='par_1_112' title="bbox 1869 5306 3069 5384">
     <span class='ocr_line' id='line_1_112' title="bbox 1869 5306 3069 5384; baseline -0.011 -14"><span class='ocrx_word' id='word_1_807' title='bbox 1869 5312 2075 5384; x_wconf 87' lang='lat' dir='ltr'><strong>refugia</strong></span> <span class='ocrx_word' id='word_1_808' title='bbox 2102 5310 2296 5380; x_wconf 92' lang='lat' dir='ltr'><strong>quibus</strong></span> <span class='ocrx_word' id='word_1_809' title='bbox 2326 5308 2746 5372; x_wconf 87' lang='lat' dir='ltr'><strong>abscondantur,</strong></span> <span class='ocrx_word' id='word_1_810' title='bbox 2774 5306 3069 5376; x_wconf 88' lang='lat' dir='ltr'><strong>requirere.</strong></span> 
     </span>
    </p>
   </div>
   <div class='ocr_carea' id='block_1_113' title="bbox 1942 5396 3442 5468">
    <p class='ocr_par' dir='ltr' id='par_1_113' title="bbox 1942 5396 3442 5468">
     <span class='ocr_line' id='line_1_113' title="bbox 1942 5396 3442 5468; baseline -0.004 -12"><span class='ocrx_word' id='word_1_811' title='bbox 1942 5402 2106 5456; x_wconf 76' lang='lat' dir='ltr'><strong>Vens.</strong></span> <span class='ocrx_word' id='word_1_812' title='bbox 2144 5399 2232 5454; x_wconf 79' lang='grc'><strong>50.</strong></span> <span class='ocrx_word' id='word_1_813' title='bbox 2263 5430 2332 5439; x_wconf 91' lang='grc'><strong><em>-</em></strong></span> <span class='ocrx_word' id='word_1_814' title='bbox 2361 5397 2543 5454; x_wconf 84' lang='lat' dir='ltr'><strong>Cadite</strong></span> <span class='ocrx_word' id='word_1_815' title='bbox 2580 5413 2736 5468; x_wconf 78' lang='lat' dir='ltr'><strong>super</strong></span> <span class='ocrx_word' id='word_1_816' title='bbox 2771 5413 2886 5452; x_wconf 79' lang='lat' dir='ltr'><strong>nos.</strong></span> <span class='ocrx_word' id='word_1_817' title='bbox 2916 5396 3099 5452; x_wconf 89' lang='lat' dir='ltr'><strong>Potest</strong></span> <span class='ocrx_word' id='word_1_818' title='bbox 3123 5397 3227 5452; x_wconf 86' lang='lat' dir='ltr'><strong>hoc</strong></span> <span class='ocrx_word' id='word_1_819' title='bbox 3251 5411 3318 5450; x_wconf 82' lang='lat' dir='ltr'><strong>ex</strong></span> <span class='ocrx_word' id='word_1_820' title='bbox 3352 5411 3442 5452; x_wconf 87' lang='lat' dir='ltr'><strong>su-</strong></span> 
     </span>
    </p>
   </div>
   <div class='ocr_carea' id='block_1_114' title="bbox 1870 5485 3442 5565">
    <p class='ocr_par' dir='ltr' id='par_1_114' title="bbox 1870 5485 3442 5565">
     <span class='ocr_line' id='line_1_114' title="bbox 1870 5485 3442 5565; baseline -0.005 -17"><span class='ocrx_word' id='word_1_821' title='bbox 1870 5485 2076 5565; x_wconf 84' lang='lat' dir='ltr'><strong>perﬂuo</strong></span> <span class='ocrx_word' id='word_1_822' title='bbox 2101 5490 2323 5561; x_wconf 89' lang='lat' dir='ltr'><strong>intelligi</strong></span> <span class='ocrx_word' id='word_1_823' title='bbox 2355 5489 2420 5546; x_wconf 89' lang='lat' dir='ltr'><strong>de</strong></span> <span class='ocrx_word' id='word_1_824' title='bbox 2459 5489 2543 5544; x_wconf 92' lang='lat' dir='ltr'><strong>his</strong></span> <span class='ocrx_word' id='word_1_825' title='bbox 2575 5489 2666 5559; x_wconf 92' lang='lat' dir='ltr'><strong>qui</strong></span> <span class='ocrx_word' id='word_1_826' title='bbox 2697 5488 2950 5544; x_wconf 88' lang='lat' dir='ltr'><strong>utrolibet</strong></span> <span class='ocrx_word' id='word_1_827' title='bbox 2971 5503 3105 5543; x_wconf 81' lang='lat' dir='ltr'><strong>sexu</strong></span> <span class='ocrx_word' id='word_1_828' title='bbox 3127 5487 3333 5558; x_wconf 85' lang='lat' dir='ltr'><strong>seipsos</strong></span> <span class='ocrx_word' id='word_1_829' title='bbox 3352 5501 3442 5542; x_wconf 86' lang='lat' dir='ltr'><strong>ea-</strong></span> 
     </span>
    </p>
   </div>
   <div class='ocr_carea' id='block_1_115' title="bbox 1867 5580 3402 5664">
    <p class='ocr_par' dir='ltr' id='par_1_115' title="bbox 1867 5580 3402 5664">
     <span class='ocr_line' id='line_1_115' title="bbox 1867 5580 3402 5664; baseline -0.007 -22"><span class='ocrx_word' id='word_1_830' title='bbox 1867 5592 2172 5642; x_wconf 84' lang='lat' dir='ltr'><strong>straverunt</strong></span> <span class='ocrx_word' id='word_1_831' title='bbox 2190 5591 2411 5654; x_wconf 90' lang='lat' dir='ltr'><strong>propter</strong></span> <span class='ocrx_word' id='word_1_832' title='bbox 2431 5580 2951 5664; x_wconf 50' lang='lat' dir='ltr'><strong>regnum&#39;cmlorum.</strong></span> <span class='ocrx_word' id='word_1_833' title='bbox 3399 5635 3402 5638; x_wconf 58' lang='grc'><strong><em>,</em></strong></span> 
     </span>
    </p>
   </div>
   <div class='ocr_carea' id='block_1_116' title="bbox 1941 5667 3443 5743">
    <p class='ocr_par' dir='ltr' id='par_1_116' title="bbox 1941 5667 3443 5743">
     <span class='ocr_line' id='line_1_116' title="bbox 1941 5667 3443 5743; baseline -0.007 -12"><span class='ocrx_word' id='word_1_834' title='bbox 1941 5675 2106 5730; x_wconf 72' lang='lat' dir='ltr'><strong>Vens.</strong></span> <span class='ocrx_word' id='word_1_835' title='bbox 2137 5675 2226 5728; x_wconf 79' lang='lat' dir='ltr'><strong>5t.</strong></span> <span class='ocrx_word' id='word_1_836' title='bbox 2253 5703 2324 5715; x_wconf 91' lang='lat'><strong>——</strong></span> <span class='ocrx_word' id='word_1_837' title='bbox 2359 5673 2498 5740; x_wconf 84' lang='lat' dir='ltr'><strong>Quia</strong></span> <span class='ocrx_word' id='word_1_838' title='bbox 2525 5674 2568 5727; x_wconf 75' lang='lat' dir='ltr'><strong>si</strong></span> <span class='ocrx_word' id='word_1_839' title='bbox 2596 5672 2650 5726; x_wconf 83' lang='lat' dir='ltr'><strong>in</strong></span> <span class='ocrx_word' id='word_1_840' title='bbox 2684 5672 2839 5728; x_wconf 84' lang='lat' dir='ltr'><strong>viridi</strong></span> <span class='ocrx_word' id='word_1_841' title='bbox 2857 5671 3016 5743; x_wconf 82' lang='lat' dir='ltr'><strong>ligno.</strong></span> <span class='ocrx_word' id='word_1_842' title='bbox 3039 5669 3224 5724; x_wconf 84' lang='lat' dir='ltr'><strong>Viride</strong></span> <span class='ocrx_word' id='word_1_843' title='bbox 3240 5667 3443 5736; x_wconf 87' lang='lat' dir='ltr'><strong>lignum</strong></span> 
     </span>
    </p>
   </div>
   <div class='ocr_carea' id='block_1_117' title="bbox 1869 5762 3439 5836">
    <p class='ocr_par' dir='ltr' id='par_1_117' title="bbox 1869 5762 3439 5836">
     <span class='ocr_line' id='line_1_117' title="bbox 1869 5762 3439 5836; baseline -0.008 -12"><span class='ocrx_word' id='word_1_844' title='bbox 1869 5767 2117 5824; x_wconf 90' lang='lat' dir='ltr'><strong>Christus</strong></span> <span class='ocrx_word' id='word_1_845' title='bbox 2141 5774 2196 5822; x_wconf 90' lang='lat' dir='ltr'><strong>et</strong></span> <span class='ocrx_word' id='word_1_846' title='bbox 2235 5765 2319 5819; x_wconf 92' lang='lat' dir='ltr'><strong>sui</strong></span> <span class='ocrx_word' id='word_1_847' title='bbox 2347 5764 2526 5830; x_wconf 90' lang='lat' dir='ltr'><strong>electi,</strong></span> <span class='ocrx_word' id='word_1_848' title='bbox 2565 5763 2773 5820; x_wconf 90' lang='lat' dir='ltr'><strong>aridum</strong></span> <span class='ocrx_word' id='word_1_849' title='bbox 2812 5762 2963 5832; x_wconf 90' lang='lat' dir='ltr'><strong>impii</strong></span> <span class='ocrx_word' id='word_1_850' title='bbox 3006 5773 3061 5836; x_wconf 84' lang='lat' dir='ltr'><strong>et</strong></span> <span class='ocrx_word' id='word_1_851' title='bbox 3096 5767 3439 5830; x_wconf 83' lang='lat' dir='ltr'><strong>peccatores,</strong></span> 
     </span>
    </p>
   </div>
   <div class='ocr_carea' id='block_1_118' title="bbox 1871 5851 3439 5948">
    <p class='ocr_par' dir='ltr' id='par_1_118' title="bbox 1871 5851 3439 5948">
     <span class='ocr_line' id='line_1_118' title="bbox 1871 5851 3439 5948; baseline -0.008 -27"><span class='ocrx_word' id='word_1_852' title='bbox 1871 5862 2016 5922; x_wconf 86' lang='lat' dir='ltr'><strong>unde</strong></span> <span class='ocrx_word' id='word_1_853' title='bbox 2053 5860 2178 5940; x_wconf 84' lang='lat' dir='ltr'><strong>ait_:</strong></span> <span class='ocrx_word' id='word_1_854' title='bbox 2207 5858 2270 5948; x_wconf 79' lang='lat' dir='ltr'><strong>Si</strong></span> <span class='ocrx_word' id='word_1_855' title='bbox 2297 5874 2426 5942; x_wconf 66' lang='lat' dir='ltr'><strong>ergo</strong></span> <span class='ocrx_word' id='word_1_856' title='bbox 2461 5872 2564 5934; x_wconf 74' lang='lat' dir='ltr'><strong>ego</strong></span> <span class='ocrx_word' id='word_1_857' title='bbox 2588 5858 2684 5936; x_wconf 85' lang='lat' dir='ltr'><strong>qui</strong></span> <span class='ocrx_word' id='word_1_858' title='bbox 2727 5864 3012 5944; x_wconf 75' lang='lat' dir='ltr'><strong>peccatum</strong></span> <span class='ocrx_word' id='word_1_859' title='bbox 3041 5851 3331 5944; x_wconf 36' lang='lat' dir='ltr'><strong>uouvfecij</strong></span> <span class='ocrx_word' id='word_1_860' title='bbox 3349 5851 3439 5930; x_wconf 78' lang='lat' dir='ltr'><strong>qui</strong></span> 
     </span>
    </p>
   </div>
  </div>
