3960 6336
477 425 577 489 351

972 419 1364 481 WALAFRIDI
1403 415 1651 477 STRABI
1691 413 1897 474 FULD.
1936 409 2100 470 MON.
2140 407 2291 467 OPP.
2333 409 2512 466 PARS
2546 405 2587 465 1.
2630 437 2698 449 —-
2735 405 3188 465 THEOLOGICA.

3627 404 3746 464 352

479 554 788 602 sanctorum
848 539 902 594 in
948 529 1343 594 resurrectione
1391 534 1603 590 Domini
1656 539 1957 603 prostratus
1999 528 2052 583 in
2079 527 2134 589 Α
2232 523 2388 580 Vens.
2414 523 2686 590 18,19,20.
2709 514 2777 563 θ
2798 519 3112 592 Peregrinus
3135 536 3212 585 es,
3238 526 3344 574 etc.
3375 518 3742 585 Quibus,etc.

479 648 680 693 terram
723 632 951 689 adorare
995 629 1228 702 legitur;
1266 627 1408 683 unde
1441 642 1555 686 mos
1583 625 1746 696 coepit
1780 623 1834 678 in
1868 619 2053 676 Eccle-

477 727 557 783 sia
599 722 836 796 paschali
883 729 1124 790 tempore
1170 734 1276 774 non
1320 717 1464 773 flecti
1492 731 1665 787 genua
1700 715 1754 770 in
1785 713 2051 779 oratione,

478 818 571 874 sed
591 815 741 870 vultu
772 814 826 867 in
852 821 1051 866 terram
1078 811 1344 866 declinato
1378 823 1554 864 orare.
1733 881 1740 885 ἢ

553 905 712 960 Vens.
744 902 796 958 6.
824 933 897 944 -—
918 900 1303 956 Recordamini.
1338 900 1434 955 Die
1472 898 1649 962 tertia,
1675 898 1817 953 sicut
1849 911 1917 952 ex
1949 896 2056 952 hoc

483 997 602 1053 loco
645 994 930 1058 habemus,
974 992 1117 1046 inter
1160 989 1448 1060 discipulos
1477 989 1639 1044 etiam
1691 987 1905 1044 feminis
1935 1003 2055 1056 qua:

479 1103 600 1143 eum
623 1087 1006 1165 sequebantur,
1049 1084 1310 1139 Dominus
1359 1091 1792 1138 resurrecturum
1822 1096 1894 1166 .se
1917 1096 2055 1151 pree-

477 1179 632 1233 dixit.
663 1157 962 1231 Parasceve
1004 1176 1136 1229 hora
1164 1189 1306 1229 nona
1335 1173 1652 1244 exspiravit,
1694 1157 1853 1227 mane
1882 1172 2054 1242 prima

476 1269 685 1325 sabbati
715 1267 1033 1323 resurrexit.
1065 1265 1256 1320 Merito
1303 1272 1482 1319 autem
1524 1277 1631 1318 una
1661 1263 1747 1317 die
1770 1270 1825 1316 et
1845 1262 2054 1317 duabus

476 1359 726 1413 noctibus
751 1357 804 1411 in
844 1355 1091 1426 sepulcro
1128 1354 1318 1426 jacuit,
1346 1354 1473 1424 quia
1503 1352 1678 1408 lucem
1708 1368 1820 1409 suae
1849 1353 2054 1423 simpla“,

476 1449 669 1505 mortis
691 1449 831 1520 (quae
874 1457 1080 1502 tantum
1119 1447 1174 1500 in
1211 1459 1376 1500 carne
1422 1445 1560 1517 erat)
1597 1446 1836 1500 tenebris
1876 1445 2052 1515 dupla:

478 1548 678 1595 nostrae
697 1540 888 1594 mortis
909 1553 1028 1608 qua:
1060 1537 1112 1592 in
1149 1551 1376 1606 corpore
1403 1544 1523 1590 erat
1568 1545 1623 1590 et
1648 1535 1854 1602 anima,
1889 1551 2055 1606 appo-

477 1630 603 1694 suit,
623 1637 679 1689 et
701 1639 983 1698 utramque
1009 1635 1247 1683 nostram
1274 1627 1502 1682 curavit.
1521 1625 1578 1681 Si
1601 1627 1744 1682 enim
1765 1636 2054 1698 utramque

477 1721 822 1791 suscepisset,
859 1736 958 1775 nos
983 1735 1012 1774 a
1037 1729 1228 1774 neutra
1258 1719 1563 1774 liberasset.

548 1811 712 1882 Vens.
739 1809 792 1864 8.
822 1839 894 1850 —
918 1809 984 1863 Et
1016 1808 1300 1863 recordata:
1333 1818 1475 1862 sunt.
1507 1806 1659 1862 Sicut
1703 1807 1957 1865 mulieres
1995 1809 2052 1864 in

2155 616 2504 688 Peregrinum
2535 626 2746 688 putant,
2777 630 2936 687 quem
2976 630 3082 669 non
3123 621 3446 684 agnoscunt.
3500 612 3571 669 Et
3610 629 3748 670 vere

2154 713 2470 784 peregrinus
2498 721 2617 768 erat
2662 713 2764 779 eis,
2795 727 2826 766 a
2873 725 3104 780 quorum
3152 700 3447 779 fragilitate
3476 722 3578 779 per
3619 709 3744 779 glo-

2153 805 2290 860 riam
2338 802 2750 858 resurrectionis
2799 801 2912 870 jam
2960 799 3117 872 longe
3177 799 3385 866 stabat,
3419 814 3450 853 a
3497 815 3737 870 quorum

2155 892 2264 947 fide
2292 892 2713 949 resurrectionis
2762 891 2943 947 nescia
2991 898 3285 946 extraneus
3335 889 3611 946 manebat.
3645 889 3748 944 Vir

2151 986 2420 1057 propheta,
2452 993 2558 1041 etc.
2584 985 2653 1039 Et
2681 976 2941 1056 quomodo
2971 982 3326 1047 tradiderunt,
3348 989 3458 1038 etc.
3489 981 3746 1053 Prophe-

2154 1087 2263 1134 tam
2291 1086 2345 1134 et
2388 1092 2642 1148 magnum
2673 1076 2943 1141 fatentur,
2998 1075 3197 1130 Filium
3243 1075 3340 1131 Dei
3389 1083 3607 1141 tacent,
3654 1075 3745 1130 vel

2153 1169 2277 1238 quia
2302 1169 2536 1223 nondum
2564 1167 2804 1237 perfecte
2831 1167 3080 1230 credunt,
3098 1163 3186 1221 vel
3206 1165 3252 1220 si
3283 1165 3516 1222 credunt
3546 1165 3747 1220 timent

2155 1259 2292 1314 tradi
2321 1259 2375 1314 in
2403 1266 2597 1315 manus
2625 1257 2954 1326 Judmorum,
2986 1257 3292 1314 nescientes
3338 1272 3465 1314 cum
3499 1272 3610 1330 quo
3661 1258 3740 1312 lo-

2153 1360 2407 1422 quuntur.
3541 1427 3550 1432 ν

2218 1443 2380 1500 Vens.
2418 1443 2508 1500 21.
2528 1475 2600 1487 —
2623 1443 2739 1501 Nos
2764 1454 2936 1500 autent
2963 1449 3118 1510 ,'etc.
3148 1444 3574 1517 {Quodammodo
3617 1446 3742 1502 red-

2151 1544 2382 1604 arguunt
2402 1538 2630 1608 seipsos,
2646 1539 2791 1608 quod
2834 1537 2888 1593 in
2915 1537 3062 1592 illum
3091 1538 3520 1608 redemptionem
3549 1555 3743 1610 spera-

2151 1626 2344 1690 verint,
2375 1641 2534 1696 quem
2563 1634 2836 1682 mortuum
2857 1627 3133 1692 viderant,
3166 1628 3267 1682 nec
3295 1637 3737 1684 resurrecturum

2152 1714 2463 1782 credebant,
2503 1725 2557 1773 et
2583 1719 2816 1773 maxime
2863 1718 3044 1773 dolent
3067 1733 3193 1774 eum
3236 1719 3354 1776 sine
3397 1720 3556 1791 culpa
3584 1723 3740 1776 occi—

2152 1819 2272 1860 sum
2292 1846 2308 1872 ,
2345 1822 2504 1877 quem
2538 1809 2880 1866 innocentem
2911 1818 3195 1878 noverant,
3224 1821 3281 1866 et
3319 1826 3387 1866 ex
3413 1811 3520 1868 hoc
3558 1815 3747 1870 tristes

477 1911 824 1956 monumento
878 1900 1088 1955 Domini
1116 1907 1347 1966 stantes,
1379 1900 1737 1957 recordantur
1764 1900 2053 1956 verborum
2081 1890 2129 1952 B
2158 1893 2499 1952 incedebant.
2555 1922 2557 1924 ·

479 2008 598 2063 qum
623 1993 690 2048 de
713 2008 807 2048 sua
838 1992 1237 2062 dispensatione
1278 1992 1536 2062 praefatus
1559 2002 1696 2059 erat,
1729 1993 1810 2048 sic
1834 2007 1934 2048 nos
1966 1993 2049 2048 in-

477 2090 560 2136 ter
597 2082 888 2137 Dominicze
933 2083 1200 2153 passionis
1255 2084 1511 2153 mysteria
1555 2083 1897 2150 celebranda,
1941 2100 2048 2140 non

477 2173 648 2228 solum
700 2174 987 2244 passionis,
1043 2175 1137 2230 sed
1161 2183 1218 2230 et
1239 2176 1652 2234 resurrectionis
1680 2176 1935 2234 debemus
1962 2192 2050 2234 re-

478 2269 711 2323 eordari.

548 2359 708 2416 Vens.
744 2362 797 2418 9.
825 2395 895 2404 —
920 2361 1328 2418 Nuntiaverunt.
1360 2362 1512 2419 Sicut
1556 2364 1609 2419 in
1640 2363 1906 2435 principio
1931 2380 2049 2419 mu-

475 2451 576 2509 lier
596 2463 783 2510 auctor
809 2455 976 2526 culpa:
1000 2456 1118 2510 viro
1143 2456 1264 2521 fuit,
1290 2455 1374 2510 vir
1393 2464 1679 2511 exsecutor
1699 2455 1800 2511 fuit
1821 2456 2044 2522 erroris,

476 2545 550 2601 ita
580 2562 720 2600 nunc
749 2562 867 2616 qua:
906 2554 1131 2601 mortem
1163 2546 1310 2616 prior
1333 2555 1666 2617 gustaverat,
1695 2547 2046 2602 resurrectio-

476 2653 598 2692 nem
631 2637 780 2702 vidit,
818 2645 872 2691 et
911 2651 978 2693 ne
1002 2639 1246 2708 perpetui
1293 2639 1478 2693 reatus
1508 2637 1858 2708 opprobrium
1906 2639 2048 2708 apud

474 2729 620 2785 viros
642 2730 950 2794 sustineret,
965 2746 1084 2800 quae
1107 2731 1316 2800 culpam
1341 2731 1458 2786 viro
1478 2730 1860 2797 transfuderat,
1880 2741 2050 2789 trans-

476 2819 611 2874 fudit
642 2829 695 2873 et
733 2821 978 2890 gratiam.
1027 2820 1094 2874 Et
1131 2821 1254 2891 quin
1302 2821 1664 2876 constantiam
1719 2823 2046 2891 prmdicandi

389 2957 392 2960 .
479 2924 582 2966 non
619 2911 778 2965 habet
809 2911 1028 2966 inferior
1054 2925 1215 2967 sexus
1242 2913 1308 2974 ad
1337 2914 1738 2983 exsequendum
1761 2915 2043 2979 infirmior,

477 3003 763 3056 mandatur
796 3002 929 3058 viris
958 3001 1192 3058 officium
1222 3003 1645 3073 evangelizandi.

547 3093 708 3149 Vens.
739 3096 827 3151 11.
856 3127 927 3136 —
954 3095 1021 3150 Et
1050 3112 1154 3150 non
1197 3095 1548 3150 crediderunt.
1599 3095 1751 3162 Quod
1804 3096 2050 3168 discipuli

478 3184 630 3238 tarde
667 3185 929 3250 credunt,
974 3199 1078 3239 non
1125 3192 1234 3238 tam
1280 3183 1496 3239 illorum
1552 3183 1841 3240 infirmitas
1887 3201 2048 3256 quam

2223 1984 2382 2042 Vens.
2419 1987 2509 2043 22.
2532 2020 2602 2030 —
2631 1989 2952 2045 Terruerunt
2976 2009 3103 2058 nos,
3155 2000 3262 2049 etc.
3289 1991 3498 2056 LMerito
3546 1994 3745 2050 dicun-

2149 2085 2238 2134 tur
2269 2081 2499 2137 teruisse
2521 2097 2614 2138 eos
2639 2084 2836 2153 quibus
2869 2085 2934 2141 de
2962 2082 3070 2142 non
3092 2085 3314 2143 invento
3348 2103 3578 2158 corpore
3605 2087 3730 2159 plus

2149 2171 2466 2226 mmstitiam
2513 2173 2857 2240 addiderunt,
2884 2191 3046 2247 quam
3101 2178 3167 2232 de
3200 2179 3450 2234 nuntiata
3484 2194 3737 2236 resurre-

2147 2262 2326 2318 ctione
2351 2261 2604 2334 gaudium
2633 2279 2742 2335 quo
2769 2276 3169 2335 recrearentur,
3199 2267 3453 2326 afferunt.

2220 2352 2382 2409 Vens.
2421 2353 2510 2408 21.
2536 2385 2608 2396 —
2633 2356 2885 2411 Abierant
2925 2357 3174 2429 quidam,
3223 2368 3331 2416 etc.
3383 2360 3519 2417 Cum
3565 2377 3737 2434 supra

2149 2447 2348 2502 dixerit
2370 2446 2591 2503 Petrum
2620 2449 2930 2505 cucurrisse
2949 2449 3017 2504 ad
3042 2462 3469 2520 monumentum,
3497 2461 3555 2508 et
3576 2453 3741 2509 modo

2116 2545 2119 2548 ’
2149 2538 2295 2594 dicat
2324 2536 2588 2610 Cleopltas
2617 2558 2630 2594 :
2659 2539 2888 2606 Quidam
2920 2557 2984 2595 ea:
3026 2543 3216 2597 nostris
3242 2544 3480 2598 abierunt
3516 2545 3589 2599 ad
3619 2563 3740 2600 mo-

2149 2643 2485 2700 numentum,
2532 2643 2636 2689 etc.
2677 2633 3088 2706 Intelligendum
3125 2644 3228 2702 est,
3261 2637 3405 2706 quod
3434 2639 3541 2694 duo
3568 2639 3739 2695 simul

2149 2723 2346 2778 ierunt.
2393 2717 2498 2779 Sed
2537 2723 2758 2779 Petrum
2811 2725 2984 2781 solum
3035 2726 3212 2796 primo
3265 2731 3737 2796 commemoravit,

2150 2815 2274 2885 quia
2302 2814 2553 2884 primitus
2592 2815 2668 2870 illi
2710 2817 2982 2872 nuntiavit
3009 2817 3200 2873 Maria.

2221 2903 2384 2959 Vens.
2414 2905 2604 2972 25.-
2633 2905 2679 2961 Ο
2727 2905 2874 2962 stulti
2906 2918 2954 2962 et
2994 2908 3134 2962 tardi
3164 2908 3337 2963 corde.
3393 2907 3492 2964 Hic
3521 2910 3741 2981 gemina

2151 2995 2470 3052 humiliandi
2501 2998 2765 3053 necesitas
2791 2997 3077 3067 incumbit,
3108 2999 3199 3071 qui
3228 3014 3329 3055 nec
3358 3000 3412 3054 in
3436 3000 3740 3071 Scripturis

2151 3095 2410 3156 quantum
2461 3097 2674 3157 oportet
2737 3089 2952 3156 edocti,
3018 3104 3119 3145 nec
3163 3091 3228 3146 ad
3290 3089 3559 3160 implenda
3616 3106 3742 3160 qua:

2153 3182 2399 3238 novimus
2444 3193 2703 3254 quantum
2755 3185 2949 3251 decet,
3007 3199 3194 3240 sumus
3244 3184 3458 3240 intenti.
3501 3183 3638 3238 Nam
3691 3185 3741 3240 si

478 3282 661 3329 nostra
711 3273 888 3329 futura
939 3273 1168 3328 firmitas
1199 3273 1318 3340 fuit,
1351 3288 1475 3327 nam
1521 3273 1629 3329 illis
1675 3254 2047 3333 dubitantibus
2077 3254 2122 3317 (ἶ
2153 3273 2364 3345 Moyses
2394 3283 2450 3330 et
2476 3277 2751 3346 prophetat
2795 3277 2861 3331 de
2889 3274 3108 3332 Christo
3150 3275 3314 3331 locuti
3341 3283 3502 3341 sunt,
3529 3283 3739 3330 etcum

479 3368 798 3421 resurrectio
830 3367 1012 3421 multis
1036 3365 1366 3436 argumentis
1395 3373 1749 3435 monstratur,
1772 3384 1892 3438 qua:
1918 3368 2046 3424 dum

479 3453 712 3524 legentes
741 3451 1100 3526 agnoscimus,
1134 3455 1262 3525 quid
1293 3454 1438 3510 aliud
1458 3470 1621 3526 quam
1647 3457 1713 3513 de
1736 3471 1924 3513 eorum
1951 3460 2048 3514 dn-

476 3541 734 3599 bitatione
763 3545 1102 3599 solidamur?

555 3635 711 3691 Vens.
743 3636 828 3690 12.
857 3668 925 3677 -
961 3637 1150 3691 Petrus
1175 3647 1348 3692 autent
1380 3655 1615 3709 surgens.
1643 3639 1878 3696 Joannes
1905 3653 2050 3694 com-

478 3736 760 3794 memorat,
792 3729 1008 3799 quodet
1035 3730 1148 3799 ipse
1185 3739 1240 3784 et
1261 3730 1456 3786 Petrus
1483 3732 1642 3787 simul
1671 3738 2046 3795 cucurrerunt,

476 3823 529 3870 et
564 3819 704 3884 quod
734 3816 894 3872 Petro
921 3817 1066 3873 intus
1091 3818 1401 3875 introeunte
1425 3821 1478 3875 in
1506 3829 1908 3877 monumentum
1935 3861 1949 3885 ,
1996 3829 2050 3876 et

473 3905 688 3961 vidente
718 3906 1026 3962 linteamina
1058 3918 1112 3962 et
1143 3910 1442 3977 sudarium,
1472 3911 1585 3980 ipse
1627 3911 1860 3967 Joannes
1898 3910 2048 3965 incli-

473 4008 610 4049 nans
652 4010 726 4060 se,
760 3995 892 4050 vidit
929 3995 1262 4065 linteamina,
1304 4014 1403 4055 nec
1433 4001 1695 4055 introivit.
1747 3999 1853 4056 Sed
1890 3999 2051 4054 intel-

471 4084 740 4156 ligendum
779 4094 863 4141 est
901 4085 1124 4144 Petrum
1157 4089 1335 4158 primo
1379 4090 1816 4160 procumbentem
1846 4090 2047 4145 vidisse

470 4178 610 4248 quod
641 4176 810 4234 Lucas
835 4189 1251 4248 commemorat,
1281 4180 1517 4239 Joannes
1557 4191 1702 4238 tacet
1730 4189 1888 4253 :post
1915 4197 2048 4238 vero

469 4267 790 4339 ingressum,
819 4278 879 4324 ut
903 4270 1489 4340 diligentius.interiora
1531 4272 1873 4342 dignosceret
1899 4311 1915 4336 ,
1965 4272 2050 4327 in-

469 4374 714 4430 gressum
755 4369 934 4416 tamen
963 4370 1252 4432 antequam
1286 4362 1521 4418 Joannes
1544 4363 1794 4419 intraret.

541 4448 706 4504 Vens.
732 4450 816 4504 15.
839 4480 911 4490 —
933 4451 1160 4505 Nomine
1191 4449 1463 4507 Emmaus.
1515 4453 1769 4510 Emmaus
1805 4455 1919 4525 ipsa
1965 4464 2049 4512 est

469 4537 778 4607 metropolis
805 4539 994 4596 civitas
1028 4541 1252 4612 insignis
1294 4542 1612 4608 Palmstinte,
1644 4560 1764 4614 quae
1802 4555 1921 4616 post
1953 4561 2048 4602 ex-

2148 3384 2248 3440 per
2293 3370 2596 3438 passionem
2639 3377 2694 3426 et
2734 3370 2964 3442 gloriam
2990 3371 3318 3426 intraturum
3347 3370 3738 3440 prtedixerant,

2148 3460 2415 3530 quomodo
2449 3459 2712 3532 gloriatur
2733 3475 2792 3514 se
2835 3475 2957 3519 esse
2984 3461 3351 3516 Christianum
3371 3500 3386 3525 ,
3415 3459 3508 3530 qui
3559 3474 3740 3529 neque

2151 3549 2205 3604 in
2241 3549 2536 3621 Scripturis
2554 3551 2788 3622 qualiter
2808 3551 2877 3607 ad
2903 3550 3178 3608 Christum
3209 3551 3484 3622 pertinent
3512 3548 3740 3606 investi-

2150 3648 2260 3712 gat,
2295 3655 2468 3711 neque
2508 3642 2576 3697 ad
2625 3640 2850 3713 gloriam
2883 3658 3045 3713 quam
3094 3657 3217 3697 cum
3270 3640 3486 3697 Christo
3532 3639 3740 3696 habere

2150 3731 2444 3801 cupit,‘per
2468 3731 2747 3803 passiones
2786 3732 3054 3804 attingere
3089 3730 3400 3787 desiderat?

2224 3822 2388 3878 Vens.
2413 3822 2598 3888 28,29.
2628 3852 2700 3863 —-
2723 3820 2791 3877 Et
2820 3824 2948 3893 ipse,
2980 3831 3088 3878 etc.
3120 3820 3280 3876 Mane
3315 3820 3737 3888 nobiscum,etc.

2152 3914 2338 3970 Talem
2370 3931 2429 3971 se
2458 3915 2701 3972 exhibuit
2738 3917 2791 3972 in
2815 3931 3067 3987 corpore,
3095 3914 3272 3987 qualis
3301 3915 3443 3984 apud
3475 3915 3597 3972 illos
3616 3925 3743 3972 erat

2151 4009 2207 4065 in
2240 4019 2441 4066 mente.
2488 4011 2756 4067 Probandi
2808 4021 2986 4078 erant,
3030 4011 3077 4067 si
3115 4011 3260 4067 hunc
3302 4027 3465 4082 quem
3496 4012 3741 4068 nondum

2149 4111 2210 4158 ut
2233 4103 2401 4158 Deum
2449 4103 2781 4175 diligebant,
2831 4105 3023 4161 saltem
3071 4112 3132 4160 ut
3171 4105 3517 4177 peregrinum
3549 4106 3742 4178 dilige-

2149 4204 2288 4252 rent.
2316 4196 2421 4252 Sed
2451 4199 2574 4267 quia
2601 4199 2846 4254 extranei
2872 4215 2904 4252 a
2933 4197 3182 4254 claritate
3210 4213 3332 4255 esse
3354 4214 3460 4254 non
3485 4210 3738 4270 possunt,

2149 4297 2271 4337 cum
2321 4281 2517 4353 quibus
2550 4283 2752 4339 veritas
2786 4283 3167 4355 gradiebatur,
3199 4286 3267 4340 ad
3312 4285 3609 4355 hospitium
3635 4303 3735 4342 vo-

2147 4381 2294 4438 cant,
2325 4372 2434 4428 imo
2463 4381 2682 4445 cogunt.
2715 4373 2832 4441 Quo
2863 4373 3112 4444 exemplo
3154 4373 3442 4446 colligitur,
3482 4376 3609 4445 quia
3637 4389 3732 4446 pe-

2148 4462 2349 4532 regrini
2379 4478 2487 4518 non
2523 4462 2700 4519 solum
2744 4463 2814 4519 ad
2858 4464 3153 4536 hospitium
3183 4474 3309 4520 sunt
3341 4466 3592 4532 vocandi,
3637 4466 3735 4522 sed

2138 4551 2314 4608 “etiam
2348 4555 2622 4610 trahendi.

467 4630 847 4701 pugnationem
894 4631 1090 4689 Judaeae
1139 4609 1244 4689 sub
1303 4633 1482 4689 Marco
1539 4609 1758 4691 Aurelio
1802 4609 2044 4694 -Antonio
2071 4609 2126 4672 D
2221 4647 2384 4703 Vens.
2532 4609 2619 4688 77—7-7
2643 4646 2865 4719 Fregit,
2909 4655 3015 4704 etc.
3066 4647 3236 4716 Quem
3287 4649 3342 4704 in
3393 4650 3735 4720 expositione

469 4720 714 4792 principe
744 4731 1070 4790 resmurata,
1113 4739 1236 4779 cum
1292 4731 1435 4779 statu
1468 4725 1694 4781 mutavit
1729 4735 1784 4782 et
1822 4743 2041 4786 nomen.

541 4831 704 4890 Vens.
737 4835 916 4901 15,16.
936 4867 1008 4877 —
1048 4836 1189 4891 Dum
1231 4835 1610 4906 fabularentur.
1642 4838 1952 4911 Loquentes
1978 4842 2046 4898 de

470 4941 529 4982 se
570 4926 828 4983 Dominus
872 4930 1312 5000 appropinquans
1345 4929 1654 4997 comitatur,
1677 4940 1737 4986 ut
1785 4940 1840 4988 et
1884 4931 2045 4987 fidem

469 5015 884 5074 resuriectionis
912 5033 1100 5074 eorum
1122 5019 1392 5075 mentibus
1422 5020 1696 5088 incendat,
1722 5030 1778 5076 et
1813 5021 1956 5091 quod
1987 5036 2048 5076 se

469 5109 792 5176 promiserat
834 5109 1138 5178 facturum,
1191 5110 1412 5183 impleat
1462 5129 1474 5165 :
1511 5109 1610 5166 Ubi
1653 5121 1773 5167 sunt
1819 5110 1925 5166 duo
1972 5111 2048 5167 vel

469 5206 574 5251 tres
623 5199 919 5268 congregati
973 5199 1025 5252 in
1072 5201 1278 5256 nomine
1325 5217 1440 5256 meo
1467 5243 1482 5268 ,
1513 5201 1583 5255 ibi
1624 5219 1739 5256 sum
1783 5203 1838 5256 in
1877 5202 2045 5257 medio

466 5288 870 5362 eorum(Matth.
899 5293 1109 5364 xxvnt).
1128 5281 1583 5368 Appropinquans,
1602 5305 1708 5351 etc.
1741 5294 1916 5364 Oculi,
1940 5305 2044 5353 etc.

465 5379 726 5454 Apparuit
751 5385 966 5454 quidem
989 5386 1040 5440 in
1064 5389 1238 5458 specie
1256 5391 1487 5460 propria,
1507 5389 1601 5445 sed
1624 5390 1861 5460 speciem
1885 5407 2046 5461 quam

466 5483 936 5544 recognoscerent,
964 5492 1068 5531 non
1095 5479 1348 5534 ostendit.
1392 5479 1545 5535 Sicut
1573 5489 1627 5536 et
1671 5481 1772 5549 ipsi
1811 5488 1865 5535 et
1905 5481 2049 5538 intus

467 5565 811 5628 amabant,et
849 5575 1024 5621 tamen
1048 5559 1380 5637 dubitabant,
1416 5573 1493 5627 sic
1521 5574 1636 5642 ipse
1666 5573 1797 5628 foris
1832 5581 1884 5628 et
1906 5590 2044 5644 pra:-

465 5670 595 5711 sens
619 5657 790 5722 adest,
817 5668 870 5712 et
899 5661 1020 5730 quis
1049 5662 1139 5726 sit,
1186 5679 1292 5717 non
1315 5665 1571 5718 ostendit.
1610 5665 1684 5720 De
1714 5681 1771 5721 se
1813 5683 1941 5737 ergo
1969 5668 2046 5723 lo-

465 5749 752 5816 quentibus
773 5753 1110 5822 prmsentiam
1136 5753 1372 5822 exhibet,
1393 5754 1488 5810 sed
1509 5755 1574 5812 de
1595 5771 1652 5811 se
1675 5755 2045 5816 dubitantibus

465 5837 707 5908 speciem
739 5839 1064 5912 cognitionis
1101 5840 1295 5898 aufert.

2151 4737 2444 4809 Scriptura;
2487 4756 2595 4796 non
2623 4750 3012 4812 cognoverunt,
3043 4742 3098 4796 in
3128 4741 3395 4796 fractione
3425 4743 3584 4812 panis
3633 4759 3736 4798 no-

2147 4839 2360 4895 verunt,
2390 4832 2515 4901 quia
2552 4847 2656 4887 non
2695 4833 2969 4888 auditores
3003 4833 3155 4904 legis,
3183 4832 3277 4888 sed
3303 4831 3538 4888 factores
3565 4833 3732 4902 justi-

2148 4921 2472 4988 ficabuntur,
2502 4932 2557 4978 et
2600 4924 2801 4980 veritas
2846 4924 3040 4981 melius
3079 4925 3358 4996 operando
3409 4939 3574 4995 quam
3629 4941 3732 4981 au-

2149 5012 2345 5068 diendo
2375 5012 2715 5084 intelligitur.

2223 5107 2386 5163 Vens.
2417 5108 2508 5164 5|.
2535 5140 2606 5150 —
2629 5109 2808 5181 Aperti
2831 5119 2975 5175 sunt,
3005 5117 3114 5166 etc.
3139 5107 3492 5165 Subtrahitur
3537 5122 3733 5165 carna—

2152 5197 2294 5254 libus
2323 5199 2494 5255 oculis
2537 5200 2746 5271 species
2774 5200 3138 5265 infirmitatis,
3185 5207 3247 5256 ut
3293 5197 3734 5256 mentibusinci-

2151 5289 2264 5361 piat
2298 5305 2561 5361 apparere
2590 5291 2756 5362 gloria
2784 5290 3216 5348 resurrectionis.

2229 5381 2387 5438 Vens.
2419 5383 2508 5438 52.
2538 5413 2610 5423 --
2637 5381 2706 5436 Et
2754 5382 3018 5449 dixerunt,
3062 5390 3169 5439 etc.
3216 5381 3441 5454 Mystice
3469 5397 3484 5436 :
3515 5381 3640 5439 Ideo
3673 5383 3726 5438 in

2151 5476 2368 5533 Christo
2400 5477 2506 5533 illis
2551 5486 2766 5532 ostensa
2812 5485 2896 5532 est
2942 5477 3046 5532 alia
3083 5475 3305 5548 efﬁgies,
3340 5489 3410 5530 ne
3452 5490 3576 5530 eum
3620 5475 3724 5530 nisi

2155 5569 2208 5624 in
2255 5569 2517 5625 fractione
2547 5570 2702 5640 panis
2741 5575 3166 5641 cognoscerent,
3216 5576 3278 5622 ut
3309 5582 3498 5622 omnes
3528 5565 3726 5622 intelli-

2151 5669 2278 5731 gant
2310 5677 2368 5716 se
2401 5661 2674 5738 Christum
2720 5675 2828 5716 non
2873 5673 3182 5731 agnoscere,
3215 5658 3322 5714 nisi
3349 5658 3480 5713 ﬁant
3507 5656 3725 5728 partici-

2151 5767 2247 5822 pes
2277 5753 2519 5823 corporis
2550 5752 2684 5822 ejus.
2719 5751 2770 5806 id
2800 5760 2882 5806 est
2930 5749 3186 5805 Ecclesia:
3211 5790 3226 5814 ,
3279 5748 3431 5818 cujus
3457 5749 3722 5802 unitatem

2149 5828 2494 5898 commendat
2521 5840 2809 5912 Apostolus
2835 5839 2891 5895 in
2920 5846 3261 5898 sacramento
3286 5837 3465 5910 panis,
3491 5836 3719 5896 dicens:
