3960 6336
1464 266 1517 277 γρ

222 357 318 420 353

1229 344 1495 405 GLOSSA
1530 339 1924 402 ORDINARIA.
1962 368 2034 380 —
2068 338 2321 397 EVANG.
2362 325 2524 399 LUC.

3335 334 3440 392 534

227 475 359 532 Unus
390 484 555 543 pams,
590 483 752 523 unum
790 482 977 537 corpus
1024 464 1177 519 multi
1219 480 1399 519 sumus
1428 461 1490 533 (ι
1521 460 1643 515 Cor.
1684 457 1762 529 x).
1793 456 1848 517 Α
1870 453 2149 511 cicatrices
2177 462 2233 509 et
2278 463 2404 511 tunc
2434 463 2686 524 servavit,
2717 460 2772 513 et
2798 453 3086 527 in‘judicio
3127 462 3440 511 servaturus

223 569 344 624 Cum
374 578 495 634 ergo
523 576 718 631 panem
766 557 1104 614 benedictum
1155 554 1401 627 porrigit,
1452 552 1768 623 aperiuntur

224 656 352 713 oculi
375 663 431 708 ut
454 667 576 707 eum
606 656 955 722 cognoscant,
989 656 1043 702 et
1069 654 1375 702 removetur
1413 642 1767 711 impedimen-

223 757 324 802 tum
350 744 483 814 quod
525 759 555 797 a
600 741 800 797 Satana
832 741 884 795 in
918 739 1089 795 oculis
1116 747 1253 803 erat,
1285 751 1355 791 ne
1388 740 1768 805 agnosceretur

220 838 381 894 Jesus.
422 833 488 887 Et
530 834 633 888 hoc
667 831 1108 903 impedimentum
1152 826 1415 899 permittit
1442 825 1619 880 inesse
1662 824 1768 878 Do-

220 927 382 982 minus
417 923 586 977 donec
614 922 680 977 ad
722 929 1120 977 sacramentum
1165 917 1321 988 panis
1347 917 1614 972 veniatur.
1660 914 1767 971 Sed

219 1014 518 1087 participata
565 1012 774 1066 unitate
804 1011 1083 1082 corporis,
1126 1008 1368 1063 aufertur
1410 1007 1764 1077 impedimen-

221 1113 319 1161 tum
346 1103 566 1169 inimici,
599 1111 659 1157 ut
687 1103 855 1171 possit
896 1102 1143 1158 Christus
1175 1099 1413 1172 agnosci.

279 1196 490 1249 Ardeas.
526 1193 739 1266 (Caes)
774 1194 1038 1249 Exaudito
1063 1208 1331 1258 sermone,
1361 1207 1456 1287 cor
1479 1191 1629 1262 prius
1658 1198 1768 1247 tor-

216 1303 334 1360 pore
369 1285 762 1341 incredulitatis
788 1293 843 1341 et
886 1284 1099 1339 timoris
1127 1281 1394 1353 frigidum'
1421 1281 1546 1352 igne
1595 1282 1768 1338 sancti

217 1376 430 1447 Spiritus
463 1384 549 1430 est
583 1389 906 1439 accensum,
962 1381 1023 1427 ut
1063 1371 1176 1442 jam
1224 1386 1457 1441 superno
1502 1372 1769 1428 desiderio

216 1471 417 1535 ardeat,
481 1476 540 1525 et
587 1471 654 1525 ad
701 1467 1023 1524 credendam
1070 1465 1354 1521 veritatem
1399 1479 1457 1521 se
1490 1465 1760 1521 extendat.

213 1562 338 1632 Quot
378 1561 662 1633 praeceptis
715 1560 1000 1617 instruitur
1045 1559 1243 1624 homo,
1268 1556 1423 1627 quasi
1456 1564 1535 1612 tot
1562 1555 1769 1612 facibus

213 1654 583 1711 inflammatur.

271 1747 424 1802 Vens.
450 1746 544 1801 34.
570 1777 640 1787 —
684 1744 926 1802 Surrexit
984 1743 1259 1799 Dominus.
1305 1742 1425 1798 Jam
1472 1742 1614 1797 fama
1647 1745 1767 1796 erat

1870 552 1972 600 est.
2024 543 2206 600 Primo
2252 546 2320 600 ad
2368 546 2528 601 fidem
2584 549 2995 606 resurrectionis
3046 550 3434 606 astruendam:

1869 636 2060 691 deinde
2085 644 2145 690 ut
2178 637 2327 692 Patri
2372 653 2470 707 pro
2517 641 2671 695 nobis
2709 641 3039 709 supplicans,
3076 642 3232 710 quale
3268 656 3438 710 genus

1870 727 2059 781 mortis
2084 742 2184 796 pro
2209 728 2427 783 homine
2460 730 2741 801 pertulerit
2763 746 2977 801 semper
3010 733 3259 787 ostendat
3286 750 3300 785 :
3332 743 3440 787 ter-

1868 822 1965 886 tio,
1998 830 2058 876 ut
2102 837 2199 878 sua
2238 832 2412 878 morte
2462 824 2755 893 redemptis
2808 840 2969 894 quam
3018 825 3441 880 misericorditer

1869 912 1977 968 sint
2006 910 2195 981 adiuti,
2228 912 2516 982 propositis
2558 912 2797 983 ejusdem
2820 914 3013 970 mortis
3039 914 3278 969 insinuat
3302 914 3439 981 indi-

1870 1000 1987 1057 ciis.
2018 1000 2123 1057 Sed
2150 1010 2456 1073 postremo,
2492 1009 2553 1057 ut
2602 1003 2657 1057 in
2698 1001 2900 1071 judicio
2946 1020 3106 1075 quam
3149 1005 3293 1077 juste
3347 1005 3439 1060 da-

1868 1101 2123 1148 mnentur
2170 1093 2319 1165 impii
2377 1094 2694 1161 denuntiet,
2749 1102 2966 1150 ostensa
3006 1112 3168 1166 quam
3214 1097 3283 1152 ab
3338 1096 3441 1151 illis

1869 1185 2077 1254 accepit
2111 1170 2382 1242 cicatrice.
2430 1185 2548 1242 Non
2586 1200 2715 1256 ergo
2763 1187 3182 1257 exdmpotentia
3216 1187 3438 1243 curandi
3536 1224 3539 1231 ν

1867 1280 2151 1336 cicatrices
2180 1282 2435 1349 servavit,
2466 1284 2560 1339 sed
2585 1291 2647 1338 ut
2676 1291 2995 1354 perpetuum
3038 1285 3281 1340 victoriae
3328 1298 3439 1340 suae

1869 1371 2219 1427 circumferat
2256 1374 2607 1444 triumphum.

1940 1461 2104 1518 Vens.
2132 1464 2309 1518 41.-
2338 1463 2557 1519 Habetis
2581 1466 2665 1520 hic
2697 1466 2917 1537 aliquid.
2950 1466 3032 1521 Ad
3062 1466 3441 1522 insinuandam

1868 1552 2148 1609 veritatem
2184 1555 2618 1622 resurrectionis,
2644 1572 2753 1613 non
2781 1557 2954 1614 solum
2985 1558 3152 1629 tangi,
3183 1559 3277 1614 sed
3308 1573 3439 1617 con—

1855 1643 2011 1699 .vesci
2040 1644 2228 1711 voluit,
2270 1661 2376 1701 non
2404 1648 2547 1716 quod
2574 1647 2658 1703 vel
2702 1648 2815 1718 ipse
2841 1648 2927 1703 vel
2964 1664 3063 1704 nos
3093 1659 3216 1719 post
3261 1664 3440 1705 resur-

1852 1727 2159 1792 7rectionem
2208 1738 2331 1793 cibo
2367 1739 2657 1795 debeamus
2695 1740 2954 1811 indigere,
2983 1742 3077 1797 sed
3105 1749 3185 1812 ,ιιι
3222 1757 3440 1813 corpus,

210 1838 337 1910 quod
361 1845 734 1894 resurrexerat
758 1835 914 1892 Iesus
942 1836 1010 1890 ab
1038 1834 1143 1892 illis
1170 1834 1480 1892 mulieribus
1508 1832 1682 1898 facta,
1714 1838 1768 1888 et
1793 1819 1843 1881 Β
1869 1841 1977 1881 non
2030 1827 2276 1897 spiritum
2333 1844 2453 1885 esse
2502 1830 2873 1887 manifestaret
2900 1871 2914 1897 ,
2960 1833 3302 1888 manducavit
3348 1848 3442 1904 po-

210 1947 236 1987 a
263 1930 473 1986 Simone
504 1928 666 1985 Petro
693 1928 781 1984 cui
820 1936 1176 2000 apparuerat,
1208 1929 1324 1984 haec
1370 1927 1651 1997 loquentes
1676 1926 1761 1980 iu—

207 2028 448 2077 venerant
478 2020 570 2076 isti
614 2021 740 2088 duo,
764 2020 859 2077 sed
893 2028 947 2075 et
970 2021 1075 2091 ipsi
1114 2021 1266 2091 prius
1311 2019 1591 2074 audierant
1621 2016 1765 2087 quod

205 2118 585 2178 resurrexerot,
616 2112 709 2168 sed
750 2112 1047 2192 timuerunt
1097 2111 1275 2167 dicere
1319 2112 1375 2165 in
1412 2110 1499 2164 via
1548 2110 1763 2180 quando

206 2204 561 2260 tantummodo
616 2203 834 2275 angelos
900 2204 1153 2260 dixerunt
1213 2203 1359 2259 visos
1424 2202 1759 2259 mulieribus.

202 2297 502 2367 ignorantes
527 2296 671 2352 enim
717 2312 840 2353 eum
884 2311 1007 2351 cum
1049 2311 1155 2366 quo
1196 2295 1583 2366 loquebantur,
1612 2307 1764 2366 pote-

202 2397 315 2442 rant
343 2388 535 2443 timere
570 2403 637 2443 ne
684 2386 981 2443 inciderent
1030 2388 1084 2441 in
1115 2401 1307 2441 manus
1348 2384 1687 2453 Iudaeorum,
1716 2385 1764 2442 si

201 2479 318 2548 quid
353 2481 558 2549 passim
590 2479 832 2535 dicerent
875 2480 941 2533 dc
970 2478 1169 2533 Christi
1202 2477 1616 2533 resurrectione.

262 2567 422 2624 Vens.
452 2569 545 2625 56.
586 2588 669 2613 -ί
686 2568 839 2624 Stetit
866 2567 1054 2632 Iesus,
1086 2576 1191 2623 etc.
1226 2566 1353 2622 Haec
1402 2565 1639 2621 ostensio
1680 2573 1765 2621 est

199 2660 281 2716 illa
301 2702 314 2727 ,
341 2663 406 2718 de
430 2678 538 2734 qua
583 2660 816 2718 Joannes
840 2662 917 2716 ait
958 2660 1141 2731 (Joan.
1169 2660 1263 2733 xx)
1293 2678 1306 2714 :
1341 2659 1471 2715 Cum
1492 2675 1605 2715 sero
1632 2666 1762 2714 esset

196 2752 289 2816 die,
317 2761 450 2819 etc.,
478 2763 526 2807 et
568 2753 701 2808 dixit
742 2755 817 2808 eis
840 2770 859 2807 .'
892 2751 1011 2808 Pax
1054 2753 1216 2807 vobis.
1265 2752 1418 2819 Quod
1466 2767 1596 2808 vero
1629 2751 1761 2807 dicit

194 2842 421 2901 Joannes
447 2844 709 2901 Thomam
739 2860 846 2901 non
888 2844 1050 2900 fuisse
1078 2861 1205 2900 cum
1249 2844 1353 2900 illis
1379 2863 1392 2898 :
1432 2861 1555 2901 cum
1584 2845 1761 2901 Lucas

194 2933 331 2989 dicat
352 2935 489 2991 istos
528 2937 661 2992 duos
686 2936 955 2992 invenisse
984 2937 1235 2992 undecim
1272 2946 1661 3010 congregatos,
1705 2945 1762 2994 et

190 3038 277 3080 eos
312 3026 407 3096 qui
454 3042 577 3081 cum
601 3026 680 3082 eis
716 3035 857 3092 erat,
886 3026 1293 3097 intelligendum
1338 3036 1423 3082 est
1445 3027 1589 3096 quod
1616 3027 1760 3083 Tho-

190 3130 304 3171 mas
335 3116 464 3171 inde
484 3116 686 3171 exisset
704 3125 989 3185 antequam
1018 3116 1276 3172 Dominus
1303 3117 1383 3173 eis
1407 3118 1508 3172 hoc
1537 3117 1758 3186 loquen-

189 3204 332 3259 tibus
369 3213 676 3274 appareret.

255 3293 425 3347 Vnus.
453 3293 989 3363 37,58.—:Spiritum
1014 3295 1204 3349 videre.
1229 3294 1297 3349 Et
1326 3295 1458 3349 dixit
1479 3298 1572 3350 eis.
1592 3294 1763 3352 Nove-

191 3390 310 3437 rant
336 3382 586 3453 discipuli
613 3382 778 3439 fuisse
802 3399 988 3439 verum
1017 3385 1287 3440 hominem
1305 3427 1319 3451 ,
1360 3386 1452 3440 sed
1479 3395 1764 3456 postquam

192 3480 437 3526 mortuus
472 3480 578 3537 est,
622 3488 729 3528 non
763 3474 989 3530 credunt
1010 3474 1168 3527 tertia
1197 3474 1283 3530 die
1307 3476 1546 3544 potuisse
1580 3492 1765 3531 veram

194 3576 409 3618 carnem
432 3562 499 3618 de
523 3563 768 3634 sepulcro
796 3577 1099 3633 resurgere.
1128 3564 1325 3623 Putant
1348 3581 1475 3637 ergo
1499 3581 1558 3623 se
1580 3567 1767 3624 videre

196 3654 442 3723 spiritum
469 3669 628 3725 quem
650 3654 832 3711 emisit
861 3655 914 3710 in
933 3655 1206 3726 passione,
1232 3655 1325 3712 sed
1357 3657 1502 3713 hunc
1522 3672 1763 3714 errorem

196 3744 369 3800 aufert
405 3745 688 3801 Dominus.

263 3835 404 3902 Quid
453 3838 649 3891 turbati
682 3838 825 3892 estis.
866 3836 1108 3910 (Anam)
1154 3838 1459 3896 Credebant
1503 3838 1763 3909 apostoli,

198 3926 286 3980 sed
317 3934 497 3983 tamen
550 3929 867 3995 turbantur,
894 3937 997 3985 etc.
1019 3970 1034 3995 ,
1083 3946 1247 4001 usque
1287 3931 1355 3983 ad
1390 3931 1534 4001 quod
1570 3930 1768 3987 clausis

194 4019 386 4089 januis,
423 4021 684 4078 Dominus
710 4037 834 4079 cum
865 4037 1091 4093 corpore
1114 4037 1211 4078 suo
1242 4037 1301 4079 se
1331 4023 1656 4092 improvisus
1687 4023 1769 4078 in-

202 4112 409 4169 fuderit.

264 4202 639 4275 Cogitationes,
667 4213 773 4261 etc.
812 4204 984 4262 Faism
1028 4220 1135 4261 non
1182 4206 1413 4277 desuper
1442 4206 1768 4262 descenden-

200 4301 301 4360 tes,
341 4298 437 4353 sed
466 4296 610 4352 sicut
654 4296 795 4351 mala
844 4296 1013 4353 herba
1061 4297 1115 4353 in
1170 4298 1334 4354 corde
1390 4298 1763 4366 ascendentes,

203 4384 354 4441 ﬁdem
382 4402 549 4457 quam
575 4386 629 4442 in
674 4386 826 4443 vobis
870 4388 1107 4458 plantavi
1134 4388 1311 4460 exigo,
1350 4389 1493 4459 quod
1518 4402 1585 4443 ex
1612 4387 1767 4443 vobis

1866 1925 2080 1984 testate,
2103 1935 2211 1975 non
2233 1921 2572 1977 necessitate.
2598 1921 2769 1977 Aliter
2796 1923 3048 1979 absorbet
3070 1938 3265 1993 aquam
3290 1932 3434 1979 terra

1866 2007 2053 2064 sitiens
2082 2009 2238 2066 aliter
2256 2011 2386 2067 solis
2407 2012 2590 2068 radius
2618 2012 2802 2069 calens
2833 2030 2847 2067 :
2880 2013 2971 2069 illa
2991 2014 3307 2085 indigentia,
3334 2014 3438 2072 iste

1863 2100 2129 2170 potentia.

1941 2189 2101 2247 Vens.
2140 2192 2315 2246 ιη.-
2337 2192 2508 2249 Piscis
2540 2195 2667 2249 assi.
2701 2193 2872 2251 Piscis
2903 2209 3076 2261 assus,
3096 2194 3213 2267 ipse
3237 2196 3441 2253 media-

1864 2288 1951 2336 tor
1980 2297 2191 2352 passus,
2221 2283 2275 2337 in
2310 2284 2465 2355 aquis
2508 2285 2727 2340 humani
2764 2288 2979 2357 generis
3006 2296 3197 2356 captus
3241 2286 3438 2357 laqueo

1862 2373 2094 2439 mortis,
2150 2382 2362 2429 assatus
2411 2383 2649 2444 tempore
2696 2377 2984 2446 passionis.
3032 2378 3152 2448 Ipse
3198 2387 3253 2433 et
3285 2376 3443 2433 favus

1862 2462 2038 2519 mellis
2083 2466 2240 2521 nobis
2264 2475 2348 2521 est
2393 2467 2448 2521 in
2492 2468 2907 2523 resurrectione.
2958 2468 3136 2525 Favus
3161 2469 3334 2526 mellis
3380 2470 3438 2525 in

1864 2570 2009 2620 cera,
2050 2555 2105 2611 id
2131 2566 2214 2612 est
2255 2556 2517 2613 Divinitas
2546 2559 2602 2613 in
2629 2560 2986 2617 humanitate.
3018 2561 3077 2617 In
3112 2561 3271 2631 hujus
3309 2564 3441 2620 mel-

1862 2645 1929 2701 lis
1957 2646 2284 2702 comestione
2327 2649 2601 2720 signatur,
2633 2650 2759 2719 quia
2810 2650 2929 2705 illos
2970 2651 3025 2705 in
3073 2666 3298 2721 corpore
3342 2666 3443 2708 suo

1864 2739 1932 2794 ad
1960 2748 2215 2815 aeternam
2244 2741 2482 2811 quietem
2513 2742 2756 2813 suscipit,
2784 2742 2876 2811 qui
2914 2758 3036 2798 cum
3067 2742 3443 2800 tribulatioues

1860 2844 1960 2899 pro
1988 2828 2098 2885 Deo
2135 2831 2405 2898 sentiunt,
2432 2832 2501 2887 ab
2528 2847 2713 2889 amore
2742 2833 2967 2888 internae
3010 2818 3305 2889 dulcedinis
3331 2849 3440 2890 non

1859 2923 2140 2978 recedunt.
2167 2922 2268 2990 Qui
2302 2923 2390 2979 hic
2418 2932 2686 2990 assantur,
2726 2923 2836 2979 illic
2859 2938 2988 2979 vera
3029 2924 3312 2981 dulcedine
3345 2939 3438 2980 sa-

1859 3014 2155 3069 tiabuntur.

1931 3128 2096 3182 Vsus.
2125 3126 2216 3183 45.
2241 3158 2312 3168 -
2339 3127 2408 3183 Et
2436 3145 2554 3184 cum
2596 3129 2980 3184 manducasset.
3012 3126 3212 3186 Omnes
3257 3130 3445 3186 amba-

1864 3232 1958 3289 ges
1987 3218 2164 3273 aufert
2201 3220 2396 3276 :visus
2434 3231 2538 3287 est,
2584 3230 2758 3277 tactus
2804 3230 2906 3288 est,
2950 3223 3337 3289 manducavit,
3387 3232 3447 3280 et

1864 3325 1934 3364 ne
1963 3310 2017 3363 in
2052 3310 2231 3379 aliquo
2272 3325 2463 3366 sensus
2488 3313 2754 3367 humanos
2794 3312 3100 3369 ludificasse
3145 3314 3443 3380 videretur,

1868 3399 2031 3453 mittit
2060 3414 2250 3455 manus
2278 3401 2346 3455 ad
2396 3401 2724 3472 Scripturas,
2753 3410 2811 3457 ut
2837 3404 2940 3477 etsi
2987 3404 3208 3476 magicis
3236 3404 3443 3461 artibus

1864 3488 2113 3544 videatur
2139 3490 2378 3560 potuisse
2423 3493 2567 3563 quod
2609 3492 2795 3559 voluit,
2822 3494 2962 3549 sicut
2990 3494 3177 3550 dicunt
3223 3494 3440 3565 pagani,

1865 3578 2055 3634 saltem
2086 3578 2304 3636 videant
2341 3582 2662 3653 prophetare
2712 3598 2820 3640 non
2862 3584 3102 3655 potuisse
3150 3593 3441 3656 antequam

1865 3678 2026 3727 natus
2057 3669 2176 3726 fuit.

1936 3788 2100 3844 Vens.
2131 3787 2223 3844 45.
2246 3817 2318 3829 —
2347 3785 2492 3842 Tunc
2530 3790 2752 3858 aperuit.
2780 3788 2911 3846 Post
2931 3789 3129 3858 visum,
3158 3799 3282 3862 post
3320 3805 3446 3848 con-

1867 3890 2090 3946 tactum,
2144 3889 2267 3951 post
2314 3889 2790 3937 commemoratam
2837 3881 3008 3953 legem
3059 3883 3267 3953 aperuit
3324 3898 3446 3939 sen-

1869 3988 2008 4040 sum,
2042 3980 2103 4027 ut
2150 3973 2293 4041 quod
2316 3972 2501 4027 vident
2530 3981 2585 4027 et
2630 3973 2835 4044 legunt,
2870 3974 3204 4046 intelligant,
3249 3974 3442 4031 deinde

1866 4073 1990 4136 post
2018 4064 2100 4119 sui
2124 4062 2366 4132 corporis
2390 4064 2819 4118 commendatam
2849 4064 3132 4119 veritatem
3170 4079 3442 4120 commen-

1869 4156 1963 4211 dat
2023 4152 2278 4209 Ecclesite
2328 4153 2589 4208 unitatem
2609 4166 2641 4225 ,τ
2668 4151 2758 4221 {Et
2795 4152 3076 4224 prxdieari
3127 4138 3185 4208 in
3238 4170 3446 4210 nomine

1869 4246 2003 4316 ejus.

1938 4355 2103 4412 Vens.
2131 4352 2223 4410 46.
2255 4383 2327 4394 -
2351 4352 2654 4424 Oportebat,
2676 4360 2780 4407 etc.
2815 4350 3110 4422 Oportebat
3130 4361 3192 4409 ut
3209 4353 3444 4410 ministri

204 4484 375 4531 ortum
399 4446 488 4533 est
511 4478 831 4542 condemno,
858 4446 903 4532 si
933 4492 1039 4533 non
1065 4485 1147 4533 est
1183 4446 1386 4533 veritas
1416 4478 1767 4534 resurrectio-
1797 4532 1844 4542 _
1869 4448 1962 4542 {lui
2008 4448 2378 4517 p‘m’i‘emiam
2408 4454 2464 4542 ei
2504 4446 3065 4542 ῗθωίδδίοηῗωξηηί
3095 4446 3442 4542 Ρτωᾳίωξξπί

206 4567 302 4631 nis,
327 4570 573 4638 perditus
609 4576 691 4623 est
727 4568 932 4624 fructus
968 4570 1253 4637 passionis.

270 4658 433 4716 Vnus.
458 4661 550 4717 59.
568 4690 639 4701 —-
668 4659 888 4731 Palpate
913 4668 960 4715 et
988 4660 1166 4715 videte.
1213 4660 1393 4717 Multis
1436 4661 1771 4719 documentis

205 4753 486 4816 persuadet
515 4752 967 4807 resurrectionem
989 4752 1276 4822 praebendo
1303 4768 1382 4818 se,
1410 4761 1465 4808 et
1492 4752 1661 4809 oculis
1688 4754 1772 4809 vi-

207 4839 453 4909 dendum,
486 4851 544 4899 et
572 4842 818 4898 manibus
845 4844 1310 4911 contrectandum,
1352 4845 1443 4914 qui
1486 4844 1612 4900 dum
1660 4845 1775 4916 pal-

208 4935 378 5003 pando
416 4950 545 4991 ossa
588 4950 916 5006 carnemque
969 4944 1271 5003 monstrat,
1316 4945 1514 4992 statum
1551 4952 1660 4991 sua:
1689 4934 1773 4991 vel

208 5035 401 5081 nostrae
442 5027 857 5082 resurrectionis
912 5027 1109 5097 signat,
1164 5028 1217 5081 in
1267 5043 1374 5099 qua
1422 5042 1618 5098 corpus
1675 5043 1773 5083 no-

210 5123 397 5184 strum,
430 5126 487 5173 et
536 5118 731 5174 subtile
761 5118 866 5174 erit
912 5134 1010 5189 per
1044 5117 1290 5173 effectum
1340 5118 1633 5188 spiritualis
1681 5133 1777 5189 po-

212 5210 407 5277 tentiae,
434 5218 491 5267 et
520 5210 782 5282 palpabile
827 5224 926 5279 per
962 5210 1243 5265 veritatem
1280 5216 1502 5263 naturae.
1537 5209 1665 5264 Post
1689 5224 1775 5264 re-

211 5305 597 5359 surrectionem
627 5302 881 5357 Dominus
913 5302 965 5356 in
987 5314 1212 5371 corpore
1240 5315 1338 5355 suo
1370 5299 1478 5355 duo
1506 5301 1775 5355 contraria

210 5396 462 5460 ostendit,
488 5402 543 5449 et
559 5394 823 5465 palpabile
848 5393 1084 5464 ejusdem
1114 5400 1318 5446 naturae
1344 5399 1403 5446 ut
1428 5390 1683 5446 informet
1708 5391 1777 5447 ad

212 5486 387 5553 fidem,
420 5496 478 5543 et
504 5486 907 5558 incorruptibile
940 5485 1160 5542 alterius
1185 5485 1385 5556 gloriae,
1416 5494 1477 5541 ut
1501 5484 1690 5540 invitet
1710 5483 1777 5539 ad

212 5562 521 5648 praemium.~

279 5669 447 5725 Vens.
478 5670 564 5725 40.
587 5701 658 5711 -
688 5670 923 5725 Ostendit
949 5670 1023 5725 eis
1062 5664 1278 5735 manits,
1324 5676 1428 5724 etc.
1464 5667 1532 5724 Ut
1558 5676 1776 5724 ostensa

223 5765 495 5821 vulnerum
520 5764 769 5821 cicatrice
798 5765 1126 5820 infidelitatis
1166 5764 1357 5819 vulnus
1383 5770 1619 5829 sanaret,
1644 5778 1780 5833 quas

1797 4532 1853 4595 D
1878 4539 1933 4594 in
1962 4554 2148 4595 omnes
2189 4548 2396 4610 gentes,
2432 4538 2734 4608 inciperent
2777 4536 2845 4590 ab
2878 4534 3283 4606 Hierosolymis.
3325 4534 3443 4592 Non

1877 4630 2049 4684 solum
2093 4629 2217 4699 quia
2248 4629 2351 4683 illis
2379 4628 2582 4683 credita
2618 4635 2745 4683 sunt
2774 4626 2987 4697 eloquia
3029 4625 3165 4691 Dei,
3217 4634 3273 4681 et
3318 4627 3444 4697 quia

1876 4736 2066 4777 eorum
2102 4730 2187 4777 est
2213 4720 2427 4791 adoptio
2456 4719 2707 4785 ﬁliorum,
2735 4726 2789 4773 et
2816 4718 2984 4789 gloria
3024 4724 3369 4785 testamenta,
3390 4727 3446 4776 et

1877 4813 2170 4885 legislatio;
2199 4814 2294 4869 sed
2319 4813 2438 4873 ideo
2476 4812 2638 4868 etiam
2677 4819 2738 4866 ut
2776 4819 2959 4880 gentes
2978 4810 3142 4866 variis
3170 4812 3445 4870 erroribus

1879 4915 1933 4961 et
1951 4905 2279 4960 facinoribus
2307 4904 2602 4974 implicitae,
2633 4904 2736 4958 hoc
2765 4901 2997 4956 maxime
3026 4901 3223 4957 indicio
3252 4903 3446 4959 divina:

1880 4997 2096 5067 pietatis
2141 4996 2209 5051 ad
2236 5010 2387 5065 spem
2427 4995 2598 5049 veniae
2623 4998 3014 5064 provocentur,
3052 4993 3195 5062 quod
3225 4993 3305 5050 eis
3352 4994 3445 5065 qui

1876 5088 2070 5143 Filium
2096 5088 2192 5145 Dei
2225 5086 2632 5152 crucifixerunt,
2652 5084 2869 5140 veniam
2901 5083 3127 5141 relaxat.

1948 5201 2112 5257 Vnus.
2142 5202 2230 5259 49.
2256 5232 2324 5242 —
2359 5200 2461 5255 Vos
2488 5209 2658 5254 autem
2678 5199 2866 5253 sedete.
2891 5196 3178 5269 Postquam
3213 5200 3444 5272 discipu-

1879 5295 1958 5350 los
1986 5296 2053 5350 de
2080 5296 2281 5349 virtute
2327 5292 2724 5364 praedicationis
2750 5290 2985 5362 perfecte
3011 5292 3291 5359 instruxit,
3319 5309 3443 5350 cum

1879 5393 2097 5454 repente
2128 5385 2171 5439 si
2202 5383 2360 5439 vellet
2394 5391 2577 5452 posset
2604 5397 2697 5437 eos
2743 5383 3001 5438 roborare
3021 5423 3035 5447 ,
3088 5382 3331 5448 distulit,
3364 5384 3446 5439 di-

1880 5494 2044 5535 cens:
2081 5477 2183 5532 Vos
2220 5486 2391 5531 autem
2420 5476 2610 5530 sedete.
2642 5474 2712 5531 Ut
2746 5476 3049 5546 exemplum
3096 5476 3444 5546 sequentibus

1880 5576 2050 5638 daret,
2078 5587 2146 5627 ne
2177 5568 2476 5641 imperfecti
2519 5570 2815 5640 praedicare
2853 5578 2977 5623 ante
3004 5578 3214 5638 tempus
3236 5583 3441 5637 praesu-

1880 5674 2047 5720 mant.
2078 5664 2136 5718 1n
2185 5664 2401 5718 civitate
2429 5662 2597 5727 sedet,
2627 5661 2719 5731 qui
2744 5660 2885 5715 intra
2908 5659 3104 5715 mentis
3129 5657 3362 5713 claustra
3383 5674 3444 5714 se

1880 5756 2214 5829 constringit,
2248 5770 2312 5809 ne
2354 5752 2618 5825 loquendo
2643 5751 2882 5807 exterius
2920 5757 3191 5833 evagetur,
3235 5756 3295 5803 ut
3321 5763 3443 5813 cum
