3960 6336
452 372 561 464 sis

952 394 1348 456 WALAFRIDI
1383 382 1634 451 STRABI
1669 387 1874 447 FULD.
1914 383 2082 445 MON.
2116 382 2266 442 OPP.
2305 382 2485 440 PARS
2518 382 2560 439 Ι.
2594 411 2669 425 --
2705 381 3160 439 THEOLOGICA.

3600 378 3713 440 356

455 515 638 573 divina
673 508 872 569 virtute
917 509 1156 582 perfecte
1200 506 1364 563 fuerit
1397 506 1615 562 indutus
1641 544 1657 571 ,
1705 508 1835 559 tunc
1872 500 2029 572 quasi
2055 510 2107 574 Α
2131 514 2231 555 nos
2257 497 2685 589 post’celebrata
2738 496 2793 552 in
2826 493 3247 567 Hierosolymis,
3297 490 3355 551 id
3382 501 3469 552 est
3506 495 3723 554 visione

458 610 490 665 a
520 608 700 677 seipse
734 603 879 659 foras
906 604 1083 665 exeat,
1114 599 1247 655 alios
1280 596 1619 653 instruendo.

530 700 694 754 Vens.
727 690 1119 751 50.—-Eduxit
1142 700 1317 743 αιιιεηι
1354 700 1459 743 eos.
1493 682 1875 742 Praetermissis
1916 696 2033 738 om-

457 789 618 846 nibus
644 801 764 859 quae
801 798 899 855 per
927 766 1283 852 quadraginta
1335 778 1450 834 dies
1479 787 1627 849 gesta
1669 782 1825 841 sunt,
1857 774 2033 845 primo

459 874 877 935 resurrectionis
916 872 1022 927 diei
1058 872 1219 925 tacite
1247 866 1522 939 coniungit
1546 866 1897 921 novissirrmm
1926 876 2034 932 quo

461 966 703 1023 ascendit
729 964 783 1019 in
810 960 1027 1017 coelum.
1075 960 1149 1015 Et
1187 959 1414 1031 pulchre
1439 957 1826 1014 benedicturus
1871 952 2036 1008 disci-

460 1058 635 1130 pulos,
660 1054 843 1111 educit
868 1054 920 1109 in
956 1050 1296 1116 Bethaniam,
1323 1066 1442 1121 quae
1486 1049 1675 1105 domus
1712 1045 2033 1104 obedientla'.’

463 1147 681 1211 dicitur,
722 1144 849 1214 quia
890 1142 983 1212 qui
1025 1150 1250 1213 propter
1295 1139 1714 1195 inobedientiam
1754 1150 2037 1209 perverso-

461 1250 586 1294 rum
630 1235 940 1300 descendit,
979 1240 1205 1304 propter
1239 1231 1605 1287 obedientiam
1650 1242 2035 1286 conversurum

462 1332 725 1389 οωεηιῆι».
1716 1350 1721 1357 ·

534 1422 702 1478 Vens.
731 1420 821 1476 53.
850 1449 921 1460 -
940 1417 1008 1473 In
1035 1417 1242 1489 templo.
1271 1417 1338 1473 Ut
1367 1417 1423 1472 in
1464 1415 1585 1472 loco
1611 1415 1872 1471 orationis
1896 1414 2041 1471 inter

465 1515 689 1570 ludum
714 1509 1044 1575 devotiones,
1083 1508 1410 1579 promissum
1452 1507 1625 1561 sancti
1671 1505 1905 1577 Spiritus
1939 1506 2036 1561 ad-

466 1612 710 1671 ventum,
742 1602 951 1674 paratis
976 1612 1073 1672 per
1093 1600 1274 1657 omnia
1306 1599 1561 1655 cordibus
1588 1603 1920 1669 exspectent.
1946 1595 2038 1653 Sic

2132 592 2304 665 pacis,
2334 586 2601 662 passionis
2620 599 2675 643 et
2705 588 3130 645 resurrectionis
3154 586 3416 643 solemnia
3439 627 3456 652 ,
3491 586 3726 643 Domino

2135 686 2269 741 duce
2298 693 2544 752 petamus
2566 679 2908 747 Bethaniam,
2945 687 3004 734 ut
3039 686 3220 735 mente
3264 679 3448 750 quieta
3477 678 3726 748 corporis

2134 784 2190 831 et
2230 774 2508 845 sanguinis
2534 771 2651 840 ejus
2676 772 3029 828 sacramentis
3063 770 3403 836 imbuamur,
3445 775 3503 824 et
3533 769 3727 826 domus

2134 865 2451 922 Obedientia:
2485 877 2607 919 esse
2648 877 2922 919 curemus.

2207 950 2505 1012 Luudantes
2543 964 2593 1009 et
2627 954 2999 1010 benedicentes.
3030 952 3207 1010 Lucas
3235 954 3328 1024 qui
3355 952 3726 1009 sacerdotium

2139 1046 2340 1105 Christi
2384 1046 2598 1103 caeteris
2646 1047 2875 1118 amplius
2917 1047 3294 1117 exponendum
3342 1047 3585 1116 suscepit
3612 1087 3628 1111 ,
3670 1053 3729 1100 et

2140 1139 2261 1195 ideo
2301 1137 2649 1210 Evangelium
2676 1153 2832 1193 suum
2873 1152 2903 1192 a
2933 1138 3234 1193 ministerio
3280 1136 3464 1207 templi
3506 1151 3610 1207 per
3638 1151 3728 1191 sa-

2142 1232 2441 1288 cerdotium
2482 1230 2759 1296 Zachariae
2784 1230 2983 1301 coepit,
3034 1230 3259 1302 pulchre
3308 1228 3496 1285 hocin
3540 1228 3727 1298 templi

2144 1325 2426 1381 devotione
2467 1322 2753 1395 complevit
2775 1364 2790 1390 ,
2840 1332 2961 1378 cum
3007 1324 3262 1396 apostolis
3300 1320 3375 1377 ibi
3422 1322 3727 1388 ministros,

2146 1416 2370 1483 scilicet,
2397 1415 2522 1471 novi
2562 1414 2852 1470 sacerdotii
2902 1412 3117 1471 futuros
3142 1456 3157 1480 ,
3206 1430 3315 1469 non
3367 1414 3423 1468 in
3466 1413 3727 1467 victima-

2146 1521 2267 1562 rum
2298 1506 2575 1579 sanguine,
2595 1505 2690 1562 sed
2715 1506 2771 1561 in
2809 1504 2966 1562 laude
3004 1505 3100 1562 Dei
3120 1513 3175 1562 et
3200 1504 3579 1563 benedictione
3597 1516 3732 1560 con-

2146 1596 2331 1653 cludit.

476 1742 2520 1782 ;——-——--—--———-———--———-———

1163 1860 1832 1942 EVANGELIUM
1910 1844 2467 1941 SECUNDUM
2541 1850 3050 1939 JOANNEM.

1912 2021 2288 2041 Ψ

1069 2114 1454 2174 PROLOGUS.

544 2255 806 2316 Omnibus
848 2248 1042 2311 divinae
1079 2250 1374 2323 Scriptum
1418 2249 1663 2323 paginis,
1699 2247 2047 2320 Evangelium

473 2348 706 2413 excellit,
732 2346 858 2417 quia
882 2344 1024 2414 quod
1049 2342 1137 2398 lex
1162 2349 1214 2396 et
1240 2334 1512 2412 propheta:
1524 2339 1761 2395 futurum
1788 2338 2049 2410 praedixe-

473 2444 620 2503 runt,
659 2438 762 2491 hoc
796 2433 1119 2504 completum
1155 2431 1285 2487 dicit
1315 2430 1683 2501 Evangelium.
1714 2426 1861 2483 inter
1902 2428 2048 2499 ipsos

474 2538 652 2585 autem
704 2525 1104 2596 evangeliorum
1142 2523 1435 2595 scriptores
1475 2518 1710 2578 Joannes
1759 2521 1960 2575 eminet
1994 2519 2048 2574 in

473 2621 777 2677 divinorum
806 2617 1190 2689 mysteriorum
1229 2614 1613 2686 profunditate,
1638 2612 1777 2684 quia
1809 2620 2049 2682 tempore

476 2707 769 2764 Dominicae
789 2706 1138 2761 Ascensionis
1164 2718 1262 2776 per
1299 2719 1469 2759 annos
1504 2704 1783 2774 sexaginta
1812 2703 2050 2771 quinque

478 2801 701 2856 Verbum
730 2797 825 2852 Dei
870 2799 1074 2867 absque
1118 2797 1446 2851 adminiculo
1476 2796 1745 2851 scribendi
1774 2809 1945 2864 usque
1984 2791 2051 2848 ad

475 2889 665 2944 ultima
716 2886 1008 2942 Domitiani
1051 2885 1363 2955 praedicavit
1415 2894 1675 2956 tempora.
1722 2883 1828 2939 Sed
1872 2884 2050 2941 occiso

477 2965 808 3041 Domitiano,
841 2990 965 3030 cum
987 2975 1334 3046 permittente
1363 2972 1537 3030 Nerva
1578 2975 1641 3030 de
1666 2974 1854 3029 exsilio
1879 2973 2052 3029 redis-

478 3076 561 3124 set
581 3068 873 3138 Ephesum,
897 3066 1207 3136 compulsus
1226 3067 1294 3121 ab
1312 3054 1578 3137 episcopis
1590 3065 1733 3122 Asiae
1754 3067 1817 3122 de
1831 3075 2052 3121 coaeter-

479 3174 550 3217 na
580 3158 732 3214 Patri
779 3157 1062 3213 divinitate
1084 3156 1287 3212 Christi
1315 3157 1535 3227 scripsit
1557 3157 1815 3211 adversus
1841 3156 2052 3211 haereti-

480 3266 597 3317 cos,
635 3250 821 3321 quieo
851 3249 1075 3306 absente
1102 3249 1413 3320 irmperant
1435 3248 1493 3302 in
1517 3246 1633 3317 ejus
1655 3248 1935 3313 ecclesias,
1959 3246 2055 3318 qui

478 3342 755 3402 Christum
776 3349 903 3397 ante
924 3339 1147 3397 Mariam
1173 3339 1340 3396 fuisse
1363 3340 1653 3412 negabant.
1678 3339 1831 3395 Unde
1858 3338 2053 3393 merito

479 3434 537 3493 in
566 3436 739 3509 ﬁgura
763 3443 999 3506 quatuor
1030 3433 1341 3489 animalium
1370 3432 1565 3503 aquilae
1602 3432 1803 3487 volanti
1833 3445 2051 3501 compa-

2077 3478 2125 3543 C

2071 2116 2124 2179 Β
2154 2112 2369 2170 Domini
2404 2125 2524 2182 qua
2571 2109 2856 2167 Trinitatis
2893 2107 3199 2172 unitatem“,
3239 2113 3299 2162 et
3340 2104 3469 2181 ψ
3511 2110 3733 2161 mea

2149 2204 2461 2263 felicitatem
2487 2204 2785 2271 insinuant,
2812 2204 3125 2275 diligentius
3142 2200 3461 2265 conscribit,
3485 2209 3545 2255 et
3571 2201 3656 2255 sic
3675 2200 3734 2255 in

2150 2298 2573 2368 contemplativa
2606 2298 2721 2353 vita
2747 2298 2947 2352 virtute
2973 2295 3401 2352 commendanda
3419 2332 3435 2359 ,
3468 2294 3731 2350 intentio-

2150 2402 2274 2449 nem
2301 2404 2454 2445 suam
2480 2397 2537 2444 et
2562 2388 3001 2459 praedicationem
3043 2386 3233 2442 tenuit.
3266 2384 3323 2441 in
3348 2399 3458 2455 qua
3484 2391 3734 2439 conten-

2149 2484 2356 2556 plativa
2383 2489 2630 2547 vacatur,
2662 2489 2724 2536 ut
2747 2479 2891 2536 Deus
2911 2479 3178 2534 videatur.
3209 2477 3317 2533 late
3340 2476 3608 2546 siquidem
3648 2480 3739 2530 est

2149 2575 2387 2634 Joannes
2403 2590 2564 2646 quem
2583 2572 2845 2629 Dominus
2867 2572 2933 2628 de
2954 2570 3239 2641 ﬂuctivaga
3261 2569 3570 2641 nuptiarum
3596 2574 3734 2622 tem-

2149 2678 2361 2743 pestate
2404 2667 2656 2735 vocavit,
2695 2674 2752 2722 et
2796 2666 2887 2721 uti
2930 2670 3165 2721 matrem
3206 2662 3475 2735 virgine.
3527 2658 3737 2732 virgini

2153 2756 2576 2817 commendavit.

2653 2867 2882 2926 CAPUT
2920 2865 3210 2923 PRIMUM.

2220 2981 2388 3039 Vsus.
2429 2982 2479 3037 l.
2511 3012 2579 3023 -
2602 2979 2670 3036 In
2701 2980 2954 3051 principio
2980 2988 3090 3033 erat
3124 2974 3365 3032 Verbum.
3391 2973 3591 3031 Contra
3634 2988 3735 3032 eos

2152 3075 2243 3145 qui
2265 3081 2486 3146 propter
2516 3072 2863 3143 temporalem
2886 3069 3089 3128 Christi
3115 3069 3451 3125 nativitatem
3479 3065 3735 3121 dicebant

2151 3165 2429 3222 Christum
2473 3179 2579 3219 non
2609 3178 2821 3232 semper
2859 3162 3042 3225 fuisse,
3091 3160 3280 3231 incipit
3322 3160 3387 3215 de
3425 3157 3735 3213 aeternitate

2156 3255 2319 3312 Verbi
2347 3257 2531 3312 dicens
2561 3272 2574 3309 :
2606 3254 2675 3309 In
2706 3255 2962 3325 principio
2990 3263 3101 3307 erat
3142 3251 3385 3306 Verbum.

2230 3348 2398 3405 Vens.
2424 3348 2479 3404 5.
2499 3377 2571 3387 —
2591 3343 2781 3400 Omnia
2797 3360 2888 3415 per
2901 3344 3071 3415 ipsum
3094 3342 3233 3412 facta
3258 3349 3400 3396 sunt.
3416 3336 3597 3412 (ΑΜ.)
3614 3334 3736 3391 Non

2159 3447 2245 3498 est
2271 3451 2519 3497 creatura
2541 3445 2638 3510 per
2658 3453 2817 3508 quem
2839 3437 3016 3493 omnis
3032 3444 3278 3491 creatura
3304 3430 3447 3487 facta
3468 3441 3571 3496 est,
3597 3440 3735 3495 etc.,

480 3536 661 3594 ratur,
682 3543 803 3599 qua!
845 3526 993 3581 volat
1021 3526 1180 3581 altius
1204 3525 1418 3580 caneris
1441 3524 1783 3590 animalibus,
1830 3531 1887 3578 et
1922 3523 2052 3579 solis

2170 3552 2319 3607 usque
2365 3533 2441 3589 ad
2487 3548 2607 3605 quae
2657 3531 2987 3588 concordant
3039 3528 3220 3585 cuncti
3272 3527 3526 3600 potentiae
3581 3524 3733 3580 Divi-

482 3619 666 3675 miioo
691 3618 1101 3674 inevorberlu's
1121 3617 1315 3687 aspicit
1338 3615 1652 3673 luminibus.
1682 3616 1873 3671 Castori
1901 3614 2056 3685 quip-

482 3726 549 3782 pe
575 3710 938 3782 evaugelistae,
976 3709 1067 3778 qui
1096 3708 1444 3778 temporalem
1483 3708 1687 3763 Christi
1716 3705 2056 3762 nativitatem

484 3811 542 3858 et
573 3800 888 3873 temporalia
918 3797 1034 3867 eius
1053 3797 1216 3864 luem,
1246 3814 1366 3867 quas
1393 3799 1559 3869 gessit
1582 3799 1637 3854 in
1664 3799 1883 3855 homine
1914 3796 2060 3854 suill-

485 3893 693 3950 cienter
734 3897 1043 3962 exponunt,
1083 3897 1136 3945 et
1182 3890 1252 3945 de
1279 3890 1561 3946 divinitate
1584 3906 1758 3961 pauca
1778 3891 2057 3955 dixerunt,

487 3984 643 4054 quasi
666 3980 920 4036 animalia
942 3979 1245 4054 gressibilia
1268 4020 1286 4048 ,
1306 3996 1429 4036 cum
1454 3982 1680 4037 Domino
1703 3979 1984 4037 ambulant
2003 3980 2063 4036 in

488 4083 654 4131 terra.
682 4074 783 4130 Hic
812 4082 992 4128 autem
1022 4088 1193 4143 pauca
1235 4072 1303 4129 de
1338 4073 1723 4143 temporalibus
1753 4071 1871 4141 ejus
1895 4072 2065 4144 gestis

487 4170 818 4237 edisserens,
839 4167 935 4223 sed
960 4166 1259 4224 divinitatis
1293 4167 1593 4238 potentiam
1626 4166 1908 4222 subiimius
1935 4179 2065 4219 con-

491 4261 786 4330 temptans,
826 4274 949 4313 cum
990 4258 1217 4313 Domino
1247 4259 1315 4313 ad
1355 4258 1550 4314 caelum
1579 4258 1746 4314 volat.
1777 4257 1880 4324 Qui
1918 4257 2067 4313 enim

461 4347 652 4423 "supra
701 4358 889 4422 pectus
936 4349 1149 4405 Domini
1188 4350 1242 4403 iu
1288 4363 1445 4404 coena
1492 4348 1777 4411 recubuit,
1826 4346 2067 4404 caelestis

490 4443 743 4498 haustum
775 4441 1053 4512 sapientia:
1102 4440 1315 4495 caeteris
1354 4440 1703 4496 excellentius
1731 4440 1797 4495 de
1824 4441 1936 4510 ipso
1960 4442 2069 4495 Do-

492 4537 675 4593 minici
736 4536 975 4607 pectoris
1034 4535 1182 4592 l‘onte
1222 4536 1445 4607 potavit.
1510 4534 1742 4606 Legerat
1801 4535 2070 4606 siquidem

491 4627 766 4699 evangelia
796 4628 957 4682 trium
988 4626 1461 4698 evangelistarum,
1490 4637 1544 4682 et
1584 4628 1982 4698 approbaverat
2007 4626 2071 4681 li-

494 4718 614 4775 dem
639 4734 825 4773 eorum
849 4727 904 4773 et
928 4718 1213 4773 veritatem
1238 4718 1291 4772 in
1316 4718 1510 4788 quibus
1531 4719 1715 4773 deesse
1737 4718 1870 4774 vidit
1890 4718 2071 4787 aliqua

495 4819 769 4882 gestarum
800 4826 981 4866 rerum
1009 4811 1268 4877 historiae,
1296 4821 1349 4867 et
1373 4828 1438 4868 ea
1460 4813 1695 4867 maxime
1727 4827 1848 4882 qua:
1884 4810 2064 4868 Domi-

495 4917 598 4958 nus
617 4901 785 4972 gessit
806 4900 982 4971 primo
1003 4901 1400 4972 praedicationis
1421 4918 1531 4956 sua:
1556 4911 1821 4971 tempore,
1840 4902 2066 4968 scilicet,

495 4998 787 5059 antequam
816 4984 1052 5045 Joannes
1083 4990 1323 5062 Baptista
1358 4991 1703 5046 clauderetur
1739 4982 1797 5046 in
1829 5004 2067 5047 carcere.

457 5094 462 5097 '
497 5080 625 5137 Haec
651 5097 779 5152 ergo
809 5081 964 5151 quasi
987 5081 1207 5137 dimissa
1236 5081 1451 5149 abillis,
1480 5080 1668 5137 scribit
1686 5080 1926 5138 Joannes
1953 5096 2075 5152 qua

498 5171 799 5228 fecitJesus
820 5160 1109 5241 antequam
1131 5172 1363 5229 Joannes
1376 5173 1699 5239 traderetur,
1716 5174 1812 5231 sed
1838 5174 2071 5230 maxime

499 5263 837 5320 divinitatem
887 5262 1085 5320 Christi
1132 5272 1187 5321 et
1215 5262 1498 5320 Trinitatis
1554 5265 1872 5336 mysterium
1927 5281 2073 5321 com-

499 5355 756 5410 mendare
802 5355 1031 5411 curavit.
1065 5352 1203 5411 Tres
1243 5356 1505 5426 siquidem
1558 5355 1648 5409 alii
1698 5355 2073 5427 evangelistae,

501 5446 643 5503 dicta
667 5455 723 5502 et
745 5444 887 5503 facta
916 5448 1131 5504 Domini
1168 5448 1503 5519 temporalia,
1530 5462 1650 5519 qua:
1684 5448 1755 5507 ad
1781 5446 2074 5504 informan-

501 5540 601 5596 dos
624 5554 803 5595 mores
846 5541 969 5596 vitae
997 5532 1279 5611 praesentis
1305 5540 1538 5594 maxime
1562 5539 1778 5607 valent,
1809 5540 2078 5611 copiosius

502 5631 800 5698 consecuti,
836 5632 984 5687 circa
1012 5632 1243 5685 activam
1282 5630 1448 5685 vitam
1480 5638 1607 5686 sunt
1637 5631 1860 5686 versati.
1884 5630 1940 5685 ln
1974 5643 2078 5700 qua

504 5721 809 5787 laboratur,
852 5730 913 5776 ut
960 5734 1053 5776 cor
1102 5722 1391 5777 mundetur
1431 5723 1497 5776 ad
1542 5721 1833 5776 videndum
1890 5722 2077 5777 Deum.

504 5811 740 5871 Joannes
773 5826 900 5870 vero
930 5826 1101 5885 pauca
1130 5812 1342 5870 Domini
1384 5815 1525 5870 facta
1554 5814 1714 5882 dicit,
1755 5815 1917 5870 verba
1951 5828 2081 5871 vero

2156 3628 2362 3683 mtatis.

2233 3718 2303 3772 Et
2352 3717 2462 3773 sine
2500 3717 2613 3787 ipso
2639 3715 2837 3784 factum
2875 3712 3125 3770 estnihil.
3177 3710 3381 3783 (Οιιιε.)
3419 3709 3501 3765 Ita
3540 3708 3738 3765 distin-

2161 3812 2311 3882 guit:
2345 3811 2415 3866 Et
2454 3812 2566 3866 sine
2593 3812 2705 3880 ipso
2736 3809 2933 3878 factum
2960 3818 3036 3862 est
3073 3805 3223 3863 nihil.
3253 3803 3437 3862 Ordo:
3482 3801 3634 3858 Nihil
3656 3812 3738 3857 at

2160 3901 2299 3974 q'uod
2326 3901 2523 3972 factum
2548 3910 2621 3955 est
2645 3902 2756 3954 sine
2775 3900 2906 3969 ipso.

2232 3993 2400 4048 Vens.
2427 3991 2481 4046 4.
2511 4022 2582 4032 —
2617 3989 2769 4057 Quod
2814 3988 3011 4060 factum
3046 3997 3152 4055 est,
3197 3998 3308 4042 erat
3349 3986 3450 4042 uita
3499 3987 3555 4040 in
3602 3986 3737 4055 ipso.

2165 4078 2346 4156 (Aue.)
2374 4080 2609 4144 Joannes
2650 4079 3068 4150 Chrysostomus
3096 4095 3109 4132 :
3137 4075 3204 4131 Et
3248 4077 3359 4133 sine
3400 4075 3512 4147 ipso
3540 4074 3745 4145 factum

2164 4184 2238 4228 est
2278 4172 2427 4226 nihil.
2456 4170 2628 4237 (Quod
2653 4170 2851 4240 factum
2886 4179 2981 4223 est.
3023 4169 3297 4224 Hilarius:
3334 4166 3462 4223 Sine
3502 4167 3616 4221 ioao
3656 4164 3743 4232 [a-

2167 4270 2307 4318 rtum
2332 4271 2407 4317 est
2446 4260 2610 4325 nihil,
2638 4262 2776 4333 quod
2799 4260 2996 4330 factum
3017 4270 3091 4331 est
3120 4261 3174 4314 in
3208 4260 3341 4330 ipso.

2238 4350 2403 4408 Vens.
2432 4351 2485 4406 6.
2510 4381 2580 4392 -—
2608 4347 2735 4405 Fuit
2778 4352 2930 4405 homo
2967 4352 3176 4404 missus.
3201 4346 3495 4418 Postquam
3525 4345 3747 4406 sublimi

2167 4444 2349 4501 volatu
2382 4440 2522 4497 ultra
2549 4456 2765 4497 omnem
2798 4452 3042 4495 naturam
3082 4441 3137 4495 in
3175 4439 3513 4494 altitudinem
3540 4436 3748 4494 theolo-

2170 4537 2269 4607 giae
2313 4533 2583 4595 ascendit,
2636 4533 2761 4602 quia
2792 4528 3025 4587 Verbum
3069 4532 3209 4603 apud
3259 4531 3477 4586 Patrem
3534 4544 3749 4600 semper

2131 4666 2137 4677 .
2171 4627 2337 4682 fuisse
2358 4624 2756 4694 contemplatus
2782 4631 2882 4688 est,
2918 4639 3041 4677 mox
3079 4623 3145 4676 ad
3172 4622 3531 4677 humilitatem
3560 4622 3748 4677 huma-

2172 4735 2254 4774 nae
2279 4730 2506 4783 naturae,
2543 4723 2597 4772 et
2622 4715 2926 4786 specialiter
2952 4715 3304 4785 praecursoris
3334 4713 3494 4770 Verbi
3526 4713 3750 4769 descen-

2175 4808 2252 4865 dit
2280 4817 2469 4864 contra
2518 4807 2640 4863 illos
2680 4805 2772 4876 qui
2815 4804 3068 4861 dicebant
3094 4805 3387 4859 humanam
3415 4814 3666 4858 naturam
3691 4801 3750 4857 in

2173 4901 2349 4971 primo
2378 4906 2602 4971 parente
2631 4904 2698 4952 ex
2750 4905 2865 4951 toto
2894 4896 3163 4967 perditam
3199 4905 3255 4952 et
3294 4896 3363 4951 ad
3400 4894 3631 4951 nihilum
3666 4910 3751 4950 re-

2177 4993 2408 5048 dactam.
2454 4990 2629 5045 Homo
2656 4990 2867 5045 missus.
2900 4989 3093 5056 Homo,
3126 5005 3234 5045 non
3271 4984 3517 5062 angelus,
3557 4996 3618 5044 ut
3644 4989 3753 5045 hae—

2176 5083 2332 5138 retici
2369 5081 2587 5150 volunt,
2635 5081 2832 5137 missus
2867 5097 2899 5137 a
2946 5080 3078 5139 Deo.
3104 5080 3229 5139 Ideo
3263 5081 3439 5154 potuit
3478 5081 3662 5138 dicere
3686 5079 3753 5137 de

2177 5174 2308 5230 Deo.

2250 5266 2413 5321 Vsus.
2440 5265 2579 5321 9.—
2599 5263 2730 5320 Erat
2761 5264 2853 5320 (ua:
2876 5282 3020 5321 vera.
3043 5263 3232 5322 Omnis
3257 5266 3420 5323 homo
3444 5264 3645 5322 dicitur
3668 5262 3753 5318 illa

2181 5366 2371 5413 natura
2397 5358 2450 5413 in
2478 5358 2693 5414 homine
2716 5399 2731 5425 ,
2754 5374 2873 5429 quae
2897 5358 2966 5414 ad
3003 5358 3293 5429 imaginem
3325 5366 3379 5415 et
3408 5357 3477 5414 ad
3505 5357 3756 5414 similitu-

2181 5449 2361 5504 dinem
2389 5446 2480 5503 Dei
2508 5447 2651 5504 facta
2675 5457 2777 5504 est.
2804 5448 2921 5504 Alia
2943 5449 3124 5504 omnia
3149 5466 3269 5521 qua:
3298 5459 3425 5505 sunt
3454 5449 3509 5504 in
3536 5447 3756 5505 homine

2181 5537 2463 5594 inferiores
2483 5548 2663 5610 partes
2681 5539 2915 5595 hominis
2934 5548 3078 5606 sunt,
3108 5547 3164 5595 et
3184 5538 3580 5608 quodammodo
3601 5547 3757 5592 extra

2183 5629 2453 5685 hominem
2475 5640 2621 5686 sunt.
2647 5630 2704 5685 ln
2727 5630 2814 5685 illa
2837 5630 3064 5695 scilicet,
3079 5630 3260 5685 anima
3279 5628 3426 5684 velut
3446 5626 3500 5683 in
3522 5627 3755 5698 quodam

2185 5722 2384 5777 mundo
2407 5721 2671 5790 superiori
2709 5737 2835 5777 vera
2858 5721 2947 5777 lux
2978 5721 3139 5790 lucet,
3163 5730 3218 5775 et
3244 5720 3296 5775 in
3323 5719 3471 5775 illum
3496 5718 3754 5773 mundum

2185 5814 2478 5882 venientes,
2501 5825 2555 5871 ct
2577 5831 2674 5888 per
2697 5818 2925 5889 gratiam
2948 5825 3292 5874 renascentes
3319 5814 3606 5882 tlluntinat,
3630 5813 3754 5886 quia
