3960 6336
213 344 307 403 357

1132 335 1399 396 GLOSSA
1436 334 1831 394 ORDINARIA.
1867 363 1938 421 j—
1969 333 2223 392 EVANG.
2262 335 2471 395 JOAN.‘

3336 338 3445 398 358

212 466 423 527 quorum
469 449 578 507 vita
626 459 681 507 et
718 451 1060 509 conversatio
1090 451 1151 508 in
1185 452 1338 511 caelis
1365 462 1483 523 est,
1518 453 1672 526 quasi
1712 452 1767 508 in
1794 454 1851 517 Δ
1944 451 2106 507 Vsus.
2140 451 2226 506 17.
2254 484 2322 493 -
2350 452 2462 508 Per
2504 451 2744 527 Moysen.
2797 453 2903 527 Her
2961 454 3180 528 Moysen
3226 469 3443 513 servum

210 546 306 601 alio
343 543 535 597 mundo
563 551 706 597 sunt.
1496 604 1505 611 η

272 636 426 691 Vens.
472 635 560 690 11.
584 665 655 676 -
682 634 752 690 Ει
776 637 860 691 sui
884 654 1002 692 eum
1031 654 1135 693 non
1160 647 1479 710 receperunt.
1503 638 1587 695 Ab
1608 637 1763 695 initio

209 728 379 785 mundi
415 727 617 782 nullum
638 732 872 800 ;tempus
894 740 1014 786 erat
1041 730 1095 785 in
1119 746 1227 801 quo
1259 739 1569 801 receptores
1595 730 1765 787 divini

209 819 348 878 verbi
377 833 482 874 non
526 828 739 885 essent,
767 820 911 877 unde
953 819 1140 876 addit:
1174 820 1437 895 Quotquot
1479 832 1653 877 autem
1684 837 1767 876 re-

208 918 453 986 ceperunt.

271 1023 428 1080 Vsus.
460 1019 550 1076 12.
587 1049 660 1062 --
679 1019 853 1078 Filios
880 1021 982 1078 Dei
1001 1022 1141 1091 fieri.
1166 1022 1425 1081 litabilis
1444 1033 1686 1095 potestas
1704 1031 1773 1081 ut

206 1115 288 1186 qui
318 1113 409 1169 ﬁlii
453 1112 657 1168 diaboli
690 1122 879 1180 erant,
906 1122 963 1170 et
1002 1112 1100 1169 lilii
1124 1113 1223 1169 Dei
1258 1124 1312 1171 et
1338 1114 1535 1172 fratres
1559 1115 1767 1173 Christi

206 1218 294 1276 per
320 1217 436 1259 eum
456 1202 674 1258 liberati
696 1204 966 1271 dicantur,
995 1220 1105 1275 quo
1132 1212 1315 1260 autem
1335 1206 1524 1262 ordine
1551 1206 1646 1262 illii
1668 1207 1769 1264 Dei

205 1295 361 1361 iisut,
404 1302 459 1349 et
507 1296 780 1364 quomodo
811 1296 927 1352 haec
961 1296 1240 1367 generatio
1267 1296 1436 1353 distat
1460 1311 1493 1351 a
1537 1296 1767 1365 carnali,

204 1388 477 1445 subditur:
512 1386 617 1453 Qui
647 1405 752 1444 non
778 1404 843 1444 ea:
870 1390 1232 1460 congerimus.

265 1502 417 1558 Vens.
444 1500 534 1557 14.
558 1531 631 1543 -
653 1501 724 1556 Ει
758 1501 982 1557 Verbum
998 1520 1124 1559 caro
1146 1504 1344 1573 factum
1366 1512 1461 1558 est.
1494 1501 1566 1559 Ut
1586 1510 1767 1559 autem

203 1609 376 1652 secure
394 1594 683 1649 credamus
708 1594 955 1650 homines
976 1594 1124 1650 nasci
1148 1608 1215 1649 ex
1243 1595 1375 1661 Deo,
1396 1594 1575 1651 subdit
1597 1594 1768 1651 Deum

201 1687 336 1743 nasci
375 1701 442 1741 ex
482 1686 741 1753 homine,
789 1701 856 1741 ex
899 1686 1003 1742 hac
1051 1688 1393 1758 susceptione
1438 1687 1769 1744 inﬁrmitatis

200 1785 406 1831 sanatur
445 1785 636 1831 nostra
663 1776 973 1844 inﬁrmitas,
1001 1786 1062 1832 ut
1087 1778 1357 1849 possimus
1386 1778 1478 1833 ﬁlii
1501 1779 1595 1833 Dei
1624 1779 1763 1835 llcri.

198 1868 377 1924 Bthoc
401 1875 488 1922 est
514 1884 529 1921 :
561 1864 633 1922 Et
676 1864 902 1922 Verbum
930 1884 1058 1922 caro
1081 1867 1279 1937 factum
1307 1877 1401 1924 est.
1434 1868 1587 1937 Quod
1611 1886 1766 1941 supe-

198 1961 301 2016 rius
326 1967 472 2027 erat,
506 1958 733 2016 inferius
762 1961 1059 2017 descendit.
1100 1960 1240 2029 Quid
1276 1962 1512 2017 mirum:
1547 1962 1592 2018 si
1621 1962 1767 2033 quod

197 2063 305 2110 erat
335 2053 564 2109 inferius
583 2094 597 2119 ,
626 2054 681 2109 in
709 2053 763 2109 id
789 2054 933 2124 quod
960 2055 1207 2126 superius
1229 2063 1314 2110 est
1337 2056 1613 2111 ascendit?
1654 2055 1765 2113 Nec

196 2145 402 2210 mirum,
424 2144 470 2200 si
502 2143 751 2200 homines
797 2153 1094 2200 nascuntur
1114 2160 1181 2201 ex
1205 2142 1336 2210 Deo,
1378 2147 1504 2217 quia
1528 2147 1671 2203 Deus
1695 2160 1763 2202 ex

195 2237 402 2293 homine
439 2243 526 2292 est
554 2245 729 2291 natus.
760 2234 983 2291 Plenum
1012 2237 1197 2307 gratia:
1220 2245 1267 2291 et
1298 2237 1546 2291 veritatis.
1592 2234 1765 2291 Homo

194 2325 433 2383 Christus
474 2327 669 2399 plenus
695 2326 798 2383 fuit
822 2330 1025 2400 gratia,
1058 2330 1181 2401 quia
1219 2329 1383 2386 nullis
1407 2329 1762 2400 praecedenti-

193 2414 286 2471 bus
312 2419 525 2473 meritis
550 2433 617 2472 ex
646 2432 753 2488 quo
781 2429 1076 2492 conceptus
1101 2428 1184 2477 est
1207 2461 1224 2487 ,
1261 2421 1364 2476 fuit
1399 2422 1580 2477 Deitas
1607 2422 1660 2477 in
1700 2436 1766 2477 eo

194 2508 413 2579 impleas
428 2511 703 2566 hominem
723 2510 871 2565 illum
886 2513 1031 2567 omni
1055 2511 1388 2583 plenitudine
1410 2514 1763 2581 redundante,

196 2598 247 2652 in
272 2614 461 2657 omnes
507 2609 727 2657 sanctos
750 2643 765 2667 ,
792 2604 935 2657 unde
965 2611 1019 2658 et
1065 2612 1239 2659 mater
1266 2603 1380 2672 ejus
1405 2599 1512 2660 ιιοίι
1559 2614 1765 2662 tantum

193 2688 385 2745 dicitur
406 2700 584 2746 mater
603 2692 859 2759 hominis,
890 2693 984 2749 sed
1003 2700 1058 2747 et
1078 2701 1251 2748 mater
1273 2695 1387 2749 Dei.
1410 2694 1519 2749 Nec
1546 2696 1762 2763 mirum,

191 2782 233 2836 si
254 2784 476 2850 dicitur,
497 2784 659 2839 homo
680 2785 844 2840 etiam
866 2776 1030 2852 Deus,
1060 2801 1181 2841 cum
1204 2786 1346 2841 Deus
1370 2787 1580 2842 dicatur
1602 2787 1765 2843 etiam

188 2874 379 2941 homo,
409 2877 528 2932 inec
549 2887 730 2933 autem
760 2879 933 2951 gratia
966 2878 1165 2933 dicitur
1190 2886 1245 2934 et.
1271 2878 1505 2945 veritas,
1532 2880 1656 2950 quia
1686 2880 1767 2937 sic

186 2964 312 3019 olim
339 2968 670 3035 promissum
700 2977 802 3034 est,
835 2979 890 3023 et
916 2970 1074 3023 modo
1100 2970 1421 3036 exhibitum,
1449 2972 1673 3037 scilicet,
1706 2978 1766 3027 ut

183 3056 327 3113 Deus
369 3060 445 3113 sit
477 3060 531 3115 in
558 3060 778 3114 homine
807 3060 1038 3129 impleas
1067 3075 1191 3115 eum
1221 3061 1368 3116 omni
1396 3061 1557 3135 bono,
1595 3072 1650 3117 et
1670 3077 1768 3133 per

178 3161 303 3202 eum
333 3162 486 3203 SUOS.

249 3262 421 3317 Vens.
448 3261 536 3316 15.
557 3293 627 3302 -
649 3260 753 3317 Hic
776 3271 891 3318 erat
918 3280 1069 3335 quem
1099 3264 1233 3319 dixi.
1266 3263 1371 3320 Per
1392 3265 1770 3322 demonstrati-

180 3371 303 3410 vum
322 3368 625 3426 pronomen
645 3355 887 3410 innuitur
909 3356 1184 3412 Christum
1205 3355 1421 3413 atl'uisse
1442 3357 1496 3413 in
1521 3357 1610 3413 illo
1630 3358 1765 3415 loco.

182 3442 336 3515 Saepe
381 3443 531 3499 enim
568 3443 685 3514 ipse
714 3433 975 3502 Dominus
1004 3447 1180 3503 adhuc
1225 3448 1439 3519 ignotus
1479 3458 1770 3520 antequam

182 3536 559 3607 baptizaretur
581 3545 637 3593 et
665 3540 1018 3607 praedicaret,
1053 3541 1120 3596 ad
1146 3539 1404 3596 Joannem
1436 3542 1627 3599 solitus
1653 3548 1771 3598 erat

184 3629 388 3684 venire.
418 3627 526 3696 Qui
549 3638 664 3700 post
693 3647 775 3684 me
803 3642 1049 3686 venturus
1070 3642 1165 3687 est.
1203 3633 1305 3699 Qui
1327 3641 1446 3705 post
1472 3650 1558 3690 me
1586 3643 1764 3703 natus,

182 3730 301 3791 post
330 3735 420 3775 me
444 3721 857 3791 praedicaturus,
886 3721 1279 3791 baptizaturus,
1310 3724 1623 3780 moriturus.
1650 3722 1769 3781 Non

188 3811 327 3882 quod
355 3809 473 3879 jam
521 3827 626 3866 non
658 3821 803 3867 esset
831 3821 1021 3877 natus,
1044 3817 1258 3885 quando
1298 3817 1412 3873 haec
1443 3817 1611 3885 dixit,
1642 3818 1769 3890 quia

186 3902 345 3956 etiam
387 3902 699 3972 baptizatus
734 3918 749 3956 :
784 3904 876 3959 sed
912 3914 1172 3961 venturus
1194 3907 1248 3963 in
1280 3908 1684 3978 praedicatione,
1714 3907 1769 3963 in

190 4003 380 4061 morte,
408 3997 506 4050 sed
537 4009 644 4049 non
682 3995 743 4051 in
766 3998 1181 4053 resurrectione.
1210 3999 1344 4054 Ante
1366 4017 1445 4054 me
1477 4000 1647 4071 factus
1670 4011 1766 4069 est,

185 4086 305 4155 quia
327 4086 481 4157 prior
513 4102 597 4141 me
632 4095 764 4142 erat.
808 4086 888 4143 Ex
941 4088 1171 4156 Graeco,
1228 4106 1408 4145 coram
1459 4107 1545 4147 me
1596 4092 1771 4149 factus

188 4185 287 4239 est,
310 4177 364 4231 id
385 4185 495 4243 est,
521 4177 773 4249 apparuit
799 4180 933 4234 mihi
954 4181 1190 4250 quidem,
1224 4181 1452 4251 scilicet,
1472 4183 1600 4254 quia
1621 4183 1772 4257 prior

188 4283 271 4325 me
296 4279 438 4325 erat.

256 4384 423 4443 Vens.
452 4386 543 4443 16.
570 4417 641 4428 -
675 4383 741 4440 Et
772 4386 837 4442 de
873 4386 1215 4465 plenitudine.
1242 4387 1500 4459 Exposito
1522 4389 1769 4446 testimo-

1864 544 2267 614 praanuntiatio,
2335 561 2433 618 per
2482 546 2770 604 Dominum
2835 546 3021 605 Jesum
3077 548 3266 606 salutis
3337 550 3442 607 im-

1863 634 2049 707 pletio.
2504 704 2507 707 ν
3314 708 3315 711 η

1935 727 2103 786 Vens.
2132 728 2218 786 18.
2246 731 2505 787 —-Deum
2552 748 2702 787 nemo
2756 734 2887 789 vidit
2933 750 3184 805 unquam.
3216 734 3274 791 ld
3331 743 3436 804 est,

1864 818 2043 875 nullus
2060 835 2228 891 purus
2249 821 2410 876 homo
2438 822 2628 877 vivens
2652 822 2707 877 in
2728 822 2834 878 hoc
2860 838 3090 895 corpore
3116 824 3249 880 vidit
3272 826 3445 882 Deum

1863 919 1926 966 ut
1941 920 2044 978 εει,
2066 912 2209 969 unde
2225 913 2428 969 dictum
2449 921 2534 969 est
2548 913 2719 987 Moysi
2745 936 2760 968 :
2786 914 2913 970 Non
2934 918 3123 972 uidebit
3135 935 3215 973 me
3225 920 3379 975 homo
3393 927 3442 975 et

1824 1012 1831 1049 ῖ
1865 1005 2210 1078 vieet(Ea:od.
2240 1007 2461 1079 sum),
2491 1006 2545 1063 id
2574 1015 2680 1072 est,
2712 1020 2873 1063 nemo
2896 1009 3087 1066 vivens
3112 1010 3167 1065 in
3213 1027 3444 1082 corpore

1865 1096 2069 1153 videbit
2103 1098 2441 1154 divinitatem
2486 1113 2683 1154 meam.
2730 1098 2886 1156 Unde
2942 1101 3044 1156 ista
3071 1102 3271 1174 adjecit
3295 1103 3442 1159 Deus

1867 1189 2036 1262 Moysi
2066 1210 2079 1244 :
2116 1189 2213 1246 Sta
2244 1192 2299 1246 in
2337 1192 2597 1261 foramine
2619 1202 2801 1262 petrae,
2824 1203 2901 1258 ,ει
2931 1211 3052 1247 cum
3088 1197 3445 1265 pertransiero

1865 1282 2062 1337 uidebis
2081 1283 2372 1353 posteriora
2391 1300 2507 1337 mea
2529 1283 2579 1355 (1
2585 1284 2741 1355 bid.).
2767 1283 2952 1351 Petra,
2974 1285 3027 1340 id
3048 1294 3151 1353 est,
3173 1286 3446 1358 Christus,

1866 1374 2132 1441 foramen,
2180 1376 2361 1431 crucis
2407 1374 2730 1446 patibulum,
2782 1377 3179 1446 pertransiero,
3233 1378 3291 1435 id
3333 1387 3444 1448 est,

1868 1466 2137 1525 transiero
2185 1466 2252 1520 de
2301 1466 2500 1522 mundo
2530 1466 2598 1520 ad
2612 1465 2865 1521 'Patrem.
2908 1466 3237 1536 Posteriora,
3287 1476 3443 1526 ortus

1872 1556 2012 1628 ejus,
2042 1558 2244 1629 passio,
2278 1558 2626 1626 resurrectio,
2653 1558 2925 1624 ascensio,
2948 1573 3046 1629 per
3068 1574 3189 1630 quae
3234 1559 3445 1615 credita

1869 1652 1938 1706 ad
1965 1651 2084 1721 ejus
2104 1650 2492 1706 beatitudinem
2514 1657 2571 1705 et
2592 1648 2857 1705 visionem
2889 1649 3256 1720 pervenimus.
3284 1649 3444 1719 Quod

1869 1742 2068 1813 legitur
2107 1741 2279 1797 Deum
2309 1741 2629 1812 apparuisse
2658 1741 2971 1798 hominibus
2998 1742 3113 1797 sive
3154 1740 3444 1799 visibiliter

1792 1827 1843 1888 B
1867 1831 2181 1889 carnalibus
2221 1831 2414 1898 oculis,
2461 1833 2577 1888 sive
2619 1832 2963 1887 invisibiliter
2990 1832 3322 1904 propheticis
3361 1833 3444 1889 vi~

1867 1923 2112 1979 sionibus
2157 1938 2255 1994 per
2307 1921 2605 1991 subjectam
2656 1932 2981 1989 aeaturam,
3036 1922 3445 1995 intelligendum

1863 2023 1969 2078 est,
2002 2012 2241 2067 visiones
2272 2011 2416 2067 enim
2468 2011 2860 2082 prophetarum
2905 2012 3138 2082 quadam
3173 2012 3445 2085 spirituali

1865 2109 2115 2161 creatura
2133 2100 2294 2157 factae
2309 2108 2454 2169 sunt,
2479 2101 2677 2173 quibus
2696 2102 2867 2158 Deum
2897 2101 3100 2160 vidisse
3140 2104 3439 2174 perhiben-
3472 2126 3481 2131 ’

1866 2202 1979 2249 tur.
3080 2253 3085 2259 ,

1940 2280 2250 2353 Unigenitus
2280 2279 2328 2334 F
2331 2280 2479 2350 ilius,
2503 2291 2610 2339 etc.
2643 2281 2775 2350 Quae
2816 2283 2888 2339 sit
2924 2298 3137 2340 summa
3164 2286 3354 2357 gratiae
3386 2292 3446 2347 et

1866 2373 2138 2439 veritatis,
2181 2373 2421 2429 breviter
2467 2373 2671 2440 subdit,
2718 2374 2928 2432 scilicet
2973 2377 3208 2447 cognitio
3274 2378 3445 2448 ipsius

1867 2464 2167 2527 Trinitatis,
2187 2464 2359 2518 unde:
2381 2462 2511 2518 Hazc
2528 2473 2605 2518 est
2629 2465 2734 2518 vita
2752 2474 2967 2528 wterna,
2986 2476 3043 2520 ut
3058 2478 3445 2538 cognoscant,“

1866 2572 2030 2610 unum
2065 2571 2240 2610 verum
2266 2554 2458 2618 Deum,
2484 2565 2531 2609 et
2553 2571 2703 2626 quem
2728 2555 2916 2609 misisti
2941 2552 2976 2608 J
2981 2572 3126 2610 esum
3153 2557 3443 2613 Christum.

1867 2646 1997 2713 Quae
2039 2646 2091 2700 in
2120 2647 2223 2700 hac
2249 2646 2358 2699 vita
2399 2661 2505 2699 non
2532 2646 2688 2714 plene
2715 2656 2818 2710 est,
2847 2646 2973 2714 quia
2998 2660 3158 2701 nemo
3194 2647 3251 2701 in
3280 2662 3445 2704 carne

1865 2737 2000 2793 vidit
2042 2737 2213 2790 Deum
2238 2744 2296 2790 ut
2321 2743 2422 2790 est.
2452 2736 2602 2791 Unde
2622 2752 2721 2792 nec
2748 2737 2863 2807 ipse
2889 2736 3099 2808 Moyses
3122 2739 3319 2794 nedum
3343 2754 3445 2812 per

1866 2846 1988 2886 eum
2016 2828 2139 2885 data
2169 2830 2239 2885 sit
2263 2829 2459 2901 gratia,
2486 2830 2624 2884 sicut
2642 2830 2806 2884 etiam
2833 2828 2947 2899 ipse
2967 2840 3087 2901 post
3124 2832 3304 2886 omnia
3329 2833 3444 2889 visa

1869 2921 1924 2975 in
1943 2929 2068 2993 typo
2084 2920 2178 2975 Dei
2194 2920 2359 2975 dixit:
2388 2918 2614 2974 Ostende
2628 2919 2753 2973 mihi
2770 2920 2991 2991 teipsum
3009 2920 3204 2993 (Exod.
3224 2924 3444 2995 xxxrtl),

1868 3014 1962 3068 sed
1992 3011 2163 3067 Filius
2198 3012 2400 3083 quiest
2432 3011 2485 3067 in
2520 3020 2730 3067 secreto
2776 3009 2955 3067 Patris
2995 3013 3259 3080 narravit,
3319 3015 3445 3085 quia

1868 3123 2017 3160 nemo
2048 3107 2185 3159 novit
2210 3104 2421 3158 Patrem
2449 3104 2549 3158 nisi
2578 3101 2775 3171 Filius,
2809 3114 2857 3158 et
2888 3105 2973 3158 cui
3011 3102 3227 3159 uoluerit
3272 3102 3317 3157 Γ
3320 3106 3444 3162 ilius

1794 3187 1840 3253 C
1872 3192 2097 3248 revelare
2118 3192 2269 3266 (Luc.
2298 3195 2372 3265 χ).
2398 3193 2515 3264 Ipse
2555 3203 2744 3248 narrat
2784 3193 2897 3249 suis
2926 3195 3055 3264 quid
3087 3197 3152 3250 de
3180 3192 3446 3253 Trinitatc

1868 3285 2085 3341 deitatis
2105 3285 2440 3341 sentiendum
2468 3285 2559 3350 sit,
2583 3284 2853 3354 quomodo
2888 3285 2957 3340 ad
2983 3299 3103 3341 eam
3128 3288 3446 3358 pervenien-

1870 3381 2021 3446 dum,
2048 3388 2103 3436 ει
2128 3380 2194 3435 ad
2223 3379 2393 3449 ipsam
2420 3378 2735 3434 introducit.
3182 3452 3192 3463 '

1941 3472 2104 3530 Vens.
2139 3473 2223 3529 19.
2253 3503 2324 3513 -
2352 3469 2420 3526 Et
2441 3474 2558 3527 hoc.
2589 3473 2658 3527 Et
2690 3472 2805 3530 haec
2840 3481 2895 3530 et
2925 3482 3123 3530 caetera
3162 3475 3446 3546 sequentia

1870 3566 2179 3622 testimonia
2219 3562 2463 3631 Joannis,
2493 3565 2736 3620 exhibita
2768 3574 2893 3620 sunt
2937 3573 3058 3637 post
3104 3566 3436 3636 baptizatum

1868 3657 2166 3725 Christum,
2197 3674 2318 3714 eum
2337 3658 2451 3728 jam
2471 3656 2627 3713 Jesus
2648 3659 2855 3713 veniret
2883 3659 3111 3714 invitare
3133 3657 3444 3729 discipulos,

1869 3767 2004 3823 quos
2027 3750 2260 3807 Joannes
2291 3750 2404 3806 suis
2428 3750 2752 3807 testimoniis
2777 3750 2943 3806 mittit
2973 3751 3041 3806 ad
3070 3766 3214 3805 eum.
3264 3749 3444 3805 Testi-

1871 3844 2109 3899 monium
2131 3852 2316 3898 contra
2330 3844 2454 3908 hoc,
2471 3843 2613 3912 quod
2635 3842 2877 3897 occultus
2890 3840 3142 3898 Christus
3166 3858 3179 3895 :
3201 3841 3449 3898 occultus

1870 3932 1997 4005 quia
2016 3932 2264 3988 humilis:
2290 3932 2508 3987 humilis
2524 3940 2585 3986 ut
2609 3932 2776 4002 possit
2796 3932 3046 4001 sperniet
3070 3932 3265 3997 occidi,
3283 3940 3340 3986 ut
3367 3946 3448 3988 re-

1872 4026 2099 4081 dimeret
2127 4024 2404 4077 mundum.
2438 4022 2515 4077 Tu
2539 4023 2654 4093 quis
2683 4040 2757 4077 es.
2785 4022 3049 4077 Putabant
3079 4021 3249 4077 Judaei
3284 4021 3448 4079 Joano

1871 4128 1995 4169 nem
2017 4127 2138 4168 esse
2162 4111 2456 4176 Christum,
2496 4112 2589 4179 qui
2631 4112 2686 4165 in
2729 4111 2847 4182 lege
2872 4111 3309 4181 promittebatur.
3340 4111 3445 4166 Alii

1870 4206 2137 4277 putabant
2159 4220 2281 4259 eum
2309 4218 2429 4258 esse
2453 4203 2645 4269 Eliam,
2672 4210 2890 4273 propter
2912 4202 3134 4256 nimiam
3171 4202 3447 4257 abstinen—

1871 4298 2005 4352 tiam
2022 4304 2080 4350 et
2101 4296 2422 4358 castitatem,
2436 4302 2495 4350 et
2509 4294 2807 4350 solitariam
2818 4293 3009 4358 vitam
3024 4294 3446 4364 etasparimatu

1871 4387 2194 4444 delictorum
2232 4386 2728 4457 reprehensionem,
2768 4395 2835 4441 et
2865 4385 3214 4441 durissimum
3250 4383 3448 4441 futura

189 4475 277 4532 nio
298 4477 691 4550 prmcursoris,
732 4477 876 4533 redit
914 4479 1244 4550 evangelista
1290 4481 1359 4536 ad
1402 4482 1769 4539 testimonium
1797 4532 1849 4550 ﬁ
1874 4477 2131 4534 vindicta
2157 4485 2447 4532 terrorem.
2475 4475 2583 4532 Alii
2610 4476 2868 4533 dicebant
2891 4490 3019 4537 om
3039 4490 3161 4531 esse
3187 4490 3355 4531 unum
3379 4475 3448 4532 de

192 4580 297 4622 suae
337 4569 680 4624 assertionis.
706 4569 869 4638 Quasi
910 4570 1056 4625 dicat
1100 4589 1111 4624 :
1159 4569 1376 4626 Verbum
1412 4590 1534 4628 caro
1572 4574 1772 4641 factum

190 4668 261 4713 est
286 4673 304 4712 :
336 4662 564 4715 vidimus
590 4660 811 4731 gloriam
834 4661 948 4732 ejus
981 4661 1189 4732 plenam
1225 4664 1411 4734 gratia:
1440 4674 1487 4719 et
1518 4667 1766 4733 veritatis,

190 4757 235 4802 et
263 4749 325 4803 de
352 4749 680 4820 plenitudine
700 4750 812 4821 ejus
841 4767 935 4805 nos
955 4766 1130 4807 omnes
1158 4752 1470 4822 accepimus.
1505 4752 1768 4823 Gratiam,

192 4849 246 4895 ut
276 4842 455 4915 ipsum
488 4844 795 4910 credamus,
829 4851 884 4898 et
920 4844 1201 4901 veritatem
1241 4860 1347 4917 qua
1378 4845 1525 4901 illum
1568 4846 1770 4904 intelli-

191 4949 394 5005 gemus.
422 4937 753 5007 Accepimus.
799 4936 981 5010 (Αυα.)
1008 4936 1123 4993 Νοιι
1151 4938 1325 4995 εοΙιιιιι
1358 4939 1619 5011 gratiam,
1651 4956 1770 5013 quae

191 5028 343 5099 plane
369 5032 548 5105 gratis
574 5031 758 5102 datur,
775 5047 882 5090 non
909 5047 1009 5104 pro
1029 5033 1225 5090 merito
1255 5043 1314 5091 ut
1340 5035 1501 5091 ﬁdem
1528 5050 1651 5106 qua
1674 5050 1771 5107 per

192 5120 538 5182 dilectionem
576 5135 865 5197 operatur,
891 5139 960 5182 ex
996 5141 1103 5197 qua
1136 5125 1318 5199 justus
1358 5126 1520 5193 vivit,
1552 5127 1643 5185 sed
1670 5142 1770 5198 pro

192 5212 321 5283 ista,
351 5217 620 5288 gratiam,
652 5217 707 5273 id
734 5224 817 5272 est
842 5217 1229 5274 beatitudinem
1256 5227 1540 5286 aeternam,
1567 5235 1688 5293 qua
1713 5228 1771 5281 et

193 5319 399 5365 merces
424 5308 653 5380 justitite
686 5306 915 5375 dicitur,
944 5315 1000 5365 et
1025 5310 1188 5365 etiam
1212 5309 1473 5380 gratiam,
1500 5310 1626 5381 quia
1649 5325 1766 5369 me-

154 5448 164 5459 .
192 5396 353 5455 ritum
390 5416 464 5457 ex
489 5401 682 5473 gratia.
722 5399 964 5457 Gratiam
995 5418 1089 5472 pro
1126 5401 1319 5472 gratia.
1348 5401 1534 5459 Gratia
1562 5403 1616 5458 in
1641 5418 1772 5459 con-

1797 4532 1851 4596 D

1874 4569 2153 4642 prophetis
2225 4568 2623 4635 resuscitatum,
2692 4578 2915 4639 propter
2974 4566 3277 4639 prophetia
3322 4580 3448 4636 grs-

1872 4661 2027 4717 tiam.

1944 4753 2107 4811 Vsus.
2125 4751 2217 4810 20.
2236 4751 2596 4824 —Confessus
2616 4761 2713 4808 est.
2735 4750 3029 4811 Confessus
3049 4758 3159 4816 est,
3180 4758 3242 4807 ut
3260 4758 3447 4822 postea

1873 4844 2025 4911 dicit,
2080 4860 2187 4900 non
2217 4844 2361 4916 quod
2402 4853 2521 4901 erat
2557 4844 2825 4902 Christus.
2865 4842 2984 4900 Non
3032 4844 3247 4916 negavit
3299 4843 3445 4915 quod

1873 4944 2012 5003 erat,
2036 4937 2089 4993 id
2111 4945 2215 5003 est,
2241 4938 2384 5008 quod
2413 4946 2561 4994 esset
2587 4946 2987 5008 praecursormt
3007 4948 3130 5011 post
3146 4939 3445 5012 interroga-

1877 5040 1966 5087 tus
1987 5029 2148 5086 dicit:
2171 5029 2286 5103 Ego
2307 5046 2404 5086 eoa:
2430 5030 2725 5088 clamantis.
2753 5030 3220 5101 Ordoverborum,
3243 5041 3300 5092 et
3318 5049 3447 5093 eon-

1872 5121 2053 5179 t‘essus
2087 5129 2171 5180 est
2193 5130 2374 5178 etnon
2399 5122 2613 5194 negavit
2632 5124 2849 5194 quando
2880 5125 3165 5183 miserunt.

1947 5214 2112 5270 Vens.
2153 5212 2242 5268 21.
2268 5242 2337 5255 --
2369 5213 2518 5269 Elius
2543 5230 2596 5271 ss
2623 5215 2715 5271 tu?
2734 5215 2873 5275 Cum
2903 5232 3093 5276 omnes
3118 5220 3323 5277 scirent
3343 5236 3445 5279 no-

1875 5321 2002 5362 men
2027 5305 2255 5381 Christi,
2277 5304 2520 5362 sciebant
2550 5307 2713 5364 etiam
2738 5308 2883 5379 quod
2906 5308 3053 5367 Elius
3081 5324 3449 5381 praecesstlrus

1876 5396 1948 5454 sit
1973 5410 2118 5453 eum.
2154 5372 2263 5451 ﬁed
2302 5395 2417 5466 ipse
2462 5395 2608 5451 Elias
2653 5372 3041 5468 mouemus,
3182 5409 3449 5471 potestate

190 5493 440 5563 ceptione
472 5494 596 5549 boni
624 5509 721 5565 per
749 5494 979 5566 gratiam
1009 5495 1187 5549 datur.
1228 5493 1413 5549 Gratia
1457 5495 1775 5566 simpliciter
1866 5488 2262 5562 iudicaturum.
2291 5487 2527 5545 Joannes
2549 5490 2845 5560 ﬁguraliter
2870 5492 3014 5549 Elius
3040 5495 3287 5549 eumdem
3310 5492 3449 5561 judi-

190 5595 308 5652 qute
336 5598 446 5639 non
471 5593 558 5639 est
583 5584 783 5651 meriti,
816 5585 861 5640 si
884 5593 1072 5656 postea
1103 5600 1225 5641 cum
1251 5584 1341 5640 illa
1378 5601 1696 5656 operamur,
1717 5586 1772 5643 in

191 5675 345 5731 bonis
371 5676 783 5733 consuescimus
802 5716 817 5743 ,
854 5687 910 5733 ει
940 5685 1069 5734 ιιιιιε
1091 5678 1251 5734 datur
1271 5671 1444 5750 gratia
1473 5692 1572 5748 pro
1599 5678 1771 5749 gratia

190 5776 376 5839 priori.

1876 5583 2128 5647 candum,
2162 5590 2224 5636 ut
2249 5580 2363 5637 sint
2399 5580 2505 5637 duo
2538 5597 2815 5653 praecones
2852 5584 2995 5641 sicut
3037 5585 3144 5641 duo
3186 5587 3449 5641 adventus

1875 5672 2114 5745 ejusdem
2133 5712 2149 5740 ,
2185 5672 2363 5727 unde:
2400 5672 2520 5728 Non
2546 5690 2662 5730 sum
2695 5675 2864 5743 Elius,
2894 5677 2947 5733 id
2971 5684 3077 5743 est,
3103 5692 3209 5732 non
3229 5690 3406 5746 praeco
3432 5696 3445 5733 :

1832 5798 1837 5803 -
1875 5765 2169 5839 potentiam
2201 5763 2469 5835 indicans;
2504 5768 2598 5824 sed
2625 5768 2678 5824 iu
2720 5782 2882 5840 quam
2924 5766 3195 5825 otl‘enditis
3223 5770 3451 5826 oetendo
