3960 6336
482 350 588 408 859
603 367 610 374 ’

973 343 1365 404 WALAFRIDI
1403 341 1652 401 STRABI
1687 339 1891 400 FULD.
1930 338 2097 398 MON.
2137 338 2290 399 OPP.
2329 337 2509 398 PARS
2546 338 2588 396 1.
2625 366 2700 382 —-
2736 339 3192 400 THEOLOGICA.

3633 343 3741 401 560

487 450 887 520 humilitatem:
923 458 1516 533 quasidicat:Servite
1545 457 1736 513 humili
1763 465 2054 526 antequam
2081 456 2134 517 Α
2159 453 2214 509 in
2253 469 2359 525 qua
2394 453 2644 512 Christus
2685 464 2958 512 mortuum
3006 457 3235 513 suscitat
3265 455 3399 528 quia
3440 471 3472 514 a
3516 469 3740 530 peccato

418 619 420 621 ,
486 558 735 614 excelsus
757 555 981 628 iudicet.
1014 554 1152 610 Ecce
1175 568 1277 610 nec
1303 568 1404 625 ego
1424 551 1694 617 Christus,
1729 565 1829 605 nec
1855 564 1886 603 a
1905 557 2061 619 parte

487 647 740 719 potentiae
763 644 948 713 judex.

560 735 723 791 Vens.
761 735 850 790 25.
873 765 944 775 —
981 733 1094 805 Ego
1143 749 1245 788 vox
1291 731 1566 787 clamantis
1594 732 1650 786 in
1679 730 1900 784 deserto.
1946 727 2063 783 Non

488 828 640 894 dicit,
675 827 788 897 Ego
823 842 942 881 sum
965 825 1150 892 homo,
1174 824 1260 880 vel
1282 822 1543 887 Joannes,
1574 821 1659 876 vel
1691 820 1834 875 ﬁlius
1858 817 2066 874 Zacha-

488 921 603 978 riae.
643 919 762 974 Non
817 917 1128 974 considerat
1173 917 1466 971 humanam
1522 911 1933 969 subsistentiam
1981 908 2067 965 vel

489 1010 910 1085 generationem,
939 1007 1034 1064 sed
1055 1008 1196 1062 ultra
1238 1008 1354 1062 haec
1401 1005 1583 1062 omnia
1613 1004 1884 1060 exaltatus
1929 1015 2069 1071 pras-

489 1117 678 1163 cursor
703 1100 884 1166 Verbi,
907 1099 1109 1155 deserit
1128 1098 1309 1154 omnia
1337 1113 1458 1168 quae
1481 1097 1623 1151 intra
1646 1094 1908 1150 mundum
1942 1107 2068 1148 con-

488 1193 748 1249 tinentur.
771 1189 1037 1247 Ascendit
1063 1190 1118 1244 in
1141 1189 1309 1244 altum
1333 1187 1509 1243 factus
1531 1201 1637 1242 vox
1657 1183 1842 1250 Verbi,
1865 1183 2067 1238 nullam

488 1282 546 1338 in
574 1299 632 1340 se
661 1282 1022 1339 substantiam
1044 1280 1247 1336 fatetur
1274 1286 1474 1350 praeter
1517 1275 1907 1333 abundantiam
1938 1289 2066 1346 gra-

491 1373 727 1446 tia3,'qua
751 1372 965 1429 excedit
988 1385 1201 1428 omnem
1228 1379 1556 1434 creaturam,
1579 1375 1640 1422 ut
1665 1367 1738 1422 sit
1756 1381 1859 1421 vox
1883 1364 2066 1420 Verbi.

490 1462 607 1519 Vox
646 1470 732 1519 est
757 1462 1027 1533 interpres
1050 1460 1239 1526 animi,
1271 1459 1484 1514 animus
1513 1465 1714 1522 autem,
1762 1456 1818 1511 id
1863 1465 1948 1510 est
1988 1455 2070 1509 in-

491 1553 738 1611 tellectus
773 1553 1016 1609 omnium
1052 1559 1137 1608 est
1173 1550 1345 1606 Filius
1383 1551 1501 1606 Dei.
1532 1549 1773 1606 Joannes
1807 1562 1939 1618 ergo
1964 1561 2070 1603 vox

491 1654 578 1704 est
605 1655 660 1702 et
681 1646 950 1716 interpres
969 1643 1132 1715 hujus
1155 1643 1343 1710 animi,
1371 1644 1497 1713 quia
1525 1643 1702 1714 primo
1725 1641 1925 1698 mundo
1944 1655 2071 1696 eum

492 1736 879 1794 demonstravit
927 1753 941 1790 :
994 1735 1131 1790 Ecce
1179 1751 1346 1805 agnus
1394 1733 1514 1788 Dei.
1559 1732 1757 1799 Isaias,
1817 1732 1930 1788 Hoc
2003 1733 2070 1788 de

2163 544 2378 600 liberat.

2235 634 2398 691 Vens.
2414 635 2502 691 29.
2526 635 2786 690 -—Altera
2807 637 2888 691 die
2903 637 3030 690 vidit
3045 636 3280 693 Joannes
3300 638 3502 694 Iesum.
3520 638 3738 711 Ty-pice.

2164 724 2420 791 Joannes,
2463 725 2515 781 id
2545 735 2628 782 est
2653 727 2883 798 p0pulus
2920 729 3126 796 gratize,
3165 729 3334 785 altera
3397 731 3506 798 die,
3557 731 3612 786 id
3663 742 3746 788 est

2166 823 2289 885 post
2309 815 2504 888 legem,
2532 818 3021 890 cognoscitagnum
3051 834 3159 890 quo
3186 821 3490 876 redimitur.
3523 821 3743 877 Venien-

2167 915 2270 961 tem
2292 907 2360 961 ad
2383 925 2462 973 se,
2488 917 2536 962 et
2563 909 2658 962 ait.
2696 909 2812 963 Non
2843 909 3018 965 solum
3043 913 3321 982 gressibus
3349 916 3622 986 corporis,
3651 915 3744 971 sed

2168 998 2334 1052 etiam
2383 997 2656 1054 interioris
2709 1013 2820 1054 sua:
2871 1001 3342 1072 contemplationis
3389 1005 3703 1062 accessibus
3726 1047 3742 1072 ,

2169 1091 2295 1161 quia
2318 1091 2568 1176 dignatus
2589 1099 2675 1147 est
2702 1106 2733 1146 a
2756 1090 2963 1149 Joanne
2991 1096 3246 1167 cognosci
3275 1097 3574 1152 secundum
3603 1098 3745 1155 divi-

2170 1180 2393 1235 nitatem
2428 1188 2482 1236 et
2512 1180 2929 1237 humanitatem.
2960 1181 3097 1239 Ecce
3130 1202 3297 1256 agnus
3325 1185 3446 1253 Dei,
3478 1197 3584 1243 etc.
3618 1188 3747 1246 Tria

2170 1272 2441 1328 ministrat
2465 1288 2637 1344 agnus
2665 1274 3066 1344 possidentibus
3095 1293 3184 1343 se,
3226 1277 3310 1334 lac
3357 1280 3618 1351 simplicis
3656 1283 3749 1339 do-

2172 1365 2365 1420 ctrinae
2385 1381 2493 1436 quo
2527 1367 2734 1435 parvuli
2765 1369 3099 1437 nutriuntur,
3133 1370 3334 1437 lanam,
3367 1373 3421 1427 id
3462 1382 3547 1429 est
3572 1375 3750 1432 incre-

2171 1464 2353 1512 menta
2385 1457 2676 1524 virtutum,
2711 1474 2864 1515 esum
2905 1463 3086 1518 carnis
3131 1478 3259 1518 suae.
3291 1464 3517 1520 Peccata
3542 1471 3746 1524 mundi.

2170 1548 2458 1604 Peccatum
2517 1550 2706 1606 mundi
2756 1552 2956 1608 dicitur
2981 1554 3244 1626 originale
3281 1567 3566 1626 peccatum
3605 1563 3752 1631 quod

2173 1649 2257 1696 est
2283 1655 2567 1696 commune
2595 1641 2760 1698 totius
2787 1643 2973 1700 mundi
2996 1659 3104 1714 quo
3135 1654 3246 1702 tota
3286 1649 3525 1706 humana
3555 1660 3753 1709 natura

2173 1732 2416 1788 simulet
2452 1732 2617 1788 semel
2664 1733 2882 1790 condita
2933 1734 3082 1807 leges
3148 1737 3360 1795 divinas
3415 1755 3516 1811 per
3559 1742 3753 1799 inobe-

491 1825 696 1882 Joanne
737 1825 1112 1897 prophetavit:
1147 1823 1258 1896 Ego
1292 1840 1392 1878 vox
1419 1823 1697 1879 clamantis
1746 1824 1800 1878 in
1835 1823 2061 1889 deserto,
2093 1839 2142 1901 Β
2171 1821 2429 1879 dientiam
2454 1831 2791 1895 transgressa
2815 1832 2898 1880 est
2926 1825 2983 1881 in
3003 1826 3277 1898 paradiso,
3300 1831 3442 1900 quod
3464 1831 3752 1905 originale,

492 1916 546 1972 in
573 1933 679 1989 qua
703 1918 929 1974 verbum
969 1924 1145 1983 sonat,
1204 1916 1261 1972 id
1288 1925 1372 1972 est
1407 1915 1710 1987 prophetia,
1752 1923 1808 1972 et
1830 1913 2070 1971 ostensio

492 2023 549 2065 et
571 2010 790 2066 lucerna
816 2009 967 2064 verbi
991 2007 1295 2078 praesentis.

562 2100 729 2156 Vens.
753 2099 844 2154 24.
867 2129 936 2139 —
953 2098 1040 2152 Ea:
1071 2096 1379 2152 Pharisteis.
1409 2095 1468 2152 Id
1491 2105 1595 2163 est,
1621 2110 1689 2153 ex
1733 2094 2070 2166 principibus

493 2193 823 2258 Judaeorum,
845 2192 938 2262 qui
953 2191 1255 2248 doctrinam
1275 2205 1381 2246 non
1401 2196 1668 2260 quaerunt,
1693 2187 1786 2244 sed
1806 2188 2068 2245 invident.

494 2284 598 2352 Qui
629 2293 807 2340 tamen
839 2283 907 2338 ad
934 2281 1195 2339 Joannem
1241 2281 1362 2338 ideo
1404 2280 1647 2347 veniunt,
1676 2280 1804 2351 quia
1847 2280 2074 2336 audiunt

493 2390 617 2432 eum
669 2375 991 2446 praedicasse
1040 2389 1384 2430 communem
1438 2374 1681 2428 omnium
1722 2373 2075 2430 resurrectio-

492 2481 638 2532 nem,
667 2479 830 2535 quam
861 2474 918 2519 et
947 2465 1052 2535 ipsi
1079 2463 1396 2530 credebant,
1419 2463 1562 2519 unde
1583 2472 1638 2519 et
1667 2463 1770 2534 ipsi
1800 2463 1858 2518 in
1888 2462 2074 2520 multis

492 2555 708 2612 Christo
757 2556 1120 2612 consentiunt.
1162 2554 1385 2610 Paulum
1410 2569 1625 2626 quoque
1661 2554 1964 2627 apostolum
2016 2554 2075 2611 in

493 2647 678 2703 multis
705 2647 1013 2703 audierunt.
1521 2635 1523 2642 “

565 2759 731 2815 Vens.
761 2757 850 2814 25.
883 2788 954 2800 —
983 2757 1124 2826 Quid
1149 2773 1270 2830 ergo
1318 2756 1572 2828 baptizas.
1602 2757 1910 2814 Audiebant
1933 2756 2076 2813 Pha-

495 2851 637 2908 risaei
666 2851 722 2906 in
748 2849 1028 2921 prophetis
1049 2848 1324 2909 Christum
1354 2857 1641 2904 venturum
1665 2857 1724 2903 et
1765 2848 2075 2919 baptizatu-

494 2959 641 3010 rum,
689 2943 926 2999 scientes
953 2941 1244 2998 Jordanem
1269 2941 1496 3014 ﬁguram
1521 2941 1773 3011 baptismi
1817 2943 2072 3013 gessisse,

495 3050 728 3107 eumque
750 3035 922 3090 Eliam
953 3042 1009 3089 et
1028 3034 1278 3089 Elisaeutn
1322 3033 1481 3090 siccis
1522 3033 1749 3104 pedibus
1785 3034 2074 3101 transisse,

495 3127 828 3199 ﬁguramque
857 3124 1112 3196 baptismi
1161 3125 1216 3179 in
1250 3123 1366 3179 Elia
1415 3132 1470 3182 et
1497 3124 1688 3180 Elisaio
1716 3139 1825 3179 non
1865 3123 2074 3179 dubita-

2173 1913 2494 1985 singulaque
2520 1915 2866 1985 superaddita
2896 1917 3070 1988 gratia
3096 1917 3324 1974 relaxat.

2243 2003 2410 2060 Vens.
2447 2005 2537 2061 '50.
2560 2035 2631 2046 —
2677 2001 2807 2061 Post
2851 2023 2934 2062 me
2959 2008 3099 2063 venit
3129 2009 3228 2064 vir.
3277 2009 3526 2068 Christus
3553 2021 3642 2069 est
3670 2013 3755 2071 vir

2174 2097 2230 2152 in
2268 2111 2376 2168 quo
2404 2096 2559 2152 nobis
2587 2097 2837 2169 congruit
2861 2105 2915 2152 et
2941 2114 3041 2170 pro
3087 2101 3243 2156 nobis
3287 2103 3462 2167 solvit,
3497 2111 3555 2160 et
3585 2104 3757 2164 Filius

2172 2186 2269 2244 Dei
2304 2189 2358 2244 in
2385 2203 2492 2259 quo
2521 2188 2672 2245 Patri
2700 2191 2952 2262 congruit
2983 2199 3040 2248 et
3061 2203 3283 2263 peccata
3321 2195 3643 2255 dimittenda
3672 2214 3757 2256 re-

2174 2281 2427 2337 conciliat
2453 2296 2554 2338 nos
2573 2282 2644 2338 ei.

2245 2373 2405 2431 Vens.
2431 2375 2521 2431 51.
2546 2404 2612 2413 ——
2646 2373 2714 2429 Ut
2763 2377 3144 2448 manifestatur.
3193 2380 3295 2438 Hic
3339 2391 3426 2439 est
3456 2397 3630 2456 agnus
3662 2386 3756 2458 qui

2173 2463 2314 2520 tollit
2345 2471 2592 2534 peccata,
2641 2464 2785 2535 quod
2836 2482 2946 2523 non
2997 2483 3098 2540 ego
3131 2483 3291 2541 quem
3339 2472 3506 2528 etiam
3559 2475 3757 2534 melius

2174 2556 2336 2611 modo
2373 2555 2521 2623 novi,
2566 2556 2662 2612 sed
2709 2567 2998 2630 propterea
3025 2561 3243 2632 baptizo
3277 2571 3336 2618 ut
3375 2564 3757 2623 manifestetur

2173 2646 2380 2704 lsraeli.
2408 2645 2487 2702 Ne
2511 2648 2656 2704 enim
2693 2657 2915 2722 propter
2935 2651 3277 2709 insolentiam
3305 2654 3486 2712 minus
3512 2657 3757 2731 baptiza-

2176 2749 2367 2796 rentur
2392 2756 2423 2796 a
2444 2739 2662 2797 Christo
2689 2741 2745 2797 in
2773 2744 2990 2814 spiritu,
3022 2761 3124 2802 usu
3150 2747 3465 2818 baptizandi
3507 2749 3560 2806 ei
3608 2751 3754 2807 viam

2175 2833 2406 2902 paravit,
2433 2832 2577 2888 unde
2607 2842 2892 2905 postquam
2919 2837 2988 2892 ad
3024 2837 3224 2908 ipsum,
3254 2839 3347 2910 qui
3371 2841 3591 2910 viaest,
3622 2857 3756 2899 ven-

2178 2933 2292 2978 tum
2319 2932 2425 2990 est,
2459 2925 2760 2996 baptismus
2787 2925 2904 2996 ejus
2940 2939 3138 2986 cessat.
3169 2931 3229 2986 In
3272 2932 3546 3003 baptismo
3587 2934 3756 2991 etiam

2175 3015 2804 3104 Joannispanifestatur
2834 3022 3113 3080 humilitas
3142 3024 3366 3094 Christi,
3397 3042 3518 3098 quae
3538 3038 3626 3084 est
3662 3029 3758 3084 im-

2175 3107 2341 3178 pletio
2370 3109 2536 3165 totius
2559 3109 2802 3181 justitiae;
2835 3112 2975 3168 sicut
3000 3115 3146 3170 enim
3173 3131 3312 3188 opus
3361 3127 3447 3175 est
3476 3118 3757 3178 Christum

494 3223 626 3279 bant
651 3220 1019 3294 praecessisse,
1049 3219 1194 3275 unde
1219 3228 1274 3275 et
1303 3234 1448 3276 nunc
1471 3233 1566 3274 eos
1587 3217 1891 3274 surrexisse
1913 3225 2069 3288 puta-

2181 3199 2327 3255 nasci
2355 3207 2410 3256 et
2440 3201 2599 3269 mori,
2639 3203 2718 3259 sic
2767 3213 2824 3260 et
2874 3205 3160 3276 baptizari.
3213 3207 3272 3265 Si
3303 3210 3447 3266 enim
3483 3212 3601 3283 ipse
3665 3215 3757 3285 qui

496 3312 632 3369 bant
681 3319 736 3367 et
773 3311 1101 3382 baptizasse,
1149 3311 1292 3366 unde
1333 3325 1436 3366 nec
1493 3309 1849 3380 interrogant,
1882 3307 1956 3364 Es
2016 3316 2075 3364 tu

493 3418 632 3460 unus
659 3401 1078 3475 prophetarum?
1105 3401 1199 3457 sed
1221 3400 1558 3457 solummodo
1574 3417 1587 3454 :
1605 3400 1677 3456 Es
1691 3409 1748 3455 tu
1775 3399 2076 3472 propheta?

494 3495 584 3552 ille
607 3494 855 3550 videlicet
882 3493 975 3564 qui
1006 3492 1372 3564 praeﬁguravit
1391 3491 1738 3563 baptismum.

567 3606 730 3662 Vens.
748 3605 840 3660 26.
863 3634 934 3644 —
963 3603 1077 3675 Ego
1107 3603 1312 3674 baptiso
1345 3603 1400 3658 in
1423 3619 1581 3674 aqua.
1620 3600 1737 3658 Non
1779 3601 2076 3673 imputetur

496 3699 735 3757 audaciae
764 3698 909 3769 quod
956 3713 1078 3770 ago,
1113 3697 1240 3769 quia
1279 3711 1505 3768 corpora
1551 3694 1713 3751 abluo
1760 3710 1921 3766 aqua,
1963 3711 2074 3753 non

497 3790 684 3846 aufero
737 3798 981 3862 peccata,
1021 3797 1082 3844 ut
1125 3789 1266 3845 sicut
1318 3787 1589 3845 nascendo
1638 3795 1694 3844 et
1728 3789 2074 3859 praedicando

497 3893 802 3953 praecursor
832 3898 974 3948 sum,
1004 3881 1086 3938 sic
1111 3890 1166 3936 et
1187 3880 1537 3952 baptizando,
1571 3881 1668 3938 sed
1715 3881 1818 3937 iste
1857 3882 2072 3939 medius

499 3975 642 4032 inter
661 3988 756 4031 vos
783 3983 867 4030 est
889 3974 981 4045 qui
1004 3981 1228 4046 peccata
1256 3973 1415 4030 tollit.

569 4087 732 4144 Vsus.
755 4088 922 4142 27.—
936 4086 1205 4159 Cujusego
1235 4105 1341 4144 non
1353 4105 1471 4143 sum
1491 4088 1702 4162 dignus,
1725 4097 1831 4146 etc.
1855 4089 1974 4146 Non
1995 4092 2072 4149 ait

496 4194 613 4236 non
649 4179 873 4236 solvam.
931 4178 1106 4235 Solvit
1143 4180 1312 4248 enim,
1363 4182 1618 4253 quoniam
1679 4184 1856 4254 ipsum
1899 4186 2074 4241 mani-

495 4269 716 4326 festavit
744 4276 799 4324 et
827 4267 892 4324 de
916 4268 1196 4324 divinitate
1224 4279 1281 4326 et
1307 4271 1643 4328 humanitate
1693 4273 1864 4344 ipsius
1904 4275 2073 4334 multa

495 4361 740 4430 aperuit;
773 4361 887 4426 sed,
913 4359 1032 4415 Non
1050 4375 1169 4415 sum
1192 4361 1404 4432 dignus,
1427 4365 1554 4434 quia
1574 4365 1853 4438 indignum
1879 4369 1947 4425 ad
1968 4371 2072 4427 hoc

499 4451 762 4522 agendum
785 4463 846 4507 se
875 4457 1110 4521 reputat,
1137 4450 1194 4505 in
1208 4465 1314 4522 quo
1339 4453 1656 4523 simpliciter
1677 4456 1948 4514 indicatur
1974 4461 2073 4516 hu-

497 4544 718 4601 militas.

569 4652 735 4708 Vens.
759 4651 848 4710 28.
870 4652 1080 4710 —thc
1107 4655 1163 4711 in
1174 4654 1454 4714 Bethania.
1482 4660 1610 4717 Duae
1633 4675 1758 4720 sunt
1773 4664 2066 4725 Bethania.

498 4743 620 4800 Una
638 4752 786 4799 trans
805 4741 1116 4813 Jordanem,
1137 4747 1310 4802 altera
1335 4748 1480 4806 circa
1498 4766 1603 4806 non
1619 4751 1774 4826 longe
1794 4757 1862 4812 ab
1877 4757 2070 4815 Hieru-

498 4834 691 4900 salem,
718 4835 807 4890 ubi
831 4834 1066 4892 Lazarus
1085 4839 1378 4894 suscitatus
1396 4849 1497 4895 est.
1525 4841 1617 4896 llla
1644 4859 1764 4914 quae
1785 4855 1935 4904 trans
1954 4849 2073 4906 Jor-

498 4926 691 4982 danem
722 4934 804 4980 est
841 4925 1108 4998 signiﬁcat
1153 4928 1442 4986 humanam
1484 4943 1734 4991 naturam
1799 4940 1899 4995 sub
1952 4940 2070 5013 lege

498 5016 732 5074 naturali
756 5026 880 5071 ante
903 5016 1099 5073 ﬂuenta
1138 5021 1347 5091 gratim,
1380 5038 1499 5094 qua;
1540 5029 1710 5098 gratia
1737 5039 1856 5100 post
1885 5032 2065 5088 incar-

499 5109 771 5164 nationem
799 5107 1001 5164 Christi
1021 5110 1301 5169 abundans
1330 5114 1451 5184 fuit,
1481 5133 1602 5188 qua:
1645 5128 1840 5176 natura
1869 5123 1937 5180 ad
1965 5124 2070 5182 hoc

500 5208 684 5257 creata
714 5208 848 5266 erat;
882 5209 941 5253 ut
966 5200 1072 5273 legi
1101 5211 1309 5260 naturae
1329 5207 1574 5264 obediret
1599 5210 1652 5265 in
1680 5227 1784 5281 qua
1829 5214 2067 5274 Joannes

500 5292 758 5362 baptizat,
787 5291 913 5361 quia
938 5308 966 5347 a
993 5304 1218 5364 peccato
1245 5313 1352 5354 non
1395 5299 1608 5356 liberat.
1644 5302 1890 5375 Baptizat
1913 5306 2068 5366 ’ultra

499 5381 700 5437 ﬂuenta
721 5383 1024 5440 divinorum
1050 5386 1337 5455 donorum,
1360 5406 1480 5461 qua:
1506 5396 1742 5451 nondum
1770 5397 1824 5453 in
1853 5398 2068 5461 Christo

501 5472 887 5529 inchoaverant
912 5475 965 5530 in
991 5476 1282 5534 humanam
1310 5490 1558 5538 naturam
1585 5485 1929 5545 descendere.
1977 5493 2068 5550 Illa

498 5578 619 5632 qua:
637 5571 720 5617 est
741 5563 877 5620 citra
899 5565 1187 5623 Jordanem
1209 5569 1476 5640 signiﬁcat
1505 5577 1748 5632 eamdem
1779 5579 2070 5640 humanam

501 5665 747 5710 naturam
780 5657 1120 5715 obedientem
1161 5663 1261 5717 sub
1287 5663 1401 5734 lege
1430 5669 1634 5736 gratiae,
1677 5688 1798 5742 quae
1834 5685 1917 5730 est
1946 5693 2071 5747 pro-

498 5748 642 5803 xima
659 5747 1012 5825 ﬂierusalem,
1039 5751 1090 5806 id
1101 5753 1388 5820 estvisioni
1412 5759 1578 5829 pacis,
1604 5775 1702 5831 per
1723 5766 2065 5839 charitatem,

2095 4562 2150 4624 D

2176 3308 2284 3348 non
2285 3293 2437 3365 geget
2473 3309 2503 3348 a
2530 3310 2689 3351 servo
2720 3295 3048 3369 baptizatur,
3079 3315 3185 3357 non
3207 3302 3570 3374 dedignentur
3587 3321 3759 3377 quan-

2177 3393 2506 3460 tumcunque
2533 3390 2804 3462 sapientes
2835 3400 2892 3448 et
2914 3395 3088 3450 sancti
3124 3412 3154 3452 a
3197 3396 3426 3455 Domino
3466 3400 3753 3472 baptizari,

2175 3479 2292 3534 sine
2319 3496 2428 3550 quo
2450 3492 2771 3552 permanent
2802 3484 2859 3540 in
2885 3488 3145 3557 peccatis.
3169 3488 3476 3561 Baptisans.
3509 3491 3760 3552 Christus

2175 3583 2205 3624 a
2236 3568 2444 3626 Joanne
2489 3573 2814 3644 baptizatur,
2843 3585 2905 3631 ut
2951 3577 3217 3634 indicetur
3257 3583 3435 3639 omnis
3477 3583 3758 3643 humilitas

2175 3676 2295 3731 qua:
2323 3671 2407 3717 est
2435 3663 2612 3720 omnis
2642 3664 2875 3735 iustitia.
2911 3666 3018 3725 Sed
3050 3686 3159 3727 non
3200 3673 3368 3741 solus,
3396 3690 3467 3732 ne
3487 3676 3757 3748 baptisma

2173 3750 2399 3807 Joannis
2419 3754 2661 3809 sanctius
2685 3764 2741 3811 et
2777 3756 2971 3826 majus,
3004 3760 3058 3815 in
3084 3775 3192 3832 quo
3215 3762 3359 3820 Deus
3384 3763 3544 3822 homo
3581 3768 3760 3838 bapti-

2174 3851 2330 3899 zatus
2358 3852 2462 3910 est,
2497 3845 2776 3902 videretur
2797 3847 3066 3920 baptismo
3085 3851 3310 3923 Christi,
3350 3856 3406 3912 in
3445 3873 3554 3929 quo
3584 3860 3760 3917 homi-

2173 3949 2271 3992 nes
2321 3935 2689 4006 baptizantur.
2724 3938 3077 4011 Baptizantur
3119 3955 3302 4003 autem
3341 3948 3431 4004 alii
3464 3965 3497 4006 a
3523 3950 3755 4023 Joanne,

2174 4033 2235 4080 ut
2269 4042 2402 4083 usus
2444 4027 2755 4100 baptizandi
2788 4043 3057 4106 praeparet
3088 4036 3233 4093 viam
3275 4039 3548 4112 baptismo
3593 4043 3754 4101 Chri-

2175 4119 2266 4174 sti.

2246 4209 2406 4266 Vens.
2437 4211 2526 4268 52.
2551 4213 2707 4269 —Et
2723 4217 3097 4275 testimonium.
3126 4219 3280 4279 Sicut
3299 4223 3437 4282 dixit
3455 4241 3517 4284 se
3542 4230 3760 4288 venisse

2173 4309 2236 4356 ut
2280 4301 2654 4361 manifestaret
2691 4305 2998 4376 Christum,
3072 4311 3146 4367 ita
3197 4315 3470 4384 perhibuit
3511 4323 3758 4380 testimo—

2175 4394 2344 4459 nium,
2361 4396 2567 4452 scilicet
2586 4399 2708 4453 vidit
2727 4403 2988 4471 spiritum.
3007 4403 3064 4459 ln
3089 4421 3196 4476 quo
3216 4407 3422 4476 didicit,
3442 4415 3588 4482 quod
3608 4417 3758 4486 prius

2173 4485 2443 4542 nescivit:
2469 4499 2689 4546 venerat
2715 4491 2879 4548 etiam
2915 4495 3210 4565 praedicare
3245 4485 3621 4571 paenitentiam
3640 4549 3655 4574 ,
3703 4510 3755 4566 id

2175 4586 2279 4644 est,
2307 4577 2487 4636 facere
2507 4583 2952 4653 praeparationem
2983 4590 3380 4658 praedicationis
3411 4593 3640 4668 Christi,
3659 4603 3754 4659 sed

2177 4678 2387 4764 tantum
2417 4672 2483 4764 de
2509 4675 2903 4764 praeparatione
2928 4678 3182 4750 baptismi
3204 4685 3356 4754 ponit
3385 4688 3753 4764 singulariter,

2175 4759 2302 4830 quia
2338 4759 2638 4831 baptismus
2679 4761 2881 4822 Christi
2919 4776 3004 4824 est
3045 4786 3314 4831 summum
3351 4759 3752 4841 sacramentum

2174 4850 2320 4907 inter
2343 4851 2467 4907 alia.
2518 4852 2776 4924 Spiritum
2817 4857 3224 4920 descendentem.
3259 4865 3375 4922 Non
3414 4873 3561 4941 quod
3596 4877 3755 4933 modo

2173 4942 2409 5012 primum
2463 4944 2835 5014 descenderit,
2890 4952 2984 5007 sed
3029 4962 3090 5009 ut
3140 4971 3239 5026 per
3282 4959 3386 5016 hoc
3425 4961 3754 5025 descendere

2175 5035 2514 5101 ostendatur,
2540 5045 2597 5093 et
2621 5053 2844 5097 manere
2862 5042 2919 5098 in
2946 5044 3232 5116 baptizatis
3265 5066 3404 5124 aqua
3433 5065 3489 5111 et
3518 5074 3627 5114 non
3657 5061 3754 5118 ali-

2176 5129 2388 5271 teguet
2425 5133 2486 5179 ut
2505 5124 2744 5186 Joannes
2781 5146 2882 5202 per
2916 5148 3040 5191 eum
3069 5138 3136 5195 de
3160 5139 3376 5200 Christo
3399 5139 3753 5212 excellentius

2176 5229 2228 5269 m
2325 5226 2514 5271 meret.

2173 5226 2514 5289 mteuigeret.

2249 5305 2410 5410 Vens.
2434 5310 2667 5366 53.—Et
2801 5320 3106 5410 nesciebam.
3125 5323 3306 5400 (Auc.)
3327 5328 3454 5388 Visa
3476 5335 3749 5410 columba,

2179 5397 2310 5454 dicit
2329 5414 2386 5454 se
2404 5415 2501 5497 per
2527 5417 2646 5457 eam
2671 5405 2944 5474 didicisse,
2971 5413 3114 5481 quod
3139 5397 3294 5484 prius?
3307 5423 3606 5492 nesciebat,
3620 5397 3749 5497 etc;

2175 5510 2336 5565 usque
2359 5495 2428 5549 ad
2457 5497 2599 5552 unde
2623 5498 2910 5570 Apostolus
2938 5522 2952 5558 :
2986 5504 3052 5560 In
3099 5507 3277 5565 labore
3321 5523 3370 5566 et
3417 5528 3586 5574 mente
3630 5495 3750 5576 sunt

2178 5585 2500 5655 differentes,
2524 5589 2577 5643 in
2602 5594 2899 5661 Operatione
2927 5597 3300 5669 indi/ferentes.

2246 5677 2453 5771 (ῌιειι.)
2477 5679 3000 5746 OstenditJoannem
3023 5707 3128 5747 non
3152 5695 3291 5749 scire
3310 5711 3406 5766 per
3427 5699 3752 5771 baptismum

2175 5767 2397 5838 Christi,
2424 5773 2476 5828 id
2501 5783 2579 5830 est
2633 5778 2888 5835 mundum
2918 5796 3037 5839 esse
3063 5785 3424 5859 redemptum,
3455 5767 3578 5848 nam
3611 5795 3749 5853 scie-
