3960 6336
234 418 323 474 56!
1164 411 1432 470 GLOSSA
1469 409 1866 470 ORDINARIA.
1902 440 1972 449 ——
2009 407 2263 463 EVANG.
2305 407 2498 464 JOAN.

3370 407 3475 461 562

231 531 317 586 hat
341 541 458 581 eum
487 525 678 580 Filium
707 526 803 582 Dei
833 541 975 592 esse,
1021 534 1077 582 et
1123 535 1311 582 natum
1349 528 1404 582 in
1435 543 1618 582 carne.
1648 526 1784 595 Aug.
1817 526 1869 586 Α
1895 522 2175 594 sanguine,
2213 522 2285 576 sit
2323 531 2382 577 et
2409 536 2701 592 germanus
2747 523 2802 577 in
2828 523 2954 578 ﬁde.
3000 522 3300 578 Invenimus
3329 523 3472 578 Mes-

231 623 352 677 dicit
379 620 633 675 Joannem
663 621 942 692 ignorasse
970 621 1073 676 hoc
1109 630 1318 677 tantum
1353 631 1534 677 utrum
1566 621 1666 678 sibi
1695 637 1806 676 re--

233 717 391 770 tiueat
414 713 522 767 vim
558 713 900 783 baptizandi,
933 731 1000 768 an
1028 714 1188 770 alicui
1218 730 1447 771 suorum
1475 714 1694 770 tribuat.
1723 713 1795 768 Et

228 815 528 860 manentem.
555 803 740 875 (Auc.)
782 803 1150 876 Spiritualiter
1175 807 1372 862 dicitur
1407 807 1653 877 spiritum
1681 824 1796 862 ma-

227 914 348 955 uere
386 899 438 953 in
463 897 707 964 Christo,
741 916 772 953 a
808 914 918 970 quo
952 913 1226 968 nunquam
1265 914 1362 970 per
1402 908 1681 970 peccatum
1713 915 1796 955 re-

226 992 410 1056 cessit,
433 990 486 1044 in
519 1006 626 1062 quo
655 1005 870 1062 semper
890 991 1216 1048 mirabiliter
1240 992 1374 1047 vixit
1398 1001 1452 1047 et
1478 992 1797 1048 mirabiliter

225 1091 466 1153 operatus
504 1091 620 1148 est;
649 1081 704 1136 in
743 1091 959 1138 sanctos
989 1084 1167 1148 venit,
1199 1093 1256 1139 et
1282 1099 1378 1153 per
1404 1092 1623 1154 peccata
1649 1099 1796 1139 rece-

221 1174 314 1229 dit.
335 1173 513 1229 Manet
540 1181 721 1230 tamen
753 1189 966 1244 semper
992 1174 1046 1228 in
1084 1175 1164 1229 eis
1189 1175 1258 1229 ad
1294 1174 1494 1244 aliquid
1513 1216 1528 1241 ,
1558 1183 1618 1229 ut
1641 1173 1796 1230 Chri-

222 1277 328 1320 stus
351 1266 430 1320 eis
457 1265 746 1336 promisit,
777 1265 986 1321 scilicet
1005 1275 1065 1319 ut
1090 1265 1244 1320 bouis
1283 1281 1497 1336 semper
1520 1267 1791 1321 insistant.

218 1357 292 1410 Ad
312 1355 518 1425 aliquid
547 1373 656 1412 uou
686 1365 897 1423 manet,
925 1358 1132 1413 scilicet
1174 1366 1233 1412 ut
1259 1372 1322 1411 ex
1350 1373 1416 1413 eo
1443 1359 1792 1428 prophetent,

219 1449 295 1504 vel
316 1449 577 1505 miracula
600 1448 830 1515 faciant,
858 1459 913 1505 et
953 1449 1074 1506 ideo
1103 1449 1206 1505 hoc
1241 1451 1384 1519 quod
1409 1449 1541 1504 dicit
1565 1458 1649 1506 est
1687 1449 1795 1520 pri-

216 1558 353 1598 mum
385 1541 606 1613 signum
637 1541 960 1614 agnoscendi
995 1541 1295 1598 Christum.

282 1632 384 1699 Qui
409 1634 667 1704 baptizat.
694 1633 940 1704 Baptizat
959 1632 1207 1689 Christus
1243 1633 1298 1688 in
1323 1634 1515 1704 spiritu
1535 1675 1550 1700 ,
1571 1648 1678 1689 non
1704 1648 1797 1688 so-

212 1726 316 1781 lum
345 1727 680 1782 remittendo
717 1735 938 1796 peccata
973 1727 1028 1782 in
1071 1741 1242 1798 aqua,
1283 1728 1380 1784 sed
1419 1736 1475 1783 et
1510 1735 1634 1799 post
1670 1742 1796 1796 pur-

211 1819 402 1889 gando,
428 1828 484 1874 et
516 1835 761 1874 amorem
787 1820 1146 1883 accendendo,
1174 1828 1229 1875 et
1254 1821 1409 1875 donis
1433 1820 1723 1890 implendo.

1901 615 2059 679 siam,
2087 622 2192 668 etc.
2218 612 2467 668 Christus
2486 611 2693 679 Graece,
2723 613 2946 670 Messias
2971 615 3254 681 Hebraice,
3279 625 3477 672 unctus

1897 705 2107 771 Latine,
2135 720 2262 761 vere
2291 705 2437 760 enim
2466 713 2663 760 unctus
2701 721 2786 760 eSt
2825 722 2856 760 a
2886 705 3089 776 Spiritu
3120 715 3307 762 sancto
3352 723 3473 778 spe-

1898 800 2110 857 cialiter
2140 841 2154 867 ,
2216 816 2247 855 a
2305 817 2410 871 qua
2463 801 2719 857 unctione
2773 799 3068 857 Christiani
3120 802 3471 873 appellantur.

1899 892 2051 960 Quod
2068 891 2237 948 Jaeob
2267 894 2443 948 erexit
2467 893 2700 963 lapidem
2731 901 2855 963 post
2876 894 3139 949 visionem
3175 894 3230 949 in
3264 895 3474 950 titulum

1897 1001 2060 1055 quem
2099 985 2204 1041 olei
2244 985 2549 1056 superfusio
2579 985 2751 1049 unxit,
2775 984 2888 1053 jam
2926 987 3185 1042 divinitus
3207 1003 3305 1058 per
3330 987 3475 1042 illam

1897 1084 2130 1146 petram,
2180 1076 2421 1144 futuram
2451 1088 2684 1148 petram,
2719 1077 2926 1132 scilicet
2965 1077 3242 1134 Christum
3272 1079 3476 1150 Spiritu

1898 1179 2088 1227 sancto
2116 1170 2424 1241 ungendum
2461 1170 2769 1242 ﬁguraliter.
2795 1171 3083 1237 intellexit,
3115 1173 3168 1226 in
3194 1189 3299 1242 qua
3326 1183 3476 1244 petra

1898 1263 1978 1316 sic
2003 1261 2218 1317 fundari
2247 1261 2542 1318 Ecclesium
2573 1261 2977 1334 praeﬁgurabat,
3011 1272 3118 1318 etc.

1972 1355 2134 1410 Vsus.
2163 1354 2254 1409 42.
2279 1385 2349 1395 -
2372 1353 2452 1408 Tu
2503 1371 2555 1409 es
2592 1351 2776 1409 Simon
2816 1353 2980 1423 filius.
3014 1354 3174 1411 Prius
3207 1356 3338 1412 dicit
3383 1375 3480 1412 uo-

1898 1462 2020 1502 men
2050 1454 2111 1501 ut
2137 1446 2303 1501 habet
2337 1463 2367 1500 a
2396 1447 2737 1516 parentibus,
2769 1455 2829 1500 ut
2866 1446 3201 1518 signiﬁcetur
3227 1449 3480 1514 mutatio,

1897 1538 2024 1593 dum
2054 1539 2119 1594 de
2147 1537 2369 1594 Simone
2402 1538 2623 1594 Petrum
2655 1538 2806 1593 dicit.
2861 1539 2918 1593 lu
2963 1541 3262 1594 mutatione
3297 1550 3480 1595 autem

1897 1637 2114 1684 notatur
2158 1630 2420 1685 vivacitas
2467 1629 2732 1701 mysterii,
2785 1631 2876 1686 sed
2926 1646 3028 1686 nec
3074 1632 3228 1700 prius
3282 1647 3480 1687 nomen

1897 1728 2048 1776 caret
2072 1720 2292 1777 virtute.
2323 1721 2418 1776 Est
2441 1721 2587 1776 enim
2617 1720 2806 1802 Simon
2835 1723 3094 1779 obediens
3118 1724 3261 1780 filius
3289 1725 3478 1794 gratia:

1849 1826 1854 1831 '
1898 1812 1980 1868 vel
2007 1813 2291 1879 columbae,
2321 1814 2448 1868 dum
2473 1814 2622 1869 venit
2648 1814 2716 1868 ad
2739 1814 2943 1882 Jesum,
2974 1832 3207 1886 sequens
3229 1818 3477 1886 fratrem,

274 1908 376 1964 Hic
414 1920 491 1965 εει
538 1909 712 1966 Filius
752 1911 868 1968 Dei.
899 1911 998 1968 [lic
1023 1920 1248 1968 testatur
1283 1913 1477 1968 Filium
1507 1885 1602 1968 hei
1632 1928 1791 1984 quem
1822 1885 1870 1944 Β
1897 1906 2040 1961 unde
2068 1921 2098 1960 a
2123 1914 2277 1975 petra
2299 1904 2518 1963 Christo
2545 1907 2742 1963 dicitur
2765 1908 2977 1974 Petrus,
3003 1885 3250 1969 inﬁrmus
3278 1914 3333 1969 in
3364 1885 3484 1980 illo,

208 2001 452 2071 superius
479 2002 664 2056 virum
695 2002 959 2058 vocabat:
986 2009 1047 2056 ut
1075 2003 1144 2058 ab
1170 2017 1234 2058 eo
1264 2001 1530 2060 habeatur
1551 2003 1792 2059 testimo-

205 2094 348 2150 nium
380 2094 675 2164 utriusque
710 2104 937 2149 naturae.

269 2183 438 2240 Vens.
475 2185 573 2240 55.
609 2216 681 2225 —
728 2184 907 2240 Altera
961 2186 1047 2241 die
1088 2188 1276 2241 iterum
1315 2187 1484 2242 stabat
1535 2186 1791 2242 Joannes.

205 2275 419 2346 Typice.
455 2275 854 2343 StatJoannes,
881 2287 1060 2334 cessat
1078 2279 1186 2346 lex,
1211 2287 1392 2335 tamen
1422 2280 1791 2336 testimonium

201 2367 496 2436 perhibeus
523 2367 762 2424 Christo.
785 2368 1039 2426 Ambulat
1063 2369 1236 2436 Jesus,
1268 2371 1323 2427 id
1350 2380 1434 2428 est
1450 2373 1623 2444 gratia
1665 2373 1792 2428 hinc

202 2461 322 2516 inde
353 2462 645 2530 colligens.

268 2549 442 2608 Vnus.
474 2552 663 2607 57.-
688 2552 865 2609 Secuti
903 2564 1024 2609 sunt
1064 2555 1270 2609 Jesum.
1309 2554 1493 2611 Secuti
1537 2564 1694 2623 sunt,
1735 2565 1793 2612 ut

200 2657 321 2698 eum
342 2640 467 2710 jam
501 2644 682 2713 potius
703 2660 866 2714 quam
890 2643 1152 2700 Joannem
1178 2645 1446 2713 audirent,
1478 2661 1585 2702 non
1609 2655 1790 2702 tamen

194 2734 378 2790 adhuc
411 2737 466 2790 ei
490 2737 708 2806 penitus
737 2737 1092 2804 adhaerentes,
1114 2737 1208 2793 sed
1237 2745 1296 2792 ut
1323 2739 1542 2794 videant
1572 2739 1662 2794 ubi
1688 2741 1787 2795 ha-

191 2826 366 2894 bitat,
395 2838 462 2883 ut
490 2830 707 2884 assidue
732 2830 800 2884 ad
837 2845 959 2886 eum
989 2830 1240 2897 veniant,
1267 2840 1325 2887 et
1346 2831 1416 2886 ab
1444 2848 1509 2889 eo
1530 2833 1788 2888 erudian-

190 2927 314 2987 tur,
349 2931 410 2977 et
453 2933 642 2992 postea
685 2922 925 2994 perfecte
964 2933 1090 2979 sunt
1127 2926 1328 2992 secuti,
1355 2927 1572 2997 quando
1593 2943 1690 2985 eos
1721 2927 1789 2983 de

188 3014 317 3067 navi
348 3014 595 3069 vocavit.
622 3014 736 3070 Duo
757 3024 1076 3084 sequuntur,
1117 3018 1245 3086 quia
1265 3020 1359 3088 qui
1381 3028 1682 3089 sequuntur
1701 3035 1792 3092 ge-

183 3105 339 3160 mina
373 3105 657 3160 charitate
685 3106 884 3161 debent
905 3108 1146 3162 accendi.

254 3197 443 3250 Vens.
476 3195 653 3249 '58.——
671 3193 981 3252 Conversus.
1001 3197 1166 3265 Quasi
1186 3215 1217 3270 a
1241 3209 1392 3272 tergo
1409 3202 1677 3270 viderant,
1699 3204 1794 3260 sed

1895 1998 1950 2053 in
1981 1997 2152 2069 ﬁgura
2177 1998 2434 2054 Ecclesiae
2462 2015 2582 2070 quae
2618 2001 2673 2054 in
2701 2010 2852 2071 petra
2880 2001 3155 2058 fundatur.

1969 2088 2047 2144 Tu
2087 2107 2142 2144 es
2185 2088 2390 2146 Simon.
2421 2080 2665 2163 (CunvsJ
2713 2092 2839 2147 Ideo
2885 2110 3084 2150 nomen
3136 2100 3367 2154 mutavit
3421 2109 3480 2154 ut

1892 2180 2143 2235 ostendat
2181 2181 2309 2250 quia
2346 2181 2461 2252 ipse
2500 2189 2586 2238 est
2613 2181 2707 2253 qui
2734 2183 2902 2238 Vetus
2932 2185 3340 2243 Testamentum
3383 2190 3476 2245 dc-

1893 2271 1995 2337 dit,
2024 2279 2082 2326 et
2114 2271 2330 2328 nomina
2362 2275 2762 2342 transmutavit,
2793 2277 2919 2346 quia
2969 2277 3170 2334 Abram
3200 2281 3478 2342 Abraham

1895 2363 2130 2429 vocavit,
2175 2372 2230 2418 et
2281 2361 2440 2419 Sarai
2469 2364 2687 2433 Saram,
2729 2376 2784 2422 et
2806 2365 2976 2424 Jacob
3000 2369 3277 2427 lsraelem.
3312 2375 3481 2444 Igitur

1893 2451 2079 2507 multis
2103 2453 2322 2522 quidem
2349 2461 2404 2509 et
2447 2469 2479 2508 a
2519 2455 2802 2512 nativitate
2844 2459 3065 2514 nomina
3112 2462 3390 2532 imposuit,
3418 2473 3479 2518 ut

1892 2543 2044 2601 Isaac
2082 2555 2138 2602 et
2163 2545 2415 2614 Samson,
2454 2548 2576 2604 aliis
2608 2558 2790 2605 autem
2827 2561 2951 2621 post
2979 2568 3098 2609 eam
3136 2571 3256 2625 quae
3286 2574 3317 2612 a
3347 2573 3478 2628 pro-

1895 2637 2233 2707 genitoribus
2281 2646 2366 2696 est
2411 2640 2890 2710 nuncupationem,
2946 2651 3007 2698 ut
3045 2644 3206 2700 Petro
3253 2654 3308 2700 et
3351 2647 3478 2704 ﬁliis

1893 2730 2161 2788 Zebedaei.
2193 2731 2331 2788 Nam
2372 2734 2568 2804 quibus
2593 2735 2811 2805 quidam
2856 2751 2886 2789 a
2912 2737 3088 2806 prima
3118 2747 3280 2795 aetate
3316 2741 3479 2797 debe-

1893 2821 1989 2878 bat
2019 2823 2194 2880 virtus
2224 2823 2548 2892 clarescere,
2579 2839 2648 2880 ex
2677 2833 2807 2882 tunc
2829 2827 3050 2896 nomina
3085 2838 3474 2899 susceperunt:

1893 2913 2092 2984 quibus
2121 2924 2303 2972 autem
2330 2923 2521 2987 postea
2545 2915 2776 2972 debebat
2808 2917 3236 2990 augeri,’postea
3269 2935 3474 2976 nuncu-

1893 3008 2041 3076 patio
2064 3009 2241 3078 posita
2263 3017 2363 3064 est.

1967 3096 2142 3153 Filius
2163 3100 2399 3167 Joanna,
2429 3109 2538 3157 etc.
2564 3100 2700 3158 Jona
2727 3102 2930 3157 dicitur
2953 3111 3010 3158 et
3029 3102 3240 3160 Joanna
3266 3106 3475 3162 indiﬁ‘e—

1902 3197 2104 3243 renter.
2135 3188 2271 3244 Jona
2301 3190 2563 3258 columba,
2590 3190 2800 3247 Joanna
2828 3196 3002 3264 gratia
3031 3195 3435 3268 interpretatur.

179 3288 348 3360 quasi
383 3286 594 3342 faciem
620 3287 848 3358 praebuit
874 3289 982 3344 illis
1008 3253 1136 3346 dum
1164 3265 1230 3346 de
1255 3253 1794 3361 maiestate
1822 3253 1868 3317 ς·
1972 3279 2136 3332 Vsus.
2172 3278 2263 3334 45.
2286 3309 2357 3320 -ο
2383 3279 2453 3334 1η
2485 3253 2766 3338 Galilwam
2809 3253 2856 3337 et
2909 3285 3102 3340 invenit
3149 3253 3476 3360 Philippum.

183 3381 298 3446 dit,
324 3388 392 3435 ut
435 3389 628 3448 posset
648 3380 840 3446 videri,
868 3380 994 3436 dum
1020 3396 1121 3452 pro
1150 3383 1342 3437 umbra
1365 3383 1498 3454 legis
1520 3385 1799 3458 Evangelii

181 3471 371 3530 lucem
407 3472 687 3527 exhibuit.
713 3471 853 3538 Quid
877 3474 1152 3542 quaeritis?
1174 3473 1478 3544 Interrogat
1518 3492 1626 3531 non
1655 3476 1800 3547 igno-

185 3581 352 3630 rans,
396 3565 505 3622 scd
539 3573 599 3619 ut
640 3564 941 3620 mercedem
977 3565 1217 3621 habeant
1254 3566 1668 3637 respondentes,
1705 3569 1797 3638 qui

184 3674 332 3724 rem,
363 3672 487 3712 non
513 3671 823 3726 personam,
852 3657 1004 3728 quid,
1034 3671 1140 3712 non
1167 3673 1349 3727 quem,
1383 3674 1452 3712 ne
1473 3674 1532 3714 se
1549 3659 1798 3714 videatur

183 3751 534 3815 ostendere,
575 3749 652 3804 illi
689 3764 979 3820 personam
1023 3751 1374 3819 respondent.
1408 3749 1508 3804 Ubi
1555 3749 1799 3806 habitus?

183 3843 448 3916 Mystice.
491 3843 696 3899 Volunt
735 3843 942 3898 ostendi
973 3843 1076 3898 sibi
1112 3843 1167 3897 in
1194 3843 1390 3912 quibus
1417 3842 1667 3900 Christus
1703 3847 1798 3900 ha-

183 3937 347 4003 bitet,
397 3945 466 3992 ut
500 3951 562 3992 se
591 3935 696 3992 illis
730 3935 1045 3992 assimilent.
1088 3919 1218 4002 Vel,
1243 3937 1335 4006 qui
1371 3937 1796 3992 incarnationem

183 4029 401 4095 Vident,
428 4029 528 4099 pie
549 4035 800 4098 quaerunt
821 4026 1032 4082 ostendi
1055 4026 1156 4082 sibi
1177 4034 1437 4109 aeternam
1461 4028 1796 4084 mansionem

180 4122 477 4190 quomodo
506 4119 585 4174 sit
607 4118 746 4188 apud
771 4118 1009 4173 Patrem.

248 4212 432 4269 Vsus.
463 4211 569 4266 59.
591 4241 661 4249 -
689 4208 888 4265 Venite.
916 4210 1081 4278 Quasi
1106 4225 1356 4268 sermone
1371 4227 1475 4269 non
1501 4221 1681 4284 potest
1705 4229 1799 4269 ex-

176 4306 400 4375 plicari,
435 4303 552 4361 sed
577 4317 741 4374 opere
782 4303 1210 4370 demonstratur,
1243 4305 1422 4360 venite
1443 4306 1714 4361 credendo
1743 4314 1797 4363 et

175 4399 497 4470 operando,
522 4403 578 4450 et
605 4395 945 4465 intelligetis;
972 4396 1151 4450 venite
1175 4397 1484 4452 testimonio
1496 4395 1721 4452 Joannis
1742 4406 1796 4451 et

175 4508 204 4545 a
232 4491 360 4562 lege
386 4485 672 4551 recedite,
701 4493 757 4540 et
782 4486 1010 4556 gratiam
1034 4486 1324 4556 recipietis.
1350 4487 1447 4542 Die
1468 4487 1579 4540 illo.
1606 4485 1796 4542 Osten-

175 4583 256 4638 dit
273 4581 506 4638 Novum
532 4578 960 4643 Testamentum,
978 4579 1090 4633 sive
1103 4588 1424 4648 praesentem
1437 4579 1623 4634 vitam.
1644 4579 1791 4634 Hora
1819 4620 1872 4679 Β

170 4686 359 4728 autem
390 4681 522 4728 erat
549 4669 701 4740 quasi
729 4669 949 4722 decium.
981 4668 1117 4736 Quia
1146 4684 1209 4723 ex
1243 4669 1358 4739 lege
1382 4678 1660 4735 venerant,
1693 4671 1787 4726 de-

174 4765 413 4838 calogus
439 4763 523 4818 ad
552 4761 826 4816 Christum
853 4761 1017 4826 misit,
1057 4761 1188 4815 hora
1213 4761 1420 4816 decima
1447 4771 1696 4831 quaerunt
1723 4762 1790 4817 ab

171 4872 240 4911 eo
269 4855 511 4920 doceri,
542 4853 668 4923 quia
696 4868 801 4906 non
833 4851 971 4906 alius
1001 4850 1156 4906 docet
1179 4851 1371 4922 legem,
1398 4852 1501 4908 nisi
1529 4853 1621 4923 qui
1647 4853 1793 4908 dedit

172 4961 323 5002 eam.
364 4947 560 5001 Docet
599 4951 780 4999 autem
826 4958 949 4998 cum
995 4941 1362 4997 misericordia
1402 4955 1457 4999 et
1502 4944 1791 5014 implentur

171 5055 299 5109 quae
328 5037 584 5108 implere
610 5051 715 5090 non
728 5043 997 5106 poterant,
1015 5032 1100 5089 vel
1120 5034 1251 5088 hora
1275 5033 1484 5088 decima
1507 5049 1790 5104 vesperam

172 5132 379 5188 mundi
408 5129 654 5185 indicat.

247 5224 436 5281 Vens.
463 5221 564 5277 40.
588 5252 657 5261 —
680 5219 874 5274 Frater
895 5219 1124 5275 Simonis
1146 5218 1316 5287 Petri,
1344 5237 1479 5275 unus
1500 5237 1564 5280 ex
1586 5221 1788 5277 duobus

170 5317 266 5386 qui
301 5315 612 5370 audierant
639 5330 671 5366 a
699 5311 935 5376 Joanne,
971 5320 1018 5365 et
1055 5312 1218 5365 secuti
1239 5309 1466 5378 fuerant.
1491 5311 1683 5367 Frater
1701 5311 1789 5381 ju-

169 5407 302 5464 nior
325 5415 478 5462 natu
503 5404 656 5474 prior
681 5403 870 5469 credit,
897 5417 1006 5458 non
1027 5403 1169 5458 enim
1191 5410 1276 5456 est
1293 5401 1425 5457 ordo
1445 5401 1568 5457 ﬁdei
1590 5403 1784 5458 inanis.

167 5491 350 5554 Forte
373 5497 456 5551 ad
487 5495 807 5566 dignitatem
830 5493 1074 5549 Andreas
1093 5493 1420 5549 dicituresse
1439 5492 1786 5561 frater-Petri,

165 5606 348 5663 super
376 5603 563 5662 quem
581 5627 596 5655 ,
627 5587 682 5643 id
711 5595 794 5644 est
809 5602 971 5658 super
997 5585 1150 5657 cujus
1177 5586 1341 5644 ﬁdem
1374 5585 1650 5644 fundanda
1675 5597 1794 5644 erat

164 5679 471 5743 Ecclesia.

225 5777 435 5851 \VERS.
495 5771 587 5828 41.
612 5804 684 5814 -
702 5771 907 5829 Invenit
932 5773 1016 5828 hic
1040 5775 1286 5845 primum.
1314 5770 1455 5827 Vera
1483 5773 1656 5845 pietas
1684 5781 1793 5830 sta-

161 5864 270 5929 tim
312 5873 624 5927 inventum
666 5871 978 5925 thesaurum
1004 5869 1218 5924 nuntiat
1246 5868 1424 5951 fratri.
1455 5878 1516 5925 ut
1543 5871 1681 5926 sicut
1709 5881 1794 5927 est

656 5955 919 6026 Panos.
955 5963 1174 6026 CXIV.

1901 3370 2122 3425 Galilwa
2139 3370 2337 3427 dicitur
2359 3375 2782 3445 transmigratio,
2800 3376 2886 3432 vel
2906 3379 3184 3436 revelatio.
3202 3380 3472 3439 Trausmi~

1900 3474 2022 3535 grat
2047 3464 2191 3520 enim
2218 3465 2380 3522 homo
2407 3467 2474 3521 de
2497 3467 2645 3523 vitiis
2674 3467 2741 3522 ad
2771 3469 3018 3536 virtutes,
3049 3480 3104 3527 et
3132 3485 3253 3544 post
3279 3476 3345 3530 de
3370 3477 3478 3531 vir-

1899 3568 2014 3615 tute
2049 3559 2104 3614 in
2127 3558 2407 3626 virtutem,
2434 3568 2490 3614 et
2527 3559 2606 3616 sic
2635 3560 2698 3616 ﬁt
2733 3562 2783 3617 ei
2813 3563 3093 3629 revelatio,
3134 3575 3194 3620 ut
3232 3568 3476 3623 videatur

1900 3653 2041 3708 Deus
2089 3653 2316 3709 deorum
2359 3654 2414 3708 in
2446 3652 2596 3710 Sion.
2630 3656 2932 3714 Vocaturus
2982 3676 3110 3732 ergo
3157 3663 3479 3734 discipulum

1899 3747 1966 3800 ad
2024 3746 2379 3814 sequendum,
2411 3747 2464 3802 id
2494 3756 2579 3803 est
2625 3747 2693 3802 ad
2723 3749 3038 3806 imitandum
3085 3754 3200 3808 exit
3246 3756 3300 3809 in
3326 3755 3476 3811 Gali-

1898 3838 2079 3904 laeam,
2124 3839 2241 3910 ipso
2286 3839 2405 3895 loco
2457 3840 2707 3906 inuuens,
2749 3850 2809 3896 ut
2836 3841 2975 3898 sicut
3016 3843 3132 3915 ipse
3160 3848 3478 3916 proﬁciebat

1899 3933 2183 4002 sapientia,
2211 3941 2266 3987 et
2291 3932 2434 3988 sicut
2458 3949 2556 4003 per
2583 3935 2864 4005 passiones
2888 3936 3114 3992 intravit
3141 3938 3196 3993 in
3226 3939 3478 4010 gloriam,

1899 4026 1977 4081 sic
2007 4035 2061 4082 et
2089 4040 2372 4096 sequaces.

1973 4117 2134 4172 Vnus.
2185 4115 2275 4170 44.
2315 4147 2383 4156 -
2426 4118 2470 4170 Α
2513 4116 2800 4172 Bethsaida
2843 4120 3066 4176 civitate.
3116 4121 3234 4177 Non
3277 4123 3479 4180 frustra

1899 4211 2212 4266 nominatur
2239 4210 2449 4277 civitas,
2479 4227 2581 4267 nec
2605 4210 2806 4269 frustra
2853 4215 3057 4271 dicitur
3089 4216 3344 4291 Philippi,
3376 4219 3478 4276 Pe-

1914 4303 1982 4357 tri
2020 4312 2076 4359 et
2117 4302 2367 4358 Andreae.
2415 4301 2585 4357 Sonat
2629 4304 2774 4358 enim
2821 4305 3014 4362 domus
3043 4319 3382 4378 venatorum,
3421 4312 3475 4367 iu

1898 4412 2004 4466 quo
2039 4405 2260 4451 notatur
2285 4394 2497 4450 animus
2538 4405 2590 4450 et
2619 4394 2849 4452 ofﬁcium
2889 4397 3114 4456 istorum
3141 4420 3153 4455 :
3182 4412 3307 4458 sunt
3331 4405 3475 4459 enim

1898 4497 2184 4543 venatores
2216 4487 2269 4541 in
2298 4487 2573 4557 capiendis
2621 4488 2929 4556 animabus,
2981 4493 3122 4548 unde
3160 4493 3469 4565 Philippus,

1898 4590 2187 4650 antequam
2209 4578 2305 4634 ﬁat
2333 4579 2626 4649 apostolus,
2657 4588 2847 4650 sponte
2875 4591 3033 4636 vocat
3061 4582 3470 4641 Nathanaelem.

1969 4672 2130 4727 Vens.
2163 4669 2344 4725 45.—
2364 4668 2568 4724 Invenit
2590 4667 2884 4740 Philippus,
2915 4681 3019 4727 etc.
3051 4672 3351 4731 Nathanael
3385 4693 3477 4746 pe—

1900 4767 2193 4823 ritissimus
2240 4763 2642 4836 Scripturarum
2702 4764 2952 4835 intelligit
3005 4767 3147 4836 quod
3202 4785 3310 4824 non
3359 4771 3475 4838 alii,

1900 4859 2105 4914 scilicet
2153 4872 2184 4911 a
2215 4855 2483 4912 Nazareth
2533 4856 2683 4912 exire
2729 4855 3056 4927 singularem
3099 4856 3472 4919 Nazarenam:

1898 4951 2026 5020 quia
2061 4957 2241 5005 autem
2275 4948 2640 5014 doctissimus,
2675 4963 2782 5002 non
2827 4956 2910 5002 est
2951 4948 3008 5004 iu
3035 4951 3334 5020 apostolum
3369 4954 3477 5010 ele-

1899 5050 2057 5097 ctus:
2092 5055 2281 5097 omnes
2325 5041 2473 5095 enim
2517 5037 2744 5108 apostoli
2791 5038 3026 5109 primum
3072 5040 3137 5096 de
3185 5041 3385 5110 idiotis,
3416 5053 3478 5098 ut

1898 5135 2300 5193 confundantur
2346 5134 2636 5204 sapientes.
2682 5131 2850 5198 Quem
2897 5133 3102 5204 scripsit
3142 5133 3366 5207 Moyses.
3403 5137 3476 5194 Ut

1897 5239 2087 5284 cautus
2132 5237 2358 5282 venator
2405 5225 2590 5280 multis
2643 5223 2946 5280 rationibus
2991 5224 3273 5280 veritatem
3317 5226 3474 5284 fratri

1895 5318 2128 5385 astruit,
2177 5317 2382 5373 scilicet
2431 5314 2574 5385 quod
2617 5311 2774 5369 Jesus
2813 5322 2895 5369 est
2944 5315 3037 5384 qui
3079 5319 3476 5385 praenuntiatur

1895 5408 1949 5463 in
1979 5408 2095 5479 lege
2121 5415 2178 5463 et
2199 5406 2496 5476 prophetis.
2533 5403 2702 5459 Filius
2723 5402 2944 5475 Joseph,
2976 5406 3068 5474 qui
3102 5414 3184 5461 est
3221 5407 3287 5462 de
3312 5408 3472 5462 domo

1895 5497 2090 5564 David,
2117 5505 2176 5552 ut
2204 5511 2300 5567 per
2329 5511 2451 5550 eum
2480 5496 2611 5566 (non
2641 5495 2784 5564 quod
2810 5495 2877 5551 de
2905 5509 2971 5551 eo
2998 5497 3178 5567 natus)
3209 5512 3336 5552 cum
3358 5498 3470 5552 Ma-

1897 5589 1977 5645 ria
2011 5597 2185 5645 matre
2213 5585 2328 5655 ejus
2358 5586 2542 5658 (quam
2573 5586 2779 5642 sciebat
2813 5603 2880 5642 ex
2901 5588 3177 5660 prophetis
3201 5588 3469 5657 virginem

1894 5682 2192 5755 peperisse)
2221 5690 2436 5736 notetur
2461 5695 2581 5736 esse
2607 5695 2676 5736 ex
2705 5680 2894 5736 David.

1967 5775 2134 5831 Vens.
2165 5771 2257 5829 46.
2278 5803 2348 5813 -
2366 5771 2436 5826 Et
2463 5773 2594 5827 dixit
2623 5772 2671 5827 ei
2695 5769 3018 5827 Nat/tanael.
3046 5770 3144 5827 Vel
3171 5769 3466 5831 dubitando

1897 5871 2194 5941 interrogat
2247 5867 2330 5922 vel
2382 5865 2616 5922 aﬁirmat
2665 5874 2726 5920 ut
2772 5865 3132 5936 legispcritus,
3187 5881 3216 5921 a
3247 5867 3468 5924 civitate

2959 5963 3034 6022 12
