3960 6336
234 384 346 446 563

1181 384 1449 443 GLOSSA
1486 380 1885 441 ORDINARIA.
1921 408 1993 422 ——
2027 378 2277 437 EVANG.
2316 376 2506 438 JOAN.

3386 386 3493 445 566

230 500 500 565 ctionem;
531 499 644 569 qui,
681 497 726 554 si
758 497 1046 554 incorrecti
1075 497 1495 567 permanserint,
1526 497 1579 551 in
1604 495 1710 552 fine
1745 494 1813 548 li-
1840 496 1892 555 Α
1917 500 2037 563 pler
2081 491 2233 563 signa
2272 507 2390 562 qua:
2433 491 2660 559 viderat,
2708 489 2800 546 sed
2839 491 3077 546 nondum
3104 502 3325 549 renatus
3353 506 3499 563 erat,

230 591 525 661 gabuntur.
571 588 711 646 Oves
741 604 956 661 quoque
993 598 1047 645 et
1074 589 1237 645 boves
1272 590 1437 660 ejicit,
1471 587 1597 660 quia
1628 588 1813 643 talium

229 683 401 737 vitam
447 690 501 737 et
528 682 828 737 doctrinam
876 683 1113 739 ostendit
1160 681 1463 754 reprobam.
1508 681 1575 736 Et
1600 694 1817 735 mensas

231 773 534 839 subvertit,
583 774 708 846 quia
758 775 813 829 in
858 774 967 830 ﬁne
1010 775 1138 846 ipsa).
1166 789 1254 830 res
1300 786 1435 843 quas
1482 770 1810 835 dilexerunt,

230 868 604 925 destruuntur.
643 865 713 920 Et
748 866 1000 920 ascendit.
1049 864 1105 921 Si
1138 865 1253 936 ipse
1291 864 1382 935 qui
1410 863 1555 918 dedit
1602 863 1818 917 decreta

228 959 353 1027 Dei,
386 957 641 1025 custodit,
675 957 834 1013 docet
875 965 1079 1027 quanta
1127 970 1259 1011 cura
1300 952 1611 1009 hominibus
1658 952 1817 1006 debet

228 1067 356 1109 esse
386 1066 583 1107 vacare
621 1049 956 1105 orationibus
1002 1057 1056 1103 et
1085 1048 1179 1102 Dei
1226 1044 1674 1102 solemnitatibus.
1723 1042 1815 1099 Bis

226 1144 431 1216 legitur
475 1141 543 1198 ad
592 1140 800 1197 Pascha
851 1138 1179 1195 ascendisse.
1232 1135 1411 1192 Semel
1451 1135 1628 1206 primo
1673 1148 1816 1188 anno

224 1233 670 1307 praedicationis,
720 1230 958 1287 nondum
1006 1230 1346 1284 incarcerato
1388 1224 1624 1292 Joanne,
1672 1224 1816 1279 unde

226 1327 321 1382 hic
362 1325 560 1398 agitur.
604 1321 859 1379 Secundo
902 1336 1023 1378 cum
1065 1321 1132 1375 ad
1170 1319 1475 1390 passionem
1524 1317 1647 1383 iret,
1677 1324 1731 1372 et
1759 1315 1813 1370 in

225 1423 461 1485 utroque
488 1414 780 1470 vendentes
810 1412 968 1484 ejecit
998 1412 1062 1467 de
1089 1409 1315 1481 templo.
1504 1398 1507 1407 ”

299 1507 471 1563 Vens.
510 1505 595 1560 14.
627 1534 700 1546 -
731 1505 803 1559 Et
838 1504 1033 1560 invenit
1073 1505 1131 1557 in
1159 1501 1368 1573 templo.
1419 1498 1475 1556 Si
1518 1501 1575 1554 in
1605 1498 1813 1571 ﬁgurali

226 1599 433 1670 templo
472 1597 616 1669 quod
653 1604 737 1653 est
778 1596 970 1652 domus
1010 1593 1304 1659 orationis,
1351 1592 1605 1664 prohibet
1650 1605 1816 1661 nego-

225 1693 511 1750 tiationem
558 1705 680 1763 qua:
727 1690 953 1746 honesta
997 1694 1256 1759 putatur,
1323 1699 1445 1741 cum
1492 1684 1565 1740 sit
1612 1684 1681 1738 de
1729 1682 1814 1737 his

221 1802 349 1859 qure
398 1786 454 1840 in
501 1783 699 1857 templo
743 1778 1063 1848 oﬂ‘eruntur,
1112 1790 1315 1851 quanto
1363 1778 1537 1849 magis
1564 1774 1817 1849 prohibet

221 1878 535 1952 potationes
572 1884 623 1933 et
666 1884 860 1932 caetera
888 1872 1178 1947 graviora?

301 1993 469 2047 Vens.
514 1990 602 2045 l5.
628 2020 701 2031 —
737 1989 815 2044 De
852 1985 1123 2057 funiculis.
1175 1982 1423 2040 Funiculi
1473 1978 1668 2052 quibus
1716 1976 1814 2050 eji-

227 2087 454 2143 cinntur
498 2092 625 2141 sunt
658 2083 994 2137 incrementa
1028 2078 1305 2134 actionum
1346 2075 1635 2141 malarum,
1670 2071 1814 2128 unde

222 2178 437 2234 Isaias:
474 2174 566 2231 Va:
598 2174 688 2247 qui
726 2173 933 2229 trahitis
983 2171 1307 2242 iniquitatem
1350 2167 1406 2221 in
1434 2164 1685 2236 funiculis
1726 2182 1815 2221 va-

224 2270 410 2327 nitatis
450 2267 585 2342 (lsa.
626 2265 704 2339 ν).
754 2264 820 2321 Ει
854 2262 1148 2321 Salomon:
1179 2256 1223 2313 F
1227 2258 1454 2315 utriculis
1482 2262 1814 2331 peccatorum

223 2379 444 2419 suorum
470 2362 685 2434 quisque
712 2355 1092 2429 constringitur
1119 2346 1300 2427 (Prov.
1326 2352 1403 2424 v).

306 2455 469 2509 Vens.
520 2452 604 2508 16.
629 2482 699 2491 -
733 2449 835 2516 Qui
867 2446 1151 2505 columbas.
1181 2444 1297 2501 Non
1327 2443 1500 2500 solum
1522 2443 1816 2499 vendentes

225 2546 527 2611 columbas,
557 2545 651 2601 sed
679 2543 841 2600 etiam
866 2541 957 2595 alii
984 2540 1202 2595 domum
1233 2528 1327 2593 Dei
1358 2535 1563 2591 faciunt
1596 2534 1815 2590 domum

224 2636 636 2710 negotiationis,
690 2631 744 2687 id
792 2638 877 2686 est
920 2644 1109 2684 omnes
1154 2618 1246 2698 qui
1292 2631 1541 2697 quaerunt
1568 2640 1687 2696 quae
1717 2638 1811 2680 sua

227 2739 377 2795 sunt,
412 2744 516 2785 non
548 2742 666 2798 quae
692 2724 821 2782 Jesu
851 2722 1071 2780 Christi.

298 2821 465 2877 Vens.
510 2816 855 2875 l7.—-Zelus
882 2817 1069 2871 domus
1092 2823 1217 2870 tum.
1246 2810 1431 2885 (Auc.)
1461 2811 1641 2867 Bonos
1666 2810 1813 2866 zelus

224 2928 315 2978 est
336 2919 517 2975 fervor
541 2917 728 2982 animi,
755 2912 862 2987 quo
892 2929 1066 2981 mens,
1094 2911 1304 2983 abjecto
1329 2909 1567 2964 humano
1598 2906 1810 2972 timore,

223 3029 331 3085 pro
361 3010 671 3067 defensione
702 3006 950 3063 veritatis
983 3003 1319 3060 accenditur.
1369 3001 1452 3057 Ab
1485 3017 1550 3056 eo
1581 2999 1814 3056 cOmedi-

227 3110 343 3166 tur,
375 3098 469 3168 qui
491 3093 746 3168 quaelibet
776 3107 941 3163 prava
966 3102 1087 3161 quae
1111 3088 1331 3156 viderit,
1362 3087 1637 3157 corrigere
1664 3091 1813 3140 sata-

222 3194 341 3267 git;
369 3191 414 3246 si
441 3186 647 3259 nequit,
674 3185 870 3241 tolerat
896 3190 953 3239 et
981 3182 1169 3255 gemit.

302 3279 467 3336 Vens.
518 3277 606 3334 18.
634 3305 701 3316 —-
731 3274 883 3342 Quod
929 3274 1135 3344 signum
1185 3270 1415 3325 ostendis
1463 3268 1647 3333 nobis,
1690 3269 1816 3338 quia

224 3374 341 3426 hinc
371 3368 554 3441 facis?
594 3365 902 3437 Respondit.
948 3362 1085 3430 Quia
1124 3361 1337 3431 signum
1375 3368 1624 3431 quaerunt
1649 3371 1821 3428 quare

226 3462 389 3518 solita
435 3456 763 3516 commercia
808 3455 876 3511 de
922 3452 1122 3523 templo
1160 3450 1345 3520 ejicit?
1373 3460 1429 3506 et
1453 3450 1531 3504 ait
1555 3463 1571 3503 :
1595 3447 1815 3504 Solvite.

228 3553 398 3625 Quasi
436 3553 581 3611 dicat
607 3570 620 3605 :
646 3549 782 3618 Quia
818 3548 923 3603 hoc
959 3545 1216 3617 templum
1256 3543 1527 3616 signioat
1554 3540 1814 3611 templum

227 3650 476 3722 corporis
523 3648 577 3702 in
608 3659 714 3716 quo
752 3640 896 3700 nulla
934 3648 1019 3696 est
1046 3638 1260 3695 macula
1302 3644 1356 3693 et
1385 3636 1579 3693 mssito
1612 3636 1715 3691 hoc
1749 3635 1815 3688 il-

230 3742 421 3817 gurale
443 3754 638 3812 purgo,
661 3737 753 3809 qui
790 3734 918 3793 illud
948 3733 1015 3790 ab
1043 3732 1353 3788 hominibus
1379 3737 1554 3787 morte
1576 3729 1817 3786 solutum

230 3837 417 3894 divina
450 3833 692 3907 potentia
724 3832 986 3887 suscitare
1011 3842 1172 3900 queo.

305 3926 470 3983 Vens.
514 3926 605 3981 20.
631 3946 697 3964 -λ
725 3922 985 3978 Dixerunt
1031 3937 1172 3991 ergo.
1220 3917 1477 3975 Carnales
1526 3914 1819 3971 carnaliter

229 4020 538 4092 sapiebant,
569 4016 657 4072 ille
695 4013 1054 4087 spiritualiter
1081 4012 1425 4083 loquebatur.
1462 4008 1615 4076 Quod
1643 4008 1819 4063 Evan-

231 4112 429 4187 gelista
475 4109 630 4165 nobis
673 4108 848 4179 aperit
882 4123 895 4159 :
939 4103 1043 4159 Ille
1074 4113 1248 4159 autem
1291 4101 1495 4157 dicebat
1534 4101 1601 4155 de
1630 4097 1820 4171 templo

233 4202 473 4274 corporis
500 4202 603 4256 sui.
640 4216 649 4231 ε
1440 4192 1447 4197 ’

309 4295 677 4365 Quadraginta
709 4299 759 4347 et
791 4307 900 4346 sex.
932 4289 1115 4361 (Auc.)
1144 4285 1371 4341 Anatole
1396 4283 1587 4340 Griece
1609 4281 1816 4347 mons,

233 4391 427 4463 dysme
464 4386 737 4449 occidens,
787 4389 970 4438 arctos
1014 4377 1331 4449 septentrio,
1377 4382 1509 4440 etc.,
1560 4371 1817 4443 usquead

233 4484 331 4555 qui
373 4480 649 4536 senarium
692 4490 976 4531 numerum
1015 4470 1338 4543 quadragies
1375 4465 1812 4523 sexies-habent.

309 4559 682 4641 Ediﬁcatum.
715 4564 896 4640 (Auc.)
935 4562 1246 4619 Ediﬁcatio
1273 4556 1575 4613 Salomonis
1609 4562 1814 4625 septem
1849 4581 1897 4643 D

235 4667 397 4723 annis
426 4662 663 4734 perfecta
690 4668 792 4722 est,
839 4669 968 4722 etc.,
1005 4670 1164 4725 usque
1191 4652 1260 4706 ad
1296 4649 1436 4706 unde
1464 4647 1661 4703 dicitur
1708 4643 1819 4701 ele-

234 4769 358 4816 ctos
382 4771 503 4812 esse
531 4751 936 4823 congregandos
962 4763 993 4801 a
1021 4754 1254 4816 quatuor
1277 4741 1472 4799 ventis.

314 4848 477 4902 Vens.
522 4840 860 4900 ﬁli—Cum
907 4846 1102 4891 autem.
1146 4833 1454 4890 Conventus
1499 4829 1709 4895 adibat,
1762 4836 1822 4884 ut

234 4939 426 4996 verbis
443 4944 499 4992 et
511 4935 677 5006 signis
696 4932 878 5002 plures
899 4933 1257 4984 converteret.
1277 4924 1342 4979 Et
1365 4922 1492 4993 quia
1512 4921 1676 4990 aliqui
1690 4919 1821 4975 solis

237 5033 415 5103 signis
460 5028 590 5085 moti
626 5025 921 5083 credebant
965 5021 1019 5076 in
1067 5034 1215 5084 eum,
1262 5030 1390 5072 vere
1434 5014 1671 5086 quidem,
1724 5010 1821 5067 Sed

240 5138 429 5182 tamen
461 5122 560 5187 ita,
588 5127 647 5175 ut
672 5122 895 5189 possent
920 5121 1109 5185 postea
1139 5111 1194 5166 in
1218 5107 1468 5179 passione
1506 5103 1621 5174 ejus
1657 5119 1815 5159 scan—

240 5214 494 5281 dalizari,
532 5221 588 5268 et
624 5210 750 5281 quia
792 5207 1031 5263 nondum
1074 5209 1232 5259 erant
1262 5198 1436 5255 renati
1479 5213 1543 5252 ex
1587 5210 1725 5266 aqua
1765 5203 1822 5249 et

240 5308 475 5380 spiritu,
517 5319 623 5360 non
660 5308 816 5358 erant
849 5296 996 5369 digni
1040 5294 1235 5365 quibus
1273 5306 1332 5346 se
1367 5287 1612 5345 crederet
1641 5286 1816 5351 Jesus,

242 5379 300 5457 et
339 5396 682 5454 familiariter
713 5390 1067 5449 cohabitaret.
1097 5385 1313 5442 Sciebat
1351 5380 1493 5437 enim
1523 5379 1652 5451 quid
1679 5386 1823 5435 esset

244 5498 302 5553 in
348 5493 471 5556 illis,
519 5489 711 5545 melius
736 5500 898 5557 quam
938 5483 1056 5554 ipse
1098 5481 1260 5536 homo
1292 5477 1363 5532 de
1398 5490 1477 5531 se.
1528 5473 1655 5528 Haec
1690 5473 1824 5528 ﬁdes

244 5584 506 5644 convenit
547 5577 980 5641 catechumenis,
1030 5573 1122 5645 qui
1166 5570 1396 5628 credunt
1438 5567 1494 5622 in
1538 5580 1681 5629 eum,
1733 5564 1826 5619 sed

245 5680 381 5752 quia
433 5690 545 5732 non
582 5680 711 5728 sunt
732 5669 934 5735 renati,
986 5682 1092 5723 non
1133 5652 1373 5721 creditur
1414 5659 1495 5715 eis
1518 5654 1827 5714 communio

247 5747 500 5840 corporis
536 5775 592 5823 et
625 5761 903 5837 sanguinis
925 5758 1148 5816 Christi.
1189 5757 1266 5811 De
1299 5754 1494 5809 talibus
1529 5758 1644 5805 erat
1672 5747 1829 5801 Nico-

247 5866 464 5928 demus,
502 5859 595 5931 qui
636 5856 861 5913 credens
898 5851 1027 5909 dicit
1063 5866 1185 5906 eum
1226 5864 1258 5903 a
1288 5847 1397 5903 Deo
1433 5843 1666 5908 venisse,
1702 5854 1828 5911 pro-

1898 592 1975 640 ‘et
2000 584 2120 639 ideo
2142 592 2299 639 nocte
2321 583 2487 650 venit,
2523 599 2631 639 non
2658 584 2767 652 die,
2791 583 2917 654 quia
2950 572 3194 641 nondum
3226 587 3469 647 illumina

1919 684 2006 733 tus
2046 675 2252 733 caelesti
2288 676 2513 733 lumine.

2528 811 2758 872 CAPUT
2794 814 2880 871 Ill.

1991 943 2153 999 Vens.
2183 944 2235 998 1.
2263 973 2333 987 --
2353 943 2489 999 Em
2514 956 2691 1000 autem
2730 947 2908 1014 homo,
2935 958 3045 1006 etet
3086 950 3186 1007 ﬂio
3209 960 3329 1008 erat
3357 970 3494 1010 unus

1915 1048 1980 1088 ex
2007 1034 2112 1099 his,
2161 1035 2253 1103 qui
2302 1050 2403 1105 per
2430 1036 2581 1108 signa
2621 1038 2979 1094 crediderant.
3041 1041 3361 1099 Nicodamus
3406 1063 3496 1099 no-

1915 1124 2074 1177 mine.
2108 1123 2456 1191 Nicodemns,
2490 1126 2717 1181 victoria
2757 1128 2958 1198 p0puli,
2983 1128 3065 1183 vel
3100 1132 3275 1186 victor
3312 1134 3494 1204 populi

1916 1226 2134 1309 gestans
2163 1216 2386 1289 figuram
2416 1218 2657 1273 omnium
2697 1219 2790 1289 qui
2841 1233 2906 1274 ex
2948 1217 3175 1278 Iudaico
3219 1226 3492 1295 populoin

1915 1307 2193 1364 Christum
2219 1309 2504 1365 credentes
2518 1326 2620 1381 per
2649 1310 2811 1366 fidem
2835 1312 3060 1369 vincunt
3087 1317 3365 1370 mundum.

1988 1399 2152 1455 Vens.
2176 1401 2231 1456 2.
2260 1431 2339 1446 --
2362 1401 2462 1456 Hic
2482 1403 2637 1467 uertit,
2673 1412 2782 1458 etc.
2819 1401 2934 1458 Nox
2963 1405 3234 1475 signiﬁcat
3260 1407 3492 1462 litteram

1914 1490 2071 1563 legis,
2099 1490 2180 1546 vel
2209 1493 2567 1564 ignorantiam
2590 1494 2791 1559 cordis,
2822 1494 2906 1550 vel
2942 1495 3209 1552 timorem.
3235 1497 3304 1552 Et
3330 1508 3491 1555 nocte

1915 1583 2037 1639 ideo
2067 1582 2297 1639 forsitan
2345 1584 2511 1650 venit,
2549 1585 2678 1655 quia
2726 1585 2986 1657 magister
3033 1589 3088 1641 in
3128 1588 3511 1659 lsraelpalam-

1920 1676 2100 1733 dicere
2145 1677 2487 1733 erubesceret
2513 1719 2527 1743 ,
2574 1678 2663 1734 vel
2705 1693 2806 1748 pro
2845 1688 2992 1735 metu
3038 1678 3366 1736 Judseorum.
3399 1682 3499 1737 ilio

1917 1770 2041 1839 quia
2092 1770 2387 1840 prudenter
2437 1778 2626 1841 aperta
2677 1771 2828 1840 signa
2864 1772 3092 1838 notavit,
3134 1773 3348 1842 plenius
3377 1789 3495 1846 my-

1838 1851 1888 1912 B
1916 1859 2083 1917 steria
2107 1860 2230 1915 lidei
2262 1861 2514 1930 requirit,
2537 1870 2592 1915 et
2622 1862 2742 1917 ideo
2776 1863 2975 1918 meruit
3003 1864 3185 1919 doceri
3208 1866 3274 1919 de
3297 1865 3501 1922 deitate

1914 1951 2114 2008 Christi
2150 1961 2202 2008 et
2227 1953 2396 2024 ipsius
2420 1962 2646 2024 utraque
2689 1955 2992 2021 nativitate,
3026 1957 3093 2011 de
3128 1956 3399 2025 passibne,
3428 1958 3498 2014 de

1914 2047 2316 2102 resurrectione
2337 2055 2391 2103 et
2415 2048 2750 2113 ascensione,
2778 2050 2843 2103 de
2863 2046 3097 2102 secunda
3127 2051 3494 2119 generatione,

1914 2147 1969 2195 et
1994 2139 2243 2210 ingressu
2273 2138 2425 2209 regni
2455 2137 2741 2204 caalorum,
2765 2147 2822 2193 et
2850 2140 2916 2193 de
2943 2139 3065 2193 aliis
3086 2139 3351 2208 pluribus.

1985 2230 2151 2287 Vens.
2201 2231 2254 2285 5.
2302 2261 2374 2271 -
2420 2232 2603 2295 Amen,
2639 2247 2791 2285 amen
2813 2231 2951 2285 dico.
2978 2229 3097 2285 Non
3140 2231 3495 2301 interroganti

1914 2323 2209 2378 secundam
2246 2321 2583 2377 nativitatem
2605 2321 2850 2392 exponit,
2875 2336 2947 2376 ne
2967 2318 3156 2377 credat
3177 2320 3500 2376 Nicodemus

1914 2415 2086 2470 solam
2139 2413 2319 2478 ﬁdem,
2350 2422 2682 2484 quapropter
2728 2414 2845 2469 visa
2890 2414 3048 2485 signa
3090 2412 3399 2468 crediderat
3441 2412 3498 2467 in

1914 2505 2098 2562 Jesum
2145 2504 2390 2560 sufﬁcere
2438 2506 2506 2560 ad
2556 2505 2783 2559 salutem
2835 2506 3041 2575 absque
3075 2504 3374 2575 spiritualis
3408 2519 3500 2560 re-

1916 2598 2283 2669 generationis
2310 2598 2533 2664 virtute,
2574 2606 2627 2653 et
2667 2599 2871 2668 absque
2900 2598 3281 2653 sacramentis.
3322 2598 3498 2652 Etiam

1915 2688 2041 2758 quia
2067 2688 2341 2742 hominem
2379 2703 2575 2758 purum
2622 2686 2957 2758 intelligebat
3003 2702 3132 2742 eum
3173 2686 3498 2744 Nicodemsts

1914 2787 1973 2833 ut
1999 2777 2261 2833 Joannem
2288 2777 2587 2850 Baptistam
2605 2820 2619 2845 ,
2649 2779 2733 2835 vel
2763 2779 3059 2849 quemlibet
3090 2794 3160 2834 ex
3190 2780 3490 2850 prophetis,

1914 2870 2036 2926 ideo
2063 2870 2287 2939 inctepit
2311 2880 2434 2925 eum
2486 2873 2758 2926 instruere
2784 2868 2943 2926 Iesus
2981 2870 3048 2924 de
3077 2870 3315 2925 secunda
3338 2882 3501 2939 rege-

1915 2963 2216 3028 neratione,
2244 2978 2349 3034 qua
2372 2963 2626 3035 intelligit
2643 2976 2766 3019 eum
2797 2962 2992 3018 Filium
3027 2963 3145 3030 Dei,
3170 2971 3226 3019 et
3256 2979 3314 3018 se
3334 2976 3495 3034 posse

1915 3053 2114 3110 Filium
2145 3054 2241 3109 Dei
2270 3054 2404 3108 fieri.

1992 3144 2174 3216 (Aue.)
2210 3143 2460 3200 Secunda
2488 3144 2746 3199 nativitas
2785 3144 2853 3200 de
2882 3158 2987 3213 qua
3016 3145 3173 3200 docet
3199 3143 3356 3201 Jesus
3389 3147 3471 3216 spi
3498 3184 3499 3187 η

1842 3217 1889 3281 C
1921 3234 2133 3290 ritualis
2167 3244 2275 3299 est,
2319 3246 2440 3303 qua!
2488 3242 2574 3290 est
2617 3249 2686 3289 ex
2710 3236 2823 3289 Deo
2855 3242 2910 3290 et
2933 3234 3173 3289 Ecclesia
3210 3237 3278 3291 ad
3305 3236 3496 3303 vitam,

1920 3327 2015 3383 sed
2058 3326 2148 3381 ille
2189 3324 2359 3380 solam
2400 3325 2675 3381 carnalem
2698 3326 2845 3395 sapit
2874 3340 2995 3395 quae
3022 3335 3105 3380 est
3144 3340 3212 3379 ex
3247 3326 3418 3381 Adam
3441 3336 3500 3384 et

1918 3420 2031 3475 Eva
2057 3420 2124 3474 ad
2151 3427 2404 3474 mortem.
2439 3417 2547 3474 Sed
2589 3419 2733 3473 sicut
2777 3418 3053 3474 carnalem
3088 3418 3221 3473 dicit
3256 3418 3359 3473 iste
3386 3434 3493 3475 non

1917 3524 2078 3581 posse
2118 3510 2328 3576 iterari,
2366 3509 2449 3564 sic
2493 3516 2551 3563 et
2597 3508 2896 3579 spiritualis
2935 3523 2966 3561 a
3000 3522 3329 3579 quocunque
3355 3508 3493 3565 facta

1919 3615 2025 3656 non
2081 3608 2259 3671 potest
2308 3598 2517 3655 iterari.
2548 3599 2629 3653 Ex
2672 3599 2882 3659 semine
2926 3600 3071 3653 enim
3110 3601 3222 3676 veri
3266 3600 3502 3658 Abraha

1919 3700 2047 3749 sunt
2086 3692 2219 3757 nati,
2251 3691 2366 3747 sive
2394 3705 2491 3761 per
2517 3691 2741 3746 liberam
2764 3691 2879 3747 sive
2906 3706 3004 3762 per
3032 3692 3305 3748 ancillam.

1993 3786 2117 3841 Nisi
2137 3787 2274 3859 quis.
2321 3785 2699 3841 Necessarium
2732 3794 2817 3842 est
2854 3787 3066 3843 visibile
3098 3800 3502 3847 sacramean

1921 3895 2074 3949 aquae
2097 3880 2165 3934 ad
2196 3879 2526 3934 ablutionem
2566 3878 2798 3933 visibilis
2826 3882 3094 3950 corporis,
3129 3872 3269 3939 sicut
3304 3892 3388 3938 est
3412 3898 3504 3939 ne-

1923 3971 2159 4026 cessaria
2192 3970 2438 4024 doctrina
2490 3968 2777 4024 invisibilis
2815 3968 2961 4036 fidei,
2998 3978 3057 4026 et
3092 3972 3165 4026 ad
3201 3972 3502 4033 ganeum.

1924 4062 2126 4118 tionem
2152 4060 2347 4114 animae
2376 4057 2676 4113 invisibilis.

1993 4155 2224 4209 Renatus
2254 4152 2434 4222 fuerit.
2463 4151 2708 4222 (Canis)
2752 4151 2864 4205 Hoc
2889 4159 2999 4217 est,
3032 4151 3082 4206 si
3110 4159 3170 4207 tn
3202 4167 3313 4208 non
3340 4163 3504 4212 natus

1922 4249 2093 4306 fueris
2139 4246 2390 4315 desuper,
2443 4252 2501 4298 et
2540 4243 2847 4314 dogmatum
2890 4246 3198 4315 susceperis
3223 4247 3504 4302 certitudi-

1922 4356 2046 4398 nem
2072 4339 2292 4405 alicubi,
2332 4346 2488 4393 extra
2529 4350 2683 4392 erras
2719 4346 2772 4392 et
2820 4337 3059 4412 lo_ngees
3084 4352 3119 4394 a
3146 4353 3313 4412 regno
3338 4342 3505 4399 cmic—

1921 4448 2066 4500 rum,
2096 4432 2334 4501 seipsum
2381 4429 2471 4484 hic
2521 4429 2811 4485 ostendens
2852 4405 2908 4486 Et
2950 4405 3498 4505 indicanquuoniam

1921 4540 2029 4581 non
2066 4532 2152 4579 est
2188 4523 2291 4576 hoc
2333 4527 2541 4575 tantum
2572 4521 2721 4590 quod
2755 4520 2990 4589 videtur,
3034 4522 3135 4579 sed
3181 4524 3303 4579 aliis
3328 4526 3503 4582 oculis

1924 4630 2061 4689 opus
2094 4622 2178 4671 est
2212 4614 2280 4669 ad
2314 4614 2607 4669 videndum
2636 4613 2824 4668 Deum.

1997 4709 2162 4765 Vens.
2196 4707 2249 4763 ὅ.
2290 4737 2359 4747 -
2397 4706 2482 4760 Ea:
2526 4722 2684 4777 aqua.
2739 4705 2821 4760 Ex
2869 4719 3009 4775 aqua
3061 4707 3258 4763 visibili
3318 4725 3502 4766 sacra-

1925 4814 2128 4869 mento,
2155 4812 2213 4858 et
2237 4803 2452 4873 spiritu,
2496 4798 2753 4856 invisibili
2786 4798 3084 4866 intellectu,
3113 4809 3172 4856 ut
3198 4804 3499 4873 symbolum

1925 4894 2179 4969 baptismi
2202 4893 2491 4950 visibiliter
2533 4892 2787 4961 accipiat,
2816 4900 2870 4946 et
2912 4893 3248 4963 spiritualem
3295 4896 3503 4952 intelle-

1926 5000 2072 5047 ctum
2118 4989 2288 5059 ipsius
2331 4984 2560 5058 symboli
2591 4983 2857 5055 perﬁciat.
2906 4983 3001 5041 Vel
3039 5000 3108 5040 ex
3142 5001 3281 5057 aqua
3304 4988 3502 5045 visibili

1925 5089 1979 5136 et
2006 5078 2212 5151 Spiritu
2235 5085 2441 5132 sancto.

2000 5192 2163 5249 Vens.
2206 5192 2259 5249 6.
2298 5221 2369 5233 —-
2410 5188 2563 5257 Quod
2597 5197 2799 5244 natum.
2828 5189 2982 5246 lianc
3009 5190 3339 5262 spiritualem
3364 5194 3502 5249 nati-

1929 5286 2147 5339 vitatem
2194 5281 2475 5354 distinguit
2520 5296 2549 5335 a
2593 5280 2815 5345 carnali,
2862 5279 3047 5336 dicens
3088 5294 3102 5334 :
3140 5279 3294 5347 Quod
3320 5292 3503 5338 natum

1929 5386 2021 5431 est.
2053 5374 2137 5429 Ea:
2164 5390 2339 5429 carne.
2389 5371 2447 5427 Id
2492 5380 2596 5435 est,
2638 5380 2702 5425 ex
2734 5371 2909 5442 primo
2940 5372 3155 5427 homine
3190 5384 3292 5442 per
3325 5372 3503 5429 carnis

1930 5466 2328 5524 successionem
2378 5460 2596 5517 carnale
2652 5470 2752 5517 est.
2827 5463 3054 5519 Nomine
3106 5464 3284 5518 carnis
3318 5504 3332 5528 ,
3396 5479 3500 5518 non

1926 5556 2103 5616 solum
2131 5572 2372 5621 carnem,
2406 5556 2499 5610 sed
2527 5560 2696 5609 totUm
2729 5553 2999 5611 carnalem
3031 5556 3305 5609 hominem
3336 5553 3500 5624 signi-

1929 5651 2070 5705 ﬁcat.
2104 5647 2195 5703 Sic
2220 5654 2442 5701 econtra
2478 5652 2623 5700 totus
2677 5646 2840 5700 homo
2882 5644 3177 5715 spiritualis
3219 5644 3396 5698 anima
3448 5652 3502 5698 et

1927 5755 2152 5812 corpore
2204 5738 2424 5809 Spiritus
2478 5737 2693 5793 dicitur.
2747 5735 2815 5790 Et
2863 5723 3022 5807 duod,
3073 5747 3175 5789 etc.
3222 5732 3398 5789 Verbo
3447 5744 3502 5791 et

1927 5838 2267 5892 sacramento
2322 5831 2545 5904 Spiritus
2590 5828 2933 5885 invisibiliter
2988 5825 3137 5881 adest
3181 5840 3286 5897 quo
3341 5834 3501 5884 natus
