3960 6336
460 433 564 491 567

954 433 1343 492 WALAFRIDI
1377 435 1622 492 STRABI
1657 436 1859 494 FULD.
1909 437 2072 495 MON.
2111 438 2263 496 OPP.
2304 439 2483 495 PARS
2519 439 2558 494 Ι.
2599 469 2668 479 --
2705 437 3155 497 THEOLOGICA.

3601 443 3703 498 368

457 568 526 607 ex
553 551 724 606 Adam
757 553 824 607 ad
849 559 1078 606 mortem
1111 553 1375 617 nascitur,
1403 551 1569 608 Filius
1597 551 1693 607 Dei
1725 551 1795 606 ad
1834 551 2024 617 vitam,
2055 556 2110 618 Α
2132 561 2188 608 et
2233 568 2396 608 causa
2439 551 2670 608 habendi
2719 552 2996 622 praedicta,
3044 551 3100 605 in
3126 551 3279 621 cujus
3327 551 3431 606 ﬁde
3463 566 3589 606 eum
3621 552 3702 606 in-

456 643 549 712 qui
596 658 704 698 nou
755 650 960 696 tantum
1010 642 1307 712 spiritualis
1352 643 1570 709 dicitur,
1630 643 1726 698 sed
1781 642 2024 713 spiritus,

456 736 582 805 quia
631 735 771 790 sicut
818 735 1120 790 substantia
1175 737 1398 806 spiritus
1450 745 1536 792 est
1577 735 1901 799 invisibilis,
1953 737 2028 790 ita

456 827 796 882 invisibiliter
839 841 938 897 per
973 828 1184 883 visibile
1237 837 1636 884 sacramentum
1681 827 1907 883 efﬁcitur
1932 829 2027 883 Dei

455 916 645 972 Filius.
676 916 902 986 Spiritus
927 926 1022 973 est.
1051 917 1171 973 Non
1197 927 1378 974 autem
1402 918 1636 984 mireris,
1667 919 1815 974 sisic
1840 929 2027 973 natum

456 1009 577 1064 dico
603 1009 874 1078 spiritum,
903 1025 1031 1080 quia
1069 1011 1210 1066 sicut
1235 1011 1458 1081 spiritus
1495 1011 1587 1066 ubi
1615 1010 1729 1065 vult
1757 1012 1950 1082 spirat,
1975 1021 2030 1066 et

455 1100 628 1154 nescis
675 1101 817 1156 unde
860 1102 1026 1167 venit,
1073 1111 1166 1156 aut
1219 1117 1326 1172 quo
1375 1102 1554 1169 vadat,
1606 1102 1683 1158 sic
1739 1112 1820 1158 est
1850 1102 2028 1158 omnis

453 1191 546 1260 qui
579 1199 738 1245 natus
760 1200 845 1246 est
869 1206 939 1246 ex
964 1192 1181 1262 spiritu.

524 1283 688 1337 Vsus.
730 1283 784 1338 8.
828 1312 900 1322 -
956 1282 1187 1353 Spiritus
1225 1284 1316 1338 ubi
1357 1283 1485 1338 vult.
1515 1282 1633 1351 Qua
1679 1284 1733 1338 in
1762 1292 2028 1354 potestate

453 1371 616 1427 habet
642 1371 796 1441 cujus
825 1388 922 1428 eor
948 1371 1198 1429 illustret.
1230 1372 1430 1429 Vocem
1455 1373 1574 1442 ejus
1600 1375 1757 1431 audis
1785 1375 1840 1429 in
1873 1373 2026 1429 Scri-

428 1465 658 1533 pturis,
709 1463 794 1518 vel
841 1464 969 1518 dum
1016 1463 1256 1534 loquitur
1319 1464 1518 1534 aliquis
1572 1464 1764 1534 plenus
1821 1463 2028 1534 Spiritu

452 1565 662 1622 sancto,
696 1571 818 1626 quae
856 1564 914 1611 et
958 1557 1003 1611 si
1037 1555 1210 1621 audis,
1244 1556 1422 1612 nescis
1459 1556 1605 1611 unde
1647 1557 1814 1623 venit,
1844 1556 1898 1612 id
1923 1565 2026 1623 est,

451 1646 721 1717 quomodo
763 1661 858 1702 cor
905 1646 1048 1702 illius
1082 1646 1330 1713 intravit,
1359 1647 1443 1703 vel
1471 1647 1743 1718 quomodo
1778 1648 2026 1715 redierit,

450 1723 578 1806 quia
617 1745 812 1792 natura
854 1735 969 1804 ejus
1006 1746 1088 1792 est
1131 1737 1438 1793 invisibilis.
1482 1738 1574 1794 Sic
1601 1747 1686 1794 est
1719 1739 1896 1793 omnis
1935 1739 2029 1808 qui

449 1835 613 1882 natus
653 1835 738 1882 est
781 1843 848 1882 ex
880 1827 1086 1897 Spiritu
1125 1837 1334 1893 sancto,
1379 1829 1504 1897 quia
1539 1829 1653 1898 ipse
1691 1829 2030 1884 invisibiliter

2129 644 2310 698 struit.
2346 643 2413 698 Et
2451 643 2577 714 quia
2604 642 2839 698 carnalis
2867 649 3009 706 erat,
3049 650 3104 695 et
3133 650 3291 695 notus
3324 641 3379 695 in
3414 639 3555 711 lege,
3587 641 3706 696 ideo

2128 735 2417 805 quamdam
2444 733 2578 804 legis
2611 743 2823 804 partem
2855 733 3092 798 adducit,
3123 748 3286 801 quam
3313 723 3552 787 ostendit
3589 748 3709 788 esse

2127 826 2356 897 ﬁguram
2395 836 2451 881 et
2493 827 2684 881 mortis
2733 840 2842 881 suae
2873 824 3310 894 signiﬁcativam.
3338 832 3400 878 ut
3427 825 3594 878 etiam
3627 825 3706 880 sic

2127 926 2309 989 pateat
2345 917 2413 973 de
2456 917 2578 972 aliis
2609 917 2852 987 partibus
2894 916 3048 987 legis,
3095 917 3237 993 quod
3270 916 3381 971 sint
3421 916 3477 970 in
3507 915 3704 987 ﬁgura.

2128 1009 2197 1064 Et
2221 1010 2349 1080 quia
2375 1024 2521 1064 mors
2547 1008 2864 1080 intelligitur
2895 1023 2991 1079 per
3021 1017 3349 1079 serpentem,
3375 1015 3430 1062 et
3456 1006 3712 1063 Christus

2128 1111 2376 1156 mortuus
2420 1115 2648 1170 serpens
2694 1100 2912 1164 dicitur,
2960 1113 3122 1170 quem
3163 1099 3256 1170 qui
3302 1098 3409 1155 ﬁde
3446 1099 3710 1162 intuetur,

2128 1189 2409 1256 liberatur,
2459 1190 2603 1245 sicut
2643 1188 2842 1242 intuitu
2888 1187 3032 1242 illius
3078 1188 3132 1242 in
3184 1186 3355 1257 ﬁgura
3401 1189 3471 1242 ab
3525 1188 3713 1257 ignitis

2130 1280 2470 1352 serpentibus
2509 1280 2812 1334 liberantur
2853 1279 2946 1348 qui
2992 1278 3300 1350 signiﬁcant
3328 1277 3601 1334 incentiva
3627 1279 3710 1332 vi-

2129 1376 2348 1430 tiorum.
2400 1373 2488 1428 Ita
2539 1373 2764 1428 exaltari
2816 1381 3015 1442 oportet
3047 1370 3248 1426 Filium
3289 1372 3549 1438 hominis,
3601 1381 3711 1426 etc.

2131 1466 2444 1538 Magistrum
2470 1464 2605 1536 legis
2649 1465 2715 1518 ad
2759 1462 3213 1534 signiﬁcationem
3242 1461 3375 1531 legis
3401 1463 3618 1517 invitat.
3647 1462 3715 1515 Et

2131 1557 2257 1628 quia
2283 1558 2494 1612 dixerat
2529 1556 2596 1610 de
2624 1554 2763 1610 Filio
2805 1555 3061 1620 hominis,
3106 1569 3174 1609 ne
3225 1555 3330 1610 hoc
3356 1554 3531 1609 solum
3559 1563 3714 1624 putet

2131 1647 2476 1714 Nieodemus,
2509 1647 2692 1702 subdit
2744 1647 2992 1702 eumdem
3033 1645 3198 1701 etiam
3223 1660 3343 1702 esse
3365 1645 3560 1700 Filium
3593 1647 3712 1701 Dei.

2133 1736 2220 1794 Sic
2265 1738 2403 1792 enim
2453 1737 2634 1791 dilexit
2679 1735 2840 1790 Deus.
2875 1737 3064 1808 Aperit
3085 1752 3309 1792 causam
3348 1737 3598 1791 humana:
3627 1753 3714 1790 sa-

2134 1830 2292 1898 lutis,
2347 1830 2554 1886 scilicet
2595 1828 2936 1884 dilectionem
2980 1829 3075 1882 Dei
3119 1826 3319 1895 Patris,
3357 1843 3424 1884 ex
3464 1844 3573 1899 quo
3598 1843 3719 1882 om-

446 1929 640 1990 agente
689 1918 893 1990 Spiritu
938 1919 1126 1990 incipit
1173 1935 1294 1975 esse
1344 1921 1487 1989 quod
1525 1936 1632 1974 non
1673 1929 1811 1985 crat,
1861 1921 1933 1975 ita
1975 1930 2034 1975 ut
2066 1921 2108 1980 Β
2138 1926 2225 1980 nis
2272 1923 2600 1979 restauratio
2659 1931 2743 1977 est
2789 1936 2887 1994 per
2942 1920 3138 1979 Filium
3191 1935 3352 1978 suum
3395 1920 3451 1976 in
3506 1919 3715 1991 Spiritu

446 2012 683 2068 inﬁdelis
726 2012 937 2069 nesciat
978 2012 1122 2067 unde
1155 2013 1354 2077 veniat,
1385 2020 1440 2068 et
1486 2027 1594 2082 quo
1623 2013 1807 2078 vadat,
1841 2014 1894 2068 id
1923 2023 2027 2079 est,

446 2117 556 2174 qua
605 2102 778 2174 gratia
821 2102 970 2157 venit
1015 2103 1071 2156 in
1118 2103 1462 2172 adoptionem
1507 2102 1650 2169 Filii,
1693 2111 1749 2158 et
1787 2104 1935 2158 vadit
1975 2104 2028 2158 in

447 2209 673 2266 regnum
725 2194 842 2250 Dei.
894 2194 1025 2262 Quae
1075 2195 1203 2264 quia
1259 2195 1536 2266 incognita
1594 2203 1721 2249 sunt
1778 2195 2025 2263 carnali,

445 2284 646 2340 iterum
692 2284 919 2355 quaerit?
965 2284 1244 2352 Quomodo
1283 2294 1506 2356 possunt
1557 2285 1674 2340 haec
1722 2285 1856 2350 ﬁeri,
1919 2303 2028 2342 non

444 2375 654 2431 habens
683 2375 1015 2446 spiritualem
1057 2376 1385 2432 intellectum
1413 2377 1468 2432 in
1508 2376 1688 2432 littera
1717 2375 1883 2448 legis;
1927 2378 2031 2432 im-

442 2465 700 2538 possibile
749 2475 906 2538 putat
946 2466 1091 2537 quod
1136 2467 1336 2523 dicitur
1365 2467 1432 2523 de
1472 2469 1755 2524 nativitate
1795 2484 1892 2538 per
1917 2471 2030 2540 spi-

443 2557 628 2623 ritum,
677 2558 822 2613 unde
864 2558 1210 2629 redarguitur
1247 2575 1277 2612 a
1323 2559 1550 2614 Domino
1594 2578 1606 2612 :
1657 2559 1734 2613 Tu
1777 2577 1829 2614 es
1859 2563 2029 2632 magi-

442 2659 565 2714 ster,
597 2657 702 2705 etc.
737 2649 809 2704 Et
853 2667 1027 2705 uocem
1073 2651 1208 2722 ejus,
1254 2659 1360 2707 etc.
1392 2651 1509 2707 Vox
1547 2653 1770 2722 spiritus
1797 2666 1882 2709 est
1921 2669 2027 2709 vox

441 2739 668 2807 Christi,
695 2757 859 2813 quam
888 2743 1094 2798 audivit
1137 2743 1480 2810 Nicodemus,
1511 2745 1607 2801 sed
1629 2747 1756 2816 quia
1786 2747 2026 2801 nondum

441 2839 528 2886 est
563 2840 723 2886 natus
764 2832 832 2888 de
872 2833 1093 2902 spiritu,
1121 2836 1296 2889 nescit
1338 2833 1483 2890 unde
1526 2837 1728 2903 veniat,
1780 2846 1872 2891 aut
1919 2852 2026 2908 quo

442 2921 626 2988 vadat,
653 2921 710 2977 id
733 2931 840 2989 est,
883 2938 989 2992 qua
1011 2925 1296 2981 occasione
1321 2925 1454 2980 velit
1484 2925 1636 2981 nasci
1670 2927 1944 2982 hominem
1969 2928 2022 2982 in

441 3013 659 3084 Spiritu,
683 3021 778 3069 aut
803 3027 912 3084 quo
939 3015 1118 3081 vadat,
1147 3016 1200 3070 id
1223 3025 1326 3082 est,
1355 3015 1425 3072 ad
1451 3030 1615 3086 quam
1634 3016 2022 3089 perfectionem

444 3105 592 3162 dicat
621 3106 798 3178 ipsum
823 3118 1140 3165 nascentem
1168 3125 1236 3166 ex
1262 3125 1340 3167 se.
1370 3109 1506 3166 Nam
1527 3112 1621 3184 qui
1647 3128 1716 3169 ex
1750 3129 1816 3170 eo
1844 3116 2021 3170 nasci-

441 3212 550 3268 tu-r,
598 3216 738 3258 unus
785 3217 907 3258 cum
950 3204 1067 3274 ipso
1095 3205 1317 3276 spiritus
1359 3219 1458 3276 per
1498 3206 1729 3278 gratiam
1764 3206 2016 3276 efﬁcitur,

439 3296 582 3350 sicut
611 3296 775 3352 etiam
806 3297 923 3367 ipse
948 3298 1172 3367 spiritus
1201 3313 1342 3354 unus
1369 3309 1454 3354 est
1474 3314 1574 3372 per
1601 3309 1869 3356 naturam.

510 3389 674 3447 Vsus.
714 3389 802 3445 10.
831 3421 902 3431 -
930 3388 1010 3445 Tu
1033 3407 1086 3445 es
1117 3393 1384 3463 magister,
1415 3401 1522 3447 etc.
1552 3391 1670 3448 Non
1695 3393 1916 3449 insultat
1943 3393 2020 3460 ei,

438 3489 500 3535 ut
542 3481 792 3551 superior
830 3495 896 3536 eo
939 3481 1206 3536 habeatur
1244 3484 1337 3553 qui
1372 3482 1624 3538 omnibus
1665 3493 1882 3554 prasest,
1923 3486 2022 3542 sed

438 3572 568 3642 quia
616 3571 732 3627 vult
781 3587 907 3627 eum
949 3573 1100 3628 nasci
1145 3588 1213 3628 ex
1254 3573 1468 3644 spiritu,
1517 3575 1660 3644 quod
1703 3576 1889 3645 nequit
1916 3575 2022 3632 nisi

440 3664 681 3732 humilis,
735 3663 1001 3720 tumidum
1045 3680 1114 3721 ex
1165 3665 1481 3736 magisterio
1528 3665 1797 3722 humiliat.
1854 3667 2021 3736 Quasi

439 3758 586 3814 dicat
625 3777 638 3812 :
681 3757 962 3830 Superbus
995 3761 1269 3833 princeps,
1316 3761 1394 3817 nil
1423 3763 1588 3826 nosti.
1637 3763 1924 3820 humiliare
1963 3773 2024 3820 ut

441 3850 528 3905 ille
555 3851 649 3921 qui
689 3852 926 3923 seipsum
971 3853 1290 3922 exinanivit,
1322 3863 1378 3912 et
1413 3863 1574 3911 natus
1597 3863 1681 3912 est
1712 3870 1781 3912 ex
1805 3857 2018 3928 spiritu,

441 3941 583 3996 scies
619 3943 766 4014 quod
792 3943 951 4000 modo
984 3945 1183 4001 nescis.

510 4031 674 4090 Vsus.
706 4033 794 4089 11.
831 4063 906 4076 -
928 4033 1081 4100 Quod
1117 4036 1309 4091 scimus
1337 4035 1619 4108 loquimur.
1657 4037 1716 4092 ld
1760 4046 1846 4093 est
1895 4040 2022 4110 quia

440 4126 554 4197 ipse
599 4133 683 4182 est
733 4125 988 4194 scicntia,
1017 4125 1217 4182 locutio
1254 4135 1310 4181 et
1351 4139 1531 4181 sermo
1555 4124 1753 4184 Patris.
1783 4125 1852 4182 Et
1885 4128 2022 4199 quod

439 4216 662 4272 vidimus
705 4225 977 4272 testamur.
1021 4215 1155 4286 Quia
1200 4217 1314 4288 ipse
1355 4217 1516 4286 visio,
1557 4227 1612 4272 et
1653 4234 1844 4274 verum
1872 4218 2022 4274 testi-

441 4308 682 4364 monium
725 4317 781 4363 et
818 4309 1024 4364 veritas
1064 4307 1260 4364 Patris.
1303 4308 1460 4378 Quod
1499 4309 1782 4380 pluraliter
1811 4319 2020 4381 myste-

442 4401 582 4455 rium
621 4399 904 4456 Trinitatis
930 4391 1123 4456 innuit:

509 4490 672 4548 Vsus.
715 4491 804 4546 12.
832 4521 905 4532 -
934 4489 994 4546 Si
1022 4500 1229 4546 terrena
1257 4492 1372 4547 dixi
1399 4493 1559 4548 vobis.
1591 4493 1774 4568 (Auc.)
1800 4495 1867 4550 Et
1895 4497 2022 4567 quia

441 4600 550 4642 non
580 4585 826 4656 accipitis
854 4593 1091 4650 terrena,
1123 4585 1394 4653 quomodo
1425 4586 1654 4656 potestis
1684 4603 1877 4658 capere
1900 4603 2015 4645 cte-

440 4679 594 4735 lestia
619 4718 634 4744 ,
669 4676 725 4732 id
773 4687 856 4732 est
899 4675 1174 4732 ctelestem
1225 4678 1449 4748 spiritus
1485 4680 1862 4736 nativitatem?
1891 4698 2016 4738 cum

442 4783 549 4823 non
605 4765 780 4822 solum
821 4780 929 4821 non
965 4767 1220 4832 credatis,
1265 4770 1358 4825 sed
1405 4785 1506 4827 nec
1549 4771 1862 4840 intelligatis
1911 4782 2020 4828 ter-

442 4872 594 4923 rena,
644 4857 788 4927 quod
829 4857 896 4911 de
926 4857 1124 4927 templo
1166 4861 1411 4931 corporis
1445 4862 1551 4916 mei
1579 4862 1746 4934 (quod
1779 4864 1845 4918 de
1874 4872 2018 4918 terra

435 4948 645 5026 accepi)
669 4949 781 5004 dixi
804 4965 834 5004 a
861 4949 1013 5004 vobis
1038 4951 1312 5017 solvendo,
1346 4969 1378 5008 a
1407 4969 1495 5009 me
1523 4955 1856 5010 suscitando.

513 5041 674 5096 Vsus.
710 5040 796 5094 15.
838 5069 908 5080 -
951 5039 1074 5095 Nisi
1113 5043 1202 5114 qui
1230 5043 1516 5098 descendit.
1548 5043 1661 5099 Hoc
1687 5045 1924 5114 pertinet
1951 5048 2020 5100 ad

440 5134 738 5191 secundam
759 5133 1097 5190 nativitatem
1119 5133 1174 5189 in
1196 5135 1410 5205 spiritu,
1433 5135 1558 5206 quia
1587 5150 1747 5190 nemo
1773 5136 1828 5189 in
1859 5136 2014 5190 Chri-

440 5241 524 5287 sto
549 5231 618 5285 ad
642 5227 858 5284 Patrem
879 5231 1141 5296 ascendit,
1169 5231 1275 5286 nisi
1315 5231 1407 5300 qui
1431 5246 1500 5286 ex
1525 5230 1717 5300 spiritu
1749 5231 2008 5286 nascitur.

440 5321 611 5376 Nemo
647 5319 885 5374 salvatur
907 5335 1005 5391 per
1027 5329 1256 5378 mortem
1284 5317 1506 5384 Christi,
1541 5319 1644 5374 nisi
1673 5319 1763 5389 qui
1799 5335 1867 5374 ex
1899 5321 2012 5390 spi-

441 5415 552 5469 ritu
603 5413 862 5468 nascitur.
918 5411 1089 5468 Nemo
1150 5411 1392 5466 nascitur
1431 5426 1498 5464 ex
1558 5410 1770 5480 spiritu,
1812 5412 1916 5467 nisi
1958 5412 2013 5466 in

441 5515 617 5561 morte
643 5503 865 5560 Christi.
897 5502 1109 5558 Etcum
1152 5501 1282 5556 dicit
1307 5499 1478 5555 Filius
1510 5500 1765 5566 hominis,
1799 5502 1892 5556 dat
1915 5517 2014 5558 no-

439 5599 523 5655 bis
561 5596 939 5654 certitudinem
1004 5593 1368 5658 ascendendi,
1419 5606 1542 5648 cum
1589 5591 1686 5648 ﬁlii
1734 5591 2012 5649 hominum

441 5705 632 5746 simus.

508 5782 674 5837 Vnus.
702 5780 787 5834 M.
814 5809 880 5819 —
906 5777 973 5834 Et
1020 5778 1154 5832 sicut
1203 5776 1408 5848 Moyses
1437 5773 1686 5832 exultavit
1733 5785 2014 5846 serpentem

436 5880 489 5935 in
521 5875 739 5929 deserto.
791 5871 1055 5942 Supponit
1097 5871 1162 5927 de
1208 5880 1380 5927 morte
1435 5886 1530 5925 sua
1567 5883 1686 5940 qua:
1732 5876 1813 5924 est
1865 5867 2017 5937 origo

2110 2051 2114 2056 -
2133 2023 2348 2072 sancto.

2203 2107 2367 2162 Vsus.
2424 2108 2512 2162 l6.
2559 2137 2628 2146 ——
2669 2105 2950 2160 Mundam.
3004 2105 3229 2162 Cosmos
3279 2104 3466 2162 Graec
3495 2147 3509 2171 ,
3569 2109 3717 2178 quod

2137 2200 2330 2255 Latine
2371 2198 2598 2253 mundus
2633 2198 3044 2268 interpretatur,
3091 2206 3316 2254 ornatus
3362 2199 3580 2254 dicitur.
3612 2199 3721 2254 Per

2131 2290 2392 2347 mundum
2441 2291 2606 2361 igitur
2656 2289 2896 2344 humana
2943 2296 3136 2344 natura
3179 2281 3514 2360 signiﬁcatur
3541 2330 3558 2355 ,
3603 2305 3719 2346 non

2129 2383 2274 2453 quod
2319 2382 2613 2438 secundum
2653 2396 2849 2450 corpus
2889 2395 2957 2436 ex
3003 2390 3236 2450 quatuor
3270 2381 3552 2436 elementis
3584 2397 3720 2437 con-

2129 2483 2259 2540 stet,
2285 2473 2380 2528 sed
2407 2472 2534 2542 quia
2572 2470 2872 2527 secundum
2901 2470 3140 2526 animam
3180 2486 3211 2525 a
3250 2472 3362 2527 Deo
3388 2480 3471 2528 est
3495 2482 3716 2537 ornata,

2129 2575 2186 2624 et
2231 2567 2295 2622 ad
2345 2567 2633 2638 imaginem
2673 2565 2769 2620 Dei
2811 2572 2894 2621 est
2929 2564 3093 2632 facta,
3134 2579 3242 2636 qua
3282 2564 3351 2621 ad
3389 2566 3495 2622 hoc
3543 2567 3720 2639 diligit

2130 2660 2274 2718 Deus
2305 2669 2366 2714 ut
2391 2673 2514 2714 eam
2542 2665 2803 2712 aeternam
2832 2655 3017 2712 faciat.

2201 2769 2268 2825 Ut
2304 2769 2506 2824 Filium
2555 2785 2708 2823 suum
2755 2770 3078 2840 unigenitum
3111 2769 3281 2836 daret,
3327 2779 3386 2824 ut
3415 2771 3584 2825 omnis
3624 2772 3719 2842 qui

2127 2863 2318 2926 credit,
2367 2868 2476 2916 etc.
2505 2859 2645 2914 Ecce
2674 2859 2815 2914 idem
2843 2858 2975 2914 dicit
3014 2859 3081 2914 de
3126 2858 3262 2914 Filio
3307 2859 3403 2915 Dei
3446 2859 3591 2930 quod
3618 2876 3715 2914 su-
3799 2867 3818 2888 '

2125 2969 2224 3025 pra
2253 2954 2320 3010 de
2343 2951 2480 3009 Filio
2509 2951 2766 3018 hominis,
2794 2960 2854 3006 ut
2886 2967 2982 3023 per
3019 2967 3178 3022 quem
3201 2951 3256 3006 in
3283 2952 3480 3009 deitate
3509 2954 3715 3008 conditi

2125 3064 2330 3116 sumus,
2356 3063 2454 3119 per
2479 3047 2728 3103 eumdem
2753 3047 2807 3100 in
2830 3046 3047 3102 homine
3071 3055 3460 3102 restauremur.

2197 3158 2360 3216 Vnus.
2405 3159 2493 3215 19.
2533 3189 2605 3199 —
2645 3157 2761 3212 Hoc
2811 3167 2884 3212 est
2932 3167 3107 3213 autem
3147 3158 3434 3229 judicium.
3474 3157 3585 3214 Cur
3619 3161 3716 3229 qui

2123 3264 2232 3306 non
2285 3249 2456 3306 credit
2487 3248 2802 3318 iudicatur?
2847 3249 2974 3320 quia
3029 3249 3123 3303 lux
3161 3250 3310 3304 venit
3351 3265 3473 3320 qua:
3513 3251 3721 3306 excitat

2123 3343 2370 3400 homines
2401 3351 2457 3398 et
2491 3343 2744 3398 admonet
2765 3356 3092 3413 cognoscere
3113 3357 3210 3416 sua
3242 3341 3405 3408 mala,
3430 3343 3487 3397 in
3515 3344 3718 3413 quibus

2123 3452 2313 3494 omnes
2353 3444 2500 3502 sunt,
2549 3435 2644 3491 sed
2673 3434 2767 3488 alii
2811 3435 3042 3490 oderunt
3087 3433 3468 3488 admonentem
3511 3433 3713 3501 lucem,

2123 3537 2178 3585 et
2205 3528 2438 3599 fugiunt,
2476 3543 2546 3584 ne
2572 3533 2871 3598 arguantur
2900 3540 3088 3582 eorum
3134 3525 3275 3580 mala
3309 3541 3427 3596 quae
3457 3526 3712 3598 diligunt.

2121 3620 2228 3676 Alii
2279 3619 2540 3676 admoniti
2581 3633 2680 3689 per
2722 3617 2898 3674 lucem
2943 3626 3203 3674 accusant
3237 3633 3334 3672 sua
3371 3617 3536 3685 mala,
3562 3620 3714 3689 quod

2123 3721 2208 3768 est
2245 3711 2426 3768 facere
2445 3711 2731 3766 veritatem
2757 3719 2813 3766 et
2838 3710 2917 3766 sic
2947 3711 3345 3766 illuminantur.
3371 3710 3542 3767 Erant
3569 3714 3712 3768 enim

2123 3822 2324 3860 eorum.
2346 3803 2448 3872 Qui
2474 3812 2557 3859 est
2581 3804 2637 3858 in
2670 3803 2930 3868 tenebris,
2955 3812 3010 3858 et
3037 3802 3211 3875 diligit
3239 3801 3438 3869 lucem,
3477 3820 3588 3861 non
3624 3815 3715 3860 est

2123 3898 2317 3964 malus,
2361 3897 2458 3953 sed
2485 3894 2574 3952 ille
2618 3897 2815 3954 dicitur
2850 3896 3044 3963 malus,
3085 3907 3142 3950 et
3185 3911 3348 3966 opera
3381 3897 3498 3966 ejus
3535 3896 3708 3963 mala,

2123 3991 2214 4060 qui
2242 3998 2525 4059 postquam
2560 3989 2651 4043 lux
2683 3989 2852 4056 venit,
2883 3989 2997 4044 odit
3033 3987 3207 4044 lucem
3231 3997 3287 4044 et
3313 3987 3489 4059 diligit
3531 3989 3678 4043 mala

2123 4079 2191 4134 Et
2233 4080 2338 4135 hoc
2374 4087 2459 4134 est
2487 4080 2628 4150 quod
2679 4079 2811 4135 dicit
2859 4097 2872 4133 :
2920 4078 3090 4134 Erant
3143 4080 3280 4133 enim
3329 4095 3487 4150 opera
3524 4098 3710 4136 eorum

2123 4169 2283 4226 mala.
2339 4169 2535 4241 Opera,
2582 4170 2640 4226 id
2677 4180 2763 4226 est
2800 4171 3080 4241 impietas,
3127 4162 3608 4236 etincredulitas,
3649 4182 3712 4226 et

2121 4263 2306 4320 odium
2327 4270 2546 4318 aeternae
2568 4261 2727 4328 lucis,
2761 4269 2813 4318 et
2839 4261 2982 4318 nolle
3015 4276 3138 4317 eam
3160 4261 3425 4346 aspicere,
3444 4261 3542 4317 sed
3570 4261 3710 4316 velte

2124 4355 2180 4410 in
2208 4354 2448 4411 tenebris
2474 4363 2828 4426 peccatorum
2859 4369 3164 4410 remanere.

2195 4467 2362 4524 Vens.
2423 4467 2512 4524 21.
2578 4498 2650 4509 -
2721 4467 2827 4536 Qui
2875 4476 3053 4523 autem
3102 4467 3253 4538 facit.
3309 4467 3540 4526 Ostenso
3596 4485 3704 4540 qua

2119 4560 2330 4632 justitia
2367 4559 2656 4615 damnetur
2692 4559 2785 4630 qui
2820 4574 2927 4615 non
2959 4559 3153 4628 credit,
3207 4561 3441 4616 ostendit
3484 4576 3588 4630 qua
3611 4560 3704 4629 ju-

2042 4635 2096 4696 Ι)
2123 4651 2270 4706 stitia
2303 4649 2542 4706 salvetur
2586 4650 2679 4721 qui
2723 4649 2914 4705 credit.
2965 4648 3070 4716 Qui
3113 4658 3287 4704 autem
3322 4649 3470 4720 facit.
3513 4649 3570 4704 ld
3597 4659 3702 4710 est,

2124 4743 2212 4799 cui
2242 4743 2526 4815 displicent
2550 4743 2690 4798 mala
2715 4759 2810 4798 sua
2839 4751 2896 4798 et
2919 4751 3159 4809 accusat,
3182 4757 3289 4797 non
3322 4741 3424 4798 sibi
3448 4742 3698 4810 ignoscit,

2125 4850 2232 4890 non
2261 4835 2364 4891 sibi
2390 4836 2585 4907 parcit,
2615 4835 2709 4890 sed
2729 4834 2879 4889 venit
2912 4835 2980 4889 ad
3001 4834 3197 4890 lucem.
3220 4833 3289 4888 Et
3321 4833 3510 4904 incipit
3539 4848 3699 4903 agere

2125 4941 2249 4983 cum
2278 4925 2390 4981 Deo
2428 4925 2521 4995 qui
2562 4923 2701 4979 mala
2738 4933 2978 4990 accusat,
3026 4925 3152 4994 quia
3195 4925 3408 4980 initium
3454 4925 3580 4979 boni
3616 4935 3698 4978 est

2127 5017 2403 5076 accusatio
2438 5016 2585 5082 mali,
2615 5031 2742 5087 ergo
2783 5032 2948 5088 opera
2979 5016 3117 5088 ejus,
3153 5015 3269 5074 haec
3297 5017 3526 5083 scilicet,
3555 5018 3697 5087 quod

2122 5125 2182 5166 se
2226 5116 2448 5166 accusat
2493 5107 2634 5162 sicut
2681 5107 2824 5163 Deus
2853 5116 3093 5173 accusat,
3133 5104 3464 5171 manifestat,
3489 5105 3616 5176 quia
3645 5107 3695 5159 in

2118 5202 2230 5258 Deo
2261 5208 2388 5255 sunt
2411 5198 2578 5267 facta,
2606 5199 2712 5255 nisi
2749 5199 2896 5256 enim
2927 5199 3025 5255 Dei
3059 5197 3150 5254 lux
3187 5197 3295 5254 sibi
3323 5197 3549 5264 luceret,
3592 5197 3694 5254 sibi

2119 5309 2226 5348 non
2256 5290 2583 5360 displiceret.

2190 5399 2353 5454 Vsus.
2380 5398 2473 5453 22.
2500 5427 2571 5438 ——
2592 5395 2722 5454 Post
2758 5399 2887 5453 haec.
2917 5397 3032 5453 Non
3068 5398 3323 5454 continuo
3359 5404 3482 5468 post
3517 5395 3691 5465 dispu-

2119 5491 2380 5547 tationem
2407 5505 2530 5546 cum
2559 5488 2849 5547 Nicodemo
2870 5505 2989 5562 qua:
3013 5488 3158 5546 facta
3195 5498 3277 5545 est
3306 5488 3360 5542 in
3385 5487 3687 5557 Hierosoly-

2116 5582 2241 5647 mis,
2272 5582 2365 5637 sed
2403 5589 2627 5652 peracto
2653 5581 2826 5653 spatio
2864 5581 3125 5650 temporis
3167 5581 3231 5635 de
3261 5576 3479 5635 Calilzca
3519 5577 3572 5632 in
3597 5575 3689 5632 Ju-

2118 5675 2286 5730 dccam
2332 5673 2511 5729 rediit.
2551 5672 2621 5728 In
2657 5683 2847 5728 terram
2885 5672 3117 5739 ludam,
3157 5683 3205 5727 et
3243 5671 3354 5726 illic
3384 5668 3688 5726 demoraba-

2119 5777 2224 5834 tur,
2267 5776 2372 5824 etc.
2420 5767 2709 5823 Moraliter.
2764 5768 2868 5825 Ubi
2908 5778 2991 5824 est
3033 5765 3305 5823 confessio
3343 5774 3683 5837 peccatorum

2120 5862 2203 5918 vel
2229 5862 2533 5917 divinarum
2561 5862 2797 5927 landum,
2826 5861 2952 5918 illuc
2981 5861 3132 5917 venit
3158 5857 3334 5925 Iesus,
3363 5866 3416 5914 et
3443 5854 3683 5927 discipuli
