3960 6336
292 429 399 486 569

1233 427 1500 486 GLOSSA
1535 430 1932 488 ORDINARIA.
1973 464 2042 476 -—
2078 434 2332 493 EVANG.
2369 435 2563 493 JOAN.

3435 434 3543 493 370

292 543 430 613 eius,
455 543 508 598 id
535 553 618 599 est
639 544 883 599 doctrina
913 551 967 598 et
995 541 1313 599 illuminatie
1337 543 1476 612 ejus,
1496 546 1589 602 ubi
1617 552 1864 601 moratur
1889 555 1942 616 Α
1966 551 2124 620 primi
2149 552 2410 622 parentis,
2434 562 2562 617 ete.,
2586 569 2749 625 usque
2775 553 2844 608 ad
2864 552 3100 608 secunde
3129 551 3284 621 juxta
3305 549 3543 610 altitudi-

293 636 574 708 purgando
595 651 626 691 a
661 635 895 703 delictis,
919 636 1064 692 unde
1095 636 1362 707 sequitur,
1388 647 1437 692 et
1457 637 1530 690 ibi
1559 639 1868 693 morabatur
1969 657 2096 698 nem
2129 643 2326 708 Patris,
2359 647 2444 700 cui
2477 653 2561 700 est
2591 647 2834 717 aequalis.

297 738 348 783 et
375 728 694 800 baptisabat.

366 819 500 874 Erat
549 830 742 874 autem.
785 818 1004 877 Christo
1041 819 1154 891 jam
1197 821 1513 892 baptizante
1549 824 1728 880 adhuc
1773 826 1871 881 ba-

239 918 242 920 ’
293 910 465 981 ptizat
508 909 762 973 Joannes,
809 912 936 981 quia
976 912 1153 968 adhuc
1197 923 1481 983 permanct
1503 915 1718 971 umbra.
1761 915 1873 972 Nec

294 1004 456 1060 debet
480 1019 786 1074 praecurser
813 1020 1028 1062 cessare
1053 1007 1224 1062 donec
1244 1006 1622 1064 manifestetur
1645 1010 1869 1066 veritas.

368 1100 532 1155 Vsus.
563 1100 655 1154 24.
681 1130 752 1141 -
778 1098 1028 1154 Nondum
1063 1101 1198 1156 enim
1226 1102 1417 1157 missus
1446 1103 1618 1172 fuerat
1639 1104 1872 1160 Joannes

295 1194 352 1247 in
399 1209 677 1247 carcerem.
727 1191 867 1248 Ecce
911 1202 1094 1263 aperte
1139 1201 1292 1250 notat
1334 1194 1479 1251 facta
1518 1195 1720 1252 Christi
1747 1206 1875 1253 ante

294 1282 559 1338 Joannem
607 1283 1001 1339 incarceratum
1028 1299 1148 1354 quae
1190 1285 1280 1340 alii
1308 1286 1707 1356 praeterierunt,
1743 1287 1876 1342 inci-

293 1376 506 1446 pientes
532 1375 598 1430 ab
626 1375 712 1430 his
735 1389 857 1445 qua
883 1374 1026 1431 facta
1047 1383 1172 1431 sunt
1204 1387 1328 1447 post
1353 1377 1616 1434 Joannem
1651 1371 1877 1434 missum

296 1471 351 1524 in
379 1483 673 1534 carcerem,
704 1469 943 1540 quando,
986 1479 1233 1526 cessante
1261 1471 1532 1542 baptismo
1567 1487 1876 1542 praecurso-

295 1562 396 1625 ris,
427 1567 613 1630 aperte
645 1561 866 1631 incepit
891 1559 1193 1631 baptismus
1223 1561 1447 1618 Christi.

369 1653 532 1708 Vens.
568 1653 659 1708 25.
689 1681 760 1694 --
796 1651 964 1708 Facta
1015 1663 1091 1710 est
1138 1663 1314 1711 autem
1361 1657 1581 1723 quaestio
1621 1671 1687 1711 ea:
1723 1656 1881 1711 disci-

295 1743 436 1814 pulis
459 1743 706 1809 Joannis,
735 1751 841 1802 etc.
872 1745 1008 1801 Dum
1039 1745 1274 1802 Joannes
1293 1747 1572 1817 praedicat,
1606 1756 1660 1802 et
1691 1746 1880 1803 schola

297 1833 418 1903 ejus
451 1837 630 1903 durat,
683 1836 932 1893 Christus
960 1837 1192 1895 latenter
1221 1839 1481 1911 praedicat
1515 1848 1571 1895 et
1601 1848 1878 1910 operatur,

2041 736 2119 790 De
2139 747 2300 792 terra.
2326 738 2384 793 Id
2413 746 2514 802 est,
2547 740 2638 810 qui
2664 749 2746 795 est
2771 741 2838 795 de
2865 741 3097 796 terrenis
3119 739 3434 811 parentibus
3454 753 3546 796 na-

1973 836 2078 893 tus,
2106 845 2136 883 a
2158 830 2353 898 quibus
2375 838 2657 901 peccatum
2686 841 2740 886 et
2767 847 2984 902 poenam
3008 833 3217 904 peccati
3245 833 3546 899 contraxit,

1972 935 2039 976 ex
2067 936 2125 976 se
2153 921 2287 975 nihil
2315 930 2398 976 est
2426 923 2528 977 nisi
2559 930 2728 977 terra.

2044 1009 2116 1064 Et
2142 1011 2281 1082 quod
2307 1012 2455 1066 vidit.
2483 1011 2616 1067 Cum
2650 1012 2764 1082 ipse
2790 1011 2960 1069 Filius
2984 1013 3082 1070 Dei
3109 1015 3180 1070 sit
3209 1015 3432 1070 verbum
3452 1013 3550 1070 Pa-

1977 1103 2106 1167 tris,
2148 1119 2254 1158 nen
2286 1104 2431 1159 aliud
2473 1105 2697 1160 verbum
2725 1105 2897 1161 Patris
2923 1108 3073 1162 audit
3116 1107 3201 1162 vel
3242 1108 3552 1164 hominibus

1976 1204 2234 1263 testatur,
2264 1198 2358 1252 sed
2395 1213 2454 1253 se
2475 1200 2700 1254 verbum
2747 1201 2891 1269 quod
2920 1201 3080 1257 Pater
3113 1202 3324 1256 locutus
3364 1211 3465 1267 est,
3497 1201 3550 1256 id

1977 1299 2085 1355 est,
2118 1290 2284 1345 edidit
2313 1297 2368 1345 et
2397 1292 2580 1362 genuit
2605 1307 2670 1346 ex
2697 1308 2775 1356 se,
2804 1293 2905 1348 scit
2928 1302 2984 1348 et
3013 1294 3213 1348 indicat
3245 1293 3553 1349 hominibus
3587 1323 3593 1327 -

1979 1397 2100 1439 esse
2117 1397 2183 1438 ex
2210 1383 2390 1438 Patre.
2418 1382 2532 1438 Hoc
2557 1384 2899 1454 Evangelista
2929 1385 3080 1451 dicit,
3110 1392 3170 1439 ut
3188 1385 3383 1456 potuit,
3409 1384 3552 1454 quod

1977 1477 2138 1548 plene
2165 1477 2272 1532 dici
2307 1477 2392 1532 vel
2425 1478 2653 1549 intelligi
2679 1479 2886 1548 nequit.

2053 1569 2217 1625 Vnus.
2249 1571 2341 1637 '55,
2374 1571 2464 1626 54.
2486 1601 2556 1613 -—-
2578 1571 2811 1642 Signatait
2852 1573 2975 1643 quia
3003 1570 3164 1626 Deus.
3199 1570 3315 1626 Hoc
3336 1579 3438 1637 est,
3478 1571 3553 1626 si-

1981 1677 2146 1731 gnum
2169 1664 2348 1733 posuit
2371 1664 2426 1718 in
2458 1663 2619 1718 corde
2645 1678 2743 1718 sue
2764 1663 2919 1733 quasi
2947 1663 3179 1734 speciale
3193 1663 3418 1732 aliquid,
3459 1662 3561 1717 sci-

1983 1755 2110 1812 licet
2137 1757 2283 1811 hunc
2309 1771 2429 1812 esse
2455 1772 2644 1811 verum
2675 1757 2866 1823 Deum,
2897 1757 2986 1828 qui
3012 1758 3211 1813 missus
3238 1765 3323 1812 est
3359 1756 3426 1811 ad
3472 1770 3558 1810 sa-

1983 1849 2151 1905 lutem
2174 1849 2474 1904 hominum.
2514 1848 2687 1905 Verax
2709 1859 2806 1905 est.
2853 1849 3020 1917 Quem
3048 1852 3184 1905 enim
3221 1851 3361 1904 misit
3393 1849 3553 1904 Deus.

299 1927 395 1981 sed
433 1927 612 1997 palam
642 1927 902 2000 baptizat,
933 1937 994 1984 ut
1033 1929 1244 1985 oriatur
1264 1931 1493 2002 quaestio
1517 1931 1586 1986 de
1604 1931 1877 2002 baptismo
1905 1914 1957 1976 Β
1982 1940 2172 1997 Omnis
2198 1941 2360 1997 homo
2388 1957 2455 1996 ex
2489 1957 2547 1997 se
2574 1943 2836 2008 mendax;
2863 1914 2982 1998 non
3024 1944 3165 1998 enim
3203 1957 3335 1997 vera
3373 1941 3558 1996 dicere

296 2018 546 2086 Joannis,
577 2029 634 2076 et
659 2021 725 2076 de
774 2021 1044 2092 baptismo
1070 2021 1294 2090 Christi,
1319 2033 1376 2080 et
1405 2024 1499 2080 illa
1524 2024 1770 2081 solvatur
1798 2034 1879 2081 te-

298 2110 571 2166 stimoniis
597 2109 840 2167 Joannis.

370 2197 537 2255 Vsus.
553 2201 789 2256 26.—Et
805 2201 1145 2258 venerunt'ad
1166 2200 1429 2259 Joannem
1456 2213 1507 2260 et
1527 2205 1777 2261 dixerunt
1797 2207 1878 2261 ei:

301 2287 491 2354 Rabbi,
517 2299 623 2346 etc.
655 2291 912 2348 Veientes
939 2308 1200 2351 accusare
1226 2293 1505 2351 Christum
1535 2310 1697 2368 quem
1717 2297 1881 2368 paulo

300 2388 430 2435 ante
459 2381 705 2436 viderant
735 2397 766 2436 a
791 2381 998 2439 Joanne
1023 2384 1379 2454 baptizatum.

374 2471 539 2526 Vsus.
590 2471 683 2526 27.
731 2503 804 2513 —
843 2472 1131 2543 Respondit
1179 2474 1436 2540 Joannes,
1482 2482 1530 2530 et
1581 2475 1740 2542 dixit,
1771 2484 1879 2532 etc.

301 2563 439 2631 Quia
487 2565 627 2619 ultra
692 2565 1143 2620 consuetudinem
1193 2566 1442 2622 humana:
1502 2575 1712 2623 naturae
1762 2583 1883 2624 sum

300 2666 462 2712 natus
506 2671 574 2712 ex
625 2658 940 2729 parentibus
979 2667 1246 2728 provectae
1299 2661 1494 2724 aetatis,
1544 2660 1747 2730 putatis
1796 2675 1883 2716 me

302 2767 423 2807 esse
461 2752 604 2807 ultra
651 2752 918 2808 homines.
969 2752 1078 2808 Sed
1122 2753 1316 2810 scitote
1363 2756 1486 2824 quia
1543 2768 1713 2824 purus
1763 2769 1883 2808 sum

304 2843 489 2908 homo,
529 2843 620 2898 ille
650 2843 812 2911 Deus,
856 2859 888 2898 a
923 2859 1031 2914 quo
1070 2845 1246 2900 habeo
1279 2845 1539 2915 quidquid
1575 2845 1769 2900 habeo.
1801 2845 1882 2900 Ex

305 2947 393 2987 me
431 2933 743 2998 infirmitas,
775 2947 842 2992 ex
889 2933 979 2988 ille
1007 2935 1200 3004 gratiae
1233 2934 1560 2988 sublimitas.
1589 2934 1798 2990 Putatis
1823 2943 1884 2989 ut

302 3024 510 3095 aliquid
537 3025 712 3080 dicam
749 3033 938 3080 contra
979 3043 1159 3082 meum
1191 3026 1599 3082 testimonium?
1623 3027 1736 3095 Ego
1774 3042 1883 3092 non

300 3116 522 3188 baptize
566 3117 620 3170 in
667 3118 1039 3172 remissionem
1079 3129 1448 3189 peccatorum,
1491 3121 1584 3176 sed
1614 3121 1722 3176 ille.
1759 3121 1884 3175 Non

299 3216 492 3277 potest.
532 3206 698 3273 Quasi
737 3207 883 3261 dicat
917 3225 930 3261 :
981 3208 1094 3278 Ege
1138 3225 1306 3277 purus
1357 3212 1545 3275 homo,
1584 3194 1660 3264 nil
1706 3209 1881 3265 habeo

300 3269 412 3352 nisi
441 3269 585 3367 quod
615 3298 797 3352 datum
837 3305 921 3352 est
945 3313 975 3352 a
1009 3269 1156 3364 Deo;
1182 3299 1234 3352 id
1262 3307 1346 3382 est
1382 3269 1659 3369 baptizare
1684 3299 1738 3353 in
1767 3315 1882 3368 pee-
1907 3269 1956 3333 Ο

300 3387 589 3443 nitentiam
629 3403 737 3443 non
785 3389 840 3443 in
872 3389 1270 3456 remissionem,
1299 3391 1426 3460 quia
1463 3405 1569 3444 non
1597 3405 1695 3461 ego
1721 3389 1880 3446 Chri—

304 3488 444 3545 stus,
473 3481 566 3534 sed
594 3479 687 3534 ille
714 3487 774 3534 ut
795 3480 948 3536 scitis
973 3497 1060 3537 me
1087 3490 1343 3537 testatum
1376 3481 1543 3538 fuisse
1562 3482 1738 3548 vobis,
1761 3483 1883 3538 ideo

305 3571 376 3626 ad
405 3570 553 3625 illum
577 3573 802 3627 currite.

379 3683 544 3738 Vsus.
585 3684 676 3740 28.
719 3715 791 3725 —-
833 3685 959 3740 Non
1007 3703 1124 3742 sum
1167 3704 1260 3759 ego
1307 3687 1567 3745 Christus.
1605 3687 1720 3744 Non
1759 3705 1880 3745 sum

307 3785 510 3831 unctus
539 3791 571 3831 a
604 3775 762 3833 Patre
785 3778 1119 3848 plenitudine
1152 3781 1396 3850 spiritus,
1423 3783 1519 3838 sed
1555 3783 1621 3837 de
1649 3783 1884 3853 plenitu-

305 3869 435 3924 dine
461 3869 605 3925 illius
633 3871 838 3940 accepi,
878 3881 938 3925 ut
964 3872 1113 3926 illum
1141 3889 1554 3943 pnecurrerem.

382 3957 547 4014 Vsus.
582 3958 898 4014 29.-Hoc
935 3976 1057 4031 ergo
1083 3962 1352 4032 gaudium.
1401 3963 1461 4017 In
1497 3963 1598 4018 hoc
1622 3963 1881 4035 gaudium

306 4066 491 4106 meum
521 4059 602 4107 est
623 4052 863 4122 plenum,
905 4053 1048 4122 quod
1092 4052 1267 4110 factus
1295 4070 1414 4110 sum
1441 4055 1648 4110 amicus
1676 4055 1880 4125 sponsi,

303 4154 364 4199 et
391 4145 520 4214 quia
545 4154 628 4200 ste
647 4155 699 4201 et
723 4133 951 4216 gaudeo.

265 4234 268 4237 ’
381 4236 542 4293 Vsus.
569 4238 657 4293 50.
680 4271 752 4280 -
776 4239 938 4294 Illum
960 4249 1159 4310 oportet
1189 4257 1434 4296 crescere.
1461 4240 1681 4298 Gaudeo
1701 4243 1768 4296 ad
1791 4255 1886 4296 vo-

304 4347 429 4388 cem
461 4334 666 4402 sponsi.
696 4332 790 4389 Ille
819 4349 1049 4405 spensus
1077 4342 1308 4402 crescet,
1355 4335 1409 4390 id
1448 4343 1534 4390 est
1581 4335 1888 4390 invenietur

306 4439 432 4479 esse
460 4424 728 4490 Christus,
755 4427 846 4496 qui
881 4426 1173 4497 putabatur
1200 4427 1481 4497 propheta.
1510 4427 1621 4497 Ego
1647 4428 1882 4492 minuar,

306 4520 436 4588 quia
462 4517 578 4587 ejus
605 4520 865 4591 prepheta
913 4522 1174 4587 inveniar,
1206 4521 1296 4590 qui
1344 4520 1588 4575 Christus
1629 4521 1877 4590 putabar.

1982 2040 2181 2102 potest,
2220 2032 2326 2088 nisi
2376 2032 2708 2088 illuminatus
2752 2048 2783 2087 a
2823 2033 2951 2088 Deo.
2998 2033 3169 2102 Quem
3214 2034 3358 2089 enim
3410 2032 3560 2087 misit

1981 2121 2126 2179 Deus
2149 2122 2338 2190 Pater,
2383 2124 2549 2178 verba
2601 2123 2698 2179 Dei
2743 2125 3002 2195 loquitur,
3034 2125 3176 2196 quod
3227 2125 3348 2180 est?
3387 2123 3556 2191 Quem

1981 2215 2131 2270 misit
2157 2216 2320 2283 Deus,
2345 2215 2490 2272 Deus
2515 2223 2598 2271 est
2627 2234 2639 2270 :
2668 2216 2788 2272 ideo
2817 2216 2980 2272 verba
3007 2217 3103 2272 Dei
3135 2216 3395 2288 loquitur,
3427 2231 3559 2287 ergo

1982 2305 2146 2362 verba
2175 2306 2297 2361 Filii
2323 2307 2390 2362 de
2413 2321 2473 2363 se
2505 2308 2872 2364 testimonium
2889 2307 3224 2378 perhibentis
3253 2309 3396 2379 quod
3419 2309 3560 2364 Deus

1983 2398 2077 2464 sit,
2114 2397 2280 2452 verba
2304 2396 2402 2454 Dei
2427 2407 2572 2454 sunt.
2620 2397 2785 2454 Verba
2825 2399 2922 2453 Dei
2963 2399 3214 2470 loquitur.
3261 2399 3320 2454 ln
3365 2402 3470 2456 hoc
3501 2415 3561 2456 se

1984 2487 2266 2558 distinguit
2309 2503 2342 2542 a
2367 2486 2600 2555 Christo,
2629 2489 2721 2543 sed
2769 2489 2896 2559 quia
2939 2489 3139 2545 missus
3166 2496 3221 2544 et
3256 2491 3423 2546 verba
3460 2491 3558 2546 Dei

1985 2579 2244 2650 loquitur,
2294 2581 2533 2651 apertius
2571 2581 2760 2637 addit:
2795 2582 2918 2637 Non
2963 2583 3101 2636 enim
3141 2582 3212 2636 ad
3259 2599 3560 2638 mensuram

1986 2672 2076 2726 dat
2099 2671 2240 2726 Deus
2255 2672 2518 2743 spiritum.
2536 2671 2698 2727 Pater
2725 2672 2893 2742 diligit
2918 2670 2965 2724 F
2969 2672 3120 2726 ilium
3144 2681 3191 2727 et
3214 2673 3391 2726 omnia
3417 2672 3561 2727 dedit

1985 2763 2040 2817 in
2065 2779 2225 2816 manu
2247 2762 2381 2833 ejus.
2409 2761 2727 2817 Hominibus
2745 2762 2839 2817 dat
2868 2763 2934 2817 ad
2964 2777 3293 2826 mensuram,
3317 2761 3429 2816 ﬁlio
3454 2777 3561 2816 non

1986 2855 2079 2910 dat
2107 2855 2175 2910 ad
2218 2869 2552 2921 mensuram,
2584 2855 2678 2910 sed
2722 2855 2862 2910 sicut
2901 2862 3070 2910 totum
3117 2869 3184 2910 ex
3232 2855 3409 2924 seipse
3448 2861 3562 2909 toto

1986 2948 2171 3018 genuit
2209 2947 2402 3003 Filium
2450 2962 2625 3013 suum,
2654 2947 2727 3001 ita
2757 2947 3042 3001 incarnate
3070 2945 3209 3001 Filio
3254 2959 3353 3001 suo
3389 2952 3561 3000 totum

1987 3039 2234 3109 spiritum
2266 3054 2424 3094 suum
2452 3038 2619 3106 dedit,
2648 3053 2752 3093 non
2777 3037 3162 3108 particulatim,
3184 3051 3291 3092 non
3322 3051 3420 3106 per
3440 3035 3562 3090 sub-

1987 3131 2302 3196 divisienes,
2335 3131 2428 3185 sed
2460 3129 2782 3199 generaliter
2828 3137 2884 3183 et
2918 3127 3322 3194 universaliter,
3353 3136 3410 3182 et
3454 3140 3561 3180 non

1986 3224 2055 3277 ob
2081 3221 2226 3276 aliud
2256 3220 2348 3274 dat
2379 3221 2483 3275 nisi
2517 3221 2641 3289 quia
2671 3221 2832 3276 Pater
2859 3220 3030 3290 diligit
3059 3219 3274 3274 Filium.

2061 3311 2223 3366 Vsus.
2255 3311 2523 3376 bii—Qui
2548 3312 2710 3366 credit
2739 3314 2795 3365 in
2818 3309 3020 3364 Filium
3055 3311 3206 3365 habet
3233 3311 3388 3365 vitam
3414 3319 3562 3364 ceter-

1988 3422 2109 3460 nam
2139 3423 2158 3460 :
2183 3405 2272 3476 qui
2298 3415 2491 3470 autem,
2521 3412 2628 3460 etc.
2675 3404 2755 3459 Ac
2797 3405 2842 3460 si
2873 3405 3103 3470 diceret,
3152 3405 3246 3474 qui
3291 3404 3464 3459 credit
3506 3403 3559 3457 in

1985 3497 2181 3552 Filium
2206 3497 2368 3553 habet
2398 3497 2571 3566 ipsum
2605 3496 2820 3561 Filium,
2846 3504 2903 3552 et
2925 3511 3023 3566 per
3039 3497 3144 3552 hec
3171 3495 3338 3551 habet
3367 3495 3556 3549 vitam.

1987 3589 2094 3647 Sed
2119 3590 2200 3644 ira
2227 3590 2324 3644 Dei
2347 3599 2519 3644 manet
2542 3607 2699 3661 super
2718 3607 2856 3644 eum.
2882 3588 2968 3643 lra
2999 3604 3121 3644 cum
3144 3603 3250 3660 qua
3271 3597 3432 3646 natus
3455 3597 3558 3654 est,

1983 3688 2285 3750 permanet,
2331 3688 2388 3734 et
2423 3679 2543 3735 ideo
2586 3695 2694 3736 non
2740 3680 2836 3747 ait,
2866 3680 3035 3747 venit,
3071 3680 3164 3736 sed
3190 3687 3397 3744 manet,
3433 3679 3558 3749 quia

1984 3786 2082 3842 per
2107 3771 2302 3825 Filium
2334 3771 2585 3836 missum,
2613 3770 2705 3841 qui
2733 3779 2818 3826 est
2856 3771 2996 3836 vita,
3035 3786 3140 3825 non
3182 3769 3387 3825 tollitur
3432 3768 3561 3824 etre—

1985 3869 2104 3917 ctus
2134 3861 2277 3916 illius
2309 3861 2424 3926 irae,
2474 3861 2686 3916 scilicet
2724 3876 2894 3927 mers,
2923 3862 3219 3932 corruptio,
3262 3868 3396 3928 ctc.,
3442 3874 3561 3928 quae

1985 3951 2162 4005 omnia
2194 3960 2430 4005 manent.

2603 4019 2830 4078 CAPUT
2865 4020 2954 4076 IV.

2059 4153 2220 4209 Vsus.
2247 4154 2298 4207 I.
2320 4183 2392 4193 —
2416 4151 2486 4206 Ut
2509 4169 2630 4223 ergo
2653 4154 2910 4224 cognovit.
2945 4153 3163 4209 Sciebat
3193 4152 3353 4209 Jesus
3383 4153 3558 4209 scien-

1988 4245 2118 4300 tiam
2145 4259 2329 4299 eorum
2361 4251 2416 4298 et
2441 4244 2720 4309 invidiam,
2760 4243 2904 4316 quod
2940 4260 3049 4300 non
3091 4244 3213 4299 ideo
3259 4245 3557 4300 didicerant

1988 4337 2054 4392 de
2080 4351 2145 4391 ee
2173 4343 2232 4390 ut
2277 4351 2399 4390 eum
2433 4344 2810 4405 sequerentur,
2858 4336 2953 4390 sed
2995 4345 3474 4406 persequerentur,
3504 4344 3559 4390 et

1988 4426 2110 4482 ideo
2137 4426 2292 4498 fugit,
2344 4428 2540 4482 docens
2581 4441 2708 4482 suos
2735 4428 2929 4482 cedere
2958 4427 3136 4493 malis,
3180 4443 3289 4482 non
3336 4426 3554 4491 timens,

1990 4519 2075 4575 vel
2101 4522 2332 4576 evadere
2383 4536 2476 4576 eos
2512 4520 2794 4590 impotens.
2840 4519 2908 4573 Et
2956 4521 3202 4591 baptizat.
3251 4519 3404 4587 Quod
3434 4536 3560 4576 vere

307 4608 474 4664 Illum
503 4620 701 4680 oportet
737 4628 979 4666 crescere.
1013 4611 1070 4666 Id
1115 4619 1198 4667 est
1244 4611 1488 4677 exaltari,
1524 4613 1576 4666 id
1621 4621 1705 4667 est
1747 4613 1876 4667 dum
1909 4650 1964 4710 Β
1991 4613 2210 4679 dicitur,
2245 4613 2360 4684 ipsc
2387 4613 2532 4669 enim
2558 4628 2770 4683 semper
2790 4613 3015 4668 mundat
3054 4613 3108 4666 in
3135 4613 3328 4681 spiritu
3372 4613 3563 4667 invisi-

305 4715 533 4778 peccata
561 4708 802 4774 dimittit,
851 4709 1079 4780 gratiam
1131 4707 1241 4773 dat,
1292 4707 1346 4761 in
1393 4723 1500 4777 quo
1550 4707 1716 4777 gloria
1767 4708 1883 4777 ejus

306 4813 432 4868 qua:
457 4798 512 4852 in
539 4813 597 4853 se
621 4813 835 4868 semper
855 4806 940 4852 est
986 4795 1248 4867 perfecta,
1286 4797 1482 4852 crescit
1501 4798 1556 4852 in
1580 4797 1878 4865 hominem,

305 4889 438 4944 dum
467 4904 584 4943 eam
621 4891 783 4946 homo
813 4889 934 4959 plus
959 4890 1107 4943 videt
1155 4897 1209 4942 et
1245 4889 1426 4944 habet.
1460 4887 1633 4944 Homo
1685 4889 1882 4943 minui-

306 4989 400 5035 tur
427 4981 518 5050 qui
563 4990 690 5037 ante
723 4981 778 5035 in
824 4996 882 5037 se
930 4981 1279 5052 gloriabatur,
1327 4981 1615 5037 dummodo
1657 4990 1880 5052 peccata

303 5070 618 5138 conﬁtetur,
640 5082 695 5127 et
722 5073 917 5144 accipit
943 5072 1084 5143 quod
1117 5072 1203 5126 ille
1224 5073 1333 5126 dat.
1366 5071 1462 5128 Cui
1484 5073 1561 5128 rei
1585 5081 1878 5129 attestatur

301 5165 491 5234 passio
519 5166 799 5234 utriusque
824 5183 838 5219 :
861 5165 1108 5220 Christus
1133 5165 1186 5219 in
1220 5181 1383 5220 cruce
1409 5165 1880 5231 exaltatur,Joan-

302 5271 408 5311 nes
429 5257 604 5327 capite
631 5257 910 5311 minuitur.
939 5257 1239 5312 Attestatur
1269 5265 1322 5311 et
1353 5264 1622 5312 creatura.
1640 5258 1877 5316 Joannes

303 5356 471 5404 natus
495 5357 582 5403 est
608 5347 1046 5404 decrescentibus
1069 5349 1274 5418 diebus,
1310 5346 1558 5403 Christus
1595 5363 1725 5404 vere
1753 5366 1874 5405 cre-

299 5439 603 5494 scentibus.

379 5527 542 5583 Vsus.
576 5529 841 5586 5I.—Me
869 5540 1044 5585 autem
1072 5530 1258 5584 minui.
1289 5529 1525 5586 Joannes
1548 5529 1717 5601 ﬁgura
1744 5531 1875 5604 legis

300 5629 410 5687 est,
449 5621 715 5690 Christus,
763 5622 986 5689 veritas,
1020 5623 1106 5678 lex
1137 5623 1415 5690 minuitur,
1461 5633 1752 5694 apparcute
1777 5640 1873 5680 ve-

297 5715 484 5771 ritate.

379 5807 483 5873 Qui
510 5809 783 5864 desursum
829 5810 986 5873 venit,
1014 5827 1170 5881 super
1211 5826 1384 5864 omnes
1431 5818 1526 5874 est,
1561 5817 1662 5864 etc.
1697 5808 1874 5879 (Δια.)

296 5903 364 5960 Id
391 5911 494 5972 est,
525 5906 591 5961 de
618 5903 897 5961 altitudine
924 5905 1172 5960 humanae
1209 5913 1414 5960 naturae
1442 5912 1566 5960 ante
1595 5911 1873 5973 peccatum

1989 4705 2167 4760 biliter
2192 4714 2245 4760 et
2271 4705 2434 4771 dono,
2471 4707 2565 4761 sed
2592 4706 2708 4776 ejus
2733 4705 3033 4774 haptismus
3061 4703 3120 4757 ﬁt
3156 4703 3320 4758 etiam
3347 4703 3402 4758 in
3435 4718 3558 4757 cor-

1983 4814 2135 4869 pore,
2160 4799 2252 4869 qui
2288 4806 2371 4853 est
2415 4799 2472 4852 in
2515 4799 2742 4863 duobus,
2778 4797 2985 4850 scilicet
3037 4795 3092 4849 in
3119 4810 3257 4865 aqua
3305 4803 3360 4849 et
3393 4796 3560 4849 verbo

1983 4889 2145 4955 vitae;
2195 4889 2335 4943 unde
2388 4887 2582 4943 Paulus
2611 4907 2624 4941 :
2652 4886 2883 4942 Mundae
2924 4903 3041 4942 eam
3071 4885 3278 4940 lavacro
3319 4902 3474 4956 aqute
3511 4895 3560 4939 et

1982 4979 2132 5034 verbo
2162 4979 2280 5034 vitae
2303 4975 2519 5049 (Ep/res.
2559 4978 2634 5051 γ).

2056 5071 2218 5126 Vsus.
2270 5067 2546 5124 2.—Sed
2591 5067 2857 5139 discipuli.
2901 5067 2958 5122 In
3008 5082 3235 5137 quorum
3288 5066 3559 5137 baptismo

1986 5164 2214 5218 dabatur
2261 5165 2506 5235 spiritus,
2552 5163 2678 5217 licet
2703 5177 2812 5218 non
2858 5162 2933 5216 ita
2974 5160 3282 5225 manifeste,
3337 5171 3397 5216 ut
3438 5169 3561 5231 post

1984 5256 2372 5311 Ascensienem
2422 5255 2582 5310 datus
2626 5261 2711 5309 est
2756 5251 3013 5309 ineﬂ'abili
3056 5261 3112 5308 et
3157 5252 3558 5324 inexcegitabili

1985 5349 2164 5404 modo.

2057 5438 2220 5494 Vsus.
2271 5436 2655 5508 5.—Reliquit
2702 5437 2969 5492 Iudicem.
3016 5436 3076 5492 Id
3126 5445 3210 5493 est
3256 5437 3556 5493 Pharismes

1983 5531 2307 5595 incredulos,
2358 5531 2448 5600 qui
2482 5530 2790 5600 cogitabant
2836 5545 2961 5584 eum
3012 5531 3287 5600 persequi,
3334 5537 3556 5599 propter

1983 5624 2246 5694 baptisma
2276 5623 2444 5692 ipsius
2471 5622 2614 5691 quod
2656 5621 2955 5685 crescebat,
2983 5630 3038 5674 et
3076 5621 3200 5689 quia
3227 5635 3325 5688 per
3349 5619 3552 5673 doctri-

1982 5731 2107 5771 nam
2153 5715 2289 5785 ejus,
2339 5713 2510 5784 legem
2560 5713 2812 5769 evacuari
2862 5712 3251 5782 intelligebant.
3287 5708 3355 5764 Et
3400 5710 3549 5766 abiit.

1982 5806 2275 5877 Postquam
2304 5821 2504 5876 paucos
2531 5805 2598 5860 de
2626 5803 2852 5860 Judaice
2883 5802 3076 5873 populo
3117 5802 3376 5872 suscepit,
3421 5801 3549 5856 reli-

1981 5900 2099 5970 quit
2127 5897 2432 5954 incredules
2467 5897 2598 5970 legis
2623 5896 2856 5951 litteram
2883 5901 3191 5966 sequentes,
3219 5909 3340 5965 qua:
3375 5893 3548 5950 nemi-
