  <div class='ocr_page' id='page_1' title='image "/cluster/home/n/w/nwhite01/storage/ocr_20150623/114/hvd.32044018909580/191.png"; bbox 0 0 3960 6336; ppageno 0'>
   <div class='ocr_carea' id='block_1_1' title="bbox 489 491 592 548">
    <p class='ocr_par' dir='ltr' id='par_1_1' title="bbox 489 491 592 548">
     <span class='ocr_line' id='line_1_1' title="bbox 489 491 592 548; baseline 0 0"><span class='ocrx_word' id='word_1_1' title='bbox 489 491 592 548; x_wconf 74' lang='grc'><strong>571</strong></span> 
     </span>
    </p>
   </div>
   <div class='ocr_carea' id='block_1_2' title="bbox 986 473 3208 542">
    <p class='ocr_par' dir='ltr' id='par_1_2' title="bbox 986 473 3208 542">
     <span class='ocr_line' id='line_1_2' title="bbox 986 473 3208 542; baseline -0.001 -1"><span class='ocrx_word' id='word_1_2' title='bbox 986 485 1376 542; x_wconf 80' lang='lat' dir='ltr'><strong>WALAFRIDI</strong></span> <span class='ocrx_word' id='word_1_3' title='bbox 1415 481 1658 540; x_wconf 76' lang='lat' dir='ltr'><strong>STRABI</strong></span> <span class='ocrx_word' id='word_1_4' title='bbox 1699 479 1903 542; x_wconf 83' lang='lat' dir='ltr'><strong>FULD.</strong></span> <span class='ocrx_word' id='word_1_5' title='bbox 1947 482 2110 540; x_wconf 84' lang='lat' dir='ltr'><strong>MON.</strong></span> <span class='ocrx_word' id='word_1_6' title='bbox 2150 483 2299 539; x_wconf 81' lang='lat' dir='ltr'><strong>OPP.</strong></span> <span class='ocrx_word' id='word_1_7' title='bbox 2344 473 2523 539; x_wconf 71' lang='lat' dir='ltr'><strong>PARS</strong></span> <span class='ocrx_word' id='word_1_8' title='bbox 2560 483 2601 538; x_wconf 88' lang='lat' dir='ltr'><strong>l.</strong></span> <span class='ocrx_word' id='word_1_9' title='bbox 2643 511 2713 524; x_wconf 87' lang='lat'><strong>—-</strong></span> <span class='ocrx_word' id='word_1_10' title='bbox 2750 481 3208 542; x_wconf 81' lang='lat' dir='ltr'><strong>THEOLOGICA.</strong></span> 
     </span>
    </p>
   </div>
   <div class='ocr_carea' id='block_1_3' title="bbox 3646 487 3758 542">
    <p class='ocr_par' dir='ltr' id='par_1_3' title="bbox 3646 487 3758 542">
     <span class='ocr_line' id='line_1_3' title="bbox 3646 487 3758 542; baseline 0 0"><span class='ocrx_word' id='word_1_11' title='bbox 3646 487 3758 542; x_wconf 71' lang='grc' dir='ltr'><strong>δη</strong></span> 
     </span>
    </p>
   </div>
   <div class='ocr_carea' id='block_1_4' title="bbox 491 570 2047 676">
    <p class='ocr_par' dir='ltr' id='par_1_4' title="bbox 491 593 2047 671">
     <span class='ocr_line' id='line_1_4' title="bbox 491 593 2047 671; baseline -0.006 -12"><span class='ocrx_word' id='word_1_12' title='bbox 491 619 614 659; x_wconf 81' lang='lat' dir='ltr'><strong>nem</strong></span> <span class='ocrx_word' id='word_1_13' title='bbox 637 602 704 658; x_wconf 92' lang='lat' dir='ltr'><strong>ad</strong></span> <span class='ocrx_word' id='word_1_14' title='bbox 724 599 1022 671; x_wconf 82' lang='lat' dir='ltr'><strong>perfectum</strong></span> <span class='ocrx_word' id='word_1_15' title='bbox 1055 597 1218 652; x_wconf 99' lang='lat' dir='ltr'><strong>ducit.</strong></span> <span class='ocrx_word' id='word_1_16' title='bbox 1243 593 1311 651; x_wconf 86' lang='lat' dir='ltr'><strong>Et</strong></span> <span class='ocrx_word' id='word_1_17' title='bbox 1343 597 1471 651; x_wconf 85' lang='lat' dir='ltr'><strong>abiit</strong></span> <span class='ocrx_word' id='word_1_18' title='bbox 1493 597 1548 650; x_wconf 74' lang='lat' dir='ltr'><strong>in</strong></span> <span class='ocrx_word' id='word_1_19' title='bbox 1579 593 1876 661; x_wconf 72' lang='lat' dir='ltr'><strong>Galilwam,</strong></span> <span class='ocrx_word' id='word_1_20' title='bbox 1917 595 1968 650; x_wconf 89' lang='lat' dir='ltr'><strong>id</strong></span> <span class='ocrx_word' id='word_1_21' title='bbox 1991 611 2047 650; x_wconf 90' lang='lat' dir='ltr'><strong>cs</strong></span> 
     </span>
    </p>
   </div>
   <div class='ocr_carea' id='block_1_5' title="bbox 2166 570 3756 676">
    <p class='ocr_par' dir='ltr' id='par_1_5' title="bbox 2178 570 3756 676">
     <span class='ocr_line' id='line_1_5' title="bbox 2178 570 3756 676; baseline 0.008 -26"><span class='ocrx_word' id='word_1_22' title='bbox 2178 596 2296 662; x_wconf 91' lang='lat' dir='ltr'><strong>niti,</strong></span> <span class='ocrx_word' id='word_1_23' title='bbox 2341 588 2734 676; x_wconf 52' lang='lat' dir='ltr'><strong>et‘proplielize</strong></span> <span class='ocrx_word' id='word_1_24' title='bbox 2757 570 3035 662; x_wconf 52' lang='lat' dir='ltr'><strong>suntielis</strong></span> <span class='ocrx_word' id='word_1_25' title='bbox 3075 597 3292 664; x_wconf 89' lang='lat' dir='ltr'><strong>armati,</strong></span> <span class='ocrx_word' id='word_1_26' title='bbox 3336 607 3397 656; x_wconf 93' lang='lat' dir='ltr'><strong>ut</strong></span> <span class='ocrx_word' id='word_1_27' title='bbox 3437 599 3590 659; x_wconf 84' lang='lat' dir='ltr'><strong>cibos</strong></span> <span class='ocrx_word' id='word_1_28' title='bbox 3616 618 3756 662; x_wconf 82' lang='lat' dir='ltr'><strong>eme-</strong></span> 
     </span>
    </p>
   </div>
   <div class='ocr_carea' id='block_1_6' title="bbox 494 687 2073 766">
    <p class='ocr_par' dir='ltr' id='par_1_6' title="bbox 494 687 2073 766">
     <span class='ocr_line' id='line_1_6' title="bbox 494 687 2073 766; baseline -0.004 -18"><span class='ocrx_word' id='word_1_29' title='bbox 494 695 548 750; x_wconf 85' lang='lat' dir='ltr'><strong>in</strong></span> <span class='ocrx_word' id='word_1_30' title='bbox 583 692 921 766; x_wconf 86' lang='lat' dir='ltr'><strong>spiritualem</strong></span> <span class='ocrx_word' id='word_1_31' title='bbox 943 691 1112 766; x_wconf 83' lang='lat' dir='ltr'><strong>ipsius</strong></span> <span class='ocrx_word' id='word_1_32' title='bbox 1142 690 1336 746; x_wconf 69' lang='lat' dir='ltr'><strong>litterm</strong></span> <span class='ocrx_word' id='word_1_33' title='bbox 1363 689 1787 762; x_wconf 86' lang='lat' dir='ltr'><strong>intelligentiam.</strong></span> <span class='ocrx_word' id='word_1_34' title='bbox 1825 689 1890 744; x_wconf 85' lang='lat' dir='ltr'><strong>In</strong></span> <span class='ocrx_word' id='word_1_35' title='bbox 1930 687 2073 744; x_wconf 80' lang='lat' dir='ltr'><strong>Gali-</strong></span> 
     </span>
    </p>
   </div>
   <div class='ocr_carea' id='block_1_7' title="bbox 491 780 2071 841">
    <p class='ocr_par' dir='ltr' id='par_1_7' title="bbox 491 780 2071 841">
     <span class='ocr_line' id='line_1_7' title="bbox 491 780 2071 841; baseline -0.003 -1"><span class='ocrx_word' id='word_1_36' title='bbox 491 785 671 841; x_wconf 73' lang='lat' dir='ltr'><strong>lwam.</strong></span> <span class='ocrx_word' id='word_1_37' title='bbox 731 785 788 840; x_wconf 86' lang='lat' dir='ltr'><strong>In</strong></span> <span class='ocrx_word' id='word_1_38' title='bbox 841 781 1063 840; x_wconf 67' lang='lat' dir='ltr'><strong>Galiltea</strong></span> <span class='ocrx_word' id='word_1_39' title='bbox 1119 782 1528 837; x_wconf 88' lang='lat' dir='ltr'><strong>transformatio</strong></span> <span class='ocrx_word' id='word_1_40' title='bbox 1568 780 1781 838; x_wconf 84' lang='lat' dir='ltr'><strong>Domini</strong></span> <span class='ocrx_word' id='word_1_41' title='bbox 1831 781 2071 837; x_wconf 74' lang='lat' dir='ltr'><strong>creditur</strong></span> 
     </span>
    </p>
   </div>
   <div class='ocr_carea' id='block_1_8' title="bbox 488 874 2070 947">
    <p class='ocr_par' dir='ltr' id='par_1_8' title="bbox 488 874 2070 947">
     <span class='ocr_line' id='line_1_8' title="bbox 488 874 2070 947; baseline -0.001 -17"><span class='ocrx_word' id='word_1_42' title='bbox 488 875 656 943; x_wconf 85' lang='lat' dir='ltr'><strong>facta,</strong></span> <span class='ocrx_word' id='word_1_43' title='bbox 705 891 805 947; x_wconf 88' lang='lat' dir='ltr'><strong>per</strong></span> <span class='ocrx_word' id='word_1_44' title='bbox 844 886 1008 946; x_wconf 85' lang='lat' dir='ltr'><strong>quam</strong></span> <span class='ocrx_word' id='word_1_45' title='bbox 1036 875 1376 946; x_wconf 78' lang='lat' dir='ltr'><strong>significatur</strong></span> <span class='ocrx_word' id='word_1_46' title='bbox 1413 874 1792 930; x_wconf 81' lang='lat' dir='ltr'><strong>transmutatio</strong></span> <span class='ocrx_word' id='word_1_47' title='bbox 1821 875 2070 929; x_wconf 75' lang='lat' dir='ltr'><strong>humanae</strong></span> 
     </span>
    </p>
   </div>
   <div class='ocr_carea' id='block_1_9' title="bbox 487 963 2072 1038">
    <p class='ocr_par' dir='ltr' id='par_1_9' title="bbox 487 963 2072 1038">
     <span class='ocr_line' id='line_1_9' title="bbox 487 963 2072 1038; baseline -0.002 -16"><span class='ocrx_word' id='word_1_48' title='bbox 487 975 694 1023; x_wconf 68' lang='lat' dir='ltr'><strong>natur-.1:</strong></span> <span class='ocrx_word' id='word_1_49' title='bbox 721 968 775 1020; x_wconf 93' lang='lat' dir='ltr'><strong>in</strong></span> <span class='ocrx_word' id='word_1_50' title='bbox 801 967 1088 1036; x_wconf 78' lang='lat' dir='ltr'><strong>pristinam</strong></span> <span class='ocrx_word' id='word_1_51' title='bbox 1117 965 1366 1038; x_wconf 85' lang='lat' dir='ltr'><strong>gloriam.</strong></span> <span class='ocrx_word' id='word_1_52' title='bbox 1391 964 1448 1020; x_wconf 89' lang='lat' dir='ltr'><strong>ln</strong></span> <span class='ocrx_word' id='word_1_53' title='bbox 1475 963 1698 1036; x_wconf 80' lang='lat' dir='ltr'><strong>Galilaea</strong></span> <span class='ocrx_word' id='word_1_54' title='bbox 1731 965 1880 1019; x_wconf 80' lang='lat' dir='ltr'><strong>dedit</strong></span> <span class='ocrx_word' id='word_1_55' title='bbox 1910 965 2072 1020; x_wconf 88' lang='lat' dir='ltr'><strong>disci-</strong></span> 
     </span>
    </p>
   </div>
   <div class='ocr_carea' id='block_1_10' title="bbox 484 1053 2066 1132">
    <p class='ocr_par' dir='ltr' id='par_1_10' title="bbox 484 1053 2066 1132">
     <span class='ocr_line' id='line_1_10' title="bbox 484 1053 2066 1132; baseline 0.001 -20"><span class='ocrx_word' id='word_1_56' title='bbox 484 1057 624 1130; x_wconf 88' lang='lat' dir='ltr'><strong>pulis</strong></span> <span class='ocrx_word' id='word_1_57' title='bbox 655 1058 709 1114; x_wconf 92' lang='lat' dir='ltr'><strong>in</strong></span> <span class='ocrx_word' id='word_1_58' title='bbox 738 1067 922 1114; x_wconf 90' lang='lat' dir='ltr'><strong>monte</strong></span> <span class='ocrx_word' id='word_1_59' title='bbox 950 1053 1253 1121; x_wconf 84' lang='lat' dir='ltr'><strong>doctrinam</strong></span> <span class='ocrx_word' id='word_1_60' title='bbox 1281 1074 1378 1128; x_wconf 88' lang='lat' dir='ltr'><strong>per</strong></span> <span class='ocrx_word' id='word_1_61' title='bbox 1410 1072 1572 1132; x_wconf 85' lang='lat' dir='ltr'><strong>quam</strong></span> <span class='ocrx_word' id='word_1_62' title='bbox 1597 1055 1670 1114; x_wconf 89' lang='lat' dir='ltr'><strong>ad</strong></span> <span class='ocrx_word' id='word_1_63' title='bbox 1695 1056 1862 1112; x_wconf 91' lang='lat' dir='ltr'><strong>vitam</strong></span> <span class='ocrx_word' id='word_1_64' title='bbox 1887 1067 2066 1114; x_wconf 89' lang='lat' dir='ltr'><strong>trans-</strong></span> 
     </span>
    </p>
   </div>
   <div class='ocr_carea' id='block_1_11' title="bbox 481 1149 1097 1208">
    <p class='ocr_par' dir='ltr' id='par_1_11' title="bbox 481 1149 1097 1208">
     <span class='ocr_line' id='line_1_11' title="bbox 481 1149 1097 1208; baseline -0.003 -2"><span class='ocrx_word' id='word_1_65' title='bbox 481 1149 614 1208; x_wconf 84' lang='lat' dir='ltr'><strong>ituri</strong></span> <span class='ocrx_word' id='word_1_66' title='bbox 642 1156 767 1204; x_wconf 92' lang='lat' dir='ltr'><strong>sunt</strong></span> <span class='ocrx_word' id='word_1_67' title='bbox 793 1150 1097 1204; x_wconf 80' lang='lat' dir='ltr'><strong>credentes.</strong></span> 
     </span>
    </p>
   </div>
   <div class='ocr_carea' id='block_1_12' title="bbox 550 1237 2059 1314">
    <p class='ocr_par' dir='ltr' id='par_1_12' title="bbox 550 1237 2059 1314">
     <span class='ocr_line' id='line_1_12' title="bbox 550 1237 2059 1314; baseline 0.003 -21"><span class='ocrx_word' id='word_1_68' title='bbox 550 1237 718 1296; x_wconf 74' lang='lat' dir='ltr'><strong>Vsus.</strong></span> <span class='ocrx_word' id='word_1_69' title='bbox 751 1241 807 1296; x_wconf 73' lang='grc'><strong>4.</strong></span> <span class='ocrx_word' id='word_1_70' title='bbox 841 1271 900 1281; x_wconf 95' lang='grc'><strong><em>-</em></strong></span> <span class='ocrx_word' id='word_1_71' title='bbox 922 1237 1227 1314; x_wconf 78' lang='lat' dir='ltr'><strong>Oportebat.</strong></span> <span class='ocrx_word' id='word_1_72' title='bbox 1257 1239 1405 1296; x_wconf 81' lang='lat' dir='ltr'><strong>Inter</strong></span> <span class='ocrx_word' id='word_1_73' title='bbox 1422 1239 1666 1301; x_wconf 70' lang='lat' dir='ltr'><strong>Iudaeam</strong></span> <span class='ocrx_word' id='word_1_74' title='bbox 1694 1251 1748 1299; x_wconf 87' lang='lat' dir='ltr'><strong>et</strong></span> <span class='ocrx_word' id='word_1_75' title='bbox 1782 1239 2059 1298; x_wconf 74' lang='lat' dir='ltr'><strong>Galilaeam</strong></span> 
     </span>
    </p>
   </div>
   <div class='ocr_carea' id='block_1_13' title="bbox 492 1331 2069 1412">
    <p class='ocr_par' dir='ltr' id='par_1_13' title="bbox 492 1331 2069 1412">
     <span class='ocr_line' id='line_1_13' title="bbox 492 1331 2069 1412; baseline 0.002 -23"><span class='ocrx_word' id='word_1_76' title='bbox 492 1331 744 1389; x_wconf 85' lang='lat' dir='ltr'><strong>Samaria</strong></span> <span class='ocrx_word' id='word_1_77' title='bbox 775 1343 878 1403; x_wconf 85' lang='lat' dir='ltr'><strong>est,</strong></span> <span class='ocrx_word' id='word_1_78' title='bbox 921 1334 976 1394; x_wconf 88' lang='lat' dir='ltr'><strong>id</strong></span> <span class='ocrx_word' id='word_1_79' title='bbox 1005 1343 1108 1401; x_wconf 89' lang='lat' dir='ltr'><strong>est,</strong></span> <span class='ocrx_word' id='word_1_80' title='bbox 1146 1335 1288 1389; x_wconf 88' lang='lat' dir='ltr'><strong>inter</strong></span> <span class='ocrx_word' id='word_1_81' title='bbox 1333 1334 1507 1406; x_wconf 88' lang='lat' dir='ltr'><strong>legem</strong></span> <span class='ocrx_word' id='word_1_82' title='bbox 1552 1335 1769 1403; x_wconf 64' lang='lat' dir='ltr'><strong>litterae,</strong></span> <span class='ocrx_word' id='word_1_83' title='bbox 1806 1353 1926 1409; x_wconf 57' lang='lat' dir='ltr'><strong>quae</strong></span> <span class='ocrx_word' id='word_1_84' title='bbox 1971 1353 2069 1412; x_wconf 91' lang='lat' dir='ltr'><strong>per</strong></span> 
     </span>
    </p>
   </div>
   <div class='ocr_carea' id='block_1_14' title="bbox 486 1423 2068 1500">
    <p class='ocr_par' dir='ltr' id='par_1_14' title="bbox 486 1423 2068 1500">
     <span class='ocr_line' id='line_1_14' title="bbox 486 1423 2068 1500; baseline 0.002 -19"><span class='ocrx_word' id='word_1_85' title='bbox 486 1423 732 1481; x_wconf 70' lang='lat' dir='ltr'><strong>Iudaeam</strong></span> <span class='ocrx_word' id='word_1_86' title='bbox 762 1433 818 1482; x_wconf 89' lang='lat' dir='ltr'><strong>et</strong></span> <span class='ocrx_word' id='word_1_87' title='bbox 843 1425 1052 1482; x_wconf 90' lang='lat' dir='ltr'><strong>divinas</strong></span> <span class='ocrx_word' id='word_1_88' title='bbox 1082 1425 1228 1498; x_wconf 82' lang='lat' dir='ltr'><strong>leges</strong></span> <span class='ocrx_word' id='word_1_89' title='bbox 1253 1426 1396 1484; x_wconf 87' lang='lat' dir='ltr'><strong>circa</strong></span> <span class='ocrx_word' id='word_1_90' title='bbox 1423 1423 1592 1483; x_wconf 90' lang='lat' dir='ltr'><strong>Deum</strong></span> <span class='ocrx_word' id='word_1_91' title='bbox 1619 1429 1912 1496; x_wconf 75' lang='lat' dir='ltr'><strong>revolutus,</strong></span> <span class='ocrx_word' id='word_1_92' title='bbox 1937 1445 2068 1500; x_wconf 83' lang='lat' dir='ltr'><strong>qua-</strong></span> 
     </span>
    </p>
   </div>
   <div class='ocr_carea' id='block_1_15' title="bbox 482 1514 2065 1590">
    <p class='ocr_par' dir='ltr' id='par_1_15' title="bbox 482 1514 2065 1590">
     <span class='ocr_line' id='line_1_15' title="bbox 482 1514 2065 1590; baseline 0.005 -21"><span class='ocrx_word' id='word_1_93' title='bbox 482 1531 601 1570; x_wconf 90' lang='lat' dir='ltr'><strong>rum</strong></span> <span class='ocrx_word' id='word_1_94' title='bbox 647 1515 816 1590; x_wconf 84' lang='lat' dir='ltr'><strong>ﬁgura</strong></span> <span class='ocrx_word' id='word_1_95' title='bbox 844 1525 927 1571; x_wconf 84' lang='lat' dir='ltr'><strong>est</strong></span> <span class='ocrx_word' id='word_1_96' title='bbox 953 1514 1306 1586; x_wconf 68' lang='lat' dir='ltr'><strong>Galilaaa,est</strong></span> <span class='ocrx_word' id='word_1_97' title='bbox 1345 1515 1433 1575; x_wconf 79' lang='lat' dir='ltr'><strong>lex</strong></span> <span class='ocrx_word' id='word_1_98' title='bbox 1477 1519 1744 1580; x_wconf 88' lang='lat' dir='ltr'><strong>naturalis</strong></span> <span class='ocrx_word' id='word_1_99' title='bbox 1792 1521 1844 1574; x_wconf 93' lang='lat' dir='ltr'><strong>in</strong></span> <span class='ocrx_word' id='word_1_100' title='bbox 1886 1519 2065 1580; x_wconf 86' lang='lat' dir='ltr'><strong>medio</strong></span> 
     </span>
    </p>
   </div>
   <div class='ocr_carea' id='block_1_16' title="bbox 479 1609 2064 1690">
    <p class='ocr_par' dir='ltr' id='par_1_16' title="bbox 479 1609 2064 1690">
     <span class='ocr_line' id='line_1_16' title="bbox 479 1609 2064 1690; baseline 0.004 -26"><span class='ocrx_word' id='word_1_101' title='bbox 479 1611 796 1676; x_wconf 88' lang='lat' dir='ltr'><strong>constituta,</strong></span> <span class='ocrx_word' id='word_1_102' title='bbox 829 1609 956 1681; x_wconf 87' lang='lat' dir='ltr'><strong>quia</strong></span> <span class='ocrx_word' id='word_1_103' title='bbox 997 1625 1125 1682; x_wconf 89' lang='lat' dir='ltr'><strong>ergo</strong></span> <span class='ocrx_word' id='word_1_104' title='bbox 1161 1625 1227 1666; x_wconf 83' lang='lat' dir='ltr'><strong>ex</strong></span> <span class='ocrx_word' id='word_1_105' title='bbox 1272 1611 1392 1684; x_wconf 88' lang='lat' dir='ltr'><strong>lege</strong></span> <span class='ocrx_word' id='word_1_106' title='bbox 1442 1614 1671 1690; x_wconf 82' lang='lat' dir='ltr'><strong>sumpsit</strong></span> <span class='ocrx_word' id='word_1_107' title='bbox 1718 1613 2064 1670; x_wconf 86' lang='lat' dir='ltr'><strong>fundamenta</strong></span> 
     </span>
    </p>
   </div>
   <div class='ocr_carea' id='block_1_17' title="bbox 480 1702 2066 1778">
    <p class='ocr_par' dir='ltr' id='par_1_17' title="bbox 480 1702 2066 1778">
     <span class='ocr_line' id='line_1_17' title="bbox 480 1702 2066 1778; baseline 0.004 -22"><span class='ocrx_word' id='word_1_108' title='bbox 480 1702 758 1768; x_wconf 82' lang='lat' dir='ltr'><strong>Ecclesiae,</strong></span> <span class='ocrx_word' id='word_1_109' title='bbox 781 1703 1065 1777; x_wconf 83' lang='lat' dir='ltr'><strong>oportebat</strong></span> <span class='ocrx_word' id='word_1_110' title='bbox 1103 1720 1225 1760; x_wconf 90' lang='lat' dir='ltr'><strong>eum</strong></span> <span class='ocrx_word' id='word_1_111' title='bbox 1255 1706 1322 1762; x_wconf 89' lang='lat' dir='ltr'><strong>ad</strong></span> <span class='ocrx_word' id='word_1_112' title='bbox 1351 1713 1540 1778; x_wconf 82' lang='lat' dir='ltr'><strong>gentes</strong></span> <span class='ocrx_word' id='word_1_113' title='bbox 1589 1708 1818 1762; x_wconf 88' lang='lat' dir='ltr'><strong>transire</strong></span> <span class='ocrx_word' id='word_1_114' title='bbox 1864 1707 2066 1763; x_wconf 89' lang='lat' dir='ltr'><strong>consti-</strong></span> 
     </span>
    </p>
   </div>
   <div class='ocr_carea' id='block_1_18' title="bbox 481 1793 2062 1870">
    <p class='ocr_par' dir='ltr' id='par_1_18' title="bbox 481 1793 2062 1870">
     <span class='ocr_line' id='line_1_18' title="bbox 481 1793 2062 1870; baseline 0.004 -23"><span class='ocrx_word' id='word_1_115' title='bbox 481 1800 626 1848; x_wconf 88' lang='lat' dir='ltr'><strong>tutas</strong></span> <span class='ocrx_word' id='word_1_116' title='bbox 647 1795 749 1850; x_wconf 88' lang='lat' dir='ltr'><strong>sub</strong></span> <span class='ocrx_word' id='word_1_117' title='bbox 777 1793 896 1867; x_wconf 90' lang='lat' dir='ltr'><strong>lege</strong></span> <span class='ocrx_word' id='word_1_118' title='bbox 918 1803 1148 1862; x_wconf 59' lang='lat' dir='ltr'><strong>naturae,</strong></span> <span class='ocrx_word' id='word_1_119' title='bbox 1173 1804 1232 1851; x_wconf 91' lang='lat' dir='ltr'><strong>ut</strong></span> <span class='ocrx_word' id='word_1_120' title='bbox 1263 1814 1386 1854; x_wconf 90' lang='lat' dir='ltr'><strong>cum</strong></span> <span class='ocrx_word' id='word_1_121' title='bbox 1413 1799 1658 1870; x_wconf 90' lang='lat' dir='ltr'><strong>utrisque</strong></span> <span class='ocrx_word' id='word_1_122' title='bbox 1696 1799 1750 1854; x_wconf 92' lang='lat' dir='ltr'><strong>in</strong></span> <span class='ocrx_word' id='word_1_123' title='bbox 1781 1797 2062 1854; x_wconf 78' lang='lat' dir='ltr'><strong>Galilaeam</strong></span> 
     </span>
    </p>
   </div>
   <div class='ocr_carea' id='block_1_19' title="bbox 477 1889 1318 1947">
    <p class='ocr_par' dir='ltr' id='par_1_19' title="bbox 477 1889 1318 1947">
     <span class='ocr_line' id='line_1_19' title="bbox 477 1889 1318 1947; baseline 0.005 -5"><span class='ocrx_word' id='word_1_124' title='bbox 477 1897 692 1946; x_wconf 78' lang='lat' dir='ltr'><strong>aeternae</strong></span> <span class='ocrx_word' id='word_1_125' title='bbox 714 1889 1066 1946; x_wconf 89' lang='lat' dir='ltr'><strong>beatitudinis</strong></span> <span class='ocrx_word' id='word_1_126' title='bbox 1095 1890 1318 1947; x_wconf 89' lang='lat' dir='ltr'><strong>rediret.</strong></span> 
     </span>
    </p>
   </div>
   <div class='ocr_carea' id='block_1_20' title="bbox 2175 690 3754 760">
    <p class='ocr_par' dir='ltr' id='par_1_20' title="bbox 2175 690 3754 760">
     <span class='ocr_line' id='line_1_20' title="bbox 2175 690 3754 760; baseline 0.007 -19"><span class='ocrx_word' id='word_1_127' title='bbox 2175 697 2293 742; x_wconf 85' lang='lat' dir='ltr'><strong>rent</strong></span> <span class='ocrx_word' id='word_1_128' title='bbox 2323 690 2586 759; x_wconf 89' lang='lat' dir='ltr'><strong>ipsorum,</strong></span> <span class='ocrx_word' id='word_1_129' title='bbox 2637 690 2848 746; x_wconf 87' lang='lat' dir='ltr'><strong>scilicet</strong></span> <span class='ocrx_word' id='word_1_130' title='bbox 2877 690 3040 746; x_wconf 88' lang='lat' dir='ltr'><strong>corda</strong></span> <span class='ocrx_word' id='word_1_131' title='bbox 3071 690 3460 760; x_wconf 67' lang='lat' dir='ltr'><strong>prtedicatione</strong></span> <span class='ocrx_word' id='word_1_132' title='bbox 3485 693 3619 751; x_wconf 78' lang='lat' dir='ltr'><strong>ﬁdei</strong></span> <span class='ocrx_word' id='word_1_133' title='bbox 3645 696 3754 753; x_wconf 88' lang='lat' dir='ltr'><strong>Deo</strong></span> 
     </span>
    </p>
   </div>
   <div class='ocr_carea' id='block_1_21' title="bbox 2172 790 2558 852">
    <p class='ocr_par' dir='ltr' id='par_1_21' title="bbox 2172 790 2558 852">
     <span class='ocr_line' id='line_1_21' title="bbox 2172 790 2558 852; baseline 0.005 -18"><span class='ocrx_word' id='word_1_134' title='bbox 2172 790 2558 852; x_wconf 64' lang='lat' dir='ltr'><strong>purpurantes.</strong></span> 
     </span>
    </p>
   </div>
   <div class='ocr_carea' id='block_1_22' title="bbox 2241 863 3757 950">
    <p class='ocr_par' dir='ltr' id='par_1_22' title="bbox 2241 863 3757 950">
     <span class='ocr_line' id='line_1_22' title="bbox 2241 863 3757 950; baseline 0.005 -26"><span class='ocrx_word' id='word_1_135' title='bbox 2241 870 2404 927; x_wconf 78' lang='lat' dir='ltr'><strong>Vsus.</strong></span> <span class='ocrx_word' id='word_1_136' title='bbox 2437 873 2490 928; x_wconf 90' lang='lat'><strong>9.</strong></span> <span class='ocrx_word' id='word_1_137' title='bbox 2517 905 2586 914; x_wconf 93' lang='lat'><strong>—</strong></span> <span class='ocrx_word' id='word_1_138' title='bbox 2613 863 2754 936; x_wconf 83' lang='lat' dir='ltr'><strong>Dicit</strong></span> <span class='ocrx_word' id='word_1_139' title='bbox 2781 891 2924 946; x_wconf 80' lang='lat' dir='ltr'><strong>ergo.</strong></span> <span class='ocrx_word' id='word_1_140' title='bbox 2948 873 3210 932; x_wconf 86' lang='lat' dir='ltr'><strong>Nesciens</strong></span> <span class='ocrx_word' id='word_1_141' title='bbox 3238 891 3402 948; x_wconf 84' lang='lat' dir='ltr'><strong>quem</strong></span> <span class='ocrx_word' id='word_1_142' title='bbox 3441 887 3632 950; x_wconf 88' lang='lat' dir='ltr'><strong>potum</strong></span> <span class='ocrx_word' id='word_1_143' title='bbox 3664 893 3757 950; x_wconf 84' lang='lat' dir='ltr'><strong>pe-</strong></span> 
     </span>
    </p>
   </div>
   <div class='ocr_carea' id='block_1_23' title="bbox 2171 961 3758 1038">
    <p class='ocr_par' dir='ltr' id='par_1_23' title="bbox 2171 961 3758 1038">
     <span class='ocr_line' id='line_1_23' title="bbox 2171 961 3758 1038; baseline 0.007 -23"><span class='ocrx_word' id='word_1_144' title='bbox 2171 961 2234 1016; x_wconf 92' lang='lat' dir='ltr'><strong>tit</strong></span> <span class='ocrx_word' id='word_1_145' title='bbox 2260 961 2328 1017; x_wconf 90' lang='lat' dir='ltr'><strong>ab</strong></span> <span class='ocrx_word' id='word_1_146' title='bbox 2374 979 2460 1030; x_wconf 87' lang='lat' dir='ltr'><strong>ea,</strong></span> <span class='ocrx_word' id='word_1_147' title='bbox 2507 973 2704 1036; x_wconf 89' lang='lat' dir='ltr'><strong>putans</strong></span> <span class='ocrx_word' id='word_1_148' title='bbox 2738 967 2881 1035; x_wconf 90' lang='lat' dir='ltr'><strong>quod</strong></span> <span class='ocrx_word' id='word_1_149' title='bbox 2911 965 2976 1022; x_wconf 91' lang='lat' dir='ltr'><strong>de</strong></span> <span class='ocrx_word' id='word_1_150' title='bbox 3002 981 3141 1035; x_wconf 85' lang='lat' dir='ltr'><strong>aqua</strong></span> <span class='ocrx_word' id='word_1_151' title='bbox 3179 967 3404 1038; x_wconf 85' lang='lat' dir='ltr'><strong>opponit</strong></span> <span class='ocrx_word' id='word_1_152' title='bbox 3435 983 3495 1026; x_wconf 86' lang='lat' dir='ltr'><strong>se</strong></span> <span class='ocrx_word' id='word_1_153' title='bbox 3543 985 3664 1026; x_wconf 88' lang='lat' dir='ltr'><strong>esse</strong></span> <span class='ocrx_word' id='word_1_154' title='bbox 3691 970 3758 1026; x_wconf 87' lang='lat' dir='ltr'><strong>de</strong></span> 
     </span>
    </p>
   </div>
   <div class='ocr_carea' id='block_1_24' title="bbox 2169 1053 3755 1135">
    <p class='ocr_par' dir='ltr' id='par_1_24' title="bbox 2169 1053 3755 1135">
     <span class='ocr_line' id='line_1_24' title="bbox 2169 1053 3755 1135; baseline 0.006 -27"><span class='ocrx_word' id='word_1_155' title='bbox 2169 1053 2486 1128; x_wconf 68' lang='lat' dir='ltr'><strong>alienigenis</strong></span> <span class='ocrx_word' id='word_1_156' title='bbox 2537 1057 2788 1125; x_wconf 81' lang='lat' dir='ltr'><strong>vasculis,</strong></span> <span class='ocrx_word' id='word_1_157' title='bbox 2840 1074 3072 1129; x_wconf 88' lang='lat' dir='ltr'><strong>quorum</strong></span> <span class='ocrx_word' id='word_1_158' title='bbox 3117 1059 3282 1135; x_wconf 84' lang='lat' dir='ltr'><strong>etiam</strong></span> <span class='ocrx_word' id='word_1_159' title='bbox 3333 1061 3755 1118; x_wconf 83' lang='lat' dir='ltr'><strong>conversatione</strong></span> 
     </span>
    </p>
   </div>
   <div class='ocr_carea' id='block_1_25' title="bbox 2169 1138 3752 1222">
    <p class='ocr_par' dir='ltr' id='par_1_25' title="bbox 2169 1138 3752 1222">
     <span class='ocr_line' id='line_1_25' title="bbox 2169 1138 3752 1222; baseline 0.004 -22"><span class='ocrx_word' id='word_1_160' title='bbox 2169 1161 2280 1201; x_wconf 88' lang='lat' dir='ltr'><strong>non</strong></span> <span class='ocrx_word' id='word_1_161' title='bbox 2325 1157 2553 1206; x_wconf 85' lang='lat' dir='ltr'><strong>utuntur</strong></span> <span class='ocrx_word' id='word_1_162' title='bbox 2605 1145 2798 1214; x_wconf 80' lang='lat' dir='ltr'><strong>Judaei,</strong></span> <span class='ocrx_word' id='word_1_163' title='bbox 2859 1141 3154 1206; x_wconf 57' lang='lat' dir='ltr'><strong>sed&#39;Jesus</strong></span> <span class='ocrx_word' id='word_1_164' title='bbox 3199 1149 3289 1222; x_wconf 85' lang='lat' dir='ltr'><strong>qui</strong></span> <span class='ocrx_word' id='word_1_165' title='bbox 3319 1138 3478 1206; x_wconf 75' lang='lat' dir='ltr'><strong>{idem</strong></span> <span class='ocrx_word' id='word_1_166' title='bbox 3514 1153 3752 1222; x_wconf 76' lang='lat' dir='ltr'><strong>petebat,</strong></span> 
     </span>
    </p>
   </div>
   <div class='ocr_carea' id='block_1_26' title="bbox 2167 1233 3758 1316">
    <p class='ocr_par' dir='ltr' id='par_1_26' title="bbox 2167 1233 3758 1316">
     <span class='ocr_line' id='line_1_26' title="bbox 2167 1233 3758 1316; baseline 0.004 -23"><span class='ocrx_word' id='word_1_167' title='bbox 2167 1237 2216 1306; x_wconf 80' lang='lat' dir='ltr'><strong>ei</strong></span> <span class='ocrx_word' id='word_1_168' title='bbox 2251 1240 2500 1310; x_wconf 85' lang='lat' dir='ltr'><strong>spiritum</strong></span> <span class='ocrx_word' id='word_1_169' title='bbox 2539 1241 2670 1296; x_wconf 89' lang='lat' dir='ltr'><strong>dare</strong></span> <span class='ocrx_word' id='word_1_170' title='bbox 2711 1241 2984 1313; x_wconf 89' lang='lat' dir='ltr'><strong>cupiebat,</strong></span> <span class='ocrx_word' id='word_1_171' title='bbox 3013 1249 3068 1308; x_wconf 78' lang='lat' dir='ltr'><strong>et</strong></span> <span class='ocrx_word' id='word_1_172' title='bbox 3101 1258 3222 1308; x_wconf 78' lang='lat' dir='ltr'><strong>eam</strong></span> <span class='ocrx_word' id='word_1_173' title='bbox 3266 1233 3522 1309; x_wconf 78' lang='lat' dir='ltr'><strong>admonet</strong></span> <span class='ocrx_word' id='word_1_174' title='bbox 3565 1255 3627 1298; x_wconf 89' lang='lat' dir='ltr'><strong>ut</strong></span> <span class='ocrx_word' id='word_1_175' title='bbox 3667 1261 3758 1316; x_wconf 84' lang='lat' dir='ltr'><strong>pe-</strong></span> 
     </span>
    </p>
   </div>
   <div class='ocr_carea' id='block_1_27' title="bbox 2167 1329 3706 1404">
    <p class='ocr_par' dir='ltr' id='par_1_27' title="bbox 2167 1329 3706 1404">
     <span class='ocr_line' id='line_1_27' title="bbox 2167 1329 3706 1404; baseline 0.004 -24"><span class='ocrx_word' id='word_1_176' title='bbox 2167 1333 2264 1395; x_wconf 91' lang='lat' dir='ltr'><strong>tat,</strong></span> <span class='ocrx_word' id='word_1_177' title='bbox 2299 1329 2521 1402; x_wconf 90' lang='lat' dir='ltr'><strong>spiritus</strong></span> <span class='ocrx_word' id='word_1_178' title='bbox 2549 1339 2633 1386; x_wconf 89' lang='lat' dir='ltr'><strong>est</strong></span> <span class='ocrx_word' id='word_1_179' title='bbox 2661 1339 2844 1387; x_wconf 87' lang='lat' dir='ltr'><strong>autem</strong></span> <span class='ocrx_word' id='word_1_180' title='bbox 2873 1339 2928 1386; x_wconf 87' lang='lat' dir='ltr'><strong>et</strong></span> <span class='ocrx_word' id='word_1_181' title='bbox 2960 1333 3161 1386; x_wconf 86' lang='lat' dir='ltr'><strong>donum</strong></span> <span class='ocrx_word' id='word_1_182' title='bbox 3191 1331 3284 1387; x_wconf 88' lang='lat' dir='ltr'><strong>Dei</strong></span> <span class='ocrx_word' id='word_1_183' title='bbox 3314 1341 3369 1388; x_wconf 88' lang='lat' dir='ltr'><strong>et</strong></span> <span class='ocrx_word' id='word_1_184' title='bbox 3390 1332 3514 1386; x_wconf 86' lang='lat' dir='ltr'><strong>viva</strong></span> <span class='ocrx_word' id='word_1_185' title='bbox 3543 1349 3706 1404; x_wconf 88' lang='lat' dir='ltr'><strong>aqua.</strong></span> 
     </span>
    </p>
   </div>
   <div class='ocr_carea' id='block_1_28' title="bbox 2241 1417 3758 1492">
    <p class='ocr_par' dir='ltr' id='par_1_28' title="bbox 2241 1417 3758 1492">
     <span class='ocr_line' id='line_1_28' title="bbox 2241 1417 3758 1492; baseline 0.007 -20"><span class='ocrx_word' id='word_1_186' title='bbox 2241 1417 2364 1474; x_wconf 86' lang='lat' dir='ltr'><strong>Non</strong></span> <span class='ocrx_word' id='word_1_187' title='bbox 2395 1423 2557 1488; x_wconf 87' lang='lat' dir='ltr'><strong>enim,</strong></span> <span class='ocrx_word' id='word_1_188' title='bbox 2589 1431 2695 1477; x_wconf 87' lang='lat' dir='ltr'><strong>etc.</strong></span> <span class='ocrx_word' id='word_1_189' title='bbox 2725 1423 3100 1481; x_wconf 87' lang='lat' dir='ltr'><strong>Satnaritanos</strong></span> <span class='ocrx_word' id='word_1_190' title='bbox 3123 1423 3296 1492; x_wconf 57' lang='lat' dir='ltr'><strong>Judgei</strong></span> <span class='ocrx_word' id='word_1_191' title='bbox 3319 1437 3682 1482; x_wconf 82' lang='lat' dir='ltr'><strong>exsecrantur</strong></span> <span class='ocrx_word' id='word_1_192' title='bbox 3705 1435 3758 1483; x_wconf 88' lang='lat' dir='ltr'><strong>et</strong></span> 
     </span>
    </p>
   </div>
   <div class='ocr_carea' id='block_1_29' title="bbox 2166 1511 3756 1590">
    <p class='ocr_par' dir='ltr' id='par_1_29' title="bbox 2166 1511 3756 1590">
     <span class='ocr_line' id='line_1_29' title="bbox 2166 1511 3756 1590; baseline 0.008 -24"><span class='ocrx_word' id='word_1_193' title='bbox 2166 1511 2599 1582; x_wconf 88' lang='lat' dir='ltr'><strong>supplantatorcs</strong></span> <span class='ocrx_word' id='word_1_194' title='bbox 2645 1525 2865 1589; x_wconf 82' lang='lat' dir='ltr'><strong>vocant,</strong></span> <span class='ocrx_word' id='word_1_195' title='bbox 2918 1515 3044 1590; x_wconf 85' lang='lat' dir='ltr'><strong>quia</strong></span> <span class='ocrx_word' id='word_1_196' title='bbox 3094 1533 3192 1586; x_wconf 68' lang='lat' dir='ltr'><strong>eos,</strong></span> <span class='ocrx_word' id='word_1_197' title='bbox 3230 1511 3546 1586; x_wconf 57' lang='lat' dir='ltr'><strong>haereditate</strong></span> <span class='ocrx_word' id='word_1_198' title='bbox 3581 1521 3756 1590; x_wconf 82' lang='lat' dir='ltr'><strong>patris</strong></span> 
     </span>
    </p>
   </div>
   <div class='ocr_carea' id='block_1_30' title="bbox 2165 1603 3757 1689">
    <p class='ocr_par' dir='ltr' id='par_1_30' title="bbox 2165 1603 3757 1689">
     <span class='ocr_line' id='line_1_30' title="bbox 2165 1603 3757 1689; baseline 0.008 -31"><span class='ocrx_word' id='word_1_199' title='bbox 2165 1604 2246 1664; x_wconf 86' lang='lat' dir='ltr'><strong>sui</strong></span> <span class='ocrx_word' id='word_1_200' title='bbox 2293 1603 2458 1662; x_wconf 85' lang='lat' dir='ltr'><strong>Jacoh</strong></span> <span class='ocrx_word' id='word_1_201' title='bbox 2497 1607 2852 1684; x_wconf 75' lang='lat' dir='ltr'><strong>privaverunt</strong></span> <span class='ocrx_word' id='word_1_202' title='bbox 2889 1608 3213 1678; x_wconf 74' lang='lat' dir='ltr'><strong>abstinendo</strong></span> <span class='ocrx_word' id='word_1_203' title='bbox 3257 1627 3288 1689; x_wconf 63' lang='grc' dir='ltr'>ξι</span> <span class='ocrx_word' id='word_1_204' title='bbox 3331 1611 3470 1675; x_wconf 75' lang='lat' dir='ltr'><strong>cibis</strong></span> <span class='ocrx_word' id='word_1_205' title='bbox 3517 1621 3576 1668; x_wconf 91' lang='lat' dir='ltr'><strong>et</strong></span> <span class='ocrx_word' id='word_1_206' title='bbox 3612 1613 3757 1670; x_wconf 87' lang='lat' dir='ltr'><strong>vasis</strong></span> 
     </span>
    </p>
   </div>
   <div class='ocr_carea' id='block_1_31' title="bbox 2165 1711 2374 1756">
    <p class='ocr_par' dir='ltr' id='par_1_31' title="bbox 2165 1711 2374 1756">
     <span class='ocr_line' id='line_1_31' title="bbox 2165 1711 2374 1756; baseline 0.01 -5"><span class='ocrx_word' id='word_1_207' title='bbox 2165 1711 2352 1756; x_wconf 78' lang='lat' dir='ltr'><strong>eorum</strong></span> <span class='ocrx_word' id='word_1_208' title='bbox 2361 1740 2374 1753; x_wconf 84' lang='lat'><strong>.</strong></span> 
     </span>
    </p>
   </div>
   <div class='ocr_carea' id='block_1_32' title="bbox 2235 1789 3756 1866">
    <p class='ocr_par' dir='ltr' id='par_1_32' title="bbox 2235 1789 3756 1866">
     <span class='ocr_line' id='line_1_32' title="bbox 2235 1789 3756 1866; baseline 0.009 -23"><span class='ocrx_word' id='word_1_209' title='bbox 2235 1789 2400 1845; x_wconf 77' lang='lat' dir='ltr'><strong>Vsus.</strong></span> <span class='ocrx_word' id='word_1_210' title='bbox 2435 1791 2516 1846; x_wconf 88' lang='lat' dir='ltr'><strong>l0.</strong></span> <span class='ocrx_word' id='word_1_211' title='bbox 2548 1823 2618 1833; x_wconf 88' lang='lat'><strong>——</strong></span> <span class='ocrx_word' id='word_1_212' title='bbox 2647 1791 2934 1866; x_wconf 78' lang='lat' dir='ltr'><strong>Respondit</strong></span> <span class='ocrx_word' id='word_1_213' title='bbox 2959 1793 3137 1850; x_wconf 72' lang='lat' dir='ltr'><strong>Iesus.</strong></span> <span class='ocrx_word' id='word_1_214' title='bbox 3172 1793 3508 1856; x_wconf 83' lang='lat' dir='ltr'><strong>Pedetentim</strong></span> <span class='ocrx_word' id='word_1_215' title='bbox 3541 1805 3596 1854; x_wconf 88' lang='lat' dir='ltr'><strong>et</strong></span> <span class='ocrx_word' id='word_1_216' title='bbox 3624 1799 3756 1856; x_wconf 81' lang='lat' dir='ltr'><strong>sim-</strong></span> 
     </span>
    </p>
   </div>
   <div class='ocr_carea' id='block_1_33' title="bbox 2163 1880 3755 1958">
    <p class='ocr_par' dir='ltr' id='par_1_33' title="bbox 2163 1880 3755 1958">
     <span class='ocr_line' id='line_1_33' title="bbox 2163 1880 3755 1958; baseline 0.008 -23"><span class='ocrx_word' id='word_1_217' title='bbox 2163 1881 2393 1953; x_wconf 85' lang='lat' dir='ltr'><strong>plicibns</strong></span> <span class='ocrx_word' id='word_1_218' title='bbox 2421 1883 2600 1947; x_wconf 80' lang='lat' dir='ltr'><strong>verbis</strong></span> <span class='ocrx_word' id='word_1_219' title='bbox 2632 1880 2876 1954; x_wconf 78' lang='lat' dir='ltr'><strong>instruit,</strong></span> <span class='ocrx_word' id='word_1_220' title='bbox 2905 1897 2965 1942; x_wconf 89' lang='lat' dir='ltr'><strong>ut</strong></span> <span class='ocrx_word' id='word_1_221' title='bbox 3013 1888 3234 1948; x_wconf 82' lang='lat' dir='ltr'><strong>tandem</strong></span> <span class='ocrx_word' id='word_1_222' title='bbox 3281 1889 3484 1952; x_wconf 84' lang='lat' dir='ltr'><strong>donum</strong></span> <span class='ocrx_word' id='word_1_223' title='bbox 3531 1890 3651 1958; x_wconf 89' lang='lat' dir='ltr'><strong>Dei,</strong></span> <span class='ocrx_word' id='word_1_224' title='bbox 3701 1891 3755 1948; x_wconf 86' lang='lat' dir='ltr'><strong>id</strong></span> 
     </span>
    </p>
   </div>
   <div class='ocr_carea' id='block_1_34' title="bbox 547 1975 3018 2058">
    <p class='ocr_par' dir='ltr' id='par_1_34' title="bbox 547 1975 3018 2058">
     <span class='ocr_line' id='line_1_34' title="bbox 547 1975 3018 2058; baseline 0.005 -24"><span class='ocrx_word' id='word_1_225' title='bbox 547 1977 712 2035; x_wconf 77' lang='lat' dir='ltr'><strong>Vsus.</strong></span> <span class='ocrx_word' id='word_1_226' title='bbox 745 1979 801 2035; x_wconf 87' lang='lat'><strong>5.</strong></span> <span class='ocrx_word' id='word_1_227' title='bbox 823 2011 895 2021; x_wconf 96' lang='lat'><strong>—</strong></span> <span class='ocrx_word' id='word_1_228' title='bbox 926 1975 1076 2038; x_wconf 82' lang='lat' dir='ltr'><strong>Venit</strong></span> <span class='ocrx_word' id='word_1_229' title='bbox 1099 1998 1242 2052; x_wconf 86' lang='lat' dir='ltr'><strong>ergo.</strong></span> <span class='ocrx_word' id='word_1_230' title='bbox 1269 1977 1345 2037; x_wconf 87' lang='lat' dir='ltr'><strong>Ut</strong></span> <span class='ocrx_word' id='word_1_231' title='bbox 1369 1991 1726 2058; x_wconf 87' lang='lat' dir='ltr'><strong>agnoscerent</strong></span> <span class='ocrx_word' id='word_1_232' title='bbox 1749 1991 1804 2038; x_wconf 91' lang='lat' dir='ltr'><strong>ct</strong></span> <span class='ocrx_word' id='word_1_233' title='bbox 1831 1999 2058 2040; x_wconf 90' lang='lat' dir='ltr'><strong>conver-</strong></span> <span class='ocrx_word' id='word_1_234' title='bbox 2087 1987 2136 2048; x_wconf 87' lang='lat' dir='ltr'><strong>B</strong></span> <span class='ocrx_word' id='word_1_235' title='bbox 2163 1985 2245 2030; x_wconf 71' lang='grc' dir='ltr'><strong>εει</strong></span> <span class='ocrx_word' id='word_1_236' title='bbox 2275 1976 2520 2047; x_wconf 78' lang='lat' dir='ltr'><strong>Spiritum</strong></span> <span class='ocrx_word' id='word_1_237' title='bbox 2551 1977 2724 2050; x_wconf 76' lang='lat' dir='ltr'><strong>possit</strong></span> <span class='ocrx_word' id='word_1_238' title='bbox 2749 1981 3018 2052; x_wconf 52' lang='lat' dir='ltr'><strong>accipere.</strong></span> 
     </span>
    </p>
   </div>
   <div class='ocr_carea' id='block_1_35' title="bbox 478 2073 2062 2141">
    <p class='ocr_par' dir='ltr' id='par_1_35' title="bbox 478 2073 2062 2141">
     <span class='ocr_line' id='line_1_35' title="bbox 478 2073 2062 2141; baseline 0.004 -13"><span class='ocrx_word' id='word_1_239' title='bbox 478 2080 722 2128; x_wconf 88' lang='lat' dir='ltr'><strong>terentur</strong></span> <span class='ocrx_word' id='word_1_240' title='bbox 749 2073 818 2128; x_wconf 90' lang='lat' dir='ltr'><strong>ad</strong></span> <span class='ocrx_word' id='word_1_241' title='bbox 847 2089 971 2129; x_wconf 90' lang='lat' dir='ltr'><strong>eum</strong></span> <span class='ocrx_word' id='word_1_242' title='bbox 999 2073 1351 2141; x_wconf 88' lang='lat' dir='ltr'><strong>Samaritani,</strong></span> <span class='ocrx_word' id='word_1_243' title='bbox 1375 2074 1715 2130; x_wconf 87' lang='lat' dir='ltr'><strong>vindicantes</strong></span> <span class='ocrx_word' id='word_1_244' title='bbox 1757 2076 1857 2136; x_wconf 87' lang='lat' dir='ltr'><strong>sibi</strong></span> <span class='ocrx_word' id='word_1_245' title='bbox 1890 2077 2062 2134; x_wconf 66' lang='lat' dir='ltr'><strong>haere-</strong></span> 
     </span>
    </p>
   </div>
   <div class='ocr_carea' id='block_1_36' title="bbox 475 2164 1266 2238">
    <p class='ocr_par' dir='ltr' id='par_1_36' title="bbox 475 2164 1266 2238">
     <span class='ocr_line' id='line_1_36' title="bbox 475 2164 1266 2238; baseline 0.001 -18"><span class='ocrx_word' id='word_1_246' title='bbox 475 2164 696 2222; x_wconf 87' lang='lat' dir='ltr'><strong>ditatem</strong></span> <span class='ocrx_word' id='word_1_247' title='bbox 728 2167 1055 2238; x_wconf 70' lang='lat' dir='ltr'><strong>patriarcha:</strong></span> <span class='ocrx_word' id='word_1_248' title='bbox 1079 2165 1266 2222; x_wconf 89' lang='lat' dir='ltr'><strong>Israel.</strong></span> 
     </span>
    </p>
   </div>
   <div class='ocr_carea' id='block_1_37' title="bbox 547 2255 2061 2330">
    <p class='ocr_par' dir='ltr' id='par_1_37' title="bbox 547 2255 2061 2330">
     <span class='ocr_line' id='line_1_37' title="bbox 547 2255 2061 2330; baseline 0.003 -16"><span class='ocrx_word' id='word_1_249' title='bbox 547 2256 680 2326; x_wconf 70' lang='lat' dir='ltr'><strong>Quae</strong></span> <span class='ocrx_word' id='word_1_250' title='bbox 704 2259 900 2312; x_wconf 84' lang='lat' dir='ltr'><strong>dicitur</strong></span> <span class='ocrx_word' id='word_1_251' title='bbox 937 2258 1148 2314; x_wconf 80' lang='lat' dir='ltr'><strong>Sichar.</strong></span> <span class='ocrx_word' id='word_1_252' title='bbox 1186 2255 1398 2324; x_wconf 88' lang='lat' dir='ltr'><strong>Sichar,</strong></span> <span class='ocrx_word' id='word_1_253' title='bbox 1448 2256 1501 2314; x_wconf 92' lang='lat' dir='ltr'><strong>id</strong></span> <span class='ocrx_word' id='word_1_254' title='bbox 1541 2267 1624 2315; x_wconf 90' lang='lat' dir='ltr'><strong>est</strong></span> <span class='ocrx_word' id='word_1_255' title='bbox 1651 2260 1947 2330; x_wconf 75' lang='lat' dir='ltr'><strong>conclusio,</strong></span> <span class='ocrx_word' id='word_1_256' title='bbox 1976 2262 2061 2318; x_wconf 87' lang='lat' dir='ltr'><strong>vel</strong></span> 
     </span>
    </p>
   </div>
   <div class='ocr_carea' id='block_1_38' title="bbox 474 2349 2062 2429">
    <p class='ocr_par' dir='ltr' id='par_1_38' title="bbox 474 2349 2062 2429">
     <span class='ocr_line' id='line_1_38' title="bbox 474 2349 2062 2429; baseline 0.004 -25"><span class='ocrx_word' id='word_1_257' title='bbox 474 2365 680 2418; x_wconf 89' lang='lat' dir='ltr'><strong>ramus,</strong></span> <span class='ocrx_word' id='word_1_258' title='bbox 719 2349 774 2406; x_wconf 91' lang='lat' dir='ltr'><strong>id</strong></span> <span class='ocrx_word' id='word_1_259' title='bbox 812 2357 898 2407; x_wconf 85' lang='lat' dir='ltr'><strong>est</strong></span> <span class='ocrx_word' id='word_1_260' title='bbox 933 2351 1147 2422; x_wconf 77' lang='lat' dir='ltr'><strong>gentilis</strong></span> <span class='ocrx_word' id='word_1_261' title='bbox 1183 2350 1411 2426; x_wconf 81' lang='lat' dir='ltr'><strong>pepulus</strong></span> <span class='ocrx_word' id='word_1_262' title='bbox 1465 2352 1753 2422; x_wconf 76' lang='lat' dir='ltr'><strong>conclusus</strong></span> <span class='ocrx_word' id='word_1_263' title='bbox 1795 2353 1894 2422; x_wconf 74' lang='lat' dir='ltr'><strong>sub</strong></span> <span class='ocrx_word' id='word_1_264' title='bbox 1937 2371 2062 2429; x_wconf 90' lang='lat' dir='ltr'><strong>pec-</strong></span> 
     </span>
    </p>
   </div>
   <div class='ocr_carea' id='block_1_39' title="bbox 471 2437 2060 2516">
    <p class='ocr_par' dir='ltr' id='par_1_39' title="bbox 471 2437 2060 2516">
     <span class='ocr_line' id='line_1_39' title="bbox 471 2437 2060 2516; baseline 0.004 -18"><span class='ocrx_word' id='word_1_265' title='bbox 471 2452 624 2510; x_wconf 86' lang='lat' dir='ltr'><strong>cato,</strong></span> <span class='ocrx_word' id='word_1_266' title='bbox 671 2445 765 2516; x_wconf 86' lang='lat' dir='ltr'><strong>qui</strong></span> <span class='ocrx_word' id='word_1_267' title='bbox 809 2451 892 2499; x_wconf 91' lang='lat' dir='ltr'><strong>est</strong></span> <span class='ocrx_word' id='word_1_268' title='bbox 947 2457 1133 2500; x_wconf 87' lang='lat' dir='ltr'><strong>ramus</strong></span> <span class='ocrx_word' id='word_1_269' title='bbox 1172 2445 1238 2500; x_wconf 90' lang='lat' dir='ltr'><strong>de</strong></span> <span class='ocrx_word' id='word_1_270' title='bbox 1283 2444 1518 2516; x_wconf 80' lang='lat' dir='ltr'><strong>oleastro</strong></span> <span class='ocrx_word' id='word_1_271' title='bbox 1560 2445 1776 2514; x_wconf 76' lang='lat' dir='ltr'><strong>excisus</strong></span> <span class='ocrx_word' id='word_1_272' title='bbox 1815 2457 1868 2502; x_wconf 89' lang='lat' dir='ltr'><strong>et</strong></span> <span class='ocrx_word' id='word_1_273' title='bbox 1905 2437 2060 2504; x_wconf 83' lang='lat' dir='ltr'><strong>olivae</strong></span> 
     </span>
    </p>
   </div>
   <div class='ocr_carea' id='block_1_40' title="bbox 473 2535 726 2594">
    <p class='ocr_par' dir='ltr' id='par_1_40' title="bbox 473 2535 726 2594">
     <span class='ocr_line' id='line_1_40' title="bbox 473 2535 726 2594; baseline 0 -2"><span class='ocrx_word' id='word_1_274' title='bbox 473 2535 726 2594; x_wconf 87' lang='lat' dir='ltr'><strong>insertus.</strong></span> 
     </span>
    </p>
   </div>
   <div class='ocr_carea' id='block_1_41' title="bbox 539 2627 2058 2700">
    <p class='ocr_par' dir='ltr' id='par_1_41' title="bbox 539 2627 2058 2700">
     <span class='ocr_line' id='line_1_41' title="bbox 539 2627 2058 2700; baseline 0.003 -16"><span class='ocrx_word' id='word_1_275' title='bbox 539 2627 702 2685; x_wconf 78' lang='lat' dir='ltr'><strong>Vsus.</strong></span> <span class='ocrx_word' id='word_1_276' title='bbox 758 2629 811 2686; x_wconf 91' lang='lat'><strong>6.</strong></span> <span class='ocrx_word' id='word_1_277' title='bbox 835 2628 1051 2684; x_wconf 82' lang='lat' dir='ltr'><strong>—Erat</strong></span> <span class='ocrx_word' id='word_1_278' title='bbox 1091 2639 1291 2698; x_wconf 84' lang='lat' dir='ltr'><strong>autem,</strong></span> <span class='ocrx_word' id='word_1_279' title='bbox 1321 2639 1428 2688; x_wconf 88' lang='lat' dir='ltr'><strong>etc.</strong></span> <span class='ocrx_word' id='word_1_280' title='bbox 1455 2629 1592 2700; x_wconf 86' lang='lat' dir='ltr'><strong>Quia</strong></span> <span class='ocrx_word' id='word_1_281' title='bbox 1627 2631 1891 2698; x_wconf 76' lang='lat' dir='ltr'><strong>naturalis</strong></span> <span class='ocrx_word' id='word_1_282' title='bbox 1918 2635 2058 2690; x_wconf 82' lang='lat' dir='ltr'><strong>ratio</strong></span> 
     </span>
    </p>
   </div>
   <div class='ocr_carea' id='block_1_42' title="bbox 471 2721 2054 2796">
    <p class='ocr_par' dir='ltr' id='par_1_42' title="bbox 471 2721 2054 2796">
     <span class='ocr_line' id='line_1_42' title="bbox 471 2721 2054 2796; baseline 0.006 -21"><span class='ocrx_word' id='word_1_283' title='bbox 471 2735 576 2776; x_wconf 91' lang='lat' dir='ltr'><strong>non</strong></span> <span class='ocrx_word' id='word_1_284' title='bbox 604 2721 819 2778; x_wconf 88' lang='lat' dir='ltr'><strong>aliunde</strong></span> <span class='ocrx_word' id='word_1_285' title='bbox 863 2723 1036 2796; x_wconf 86' lang='lat' dir='ltr'><strong>surgit</strong></span> <span class='ocrx_word' id='word_1_286' title='bbox 1082 2723 1186 2778; x_wconf 84' lang='lat' dir='ltr'><strong>nisi</strong></span> <span class='ocrx_word' id='word_1_287' title='bbox 1227 2739 1258 2778; x_wconf 90' lang='lat' dir='ltr'><strong>a</strong></span> <span class='ocrx_word' id='word_1_288' title='bbox 1289 2739 1450 2780; x_wconf 88' lang='lat' dir='ltr'><strong>causa</strong></span> <span class='ocrx_word' id='word_1_289' title='bbox 1497 2726 1738 2782; x_wconf 84' lang='lat' dir='ltr'><strong>omnium</strong></span> <span class='ocrx_word' id='word_1_290' title='bbox 1766 2726 2054 2794; x_wconf 90' lang='lat' dir='ltr'><strong>bonorum,</strong></span> 
     </span>
    </p>
   </div>
   <div class='ocr_carea' id='block_1_43' title="bbox 469 2813 2056 2886">
    <p class='ocr_par' dir='ltr' id='par_1_43' title="bbox 469 2813 2056 2886">
     <span class='ocr_line' id='line_1_43' title="bbox 469 2813 2056 2886; baseline 0.004 -18"><span class='ocrx_word' id='word_1_291' title='bbox 469 2813 590 2872; x_wconf 88' lang='lat' dir='ltr'><strong>ideo</strong></span> <span class='ocrx_word' id='word_1_292' title='bbox 613 2813 841 2886; x_wconf 86' lang='lat' dir='ltr'><strong>pulchre</strong></span> <span class='ocrx_word' id='word_1_293' title='bbox 871 2815 1069 2872; x_wconf 89' lang='lat' dir='ltr'><strong>dicitur</strong></span> <span class='ocrx_word' id='word_1_294' title='bbox 1096 2815 1216 2874; x_wconf 79' lang='lat' dir='ltr'><strong>fons</strong></span> <span class='ocrx_word' id='word_1_295' title='bbox 1243 2829 1366 2871; x_wconf 84' lang='lat' dir='ltr'><strong>esse</strong></span> <span class='ocrx_word' id='word_1_296' title='bbox 1391 2813 1580 2884; x_wconf 74' lang='lat' dir='ltr'><strong>Jacob,</strong></span> <span class='ocrx_word' id='word_1_297' title='bbox 1611 2817 1662 2878; x_wconf 88' lang='lat' dir='ltr'><strong>id</strong></span> <span class='ocrx_word' id='word_1_298' title='bbox 1698 2826 1782 2874; x_wconf 90' lang='lat' dir='ltr'><strong>est</strong></span> <span class='ocrx_word' id='word_1_299' title='bbox 1809 2818 1949 2874; x_wconf 86' lang='lat' dir='ltr'><strong>ratio</strong></span> <span class='ocrx_word' id='word_1_300' title='bbox 1974 2819 2056 2874; x_wconf 90' lang='lat' dir='ltr'><strong>in-</strong></span> 
     </span>
    </p>
   </div>
   <div class='ocr_carea' id='block_1_44' title="bbox 468 2906 1492 2982">
    <p class='ocr_par' dir='ltr' id='par_1_44' title="bbox 468 2906 1492 2982">
     <span class='ocr_line' id='line_1_44' title="bbox 468 2906 1492 2982; baseline 0.002 -20"><span class='ocrx_word' id='word_1_301' title='bbox 468 2906 620 2974; x_wconf 76' lang='lat' dir='ltr'><strong>ﬁnita</strong></span> <span class='ocrx_word' id='word_1_302' title='bbox 647 2907 824 2969; x_wconf 86' lang='lat' dir='ltr'><strong>Patris</strong></span> <span class='ocrx_word' id='word_1_303' title='bbox 853 2907 1140 2972; x_wconf 88' lang='lat' dir='ltr'><strong>altitudine</strong></span> <span class='ocrx_word' id='word_1_304' title='bbox 1167 2910 1492 2982; x_wconf 84' lang='lat' dir='ltr'><strong>procedens.</strong></span> 
     </span>
    </p>
   </div>
   <div class='ocr_carea' id='block_1_45' title="bbox 535 2991 2049 3072">
    <p class='ocr_par' dir='ltr' id='par_1_45' title="bbox 535 2991 2049 3072">
     <span class='ocr_line' id='line_1_45' title="bbox 535 2991 2049 3072; baseline 0.002 -13"><span class='ocrx_word' id='word_1_305' title='bbox 535 2999 691 3058; x_wconf 74' lang='lat' dir='ltr'><strong>Iesus</strong></span> <span class='ocrx_word' id='word_1_306' title='bbox 738 3017 860 3072; x_wconf 84' lang='lat' dir='ltr'><strong>ergo</strong></span> <span class='ocrx_word' id='word_1_307' title='bbox 898 2991 1184 3072; x_wconf 73' lang='lat' dir='ltr'><strong>fatigatus,</strong></span> <span class='ocrx_word' id='word_1_308' title='bbox 1231 3009 1337 3058; x_wconf 89' lang='lat' dir='ltr'><strong>etc.</strong></span> <span class='ocrx_word' id='word_1_309' title='bbox 1389 3001 1713 3072; x_wconf 84' lang='lat' dir='ltr'><strong>Allegorice.</strong></span> <span class='ocrx_word' id='word_1_310' title='bbox 1765 3003 1876 3062; x_wconf 87' lang='lat' dir='ltr'><strong>lter</strong></span> <span class='ocrx_word' id='word_1_311' title='bbox 1925 3004 2049 3062; x_wconf 88' lang='lat' dir='ltr'><strong>Jesu</strong></span> 
     </span>
    </p>
   </div>
   <div class='ocr_carea' id='block_1_46' title="bbox 465 3095 2049 3170">
    <p class='ocr_par' dir='ltr' id='par_1_46' title="bbox 465 3095 2049 3170">
     <span class='ocr_line' id='line_1_46' title="bbox 465 3095 2049 3170; baseline 0 -16"><span class='ocrx_word' id='word_1_312' title='bbox 465 3097 646 3154; x_wconf 88' lang='lat' dir='ltr'><strong>carnis</strong></span> <span class='ocrx_word' id='word_1_313' title='bbox 684 3104 768 3154; x_wconf 90' lang='lat' dir='ltr'><strong>est</strong></span> <span class='ocrx_word' id='word_1_314' title='bbox 803 3098 1102 3168; x_wconf 86' lang='lat' dir='ltr'><strong>assumptio</strong></span> <span class='ocrx_word' id='word_1_315' title='bbox 1128 3098 1182 3158; x_wconf 88' lang='lat' dir='ltr'><strong>in</strong></span> <span class='ocrx_word' id='word_1_316' title='bbox 1213 3113 1319 3167; x_wconf 90' lang='lat' dir='ltr'><strong>qua</strong></span> <span class='ocrx_word' id='word_1_317' title='bbox 1347 3105 1430 3152; x_wconf 90' lang='lat' dir='ltr'><strong>est</strong></span> <span class='ocrx_word' id='word_1_318' title='bbox 1456 3095 1722 3170; x_wconf 75' lang='lat' dir='ltr'><strong>fatigatio,</strong></span> <span class='ocrx_word' id='word_1_319' title='bbox 1748 3099 1800 3156; x_wconf 87' lang='lat' dir='ltr'><strong>id</strong></span> <span class='ocrx_word' id='word_1_320' title='bbox 1843 3108 1928 3156; x_wconf 91' lang='lat' dir='ltr'><strong>est</strong></span> <span class='ocrx_word' id='word_1_321' title='bbox 1963 3101 2049 3156; x_wconf 88' lang='lat' dir='ltr'><strong>in-</strong></span> 
     </span>
    </p>
   </div>
   <div class='ocr_carea' id='block_1_47' title="bbox 464 3189 2044 3263">
    <p class='ocr_par' dir='ltr' id='par_1_47' title="bbox 464 3189 2044 3263">
     <span class='ocr_line' id='line_1_47' title="bbox 464 3189 2044 3263; baseline 0.006 -21"><span class='ocrx_word' id='word_1_322' title='bbox 464 3189 715 3253; x_wconf 88' lang='lat' dir='ltr'><strong>ﬁrmitas,</strong></span> <span class='ocrx_word' id='word_1_323' title='bbox 745 3189 991 3247; x_wconf 83' lang='lat' dir='ltr'><strong>relevans</strong></span> <span class='ocrx_word' id='word_1_324' title='bbox 1020 3189 1296 3253; x_wconf 82' lang='lat' dir='ltr'><strong>hominem</strong></span> <span class='ocrx_word' id='word_1_325' title='bbox 1319 3205 1481 3259; x_wconf 89' lang='lat' dir='ltr'><strong>quem</strong></span> <span class='ocrx_word' id='word_1_326' title='bbox 1507 3191 1714 3248; x_wconf 85' lang='lat' dir='ltr'><strong>creavit</strong></span> <span class='ocrx_word' id='word_1_327' title='bbox 1756 3194 1996 3263; x_wconf 89' lang='lat' dir='ltr'><strong>potentia</strong></span> <span class='ocrx_word' id='word_1_328' title='bbox 2030 3213 2044 3251; x_wconf 90' lang='lat'><strong>:</strong></span> 
     </span>
    </p>
   </div>
   <div class='ocr_carea' id='block_1_48' title="bbox 462 3279 2049 3357">
    <p class='ocr_par' dir='ltr' id='par_1_48' title="bbox 462 3279 2049 3357">
     <span class='ocr_line' id='line_1_48' title="bbox 462 3279 2049 3357; baseline 0.004 -21"><span class='ocrx_word' id='word_1_329' title='bbox 462 3279 633 3336; x_wconf 85' lang='lat' dir='ltr'><strong>sessio</strong></span> <span class='ocrx_word' id='word_1_330' title='bbox 655 3288 739 3335; x_wconf 88' lang='lat' dir='ltr'><strong>est</strong></span> <span class='ocrx_word' id='word_1_331' title='bbox 767 3281 1068 3338; x_wconf 86' lang='lat' dir='ltr'><strong>humilitas.</strong></span> <span class='ocrx_word' id='word_1_332' title='bbox 1095 3281 1258 3336; x_wconf 86' lang='lat' dir='ltr'><strong>Sexta</strong></span> <span class='ocrx_word' id='word_1_333' title='bbox 1286 3282 1440 3346; x_wconf 84' lang='lat' dir='ltr'><strong>hora,</strong></span> <span class='ocrx_word' id='word_1_334' title='bbox 1469 3291 1624 3338; x_wconf 85' lang='lat' dir='ltr'><strong>sexta</strong></span> <span class='ocrx_word' id='word_1_335' title='bbox 1657 3291 1791 3340; x_wconf 76' lang='lat' dir='ltr'><strong>aetas</strong></span> <span class='ocrx_word' id='word_1_336' title='bbox 1825 3301 1933 3357; x_wconf 92' lang='lat' dir='ltr'><strong>qua</strong></span> <span class='ocrx_word' id='word_1_337' title='bbox 1955 3302 2049 3342; x_wconf 82' lang='lat' dir='ltr'><strong>ve-</strong></span> 
     </span>
    </p>
   </div>
   <div class='ocr_carea' id='block_1_49' title="bbox 2238 2063 3754 2143">
    <p class='ocr_par' dir='ltr' id='par_1_49' title="bbox 2238 2063 3754 2143">
     <span class='ocr_line' id='line_1_49' title="bbox 2238 2063 3754 2143; baseline 0.009 -24"><span class='ocrx_word' id='word_1_338' title='bbox 2238 2063 2401 2121; x_wconf 74' lang='lat' dir='ltr'><strong>Vsus.</strong></span> <span class='ocrx_word' id='word_1_339' title='bbox 2436 2065 2740 2124; x_wconf 74' lang='lat' dir='ltr'><strong>H.—Dixit</strong></span> <span class='ocrx_word' id='word_1_340' title='bbox 2769 2071 2816 2124; x_wconf 89' lang='lat' dir='ltr'><strong>ei</strong></span> <span class='ocrx_word' id='word_1_341' title='bbox 2841 2070 3046 2127; x_wconf 81' lang='lat' dir='ltr'><strong>mulier.</strong></span> <span class='ocrx_word' id='word_1_342' title='bbox 3076 2069 3228 2143; x_wconf 85' lang='lat' dir='ltr'><strong>Aqua</strong></span> <span class='ocrx_word' id='word_1_343' title='bbox 3261 2072 3386 2136; x_wconf 83' lang='lat' dir='ltr'><strong>viva</strong></span> <span class='ocrx_word' id='word_1_344' title='bbox 3413 2073 3615 2132; x_wconf 87' lang='lat' dir='ltr'><strong>dicitur</strong></span> <span class='ocrx_word' id='word_1_345' title='bbox 3645 2091 3754 2132; x_wconf 83' lang='lat' dir='ltr'><strong>non</strong></span> 
     </span>
    </p>
   </div>
   <div class='ocr_carea' id='block_1_50' title="bbox 2163 2155 3756 2236">
    <p class='ocr_par' dir='ltr' id='par_1_50' title="bbox 2163 2155 3756 2236">
     <span class='ocr_line' id='line_1_50' title="bbox 2163 2155 3756 2236; baseline 0.009 -27"><span class='ocrx_word' id='word_1_346' title='bbox 2163 2155 2288 2221; x_wconf 88' lang='lat' dir='ltr'><strong>alia,</strong></span> <span class='ocrx_word' id='word_1_347' title='bbox 2325 2157 2426 2213; x_wconf 91' lang='lat' dir='ltr'><strong>nisi</strong></span> <span class='ocrx_word' id='word_1_348' title='bbox 2455 2175 2575 2229; x_wconf 82' lang='lat' dir='ltr'><strong>quae</strong></span> <span class='ocrx_word' id='word_1_349' title='bbox 2597 2161 2691 2215; x_wconf 87' lang='lat' dir='ltr'><strong>ubi</strong></span> <span class='ocrx_word' id='word_1_350' title='bbox 2735 2161 2931 2234; x_wconf 75' lang='lat' dir='ltr'><strong>oritur,</strong></span> <span class='ocrx_word' id='word_1_351' title='bbox 2983 2163 3275 2236; x_wconf 81' lang='lat' dir='ltr'><strong>excipitur,</strong></span> <span class='ocrx_word' id='word_1_352' title='bbox 3311 2165 3382 2221; x_wconf 83' lang='lat' dir='ltr'><strong>de</strong></span> <span class='ocrx_word' id='word_1_353' title='bbox 3412 2181 3520 2236; x_wconf 81' lang='lat' dir='ltr'><strong>qua</strong></span> <span class='ocrx_word' id='word_1_354' title='bbox 3559 2167 3756 2226; x_wconf 88' lang='lat' dir='ltr'><strong>mulier</strong></span> 
     </span>
    </p>
   </div>
   <div class='ocr_carea' id='block_1_51' title="bbox 2160 2250 3753 2326">
    <p class='ocr_par' dir='ltr' id='par_1_51' title="bbox 2160 2250 3753 2326">
     <span class='ocr_line' id='line_1_51' title="bbox 2160 2250 3753 2326; baseline 0.007 -20"><span class='ocrx_word' id='word_1_355' title='bbox 2160 2250 2454 2320; x_wconf 79' lang='lat' dir='ltr'><strong>carnaliter</strong></span> <span class='ocrx_word' id='word_1_356' title='bbox 2489 2253 2705 2324; x_wconf 85' lang='lat' dir='ltr'><strong>sapiens</strong></span> <span class='ocrx_word' id='word_1_357' title='bbox 2734 2254 2874 2326; x_wconf 69' lang='lat' dir='ltr'><strong>dixit,</strong></span> <span class='ocrx_word' id='word_1_358' title='bbox 2906 2274 2920 2311; x_wconf 88' lang='lat'><strong>:</strong></span> <span class='ocrx_word' id='word_1_359' title='bbox 2953 2255 3087 2315; x_wconf 91' lang='lat' dir='ltr'><strong>Cum</strong></span> <span class='ocrx_word' id='word_1_360' title='bbox 3119 2259 3478 2322; x_wconf 84' lang='lat' dir='ltr'><strong>hauritorium</strong></span> <span class='ocrx_word' id='word_1_361' title='bbox 3512 2276 3622 2316; x_wconf 80' lang='lat' dir='ltr'><strong>non</strong></span> <span class='ocrx_word' id='word_1_362' title='bbox 3654 2261 3753 2316; x_wconf 86' lang='lat' dir='ltr'><strong>ha-</strong></span> 
     </span>
    </p>
   </div>
   <div class='ocr_carea' id='block_1_52' title="bbox 2159 2341 3751 2424">
    <p class='ocr_par' dir='ltr' id='par_1_52' title="bbox 2159 2341 3751 2424">
     <span class='ocr_line' id='line_1_52' title="bbox 2159 2341 3751 2424; baseline 0.009 -28"><span class='ocrx_word' id='word_1_363' title='bbox 2159 2341 2310 2409; x_wconf 81' lang='lat' dir='ltr'><strong>beas,</strong></span> <span class='ocrx_word' id='word_1_364' title='bbox 2359 2353 2414 2399; x_wconf 88' lang='lat' dir='ltr'><strong>et</strong></span> <span class='ocrx_word' id='word_1_365' title='bbox 2451 2353 2645 2416; x_wconf 88' lang='lat' dir='ltr'><strong>puteus</strong></span> <span class='ocrx_word' id='word_1_366' title='bbox 2696 2347 2840 2412; x_wconf 82' lang='lat' dir='ltr'><strong>altus</strong></span> <span class='ocrx_word' id='word_1_367' title='bbox 2883 2350 2972 2418; x_wconf 76' lang='lat' dir='ltr'><strong>sit,</strong></span> <span class='ocrx_word' id='word_1_368' title='bbox 3017 2352 3284 2422; x_wconf 85' lang='lat' dir='ltr'><strong>quomodo</strong></span> <span class='ocrx_word' id='word_1_369' title='bbox 3335 2352 3506 2412; x_wconf 77' lang='lat' dir='ltr'><strong>habes</strong></span> <span class='ocrx_word' id='word_1_370' title='bbox 3551 2369 3751 2424; x_wconf 84' lang='lat' dir='ltr'><strong>aquam</strong></span> 
     </span>
    </p>
   </div>
   <div class='ocr_carea' id='block_1_53' title="bbox 2160 2431 3753 2512">
    <p class='ocr_par' dir='ltr' id='par_1_53' title="bbox 2160 2431 3753 2512">
     <span class='ocr_line' id='line_1_53' title="bbox 2160 2431 3753 2512; baseline 0.008 -26"><span class='ocrx_word' id='word_1_371' title='bbox 2160 2433 2382 2488; x_wconf 85' lang='lat' dir='ltr'><strong>vivam?</strong></span> <span class='ocrx_word' id='word_1_372' title='bbox 2409 2431 2516 2490; x_wconf 89' lang='lat' dir='ltr'><strong>Sed</strong></span> <span class='ocrx_word' id='word_1_373' title='bbox 2547 2451 2616 2492; x_wconf 92' lang='lat' dir='ltr'><strong>ne</strong></span> <span class='ocrx_word' id='word_1_374' title='bbox 2643 2436 2783 2498; x_wconf 87' lang='lat' dir='ltr'><strong>forte</strong></span> <span class='ocrx_word' id='word_1_375' title='bbox 2806 2439 2974 2501; x_wconf 81' lang='lat' dir='ltr'><strong>alium</strong></span> <span class='ocrx_word' id='word_1_376' title='bbox 2999 2438 3207 2506; x_wconf 81' lang='lat' dir='ltr'><strong>fontem</strong></span> <span class='ocrx_word' id='word_1_377' title='bbox 3243 2442 3570 2512; x_wconf 84' lang='lat' dir='ltr'><strong>promittere</strong></span> <span class='ocrx_word' id='word_1_378' title='bbox 3603 2444 3753 2499; x_wconf 86' lang='lat' dir='ltr'><strong>vide-</strong></span> 
     </span>
    </p>
   </div>
   <div class='ocr_carea' id='block_1_54' title="bbox 2161 2525 3752 2608">
    <p class='ocr_par' dir='ltr' id='par_1_54' title="bbox 2161 2525 3752 2608">
     <span class='ocr_line' id='line_1_54' title="bbox 2161 2525 3752 2608; baseline 0.009 -29"><span class='ocrx_word' id='word_1_379' title='bbox 2161 2534 2344 2591; x_wconf 88' lang='lat' dir='ltr'><strong>ret-ur,</strong></span> <span class='ocrx_word' id='word_1_380' title='bbox 2375 2525 2557 2590; x_wconf 83' lang='lat' dir='ltr'><strong>subdit</strong></span> <span class='ocrx_word' id='word_1_381' title='bbox 2594 2542 2607 2580; x_wconf 88' lang='lat'><strong>:</strong></span> <span class='ocrx_word' id='word_1_382' title='bbox 2640 2525 2892 2603; x_wconf 84' lang='lat' dir='ltr'><strong>Nunquid</strong></span> <span class='ocrx_word' id='word_1_383' title='bbox 2943 2539 2997 2588; x_wconf 86' lang='lat' dir='ltr'><strong>tu</strong></span> <span class='ocrx_word' id='word_1_384' title='bbox 3041 2532 3235 2590; x_wconf 88' lang='lat' dir='ltr'><strong>melior</strong></span> <span class='ocrx_word' id='word_1_385' title='bbox 3259 2547 3337 2599; x_wconf 85' lang='lat' dir='ltr'><strong>es,</strong></span> <span class='ocrx_word' id='word_1_386' title='bbox 3369 2534 3426 2594; x_wconf 86' lang='lat' dir='ltr'><strong>id</strong></span> <span class='ocrx_word' id='word_1_387' title='bbox 3465 2543 3552 2592; x_wconf 82' lang='lat' dir='ltr'><strong>est</strong></span> <span class='ocrx_word' id='word_1_388' title='bbox 3592 2547 3752 2608; x_wconf 83' lang='lat' dir='ltr'><strong>potes</strong></span> 
     </span>
    </p>
   </div>
   <div class='ocr_carea' id='block_1_55' title="bbox 2159 2617 3749 2694">
    <p class='ocr_par' dir='ltr' id='par_1_55' title="bbox 2159 2617 3749 2694">
     <span class='ocr_line' id='line_1_55' title="bbox 2159 2617 3749 2694; baseline 0.009 -24"><span class='ocrx_word' id='word_1_389' title='bbox 2159 2617 2348 2673; x_wconf 87' lang='lat' dir='ltr'><strong>melior</strong></span> <span class='ocrx_word' id='word_1_390' title='bbox 2383 2633 2505 2676; x_wconf 90' lang='lat' dir='ltr'><strong>esse</strong></span> <span class='ocrx_word' id='word_1_391' title='bbox 2531 2618 2700 2677; x_wconf 82' lang='lat' dir='ltr'><strong>Jacob</strong></span> <span class='ocrx_word' id='word_1_392' title='bbox 2725 2623 2816 2692; x_wconf 91' lang='lat' dir='ltr'><strong>qui</strong></span> <span class='ocrx_word' id='word_1_393' title='bbox 2849 2639 2975 2681; x_wconf 87' lang='lat' dir='ltr'><strong>cum</strong></span> <span class='ocrx_word' id='word_1_394' title='bbox 3007 2625 3122 2681; x_wconf 87' lang='lat' dir='ltr'><strong>suis</strong></span> <span class='ocrx_word' id='word_1_395' title='bbox 3147 2642 3280 2689; x_wconf 84' lang='lat' dir='ltr'><strong>usus</strong></span> <span class='ocrx_word' id='word_1_396' title='bbox 3311 2637 3395 2686; x_wconf 87' lang='lat' dir='ltr'><strong>est</strong></span> <span class='ocrx_word' id='word_1_397' title='bbox 3428 2629 3567 2694; x_wconf 84' lang='lat' dir='ltr'><strong>isto?</strong></span> <span class='ocrx_word' id='word_1_398' title='bbox 3597 2627 3749 2686; x_wconf 85' lang='lat' dir='ltr'><strong>Con-</strong></span> 
     </span>
    </p>
   </div>
   <div class='ocr_carea' id='block_1_56' title="bbox 2161 2714 3748 2787">
    <p class='ocr_par' dir='ltr' id='par_1_56' title="bbox 2161 2714 3748 2787">
     <span class='ocr_line' id='line_1_56' title="bbox 2161 2714 3748 2787; baseline 0.009 -23"><span class='ocrx_word' id='word_1_399' title='bbox 2161 2719 2240 2765; x_wconf 88' lang='lat' dir='ltr'><strong>tra</strong></span> <span class='ocrx_word' id='word_1_400' title='bbox 2271 2714 2413 2786; x_wconf 89' lang='lat' dir='ltr'><strong>quod</strong></span> <span class='ocrx_word' id='word_1_401' title='bbox 2449 2728 2582 2785; x_wconf 90' lang='lat' dir='ltr'><strong>ergo</strong></span> <span class='ocrx_word' id='word_1_402' title='bbox 2618 2726 2807 2787; x_wconf 87' lang='lat' dir='ltr'><strong>aperte</strong></span> <span class='ocrx_word' id='word_1_403' title='bbox 2832 2717 3086 2778; x_wconf 82' lang='lat' dir='ltr'><strong>Christus</strong></span> <span class='ocrx_word' id='word_1_404' title='bbox 3112 2721 3352 2786; x_wconf 78' lang='lat' dir='ltr'><strong>ostendit</strong></span> <span class='ocrx_word' id='word_1_405' title='bbox 3391 2737 3448 2780; x_wconf 85' lang='lat' dir='ltr'><strong>se</strong></span> <span class='ocrx_word' id='word_1_406' title='bbox 3482 2737 3592 2778; x_wconf 87' lang='lat' dir='ltr'><strong>non</strong></span> <span class='ocrx_word' id='word_1_407' title='bbox 3625 2739 3748 2779; x_wconf 81' lang='lat' dir='ltr'><strong>car-</strong></span> 
     </span>
    </p>
   </div>
   <div class='ocr_carea' id='block_1_57' title="bbox 2156 2797 3749 2886">
    <p class='ocr_par' dir='ltr' id='par_1_57' title="bbox 2156 2797 3749 2886">
     <span class='ocr_line' id='line_1_57' title="bbox 2156 2797 3749 2886; baseline 0.012 -33"><span class='ocrx_word' id='word_1_408' title='bbox 2156 2797 2371 2866; x_wconf 88' lang='lat' dir='ltr'><strong>naliter,</strong></span> <span class='ocrx_word' id='word_1_409' title='bbox 2425 2803 2519 2858; x_wconf 89' lang='lat' dir='ltr'><strong>sed</strong></span> <span class='ocrx_word' id='word_1_410' title='bbox 2565 2803 2926 2874; x_wconf 87' lang='lat' dir='ltr'><strong>spiritualiter</strong></span> <span class='ocrx_word' id='word_1_411' title='bbox 2979 2808 3146 2886; x_wconf 81' lang='lat' dir='ltr'><strong>loqui,</strong></span> <span class='ocrx_word' id='word_1_412' title='bbox 3203 2811 3390 2873; x_wconf 73' lang='lat' dir='ltr'><strong>dicetis</strong></span> <span class='ocrx_word' id='word_1_413' title='bbox 3432 2827 3543 2870; x_wconf 88' lang='lat' dir='ltr'><strong>non</strong></span> <span class='ocrx_word' id='word_1_414' title='bbox 3588 2814 3749 2872; x_wconf 77' lang='lat' dir='ltr'><strong>sitire</strong></span> 
     </span>
    </p>
   </div>
   <div class='ocr_carea' id='block_1_58' title="bbox 2156 2891 3062 2966">
    <p class='ocr_par' dir='ltr' id='par_1_58' title="bbox 2156 2891 3062 2966">
     <span class='ocr_line' id='line_1_58' title="bbox 2156 2891 3062 2966; baseline 0.012 -21"><span class='ocrx_word' id='word_1_415' title='bbox 2156 2907 2281 2946; x_wconf 92' lang='lat' dir='ltr'><strong>eum</strong></span> <span class='ocrx_word' id='word_1_416' title='bbox 2305 2891 2397 2964; x_wconf 90' lang='lat' dir='ltr'><strong>qui</strong></span> <span class='ocrx_word' id='word_1_417' title='bbox 2429 2908 2584 2950; x_wconf 91' lang='lat' dir='ltr'><strong>suam</strong></span> <span class='ocrx_word' id='word_1_418' title='bbox 2617 2911 2815 2966; x_wconf 88' lang='lat' dir='ltr'><strong>aquam</strong></span> <span class='ocrx_word' id='word_1_419' title='bbox 2845 2898 3062 2958; x_wconf 88' lang='lat' dir='ltr'><strong>biberit.</strong></span> 
     </span>
    </p>
   </div>
   <div class='ocr_carea' id='block_1_59' title="bbox 2226 2979 3745 3068">
    <p class='ocr_par' dir='ltr' id='par_1_59' title="bbox 2226 2979 3745 3068">
     <span class='ocr_line' id='line_1_59' title="bbox 2226 2979 3745 3068; baseline 0.013 -30"><span class='ocrx_word' id='word_1_420' title='bbox 2226 2979 2392 3040; x_wconf 75' lang='lat' dir='ltr'><strong>Vsus.</strong></span> <span class='ocrx_word' id='word_1_421' title='bbox 2424 2985 2849 3060; x_wconf 75' lang='lat' dir='ltr'><strong>12.——Nunquid</strong></span> <span class='ocrx_word' id='word_1_422' title='bbox 2879 3000 2954 3046; x_wconf 86' lang='lat' dir='ltr'><strong>tu.</strong></span> <span class='ocrx_word' id='word_1_423' title='bbox 2986 2991 3306 3068; x_wconf 77' lang='lat' dir='ltr'><strong>Alienigena</strong></span> <span class='ocrx_word' id='word_1_424' title='bbox 3338 2993 3506 3057; x_wconf 66' lang='lat' dir='ltr'><strong>Iacob</strong></span> <span class='ocrx_word' id='word_1_425' title='bbox 3531 3006 3745 3068; x_wconf 79' lang='lat' dir='ltr'><strong>patrem</strong></span> 
     </span>
    </p>
   </div>
   <div class='ocr_carea' id='block_1_60' title="bbox 2154 3079 3746 3162">
    <p class='ocr_par' dir='ltr' id='par_1_60' title="bbox 2154 3079 3746 3162">
     <span class='ocr_line' id='line_1_60' title="bbox 2154 3079 3746 3162; baseline 0.011 -33"><span class='ocrx_word' id='word_1_426' title='bbox 2154 3091 2312 3134; x_wconf 89' lang='lat' dir='ltr'><strong>suum</strong></span> <span class='ocrx_word' id='word_1_427' title='bbox 2336 3085 2514 3146; x_wconf 90' lang='lat' dir='ltr'><strong>vocat,</strong></span> <span class='ocrx_word' id='word_1_428' title='bbox 2539 3079 2664 3150; x_wconf 91' lang='lat' dir='ltr'><strong>quia</strong></span> <span class='ocrx_word' id='word_1_429' title='bbox 2692 3079 2805 3154; x_wconf 86' lang='lat' dir='ltr'><strong>ipsa</strong></span> <span class='ocrx_word' id='word_1_430' title='bbox 2830 3082 2930 3144; x_wconf 86' lang='lat' dir='ltr'><strong>sub</strong></span> <span class='ocrx_word' id='word_1_431' title='bbox 2953 3082 3069 3153; x_wconf 83' lang='lat' dir='ltr'><strong>lege</strong></span> <span class='ocrx_word' id='word_1_432' title='bbox 3089 3083 3260 3158; x_wconf 58' lang='lat' dir='ltr'><strong>Moysi</strong></span> <span class='ocrx_word' id='word_1_433' title='bbox 3281 3087 3516 3154; x_wconf 81' lang='lat' dir='ltr'><strong>vixerat,</strong></span> <span class='ocrx_word' id='word_1_434' title='bbox 3536 3097 3593 3144; x_wconf 84' lang='lat' dir='ltr'><strong>et</strong></span> <span class='ocrx_word' id='word_1_435' title='bbox 3610 3104 3746 3162; x_wconf 65' lang='lat' dir='ltr'><strong>pm</strong></span> 
     </span>
    </p>
   </div>
   <div class='ocr_carea' id='block_1_61' title="bbox 2154 3165 3541 3252">
    <p class='ocr_par' dir='ltr' id='par_1_61' title="bbox 2154 3165 3541 3252">
     <span class='ocr_line' id='line_1_61' title="bbox 2154 3165 3541 3252; baseline 0.009 -30"><span class='ocrx_word' id='word_1_436' title='bbox 2154 3165 2298 3223; x_wconf 89' lang='lat' dir='ltr'><strong>dium</strong></span> <span class='ocrx_word' id='word_1_437' title='bbox 2321 3171 2465 3240; x_wconf 87' lang='lat' dir='ltr'><strong>quod</strong></span> <span class='ocrx_word' id='word_1_438' title='bbox 2489 3169 2658 3228; x_wconf 88' lang='lat' dir='ltr'><strong>Jacoh</strong></span> <span class='ocrx_word' id='word_1_439' title='bbox 2683 3171 2792 3231; x_wconf 83' lang='lat' dir='ltr'><strong>lilio</strong></span> <span class='ocrx_word' id='word_1_440' title='bbox 2823 3189 2924 3230; x_wconf 91' lang='lat' dir='ltr'><strong>suo</strong></span> <span class='ocrx_word' id='word_1_441' title='bbox 2945 3175 3188 3244; x_wconf 85' lang='lat' dir='ltr'><strong>dederat,</strong></span> <span class='ocrx_word' id='word_1_442' title='bbox 3209 3179 3541 3252; x_wconf 81' lang='lat' dir='ltr'><strong>possidebat.</strong></span> 
     </span>
    </p>
   </div>
   <div class='ocr_carea' id='block_1_62' title="bbox 2225 3259 3745 3343">
    <p class='ocr_par' dir='ltr' id='par_1_62' title="bbox 2225 3259 3745 3343">
     <span class='ocr_line' id='line_1_62' title="bbox 2225 3259 3745 3343; baseline 0.013 -30"><span class='ocrx_word' id='word_1_443' title='bbox 2225 3259 2406 3332; x_wconf 82' lang='lat' dir='ltr'><strong>(Auc.)</strong></span> <span class='ocrx_word' id='word_1_444' title='bbox 2439 3262 2730 3320; x_wconf 84' lang='lat' dir='ltr'><strong>Vaseulum</strong></span> <span class='ocrx_word' id='word_1_445' title='bbox 2755 3267 3048 3336; x_wconf 84' lang='lat' dir='ltr'><strong>cupiditas,</strong></span> <span class='ocrx_word' id='word_1_446' title='bbox 3077 3283 3218 3340; x_wconf 77' lang='lat' dir='ltr'><strong>aqua</strong></span> <span class='ocrx_word' id='word_1_447' title='bbox 3259 3270 3526 3343; x_wconf 82' lang='lat' dir='ltr'><strong>voluptas,</strong></span> <span class='ocrx_word' id='word_1_448' title='bbox 3559 3273 3745 3333; x_wconf 79' lang='lat' dir='ltr'><strong>reﬁci-</strong></span> 
     </span>
    </p>
   </div>
   <div class='ocr_carea' id='block_1_63' title="bbox 463 3356 2047 3445">
    <p class='ocr_par' dir='ltr' id='par_1_63' title="bbox 463 3356 2047 3445">
     <span class='ocr_line' id='line_1_63' title="bbox 463 3356 2047 3445; baseline 0.007 -20"><span class='ocrx_word' id='word_1_449' title='bbox 463 3371 560 3436; x_wconf 85' lang='lat' dir='ltr'><strong>nit,</strong></span> <span class='ocrx_word' id='word_1_450' title='bbox 599 3381 795 3443; x_wconf 84' lang='lat' dir='ltr'><strong>puteus.</strong></span> <span class='ocrx_word' id='word_1_451' title='bbox 839 3373 1181 3444; x_wconf 78' lang='lat' dir='ltr'><strong>profunditas</strong></span> <span class='ocrx_word' id='word_1_452' title='bbox 1234 3375 1394 3445; x_wconf 78' lang='lat' dir='ltr'><strong>hujus</strong></span> <span class='ocrx_word' id='word_1_453' title='bbox 1449 3377 1654 3432; x_wconf 62' lang='lat' dir='ltr'><strong>sreculi.</strong></span> <span class='ocrx_word' id='word_1_454' title='bbox 1703 3356 2047 3436; x_wconf 86' lang='lat' dir='ltr'><strong>Samaritana</strong></span> 
     </span>
    </p>
   </div>
   <div class='ocr_carea' id='block_1_64' title="bbox 2166 3356 2810 3445">
    <p class='ocr_par' dir='ltr' id='par_1_64' title="bbox 2166 3356 2810 3428">
     <span class='ocr_line' id='line_1_64' title="bbox 2166 3356 2810 3428; baseline 0.011 -23"><span class='ocrx_word' id='word_1_455' title='bbox 2166 3365 2259 3419; x_wconf 62' lang='lat' dir='ltr'><strong>‘.ur,</strong></span> <span class='ocrx_word' id='word_1_456' title='bbox 2293 3369 2398 3408; x_wconf 92' lang='lat' dir='ltr'><strong>non</strong></span> <span class='ocrx_word' id='word_1_457' title='bbox 2427 3356 2810 3428; x_wconf 83' lang='lat' dir='ltr'><strong>exstinguitur.</strong></span> 
     </span>
    </p>
   </div>
   <div class='ocr_carea' id='block_1_65' title="bbox 460 3463 2049 3544">
    <p class='ocr_par' dir='ltr' id='par_1_65' title="bbox 460 3463 2049 3544">
     <span class='ocr_line' id='line_1_65' title="bbox 460 3463 2049 3544; baseline 0.008 -26"><span class='ocrx_word' id='word_1_458' title='bbox 460 3463 704 3527; x_wconf 81' lang='lat' dir='ltr'><strong>Ecclesia</strong></span> <span class='ocrx_word' id='word_1_459' title='bbox 731 3467 878 3522; x_wconf 87' lang='lat' dir='ltr'><strong>venit</strong></span> <span class='ocrx_word' id='word_1_460' title='bbox 913 3481 1020 3522; x_wconf 89' lang='lat' dir='ltr'><strong>non</strong></span> <span class='ocrx_word' id='word_1_461' title='bbox 1043 3467 1155 3536; x_wconf 86' lang='lat' dir='ltr'><strong>jam</strong></span> <span class='ocrx_word' id='word_1_462' title='bbox 1173 3467 1342 3536; x_wconf 79' lang='lat' dir='ltr'><strong>iusta,</strong></span> <span class='ocrx_word' id='word_1_463' title='bbox 1371 3469 1464 3526; x_wconf 90' lang='lat' dir='ltr'><strong>sed</strong></span> <span class='ocrx_word' id='word_1_464' title='bbox 1487 3467 1866 3538; x_wconf 85' lang='lat' dir='ltr'><strong>justilicanda.</strong></span> <span class='ocrx_word' id='word_1_465' title='bbox 1893 3473 2049 3544; x_wconf 82' lang='lat' dir='ltr'><strong>Aqua</strong></span> 
     </span>
    </p>
   </div>
   <div class='ocr_carea' id='block_1_66' title="bbox 459 3555 2050 3635">
    <p class='ocr_par' dir='ltr' id='par_1_66' title="bbox 459 3555 2050 3635">
     <span class='ocr_line' id='line_1_66' title="bbox 459 3555 2050 3635; baseline 0.01 -29"><span class='ocrx_word' id='word_1_466' title='bbox 459 3555 606 3626; x_wconf 88' lang='lat' dir='ltr'><strong>putei</strong></span> <span class='ocrx_word' id='word_1_467' title='bbox 634 3555 886 3616; x_wconf 87' lang='lat' dir='ltr'><strong>voluntas</strong></span> <span class='ocrx_word' id='word_1_468' title='bbox 913 3557 1075 3628; x_wconf 87' lang='lat' dir='ltr'><strong>hujus</strong></span> <span class='ocrx_word' id='word_1_469' title='bbox 1097 3559 1302 3624; x_wconf 85' lang='lat' dir='ltr'><strong>saeculi,</strong></span> <span class='ocrx_word' id='word_1_470' title='bbox 1343 3575 1464 3630; x_wconf 67' lang='lat' dir='ltr'><strong>qua:</strong></span> <span class='ocrx_word' id='word_1_471' title='bbox 1497 3563 1654 3632; x_wconf 80' lang='lat' dir='ltr'><strong>quasi</strong></span> <span class='ocrx_word' id='word_1_472' title='bbox 1681 3563 1749 3618; x_wconf 89' lang='lat' dir='ltr'><strong>de</strong></span> <span class='ocrx_word' id='word_1_473' title='bbox 1785 3565 2050 3635; x_wconf 83' lang='lat' dir='ltr'><strong>profundo</strong></span> 
     </span>
    </p>
   </div>
   <div class='ocr_carea' id='block_1_67' title="bbox 462 3644 2054 3730">
    <p class='ocr_par' dir='ltr' id='par_1_67' title="bbox 462 3644 2054 3730">
     <span class='ocr_line' id='line_1_67' title="bbox 462 3644 2054 3730; baseline 0.008 -32"><span class='ocrx_word' id='word_1_474' title='bbox 462 3644 772 3701; x_wconf 84' lang='lat' dir='ltr'><strong>extrahitur</strong></span> <span class='ocrx_word' id='word_1_475' title='bbox 797 3646 1084 3704; x_wconf 82' lang='lat' dir='ltr'><strong>submissis</strong></span> <span class='ocrx_word' id='word_1_476' title='bbox 1107 3655 1164 3708; x_wconf 86' lang='lat' dir='ltr'><strong>et</strong></span> <span class='ocrx_word' id='word_1_477' title='bbox 1187 3647 1459 3706; x_wconf 82' lang='lat' dir='ltr'><strong>inclinatis</strong></span> <span class='ocrx_word' id='word_1_478' title='bbox 1480 3651 1548 3706; x_wconf 87' lang='lat' dir='ltr'><strong>ad</strong></span> <span class='ocrx_word' id='word_1_479' title='bbox 1567 3667 1690 3706; x_wconf 89' lang='lat' dir='ltr'><strong>eam</strong></span> <span class='ocrx_word' id='word_1_480' title='bbox 1717 3653 2054 3730; x_wconf 65' lang='lat' dir='ltr'><strong>hominibus,</strong></span> 
     </span>
    </p>
   </div>
   <div class='ocr_carea' id='block_1_68' title="bbox 460 3741 2045 3820">
    <p class='ocr_par' dir='ltr' id='par_1_68' title="bbox 460 3741 2045 3820">
     <span class='ocr_line' id='line_1_68' title="bbox 460 3741 2045 3820; baseline 0.006 -24"><span class='ocrx_word' id='word_1_481' title='bbox 460 3741 738 3812; x_wconf 50' lang='lat' dir='ltr'><strong>praemissa</strong></span> <span class='ocrx_word' id='word_1_482' title='bbox 775 3742 1072 3814; x_wconf 88' lang='lat' dir='ltr'><strong>cupiditate</strong></span> <span class='ocrx_word' id='word_1_483' title='bbox 1115 3745 1270 3814; x_wconf 87' lang='lat' dir='ltr'><strong>quasi</strong></span> <span class='ocrx_word' id='word_1_484' title='bbox 1317 3747 1528 3820; x_wconf 83' lang='lat' dir='ltr'><strong>hydria.</strong></span> <span class='ocrx_word' id='word_1_485' title='bbox 1582 3747 1830 3805; x_wconf 82' lang='lat' dir='ltr'><strong>Sedebat.</strong></span> <span class='ocrx_word' id='word_1_486' title='bbox 1879 3750 2045 3818; x_wconf 81' lang='lat' dir='ltr'><strong>Quasi</strong></span> 
     </span>
    </p>
   </div>
   <div class='ocr_carea' id='block_1_69' title="bbox 465 3829 2048 3912">
    <p class='ocr_par' dir='ltr' id='par_1_69' title="bbox 465 3829 2048 3912">
     <span class='ocr_line' id='line_1_69' title="bbox 465 3829 2048 3912; baseline 0.009 -28"><span class='ocrx_word' id='word_1_487' title='bbox 465 3829 844 3890; x_wconf 86' lang='lat' dir='ltr'><strong>lassitudinem</strong></span> <span class='ocrx_word' id='word_1_488' title='bbox 869 3833 1116 3891; x_wconf 88' lang='lat' dir='ltr'><strong>relevans</strong></span> <span class='ocrx_word' id='word_1_489' title='bbox 1149 3837 1203 3891; x_wconf 90' lang='lat' dir='ltr'><strong>in</strong></span> <span class='ocrx_word' id='word_1_490' title='bbox 1236 3852 1344 3909; x_wconf 87' lang='lat' dir='ltr'><strong>quo</strong></span> <span class='ocrx_word' id='word_1_491' title='bbox 1365 3838 1638 3896; x_wconf 87' lang='lat' dir='ltr'><strong>indicatur</strong></span> <span class='ocrx_word' id='word_1_492' title='bbox 1666 3841 1924 3912; x_wconf 81' lang='lat' dir='ltr'><strong>magister</strong></span> <span class='ocrx_word' id='word_1_493' title='bbox 1952 3844 2048 3900; x_wconf 89' lang='lat' dir='ltr'><strong>do-</strong></span> 
     </span>
    </p>
   </div>
   <div class='ocr_carea' id='block_1_70' title="bbox 464 3926 2044 4003">
    <p class='ocr_par' dir='ltr' id='par_1_70' title="bbox 464 3926 2044 4003">
     <span class='ocr_line' id='line_1_70' title="bbox 464 3926 2044 4003; baseline 0.011 -27"><span class='ocrx_word' id='word_1_494' title='bbox 464 3931 656 3978; x_wconf 88' lang='lat' dir='ltr'><strong>cturus</strong></span> <span class='ocrx_word' id='word_1_495' title='bbox 679 3926 998 3982; x_wconf 86' lang='lat' dir='ltr'><strong>accedentes</strong></span> <span class='ocrx_word' id='word_1_496' title='bbox 1018 3937 1074 3983; x_wconf 90' lang='lat' dir='ltr'><strong>et</strong></span> <span class='ocrx_word' id='word_1_497' title='bbox 1101 3944 1468 3999; x_wconf 90' lang='lat' dir='ltr'><strong>possessurus.</strong></span> <span class='ocrx_word' id='word_1_498' title='bbox 1499 3931 1694 4003; x_wconf 81' lang='lat' dir='ltr'><strong>Supra.</strong></span> <span class='ocrx_word' id='word_1_499' title='bbox 1727 3933 1876 3992; x_wconf 89' lang='lat' dir='ltr'><strong>Fons</strong></span> <span class='ocrx_word' id='word_1_500' title='bbox 1907 3937 2044 3994; x_wconf 88' lang='lat' dir='ltr'><strong>dici-</strong></span> 
     </span>
    </p>
   </div>
   <div class='ocr_carea' id='block_1_71' title="bbox 464 4017 2046 4100">
    <p class='ocr_par' dir='ltr' id='par_1_71' title="bbox 464 4017 2046 4100">
     <span class='ocr_line' id='line_1_71' title="bbox 464 4017 2046 4100; baseline 0.01 -31"><span class='ocrx_word' id='word_1_501' title='bbox 464 4023 556 4070; x_wconf 90' lang='lat' dir='ltr'><strong>tur</strong></span> <span class='ocrx_word' id='word_1_502' title='bbox 584 4017 888 4089; x_wconf 90' lang='lat' dir='ltr'><strong>ubicunque</strong></span> <span class='ocrx_word' id='word_1_503' title='bbox 918 4029 1106 4076; x_wconf 84' lang='lat' dir='ltr'><strong>manat</strong></span> <span class='ocrx_word' id='word_1_504' title='bbox 1135 4037 1275 4093; x_wconf 81' lang='lat' dir='ltr'><strong>aqua</strong></span> <span class='ocrx_word' id='word_1_505' title='bbox 1305 4024 1371 4079; x_wconf 79' lang='lat' dir='ltr'><strong>de</strong></span> <span class='ocrx_word' id='word_1_506' title='bbox 1393 4033 1560 4092; x_wconf 84' lang='lat' dir='ltr'><strong>terra,</strong></span> <span class='ocrx_word' id='word_1_507' title='bbox 1585 4026 1677 4081; x_wconf 90' lang='lat' dir='ltr'><strong>sed</strong></span> <span class='ocrx_word' id='word_1_508' title='bbox 1705 4027 1749 4082; x_wconf 91' lang='lat' dir='ltr'><strong>si</strong></span> <span class='ocrx_word' id='word_1_509' title='bbox 1780 4027 1834 4083; x_wconf 91' lang='lat' dir='ltr'><strong>in</strong></span> <span class='ocrx_word' id='word_1_510' title='bbox 1857 4044 2046 4100; x_wconf 83' lang='lat' dir='ltr'><strong>super-</strong></span> 
     </span>
    </p>
   </div>
   <div class='ocr_carea' id='block_1_72' title="bbox 457 4107 2046 4196">
    <p class='ocr_par' dir='ltr' id='par_1_72' title="bbox 457 4107 2046 4196">
     <span class='ocr_line' id='line_1_72' title="bbox 457 4107 2046 4196; baseline 0.011 -36"><span class='ocrx_word' id='word_1_511' title='bbox 457 4107 581 4164; x_wconf 84' lang='lat' dir='ltr'><strong>ﬁcie</strong></span> <span class='ocrx_word' id='word_1_512' title='bbox 607 4107 727 4165; x_wconf 88' lang='lat' dir='ltr'><strong>fons</strong></span> <span class='ocrx_word' id='word_1_513' title='bbox 749 4119 982 4180; x_wconf 86' lang='lat' dir='ltr'><strong>tantum,</strong></span> <span class='ocrx_word' id='word_1_514' title='bbox 1021 4113 1068 4174; x_wconf 73' lang='lat' dir='ltr'><strong>si</strong></span> <span class='ocrx_word' id='word_1_515' title='bbox 1099 4114 1154 4170; x_wconf 92' lang='lat' dir='ltr'><strong>in</strong></span> <span class='ocrx_word' id='word_1_516' title='bbox 1194 4115 1466 4196; x_wconf 86' lang='lat' dir='ltr'><strong>profundo</strong></span> <span class='ocrx_word' id='word_1_517' title='bbox 1511 4118 1676 4174; x_wconf 90' lang='lat' dir='ltr'><strong>etiam</strong></span> <span class='ocrx_word' id='word_1_518' title='bbox 1709 4120 1907 4180; x_wconf 92' lang='lat' dir='ltr'><strong>dicitur</strong></span> <span class='ocrx_word' id='word_1_519' title='bbox 1945 4138 2046 4194; x_wconf 86' lang='lat' dir='ltr'><strong>pu-</strong></span> 
     </span>
    </p>
   </div>
   <div class='ocr_carea' id='block_1_73' title="bbox 457 4207 595 4255">
    <p class='ocr_par' dir='ltr' id='par_1_73' title="bbox 457 4207 595 4255">
     <span class='ocr_line' id='line_1_73' title="bbox 457 4207 595 4255; baseline 0.022 -3"><span class='ocrx_word' id='word_1_520' title='bbox 457 4207 595 4255; x_wconf 89' lang='lat' dir='ltr'><strong>teus.</strong></span> 
     </span>
    </p>
   </div>
   <div class='ocr_carea' id='block_1_74' title="bbox 534 4289 2037 4376">
    <p class='ocr_par' dir='ltr' id='par_1_74' title="bbox 534 4289 2037 4376">
     <span class='ocr_line' id='line_1_74' title="bbox 534 4289 2037 4376; baseline 0.013 -32"><span class='ocrx_word' id='word_1_521' title='bbox 534 4289 697 4348; x_wconf 76' lang='lat' dir='ltr'><strong>Vnus.</strong></span> <span class='ocrx_word' id='word_1_522' title='bbox 729 4293 869 4348; x_wconf 89' lang='grc'><strong>7.-</strong></span> <span class='ocrx_word' id='word_1_523' title='bbox 892 4291 1064 4351; x_wconf 80' lang='lat' dir='ltr'><strong>Venit.</strong></span> <span class='ocrx_word' id='word_1_524' title='bbox 1097 4295 1154 4352; x_wconf 89' lang='lat' dir='ltr'><strong>ln</strong></span> <span class='ocrx_word' id='word_1_525' title='bbox 1187 4297 1358 4369; x_wconf 78' lang='lat' dir='ltr'><strong>figura</strong></span> <span class='ocrx_word' id='word_1_526' title='bbox 1388 4301 1644 4358; x_wconf 69' lang='lat' dir='ltr'><strong>Ecclesia:</strong></span> <span class='ocrx_word' id='word_1_527' title='bbox 1669 4303 1738 4358; x_wconf 89' lang='lat' dir='ltr'><strong>de</strong></span> <span class='ocrx_word' id='word_1_528' title='bbox 1767 4305 2037 4376; x_wconf 88' lang='lat' dir='ltr'><strong>gentibus,</strong></span> 
     </span>
    </p>
   </div>
   <div class='ocr_carea' id='block_1_75' title="bbox 454 4385 2041 4464">
    <p class='ocr_par' dir='ltr' id='par_1_75' title="bbox 454 4385 2041 4464">
     <span class='ocr_line' id='line_1_75' title="bbox 454 4385 2041 4464; baseline 0.012 -28"><span class='ocrx_word' id='word_1_529' title='bbox 454 4399 576 4456; x_wconf 80' lang='lat' dir='ltr'><strong>quae</strong></span> <span class='ocrx_word' id='word_1_530' title='bbox 607 4385 758 4456; x_wconf 90' lang='lat' dir='ltr'><strong>prius</strong></span> <span class='ocrx_word' id='word_1_531' title='bbox 795 4387 1082 4442; x_wconf 88' lang='lat' dir='ltr'><strong>hauriebat</strong></span> <span class='ocrx_word' id='word_1_532' title='bbox 1121 4405 1339 4459; x_wconf 87' lang='lat' dir='ltr'><strong>aquam,</strong></span> <span class='ocrx_word' id='word_1_533' title='bbox 1383 4393 1433 4447; x_wconf 88' lang='lat' dir='ltr'><strong>id</strong></span> <span class='ocrx_word' id='word_1_534' title='bbox 1474 4401 1557 4448; x_wconf 89' lang='lat' dir='ltr'><strong>est</strong></span> <span class='ocrx_word' id='word_1_535' title='bbox 1586 4395 1914 4464; x_wconf 89' lang='lat' dir='ltr'><strong>voluptatem</strong></span> <span class='ocrx_word' id='word_1_536' title='bbox 1975 4401 2041 4456; x_wconf 84' lang='lat' dir='ltr'><strong>de</strong></span> 
     </span>
    </p>
   </div>
   <div class='ocr_carea' id='block_1_76' title="bbox 459 4473 2040 4558">
    <p class='ocr_par' dir='ltr' id='par_1_76' title="bbox 459 4473 2040 4558">
     <span class='ocr_line' id='line_1_76' title="bbox 459 4473 2040 4558; baseline 0.011 -31"><span class='ocrx_word' id='word_1_537' title='bbox 459 4473 731 4546; x_wconf 86' lang='lat' dir='ltr'><strong>profundo</strong></span> <span class='ocrx_word' id='word_1_538' title='bbox 761 4475 945 4532; x_wconf 84' lang='lat' dir='ltr'><strong>saeculi</strong></span> <span class='ocrx_word' id='word_1_539' title='bbox 995 4477 1151 4549; x_wconf 88' lang='lat' dir='ltr'><strong>cujus</strong></span> <span class='ocrx_word' id='word_1_540' title='bbox 1179 4479 1341 4536; x_wconf 80' lang='lat' dir='ltr'><strong>iidem</strong></span> <span class='ocrx_word' id='word_1_541' title='bbox 1369 4482 1483 4538; x_wconf 90' lang='lat' dir='ltr'><strong>sitit</strong></span> <span class='ocrx_word' id='word_1_542' title='bbox 1527 4481 1686 4541; x_wconf 83' lang='lat' dir='ltr'><strong>Jesus</strong></span> <span class='ocrx_word' id='word_1_543' title='bbox 1715 4493 1769 4541; x_wconf 89' lang='lat' dir='ltr'><strong>et</strong></span> <span class='ocrx_word' id='word_1_544' title='bbox 1810 4491 1945 4558; x_wconf 86' lang='lat' dir='ltr'><strong>petit</strong></span> <span class='ocrx_word' id='word_1_545' title='bbox 1971 4489 2040 4544; x_wconf 84' lang='lat' dir='ltr'><strong>ab</strong></span> 
     </span>
    </p>
   </div>
   <div class='ocr_carea' id='block_1_77' title="bbox 451 4569 744 4638">
    <p class='ocr_par' dir='ltr' id='par_1_77' title="bbox 451 4569 744 4638">
     <span class='ocr_line' id='line_1_77' title="bbox 451 4569 744 4638; baseline 0.01 -17"><span class='ocrx_word' id='word_1_546' title='bbox 451 4581 516 4622; x_wconf 89' lang='lat' dir='ltr'><strong>ea</strong></span> <span class='ocrx_word' id='word_1_547' title='bbox 547 4569 744 4638; x_wconf 88' lang='lat' dir='ltr'><strong>potari.</strong></span> 
     </span>
    </p>
   </div>
   <div class='ocr_carea' id='block_1_78' title="bbox 523 4659 2037 4742">
    <p class='ocr_par' dir='ltr' id='par_1_78' title="bbox 523 4659 2037 4742">
     <span class='ocr_line' id='line_1_78' title="bbox 523 4659 2037 4742; baseline 0.008 -26"><span class='ocrx_word' id='word_1_548' title='bbox 523 4659 742 4732; x_wconf 56' lang='lat' dir='ltr'><strong>(Gesta)</strong></span> <span class='ocrx_word' id='word_1_549' title='bbox 769 4661 866 4718; x_wconf 91' lang='lat' dir='ltr'><strong>Vel</strong></span> <span class='ocrx_word' id='word_1_550' title='bbox 913 4659 1128 4730; x_wconf 88' lang='lat' dir='ltr'><strong>mulier,</strong></span> <span class='ocrx_word' id='word_1_551' title='bbox 1161 4663 1213 4718; x_wconf 91' lang='lat' dir='ltr'><strong>id</strong></span> <span class='ocrx_word' id='word_1_552' title='bbox 1250 4674 1335 4724; x_wconf 88' lang='lat' dir='ltr'><strong>est</strong></span> <span class='ocrx_word' id='word_1_553' title='bbox 1377 4664 1684 4740; x_wconf 86' lang='lat' dir='ltr'><strong>Synagoga,</strong></span> <span class='ocrx_word' id='word_1_554' title='bbox 1727 4687 1848 4742; x_wconf 87' lang='lat' dir='ltr'><strong>quae</strong></span> <span class='ocrx_word' id='word_1_555' title='bbox 1889 4673 2037 4730; x_wconf 87' lang='lat' dir='ltr'><strong>venit</strong></span> 
     </span>
    </p>
   </div>
   <div class='ocr_carea' id='block_1_79' title="bbox 448 4754 2030 4830">
    <p class='ocr_par' dir='ltr' id='par_1_79' title="bbox 448 4754 2030 4830">
     <span class='ocr_line' id='line_1_79' title="bbox 448 4754 2030 4830; baseline 0.01 -22"><span class='ocrx_word' id='word_1_556' title='bbox 448 4754 670 4810; x_wconf 89' lang='lat' dir='ltr'><strong>haurire</strong></span> <span class='ocrx_word' id='word_1_557' title='bbox 690 4769 910 4826; x_wconf 90' lang='lat' dir='ltr'><strong>aquam,</strong></span> <span class='ocrx_word' id='word_1_558' title='bbox 933 4764 1064 4825; x_wconf 86' lang='lat' dir='ltr'><strong>etc.,</strong></span> <span class='ocrx_word' id='word_1_559' title='bbox 1089 4775 1250 4829; x_wconf 78' lang='lat' dir='ltr'><strong>usque</strong></span> <span class='ocrx_word' id='word_1_560' title='bbox 1271 4760 1340 4812; x_wconf 90' lang='lat' dir='ltr'><strong>ad</strong></span> <span class='ocrx_word' id='word_1_561' title='bbox 1357 4761 1688 4830; x_wconf 83' lang='lat' dir='ltr'><strong>primitivum</strong></span> <span class='ocrx_word' id='word_1_562' title='bbox 1712 4765 2030 4824; x_wconf 78' lang='lat' dir='ltr'><strong>Ecclesium.</strong></span> 
     </span>
    </p>
   </div>
   <div class='ocr_carea' id='block_1_80' title="bbox 521 4845 2066 4934">
    <p class='ocr_par' dir='ltr' id='par_1_80' title="bbox 521 4845 2066 4934">
     <span class='ocr_line' id='line_1_80' title="bbox 521 4845 2066 4934; baseline 0.01 -34"><span class='ocrx_word' id='word_1_563' title='bbox 521 4847 602 4900; x_wconf 85' lang='lat' dir='ltr'><strong>Da</strong></span> <span class='ocrx_word' id='word_1_564' title='bbox 638 4847 786 4902; x_wconf 85' lang='lat' dir='ltr'><strong>mihi.</strong></span> <span class='ocrx_word' id='word_1_565' title='bbox 819 4845 978 4910; x_wconf 73' lang='lat' dir='ltr'><strong>Iesus</strong></span> <span class='ocrx_word' id='word_1_566' title='bbox 1021 4852 1214 4910; x_wconf 85' lang='lat' dir='ltr'><strong>sedens</strong></span> <span class='ocrx_word' id='word_1_567' title='bbox 1252 4869 1415 4924; x_wconf 79' lang='lat' dir='ltr'><strong>supra</strong></span> <span class='ocrx_word' id='word_1_568' title='bbox 1459 4855 1662 4912; x_wconf 88' lang='lat' dir='ltr'><strong>fontem</strong></span> <span class='ocrx_word' id='word_1_569' title='bbox 1685 4861 1819 4930; x_wconf 88' lang='lat' dir='ltr'><strong>petit</strong></span> <span class='ocrx_word' id='word_1_570' title='bbox 1861 4878 1894 4920; x_wconf 86' lang='lat' dir='ltr'><strong>a</strong></span> <span class='ocrx_word' id='word_1_571' title='bbox 1922 4863 2032 4934; x_wconf 87' lang='lat' dir='ltr'><strong>pri-</strong></span> <span class='ocrx_word' id='word_1_572' title='bbox 2061 4859 2066 4866; x_wconf 88' lang='grc'><em>’</em></span> 
     </span>
    </p>
   </div>
   <div class='ocr_carea' id='block_1_81' title="bbox 453 4939 2026 5022">
    <p class='ocr_par' dir='ltr' id='par_1_81' title="bbox 453 4939 2026 5022">
     <span class='ocr_line' id='line_1_81' title="bbox 453 4939 2026 5022; baseline 0.01 -28"><span class='ocrx_word' id='word_1_573' title='bbox 453 4941 644 4994; x_wconf 89' lang='lat' dir='ltr'><strong>mitiva</strong></span> <span class='ocrx_word' id='word_1_574' title='bbox 687 4939 930 4996; x_wconf 88' lang='lat' dir='ltr'><strong>Ecclesia</strong></span> <span class='ocrx_word' id='word_1_575' title='bbox 972 4959 1131 5012; x_wconf 90' lang='lat' dir='ltr'><strong>quam</strong></span> <span class='ocrx_word' id='word_1_576' title='bbox 1172 4945 1237 5000; x_wconf 87' lang='lat' dir='ltr'><strong>de</strong></span> <span class='ocrx_word' id='word_1_577' title='bbox 1271 4947 1520 5018; x_wconf 81' lang='lat' dir='ltr'><strong>gentibus</strong></span> <span class='ocrx_word' id='word_1_578' title='bbox 1551 4951 1790 5022; x_wconf 72' lang='lat' dir='ltr'><strong>elegerat</strong></span> <span class='ocrx_word' id='word_1_579' title='bbox 1841 4961 2026 5022; x_wconf 85' lang='lat' dir='ltr'><strong>potum</strong></span> 
     </span>
    </p>
   </div>
   <div class='ocr_carea' id='block_1_82' title="bbox 450 5031 2029 5113">
    <p class='ocr_par' dir='ltr' id='par_1_82' title="bbox 450 5031 2029 5113">
     <span class='ocr_line' id='line_1_82' title="bbox 450 5031 2029 5113; baseline 0.008 -27"><span class='ocrx_word' id='word_1_580' title='bbox 450 5031 594 5096; x_wconf 77' lang='lat' dir='ltr'><strong>fidei,</strong></span> <span class='ocrx_word' id='word_1_581' title='bbox 620 5049 724 5104; x_wconf 89' lang='lat' dir='ltr'><strong>qua</strong></span> <span class='ocrx_word' id='word_1_582' title='bbox 750 5033 804 5087; x_wconf 92' lang='lat' dir='ltr'><strong>in</strong></span> <span class='ocrx_word' id='word_1_583' title='bbox 835 5049 957 5091; x_wconf 89' lang='lat' dir='ltr'><strong>eum</strong></span> <span class='ocrx_word' id='word_1_584' title='bbox 987 5037 1260 5104; x_wconf 89' lang='lat' dir='ltr'><strong>credatur,</strong></span> <span class='ocrx_word' id='word_1_585' title='bbox 1294 5039 1428 5107; x_wconf 79' lang='lat' dir='ltr'><strong>petit</strong></span> <span class='ocrx_word' id='word_1_586' title='bbox 1455 5057 1482 5096; x_wconf 89' lang='lat' dir='ltr'><strong>a</strong></span> <span class='ocrx_word' id='word_1_587' title='bbox 1515 5052 1706 5098; x_wconf 73' lang='lat' dir='ltr'><strong>uatum</strong></span> <span class='ocrx_word' id='word_1_588' title='bbox 1735 5054 1920 5113; x_wconf 85' lang='lat' dir='ltr'><strong>potum</strong></span> <span class='ocrx_word' id='word_1_589' title='bbox 1949 5059 2029 5098; x_wconf 90' lang='lat' dir='ltr'><strong>ra-</strong></span> 
     </span>
    </p>
   </div>
   <div class='ocr_carea' id='block_1_83' title="bbox 448 5125 2024 5208">
    <p class='ocr_par' dir='ltr' id='par_1_83' title="bbox 448 5125 2024 5208">
     <span class='ocr_line' id='line_1_83' title="bbox 448 5125 2024 5208; baseline 0.008 -30"><span class='ocrx_word' id='word_1_590' title='bbox 448 5125 642 5189; x_wconf 86' lang='lat' dir='ltr'><strong>tionis,</strong></span> <span class='ocrx_word' id='word_1_591' title='bbox 701 5140 806 5194; x_wconf 91' lang='lat' dir='ltr'><strong>qua</strong></span> <span class='ocrx_word' id='word_1_592' title='bbox 856 5127 1105 5184; x_wconf 88' lang='lat' dir='ltr'><strong>conditor</strong></span> <span class='ocrx_word' id='word_1_593' title='bbox 1166 5138 1222 5184; x_wconf 87' lang='lat' dir='ltr'><strong>et</strong></span> <span class='ocrx_word' id='word_1_594' title='bbox 1283 5132 1594 5202; x_wconf 87' lang='lat' dir='ltr'><strong>redemptor</strong></span> <span class='ocrx_word' id='word_1_595' title='bbox 1653 5135 2024 5208; x_wconf 88' lang='lat' dir='ltr'><strong>investigctur.</strong></span> 
     </span>
    </p>
   </div>
   <div class='ocr_carea' id='block_1_84' title="bbox 447 5213 2027 5286">
    <p class='ocr_par' dir='ltr' id='par_1_84' title="bbox 447 5213 2027 5286">
     <span class='ocr_line' id='line_1_84' title="bbox 447 5213 2027 5286; baseline 0.01 -20"><span class='ocrx_word' id='word_1_596' title='bbox 447 5213 687 5286; x_wconf 84' lang='lat' dir='ltr'><strong>Apostoli</strong></span> <span class='ocrx_word' id='word_1_597' title='bbox 715 5214 864 5272; x_wconf 77' lang='lat' dir='ltr'><strong>missi</strong></span> <span class='ocrx_word' id='word_1_598' title='bbox 888 5215 941 5274; x_wconf 87' lang='lat' dir='ltr'><strong>in</strong></span> <span class='ocrx_word' id='word_1_599' title='bbox 966 5217 1266 5283; x_wconf 87' lang='lat' dir='ltr'><strong>civitatem,</strong></span> <span class='ocrx_word' id='word_1_600' title='bbox 1285 5220 1337 5277; x_wconf 87' lang='lat' dir='ltr'><strong>id</strong></span> <span class='ocrx_word' id='word_1_601' title='bbox 1362 5231 1447 5276; x_wconf 88' lang='lat' dir='ltr'><strong>est</strong></span> <span class='ocrx_word' id='word_1_602' title='bbox 1468 5223 1520 5278; x_wconf 93' lang='lat' dir='ltr'><strong>in</strong></span> <span class='ocrx_word' id='word_1_603' title='bbox 1547 5224 1825 5284; x_wconf 85' lang='lat' dir='ltr'><strong>mundum.</strong></span> <span class='ocrx_word' id='word_1_604' title='bbox 1846 5242 2027 5282; x_wconf 88' lang='lat' dir='ltr'><strong>emere</strong></span> 
     </span>
    </p>
   </div>
   <div class='ocr_carea' id='block_1_85' title="bbox 444 5304 2025 5378">
    <p class='ocr_par' dir='ltr' id='par_1_85' title="bbox 444 5304 2025 5378">
     <span class='ocr_line' id='line_1_85' title="bbox 444 5304 2025 5378; baseline 0.011 -22"><span class='ocrx_word' id='word_1_605' title='bbox 444 5304 752 5373; x_wconf 66' lang='lat' dir='ltr'><strong>spirituales</strong></span> <span class='ocrx_word' id='word_1_606' title='bbox 792 5321 968 5373; x_wconf 87' lang='lat' dir='ltr'><strong>escas,</strong></span> <span class='ocrx_word' id='word_1_607' title='bbox 1011 5308 1064 5364; x_wconf 89' lang='lat' dir='ltr'><strong>id</strong></span> <span class='ocrx_word' id='word_1_608' title='bbox 1094 5320 1176 5365; x_wconf 89' lang='lat' dir='ltr'><strong>est</strong></span> <span class='ocrx_word' id='word_1_609' title='bbox 1209 5311 1389 5376; x_wconf 86' lang='lat' dir='ltr'><strong>ﬁdem,</strong></span> <span class='ocrx_word' id='word_1_610' title='bbox 1423 5320 1478 5366; x_wconf 92' lang='lat' dir='ltr'><strong>et</strong></span> <span class='ocrx_word' id='word_1_611' title='bbox 1510 5314 1802 5378; x_wconf 83' lang='lat' dir='ltr'><strong>actionem,</strong></span> <span class='ocrx_word' id='word_1_612' title='bbox 1835 5324 1890 5370; x_wconf 86' lang='lat' dir='ltr'><strong>et</strong></span> <span class='ocrx_word' id='word_1_613' title='bbox 1935 5333 2025 5373; x_wconf 87' lang='lat' dir='ltr'><strong>co-</strong></span> 
     </span>
    </p>
   </div>
   <div class='ocr_carea' id='block_1_86' title="bbox 443 5397 2020 5473">
    <p class='ocr_par' dir='ltr' id='par_1_86' title="bbox 443 5397 2020 5473">
     <span class='ocr_line' id='line_1_86' title="bbox 443 5397 2020 5473; baseline 0.008 -23"><span class='ocrx_word' id='word_1_614' title='bbox 443 5397 765 5468; x_wconf 76' lang='lat' dir='ltr'><strong>gnitionem,</strong></span> <span class='ocrx_word' id='word_1_615' title='bbox 801 5401 999 5470; x_wconf 89' lang='lat' dir='ltr'><strong>quibus</strong></span> <span class='ocrx_word' id='word_1_616' title='bbox 1039 5402 1287 5473; x_wconf 88' lang='lat' dir='ltr'><strong>magistri</strong></span> <span class='ocrx_word' id='word_1_617' title='bbox 1336 5402 1604 5459; x_wconf 84' lang='lat' dir='ltr'><strong>satiantur</strong></span> <span class='ocrx_word' id='word_1_618' title='bbox 1627 5404 1904 5460; x_wconf 70' lang='lat' dir='ltr'><strong>Ecclesiae.</strong></span> <span class='ocrx_word' id='word_1_619' title='bbox 1937 5408 2020 5462; x_wconf 86' lang='lat' dir='ltr'><strong>Da</strong></span> 
     </span>
    </p>
   </div>
   <div class='ocr_carea' id='block_1_87' title="bbox 440 5487 2017 5571">
    <p class='ocr_par' dir='ltr' id='par_1_87' title="bbox 440 5487 2017 5571">
     <span class='ocr_line' id='line_1_87' title="bbox 440 5487 2017 5571; baseline 0.009 -28"><span class='ocrx_word' id='word_1_620' title='bbox 440 5489 586 5544; x_wconf 85' lang='lat' dir='ltr'><strong>mihi.</strong></span> <span class='ocrx_word' id='word_1_621' title='bbox 628 5487 782 5552; x_wconf 83' lang='lat' dir='ltr'><strong>Licet</strong></span> <span class='ocrx_word' id='word_1_622' title='bbox 825 5490 985 5552; x_wconf 83' lang='lat' dir='ltr'><strong>Jesus</strong></span> <span class='ocrx_word' id='word_1_623' title='bbox 1020 5505 1143 5566; x_wconf 90' lang='lat' dir='ltr'><strong>post</strong></span> <span class='ocrx_word' id='word_1_624' title='bbox 1199 5494 1572 5569; x_wconf 82' lang='lat' dir='ltr'><strong>fatigationem</strong></span> <span class='ocrx_word' id='word_1_625' title='bbox 1619 5497 1774 5555; x_wconf 91' lang='lat' dir='ltr'><strong>sitire</strong></span> <span class='ocrx_word' id='word_1_626' title='bbox 1814 5512 2017 5571; x_wconf 46' lang='lat' dir='ltr'><strong>posset,</strong></span> 
     </span>
    </p>
   </div>
   <div class='ocr_carea' id='block_1_88' title="bbox 441 5581 2018 5658">
    <p class='ocr_par' dir='ltr' id='par_1_88' title="bbox 441 5581 2018 5658">
     <span class='ocr_line' id='line_1_88' title="bbox 441 5581 2018 5658; baseline 0.011 -25"><span class='ocrx_word' id='word_1_627' title='bbox 441 5588 618 5638; x_wconf 86' lang='lat' dir='ltr'><strong>tamen</strong></span> <span class='ocrx_word' id='word_1_628' title='bbox 649 5581 794 5640; x_wconf 90' lang='lat' dir='ltr'><strong>hunc</strong></span> <span class='ocrx_word' id='word_1_629' title='bbox 826 5595 1014 5656; x_wconf 89' lang='lat' dir='ltr'><strong>potum</strong></span> <span class='ocrx_word' id='word_1_630' title='bbox 1045 5601 1152 5640; x_wconf 92' lang='lat' dir='ltr'><strong>non</strong></span> <span class='ocrx_word' id='word_1_631' title='bbox 1193 5586 1382 5658; x_wconf 81' lang='lat' dir='ltr'><strong>exigit,</strong></span> <span class='ocrx_word' id='word_1_632' title='bbox 1417 5586 1513 5642; x_wconf 90' lang='lat' dir='ltr'><strong>sed</strong></span> <span class='ocrx_word' id='word_1_633' title='bbox 1541 5596 1599 5642; x_wconf 92' lang='lat' dir='ltr'><strong>ut</strong></span> <span class='ocrx_word' id='word_1_634' title='bbox 1630 5604 1727 5645; x_wconf 85' lang='lat' dir='ltr'><strong>cor</strong></span> <span class='ocrx_word' id='word_1_635' title='bbox 1762 5590 2018 5650; x_wconf 75' lang='lat' dir='ltr'><strong>Ecclesia:</strong></span> 
     </span>
    </p>
   </div>
   <div class='ocr_carea' id='block_1_89' title="bbox 437 5675 2014 5750">
    <p class='ocr_par' dir='ltr' id='par_1_89' title="bbox 437 5675 2014 5750">
     <span class='ocr_line' id='line_1_89' title="bbox 437 5675 2014 5750; baseline 0.008 -23"><span class='ocrx_word' id='word_1_636' title='bbox 437 5675 677 5743; x_wconf 89' lang='lat' dir='ltr'><strong>gentium</strong></span> <span class='ocrx_word' id='word_1_637' title='bbox 701 5692 800 5747; x_wconf 86' lang='lat' dir='ltr'><strong>pro</strong></span> <span class='ocrx_word' id='word_1_638' title='bbox 822 5677 1024 5732; x_wconf 83' lang='lat' dir='ltr'><strong>laboris</strong></span> <span class='ocrx_word' id='word_1_639' title='bbox 1046 5676 1165 5747; x_wconf 83' lang='lat' dir='ltr'><strong>ejus</strong></span> <span class='ocrx_word' id='word_1_640' title='bbox 1192 5677 1499 5750; x_wconf 84' lang='lat' dir='ltr'><strong>cognitione</strong></span> <span class='ocrx_word' id='word_1_641' title='bbox 1521 5689 1683 5750; x_wconf 87' lang='lat' dir='ltr'><strong>potus</strong></span> <span class='ocrx_word' id='word_1_642' title='bbox 1715 5682 1764 5738; x_wconf 89' lang='lat' dir='ltr'><strong>ei</strong></span> <span class='ocrx_word' id='word_1_643' title='bbox 1807 5683 2014 5740; x_wconf 84' lang='lat' dir='ltr'><strong>efﬁcia-</strong></span> 
     </span>
    </p>
   </div>
   <div class='ocr_carea' id='block_1_90' title="bbox 441 5766 874 5830">
    <p class='ocr_par' dir='ltr' id='par_1_90' title="bbox 441 5766 874 5830">
     <span class='ocr_line' id='line_1_90' title="bbox 441 5766 874 5830; baseline 0.012 -14"><span class='ocrx_word' id='word_1_644' title='bbox 441 5767 554 5830; x_wconf 80' lang='lat' dir='ltr'><strong>tur,</strong></span> <span class='ocrx_word' id='word_1_645' title='bbox 583 5766 874 5821; x_wconf 83' lang='lat' dir='ltr'><strong>desiderat.</strong></span> 
     </span>
    </p>
   </div>
   <div class='ocr_carea' id='block_1_91' title="bbox 509 5855 2013 5940">
    <p class='ocr_par' dir='ltr' id='par_1_91' title="bbox 509 5855 2013 5940">
     <span class='ocr_line' id='line_1_91' title="bbox 509 5855 2013 5940; baseline 0.009 -30"><span class='ocrx_word' id='word_1_646' title='bbox 509 5855 674 5912; x_wconf 77' lang='lat' dir='ltr'><strong>Vsus.</strong></span> <span class='ocrx_word' id='word_1_647' title='bbox 705 5861 759 5914; x_wconf 87' lang='lat'><strong>8.</strong></span> <span class='ocrx_word' id='word_1_648' title='bbox 780 5859 1124 5930; x_wconf 79' lang='lat' dir='ltr'><strong>-Discipuli</strong></span> <span class='ocrx_word' id='word_1_649' title='bbox 1159 5863 1316 5916; x_wconf 86' lang='lat' dir='ltr'><strong>enim.</strong></span> <span class='ocrx_word' id='word_1_650' title='bbox 1363 5862 1418 5918; x_wconf 86' lang='lat' dir='ltr'><strong>In</strong></span> <span class='ocrx_word' id='word_1_651' title='bbox 1449 5864 1724 5922; x_wconf 88' lang='lat' dir='ltr'><strong>civitatem</strong></span> <span class='ocrx_word' id='word_1_652' title='bbox 1763 5867 2013 5940; x_wconf 82' lang='lat' dir='ltr'><strong>discipuli</strong></span> 
     </span>
    </p>
   </div>
   <div class='ocr_carea' id='block_1_92' title="bbox 436 5946 2018 6033">
    <p class='ocr_par' dir='ltr' id='par_1_92' title="bbox 436 5946 2018 6033">
     <span class='ocr_line' id='line_1_92' title="bbox 436 5946 2018 6033; baseline 0.009 -27"><span class='ocrx_word' id='word_1_653' title='bbox 436 5946 706 6014; x_wconf 82' lang='lat' dir='ltr'><strong>abierunt,</strong></span> <span class='ocrx_word' id='word_1_654' title='bbox 755 5949 963 6006; x_wconf 85' lang='lat' dir='ltr'><strong>scilicet</strong></span> <span class='ocrx_word' id='word_1_655' title='bbox 1013 5951 1080 6007; x_wconf 88' lang='lat' dir='ltr'><strong>ad</strong></span> <span class='ocrx_word' id='word_1_656' title='bbox 1129 5951 1366 6022; x_wconf 64' lang='lat' dir='ltr'><strong>Iudaeos,</strong></span> <span class='ocrx_word' id='word_1_657' title='bbox 1413 5957 1504 6030; x_wconf 87' lang='lat' dir='ltr'><strong>qui</strong></span> <span class='ocrx_word' id='word_1_658' title='bbox 1557 5959 1691 6033; x_wconf 79' lang='lat' dir='ltr'><strong>legis</strong></span> <span class='ocrx_word' id='word_1_659' title='bbox 1722 5960 1858 6017; x_wconf 88' lang='lat' dir='ltr'><strong>valle</strong></span> <span class='ocrx_word' id='word_1_660' title='bbox 1902 5977 2018 6020; x_wconf 87' lang='lat' dir='ltr'><strong>mu-</strong></span> 
     </span>
    </p>
   </div>
   <div class='ocr_carea' id='block_1_93' title="bbox 2228 3438 3740 3530">
    <p class='ocr_par' dir='ltr' id='par_1_93' title="bbox 2228 3438 3740 3530">
     <span class='ocr_line' id='line_1_93' title="bbox 2228 3438 3740 3530; baseline 0.015 -35"><span class='ocrx_word' id='word_1_661' title='bbox 2228 3438 2296 3496; x_wconf 84' lang='lat' dir='ltr'><strong>Et</strong></span> <span class='ocrx_word' id='word_1_662' title='bbox 2328 3445 2438 3514; x_wconf 79' lang='lat' dir='ltr'><strong>ipse</strong></span> <span class='ocrx_word' id='word_1_663' title='bbox 2466 3462 2531 3501; x_wconf 80' lang='lat' dir='ltr'><strong>ea:</strong></span> <span class='ocrx_word' id='word_1_664' title='bbox 2551 3463 2632 3502; x_wconf 85' lang='lat' dir='ltr'><strong>eo.</strong></span> <span class='ocrx_word' id='word_1_665' title='bbox 2661 3447 2740 3504; x_wconf 89' lang='lat' dir='ltr'><strong>De</strong></span> <span class='ocrx_word' id='word_1_666' title='bbox 2761 3457 2923 3519; x_wconf 88' lang='lat' dir='ltr'><strong>puteo</strong></span> <span class='ocrx_word' id='word_1_667' title='bbox 2946 3450 3140 3514; x_wconf 83' lang='lat' dir='ltr'><strong>bibunt</strong></span> <span class='ocrx_word' id='word_1_668' title='bbox 3166 3451 3411 3514; x_wconf 78' lang='lat' dir='ltr'><strong>homines</strong></span> <span class='ocrx_word' id='word_1_669' title='bbox 3431 3464 3492 3514; x_wconf 86' lang='lat' dir='ltr'><strong>et</strong></span> <span class='ocrx_word' id='word_1_670' title='bbox 3514 3471 3740 3530; x_wconf 71' lang='lat' dir='ltr'><strong>pecora,</strong></span> 
     </span>
    </p>
   </div>
   <div class='ocr_carea' id='block_1_94' title="bbox 2148 3539 3741 3617">
    <p class='ocr_par' dir='ltr' id='par_1_94' title="bbox 2148 3539 3741 3617">
     <span class='ocr_line' id='line_1_94' title="bbox 2148 3539 3741 3617; baseline 0.009 -23"><span class='ocrx_word' id='word_1_671' title='bbox 2148 3548 2206 3594; x_wconf 90' lang='lat' dir='ltr'><strong>et</strong></span> <span class='ocrx_word' id='word_1_672' title='bbox 2233 3539 2490 3597; x_wconf 89' lang='lat' dir='ltr'><strong>similiter</strong></span> <span class='ocrx_word' id='word_1_673' title='bbox 2513 3544 2579 3598; x_wconf 91' lang='lat' dir='ltr'><strong>de</strong></span> <span class='ocrx_word' id='word_1_674' title='bbox 2608 3545 2840 3611; x_wconf 87' lang='lat' dir='ltr'><strong>ratione,</strong></span> <span class='ocrx_word' id='word_1_675' title='bbox 2874 3546 3029 3617; x_wconf 88' lang='lat' dir='ltr'><strong>quasi</strong></span> <span class='ocrx_word' id='word_1_676' title='bbox 3052 3546 3342 3616; x_wconf 74' lang='lat' dir='ltr'><strong>depravata</strong></span> <span class='ocrx_word' id='word_1_677' title='bbox 3365 3555 3417 3604; x_wconf 90' lang='lat' dir='ltr'><strong>et</strong></span> <span class='ocrx_word' id='word_1_678' title='bbox 3445 3549 3741 3608; x_wconf 76' lang='lat' dir='ltr'><strong>obscurata</strong></span> 
     </span>
    </p>
   </div>
   <div class='ocr_carea' id='block_1_95' title="bbox 2149 3635 3740 3704">
    <p class='ocr_par' dir='ltr' id='par_1_95' title="bbox 2149 3635 3740 3704">
     <span class='ocr_line' id='line_1_95' title="bbox 2149 3635 3740 3704; baseline 0.008 -17"><span class='ocrx_word' id='word_1_679' title='bbox 2149 3647 2346 3704; x_wconf 83' lang='lat' dir='ltr'><strong>magno</strong></span> <span class='ocrx_word' id='word_1_680' title='bbox 2377 3635 2562 3690; x_wconf 88' lang='lat' dir='ltr'><strong>labore</strong></span> <span class='ocrx_word' id='word_1_681' title='bbox 2601 3635 2803 3692; x_wconf 82' lang='lat' dir='ltr'><strong>foditur</strong></span> <span class='ocrx_word' id='word_1_682' title='bbox 2839 3646 2894 3693; x_wconf 91' lang='lat' dir='ltr'><strong>et</strong></span> <span class='ocrx_word' id='word_1_683' title='bbox 2935 3647 3224 3694; x_wconf 82' lang='lat' dir='ltr'><strong>exercetur</strong></span> <span class='ocrx_word' id='word_1_684' title='bbox 3261 3659 3275 3694; x_wconf 76' lang='grc' dir='ltr'>ε</span> <span class='ocrx_word' id='word_1_685' title='bbox 3315 3639 3510 3700; x_wconf 88' lang='lat' dir='ltr'><strong>bibunt</strong></span> <span class='ocrx_word' id='word_1_686' title='bbox 3554 3651 3740 3700; x_wconf 86' lang='lat' dir='ltr'><strong>autem</strong></span> 
     </span>
    </p>
   </div>
   <div class='ocr_carea' id='block_1_96' title="bbox 2147 3725 3738 3805">
    <p class='ocr_par' dir='ltr' id='par_1_96' title="bbox 2147 3725 3738 3805">
     <span class='ocr_line' id='line_1_96' title="bbox 2147 3725 3738 3805; baseline 0.011 -28"><span class='ocrx_word' id='word_1_687' title='bbox 2147 3725 2366 3797; x_wconf 82' lang='lat' dir='ltr'><strong>quidam</strong></span> <span class='ocrx_word' id='word_1_688' title='bbox 2391 3737 2446 3783; x_wconf 89' lang='lat' dir='ltr'><strong>ut</strong></span> <span class='ocrx_word' id='word_1_689' title='bbox 2479 3729 2724 3785; x_wconf 90' lang='lat' dir='ltr'><strong>homines</strong></span> <span class='ocrx_word' id='word_1_690' title='bbox 2741 3729 2831 3802; x_wconf 87' lang='lat' dir='ltr'><strong>qui</strong></span> <span class='ocrx_word' id='word_1_691' title='bbox 2857 3746 2918 3785; x_wconf 90' lang='lat' dir='ltr'><strong>ea</strong></span> <span class='ocrx_word' id='word_1_692' title='bbox 2944 3731 3157 3788; x_wconf 89' lang='lat' dir='ltr'><strong>ratione</strong></span> <span class='ocrx_word' id='word_1_693' title='bbox 3179 3734 3245 3788; x_wconf 91' lang='lat' dir='ltr'><strong>ad</strong></span> <span class='ocrx_word' id='word_1_694' title='bbox 3267 3733 3469 3792; x_wconf 88' lang='lat' dir='ltr'><strong>bonum</strong></span> <span class='ocrx_word' id='word_1_695' title='bbox 3487 3744 3738 3805; x_wconf 87' lang='lat' dir='ltr'><strong>utuntur,</strong></span> 
     </span>
    </p>
   </div>
   <div class='ocr_carea' id='block_1_97' title="bbox 2146 3820 3737 3896">
    <p class='ocr_par' dir='ltr' id='par_1_97' title="bbox 2146 3820 3737 3896">
     <span class='ocr_line' id='line_1_97' title="bbox 2146 3820 3737 3896; baseline 0.009 -26"><span class='ocrx_word' id='word_1_696' title='bbox 2146 3827 2205 3872; x_wconf 87' lang='lat' dir='ltr'><strong>ut</strong></span> <span class='ocrx_word' id='word_1_697' title='bbox 2245 3821 2437 3874; x_wconf 83' lang='lat' dir='ltr'><strong>sancti.</strong></span> <span class='ocrx_word' id='word_1_698' title='bbox 2495 3820 2724 3888; x_wconf 86' lang='lat' dir='ltr'><strong>Quidam</strong></span> <span class='ocrx_word' id='word_1_699' title='bbox 2759 3827 2819 3878; x_wconf 88' lang='lat' dir='ltr'><strong>ut</strong></span> <span class='ocrx_word' id='word_1_700' title='bbox 2865 3838 3084 3892; x_wconf 89' lang='lat' dir='ltr'><strong>pecora,</strong></span> <span class='ocrx_word' id='word_1_701' title='bbox 3135 3827 3227 3896; x_wconf 89' lang='lat' dir='ltr'><strong>qui</strong></span> <span class='ocrx_word' id='word_1_702' title='bbox 3279 3834 3508 3888; x_wconf 84' lang='lat' dir='ltr'><strong>utuntur</strong></span> <span class='ocrx_word' id='word_1_703' title='bbox 3553 3844 3617 3885; x_wconf 89' lang='lat' dir='ltr'><strong>ea</strong></span> <span class='ocrx_word' id='word_1_704' title='bbox 3666 3829 3737 3886; x_wconf 91' lang='lat' dir='ltr'><strong>ad</strong></span> 
     </span>
    </p>
   </div>
   <div class='ocr_carea' id='block_1_98' title="bbox 2146 3913 2788 3989">
    <p class='ocr_par' dir='ltr' id='par_1_98' title="bbox 2146 3913 2788 3989">
     <span class='ocr_line' id='line_1_98' title="bbox 2146 3913 2788 3989; baseline 0.009 -23"><span class='ocrx_word' id='word_1_705' title='bbox 2146 3913 2344 3968; x_wconf 90' lang='lat' dir='ltr'><strong>malum</strong></span> <span class='ocrx_word' id='word_1_706' title='bbox 2373 3924 2429 3970; x_wconf 89' lang='lat' dir='ltr'><strong>ut</strong></span> <span class='ocrx_word' id='word_1_707' title='bbox 2462 3915 2788 3989; x_wconf 87' lang='lat' dir='ltr'><strong>philosophi.</strong></span> 
     </span>
    </p>
   </div>
   <div class='ocr_carea' id='block_1_99' title="bbox 2216 4001 3735 4085">
    <p class='ocr_par' dir='ltr' id='par_1_99' title="bbox 2216 4001 3735 4085">
     <span class='ocr_line' id='line_1_99' title="bbox 2216 4001 3735 4085; baseline 0.008 -26"><span class='ocrx_word' id='word_1_708' title='bbox 2216 4001 2380 4060; x_wconf 76' lang='lat' dir='ltr'><strong>Vsus.</strong></span> <span class='ocrx_word' id='word_1_709' title='bbox 2410 4003 2496 4061; x_wconf 76' lang='grc'><strong>15.</strong></span> <span class='ocrx_word' id='word_1_710' title='bbox 2528 4039 2598 4046; x_wconf 92' lang='grc'><strong>-</strong></span> <span class='ocrx_word' id='word_1_711' title='bbox 2629 4006 2733 4073; x_wconf 86' lang='lat' dir='ltr'><strong>Qui</strong></span> <span class='ocrx_word' id='word_1_712' title='bbox 2762 4017 2959 4064; x_wconf 85' lang='lat' dir='ltr'><strong>autem.</strong></span> <span class='ocrx_word' id='word_1_713' title='bbox 3008 4008 3328 4082; x_wconf 86' lang='lat' dir='ltr'><strong>Quicunque</strong></span> <span class='ocrx_word' id='word_1_714' title='bbox 3363 4026 3502 4068; x_wconf 75' lang='lat' dir='ltr'><strong>meae</strong></span> <span class='ocrx_word' id='word_1_715' title='bbox 3530 4013 3735 4085; x_wconf 66' lang='lat' dir='ltr'><strong>praedi-</strong></span> 
     </span>
    </p>
   </div>
   <div class='ocr_carea' id='block_1_100' title="bbox 2145 4093 3736 4182">
    <p class='ocr_par' dir='ltr' id='par_1_100' title="bbox 2145 4093 3736 4182">
     <span class='ocr_line' id='line_1_100' title="bbox 2145 4093 3736 4182; baseline 0.006 -30"><span class='ocrx_word' id='word_1_716' title='bbox 2145 4098 2346 4152; x_wconf 86' lang='lat' dir='ltr'><strong>cationi</strong></span> <span class='ocrx_word' id='word_1_717' title='bbox 2377 4113 2471 4153; x_wconf 91' lang='lat' dir='ltr'><strong>cor</strong></span> <span class='ocrx_word' id='word_1_718' title='bbox 2498 4097 3060 4156; x_wconf 87' lang='lat' dir='ltr'><strong>accommodaveritet</strong></span> <span class='ocrx_word' id='word_1_719' title='bbox 3083 4102 3272 4182; x_wconf 73' lang='lat' dir='ltr'><strong>gratiae</strong></span> <span class='ocrx_word' id='word_1_720' title='bbox 3305 4093 3507 4160; x_wconf 85' lang='lat' dir='ltr'><strong>donum</strong></span> <span class='ocrx_word' id='word_1_721' title='bbox 3533 4120 3736 4176; x_wconf 84' lang='lat' dir='ltr'><strong>cogno-</strong></span> 
     </span>
    </p>
   </div>
   <div class='ocr_carea' id='block_1_101' title="bbox 2146 4188 3734 4266">
    <p class='ocr_par' dir='ltr' id='par_1_101' title="bbox 2146 4188 3734 4266">
     <span class='ocr_line' id='line_1_101' title="bbox 2146 4188 3734 4266; baseline 0.008 -26"><span class='ocrx_word' id='word_1_722' title='bbox 2146 4189 2306 4253; x_wconf 84' lang='lat' dir='ltr'><strong>verit,</strong></span> <span class='ocrx_word' id='word_1_723' title='bbox 2336 4188 2471 4243; x_wconf 85' lang='lat' dir='ltr'><strong>fides</strong></span> <span class='ocrx_word' id='word_1_724' title='bbox 2502 4205 2618 4266; x_wconf 83' lang='lat' dir='ltr'><strong>quae</strong></span> <span class='ocrx_word' id='word_1_725' title='bbox 2649 4207 2745 4262; x_wconf 89' lang='lat' dir='ltr'><strong>per</strong></span> <span class='ocrx_word' id='word_1_726' title='bbox 2766 4191 3108 4247; x_wconf 88' lang='lat' dir='ltr'><strong>dilectionem</strong></span> <span class='ocrx_word' id='word_1_727' title='bbox 3143 4202 3402 4265; x_wconf 79' lang='lat' dir='ltr'><strong>operatur</strong></span> <span class='ocrx_word' id='word_1_728' title='bbox 3437 4195 3491 4251; x_wconf 92' lang='lat' dir='ltr'><strong>in</strong></span> <span class='ocrx_word' id='word_1_729' title='bbox 3533 4211 3600 4254; x_wconf 88' lang='lat' dir='ltr'><strong>eo</strong></span> <span class='ocrx_word' id='word_1_730' title='bbox 3633 4213 3734 4253; x_wconf 84' lang='lat' dir='ltr'><strong>na-</strong></span> 
     </span>
    </p>
   </div>
   <div class='ocr_carea' id='block_1_102' title="bbox 2143 4279 3653 4344">
    <p class='ocr_par' dir='ltr' id='par_1_102' title="bbox 2143 4279 3653 4344">
     <span class='ocr_line' id='line_1_102' title="bbox 2143 4279 3653 4344; baseline 0.006 -10"><span class='ocrx_word' id='word_1_731' title='bbox 2143 4279 2333 4344; x_wconf 75' lang='lat' dir='ltr'><strong>Scitur,</strong></span> <span class='ocrx_word' id='word_1_732' title='bbox 2362 4288 2416 4334; x_wconf 89' lang='lat' dir='ltr'><strong>et.</strong></span> <span class='ocrx_word' id='word_1_733' title='bbox 2445 4281 2523 4335; x_wconf 93' lang='lat' dir='ltr'><strong>sic</strong></span> <span class='ocrx_word' id='word_1_734' title='bbox 2554 4281 2771 4336; x_wconf 87' lang='lat' dir='ltr'><strong>tandem</strong></span> <span class='ocrx_word' id='word_1_735' title='bbox 2807 4280 2858 4336; x_wconf 90' lang='lat' dir='ltr'><strong>in</strong></span> <span class='ocrx_word' id='word_1_736' title='bbox 2893 4283 3059 4337; x_wconf 89' lang='lat' dir='ltr'><strong>vitam</strong></span> <span class='ocrx_word' id='word_1_737' title='bbox 3089 4285 3341 4344; x_wconf 87' lang='lat' dir='ltr'><strong>transibit</strong></span> <span class='ocrx_word' id='word_1_738' title='bbox 3374 4296 3653 4343; x_wconf 64' lang='lat' dir='ltr'><strong>aeternam.</strong></span> 
     </span>
    </p>
   </div>
   <div class='ocr_carea' id='block_1_103' title="bbox 2213 4370 3726 4450">
    <p class='ocr_par' dir='ltr' id='par_1_103' title="bbox 2213 4370 3726 4450">
     <span class='ocr_line' id='line_1_103' title="bbox 2213 4370 3726 4450; baseline 0.009 -25"><span class='ocrx_word' id='word_1_739' title='bbox 2213 4370 2372 4427; x_wconf 77' lang='lat' dir='ltr'><strong>Vsus.</strong></span> <span class='ocrx_word' id='word_1_740' title='bbox 2404 4373 2489 4426; x_wconf 74' lang='grc'><strong>14.</strong></span> <span class='ocrx_word' id='word_1_741' title='bbox 2520 4404 2592 4414; x_wconf 89' lang='grc'><strong>-</strong></span> <span class='ocrx_word' id='word_1_742' title='bbox 2610 4371 2780 4446; x_wconf 80' lang='lat' dir='ltr'><strong>Aqua.</strong></span> <span class='ocrx_word' id='word_1_743' title='bbox 2806 4374 2958 4446; x_wconf 81' lang='lat' dir='ltr'><strong>Aqua</strong></span> <span class='ocrx_word' id='word_1_744' title='bbox 2982 4376 3282 4448; x_wconf 88' lang='lat' dir='ltr'><strong>corporalis</strong></span> <span class='ocrx_word' id='word_1_745' title='bbox 3307 4380 3560 4435; x_wconf 89' lang='lat' dir='ltr'><strong>deorsum</strong></span> <span class='ocrx_word' id='word_1_746' title='bbox 3587 4381 3726 4450; x_wconf 81' lang='lat' dir='ltr'><strong>fluit,</strong></span> 
     </span>
    </p>
   </div>
   <div class='ocr_carea' id='block_1_104' title="bbox 2141 4463 3728 4546">
    <p class='ocr_par' dir='ltr' id='par_1_104' title="bbox 2141 4463 3728 4546">
     <span class='ocr_line' id='line_1_104' title="bbox 2141 4463 3728 4546; baseline 0.009 -30"><span class='ocrx_word' id='word_1_747' title='bbox 2141 4475 2280 4532; x_wconf 85' lang='lat' dir='ltr'><strong>aqua</strong></span> <span class='ocrx_word' id='word_1_748' title='bbox 2315 4463 2612 4532; x_wconf 82' lang='lat' dir='ltr'><strong>spiritualis</strong></span> <span class='ocrx_word' id='word_1_749' title='bbox 2643 4480 2858 4520; x_wconf 87' lang='lat' dir='ltr'><strong>sursum</strong></span> <span class='ocrx_word' id='word_1_750' title='bbox 2889 4466 3017 4522; x_wconf 84' lang='lat' dir='ltr'><strong>salit</strong></span> <span class='ocrx_word' id='word_1_751' title='bbox 3037 4475 3090 4522; x_wconf 91' lang='lat' dir='ltr'><strong>et</strong></span> <span class='ocrx_word' id='word_1_752' title='bbox 3129 4483 3312 4524; x_wconf 90' lang='lat' dir='ltr'><strong>secum</strong></span> <span class='ocrx_word' id='word_1_753' title='bbox 3349 4486 3444 4527; x_wconf 90' lang='lat' dir='ltr'><strong>eos</strong></span> <span class='ocrx_word' id='word_1_754' title='bbox 3482 4473 3574 4546; x_wconf 88' lang='lat' dir='ltr'><strong>qui</strong></span> <span class='ocrx_word' id='word_1_755' title='bbox 3604 4490 3728 4530; x_wconf 88' lang='lat' dir='ltr'><strong>eam</strong></span> 
     </span>
    </p>
   </div>
   <div class='ocr_carea' id='block_1_105' title="bbox 2138 4553 3252 4632">
    <p class='ocr_par' dir='ltr' id='par_1_105' title="bbox 2138 4553 3252 4632">
     <span class='ocr_line' id='line_1_105' title="bbox 2138 4553 3252 4632; baseline 0.008 -23"><span class='ocrx_word' id='word_1_756' title='bbox 2138 4553 2331 4609; x_wconf 84' lang='lat' dir='ltr'><strong>bibunt</strong></span> <span class='ocrx_word' id='word_1_757' title='bbox 2359 4555 2410 4610; x_wconf 93' lang='lat' dir='ltr'><strong>in</strong></span> <span class='ocrx_word' id='word_1_758' title='bbox 2442 4567 2698 4612; x_wconf 68' lang='lat' dir='ltr'><strong>aeternam</strong></span> <span class='ocrx_word' id='word_1_759' title='bbox 2722 4558 2950 4632; x_wconf 87' lang='lat' dir='ltr'><strong>gloriam</strong></span> <span class='ocrx_word' id='word_1_760' title='bbox 2980 4560 3252 4618; x_wconf 88' lang='lat' dir='ltr'><strong>subvehit.</strong></span> 
     </span>
    </p>
   </div>
   <div class='ocr_carea' id='block_1_106' title="bbox 2212 4657 3726 4745">
    <p class='ocr_par' dir='ltr' id='par_1_106' title="bbox 2212 4657 3726 4745">
     <span class='ocr_line' id='line_1_106' title="bbox 2212 4657 3726 4745; baseline 0.011 -24"><span class='ocrx_word' id='word_1_761' title='bbox 2212 4657 2374 4723; x_wconf 74' lang='lat' dir='ltr'><strong>Vsus.</strong></span> <span class='ocrx_word' id='word_1_762' title='bbox 2403 4669 2486 4731; x_wconf 79' lang='lat' dir='ltr'><strong>l6.</strong></span> <span class='ocrx_word' id='word_1_763' title='bbox 2517 4701 2586 4710; x_wconf 88' lang='lat'><strong><em>—</em></strong></span> <span class='ocrx_word' id='word_1_764' title='bbox 2621 4669 2788 4738; x_wconf 80' lang='lat' dir='ltr'><strong>Vade,</strong></span> <span class='ocrx_word' id='word_1_765' title='bbox 2817 4689 2941 4730; x_wconf 80' lang='lat' dir='ltr'><strong>voca</strong></span> <span class='ocrx_word' id='word_1_766' title='bbox 2968 4675 3138 4730; x_wconf 80' lang='lat' dir='ltr'><strong>virum</strong></span> <span class='ocrx_word' id='word_1_767' title='bbox 3181 4687 3352 4745; x_wconf 73' lang='lat' dir='ltr'><strong>tuum,</strong></span> <span class='ocrx_word' id='word_1_768' title='bbox 3399 4686 3506 4736; x_wconf 85' lang='lat' dir='ltr'><strong>etc.</strong></span> <span class='ocrx_word' id='word_1_769' title='bbox 3540 4677 3614 4736; x_wconf 87' lang='lat' dir='ltr'><strong>Ut</strong></span> <span class='ocrx_word' id='word_1_770' title='bbox 3657 4697 3726 4738; x_wconf 85' lang='lat' dir='ltr'><strong>eo</strong></span> 
     </span>
    </p>
   </div>
   <div class='ocr_carea' id='block_1_107' title="bbox 2059 4733 3724 4844">
    <p class='ocr_par' dir='ltr' id='par_1_107' title="bbox 2059 4733 3724 4844">
     <span class='ocr_line' id='line_1_107' title="bbox 2059 4733 3724 4844; baseline 0.011 -34"><span class='ocrx_word' id='word_1_771' title='bbox 2059 4733 2112 4794; x_wconf 72' lang='grc' dir='ltr'><strong>Β</strong></span> <span class='ocrx_word' id='word_1_772' title='bbox 2139 4757 2272 4814; x_wconf 90' lang='lat' dir='ltr'><strong>duce</strong></span> <span class='ocrx_word' id='word_1_773' title='bbox 2323 4761 2389 4815; x_wconf 86' lang='lat' dir='ltr'><strong>ad</strong></span> <span class='ocrx_word' id='word_1_774' title='bbox 2440 4763 2952 4834; x_wconf 80' lang='lat' dir='ltr'><strong>contemplationem</strong></span> <span class='ocrx_word' id='word_1_775' title='bbox 2999 4767 3300 4836; x_wconf 90' lang='lat' dir='ltr'><strong>spiritualis</strong></span> <span class='ocrx_word' id='word_1_776' title='bbox 3348 4769 3724 4844; x_wconf 80' lang='lat' dir='ltr'><strong>intelligentia:</strong></span> 
     </span>
    </p>
   </div>
   <div class='ocr_carea' id='block_1_108' title="bbox 2135 4853 3723 4922">
    <p class='ocr_par' dir='ltr' id='par_1_108' title="bbox 2135 4853 3723 4922">
     <span class='ocr_line' id='line_1_108' title="bbox 2135 4853 3723 4922; baseline 0.013 -19"><span class='ocrx_word' id='word_1_777' title='bbox 2135 4853 2398 4907; x_wconf 87' lang='lat' dir='ltr'><strong>ascendas</strong></span> <span class='ocrx_word' id='word_1_778' title='bbox 2432 4872 2443 4906; x_wconf 89' lang='lat'><strong>:</strong></span> <span class='ocrx_word' id='word_1_779' title='bbox 2479 4855 2627 4920; x_wconf 72' lang='lat' dir='ltr'><strong>tande,</strong></span> <span class='ocrx_word' id='word_1_780' title='bbox 2660 4871 2784 4910; x_wconf 83' lang='lat' dir='ltr'><strong>voca</strong></span> <span class='ocrx_word' id='word_1_781' title='bbox 2813 4857 2979 4912; x_wconf 84' lang='lat' dir='ltr'><strong>virum</strong></span> <span class='ocrx_word' id='word_1_782' title='bbox 3002 4867 3172 4916; x_wconf 86' lang='lat' dir='ltr'><strong>tuum.</strong></span> <span class='ocrx_word' id='word_1_783' title='bbox 3197 4859 3278 4918; x_wconf 89' lang='lat' dir='ltr'><strong>Tu</strong></span> <span class='ocrx_word' id='word_1_784' title='bbox 3297 4865 3564 4920; x_wconf 87' lang='lat' dir='ltr'><strong>sensualis</strong></span> <span class='ocrx_word' id='word_1_785' title='bbox 3587 4881 3723 4922; x_wconf 86' lang='lat' dir='ltr'><strong>voca</strong></span> 
     </span>
    </p>
   </div>
   <div class='ocr_carea' id='block_1_109' title="bbox 2137 4942 3721 5026">
    <p class='ocr_par' dir='ltr' id='par_1_109' title="bbox 2137 4942 3721 5026">
     <span class='ocr_line' id='line_1_109' title="bbox 2137 4942 3721 5026; baseline 0.013 -34"><span class='ocrx_word' id='word_1_786' title='bbox 2137 4942 2471 5026; x_wconf 82' lang='lat' dir='ltr'><strong>rationalem</strong></span> <span class='ocrx_word' id='word_1_787' title='bbox 2489 4944 2849 5014; x_wconf 83' lang='lat' dir='ltr'><strong>intellectum,</strong></span> <span class='ocrx_word' id='word_1_788' title='bbox 2877 4963 2984 5018; x_wconf 91' lang='lat' dir='ltr'><strong>quo</strong></span> <span class='ocrx_word' id='word_1_789' title='bbox 3021 4956 3080 5004; x_wconf 85' lang='lat' dir='ltr'><strong>ut</strong></span> <span class='ocrx_word' id='word_1_790' title='bbox 3108 4951 3231 5006; x_wconf 85' lang='lat' dir='ltr'><strong>viro</strong></span> <span class='ocrx_word' id='word_1_791' title='bbox 3259 4955 3486 5024; x_wconf 73' lang='lat' dir='ltr'><strong>tegaris,</strong></span> <span class='ocrx_word' id='word_1_792' title='bbox 3517 4963 3572 5012; x_wconf 89' lang='lat' dir='ltr'><strong>tu</strong></span> <span class='ocrx_word' id='word_1_793' title='bbox 3598 4971 3721 5026; x_wconf 72' lang='lat' dir='ltr'><strong>qua:</strong></span> 
     </span>
    </p>
   </div>
   <div class='ocr_carea' id='block_1_110' title="bbox 2131 5021 3718 5116">
    <p class='ocr_par' dir='ltr' id='par_1_110' title="bbox 2131 5021 3718 5116">
     <span class='ocr_line' id='line_1_110' title="bbox 2131 5021 3718 5116; baseline 0.01 -30"><span class='ocrx_word' id='word_1_794' title='bbox 2131 5031 2292 5088; x_wconf 88' lang='lat' dir='ltr'><strong>modo</strong></span> <span class='ocrx_word' id='word_1_795' title='bbox 2318 5021 2614 5096; x_wconf 84' lang='lat' dir='ltr'><strong>carnaliter</strong></span> <span class='ocrx_word' id='word_1_796' title='bbox 2642 5037 2808 5106; x_wconf 89' lang='lat' dir='ltr'><strong>sapis,</strong></span> <span class='ocrx_word' id='word_1_797' title='bbox 2844 5039 2989 5096; x_wconf 90' lang='lat' dir='ltr'><strong>hunc</strong></span> <span class='ocrx_word' id='word_1_798' title='bbox 3022 5055 3123 5110; x_wconf 81' lang='lat' dir='ltr'><strong>ego</strong></span> <span class='ocrx_word' id='word_1_799' title='bbox 3166 5040 3256 5098; x_wconf 72' lang='lat' dir='ltr'><strong>lux</strong></span> <span class='ocrx_word' id='word_1_800' title='bbox 3301 5021 3356 5098; x_wconf 49' lang='lat' dir='ltr'><strong>e—t</strong></span> <span class='ocrx_word' id='word_1_801' title='bbox 3407 5055 3571 5116; x_wconf 87' lang='lat' dir='ltr'><strong>caput</strong></span> <span class='ocrx_word' id='word_1_802' title='bbox 3614 5021 3718 5105; x_wconf 52' lang='lat' dir='ltr'><strong>tiri</strong></span> 
     </span>
    </p>
   </div>
   <div class='ocr_carea' id='block_1_111' title="bbox 2133 5125 3720 5205">
    <p class='ocr_par' dir='ltr' id='par_1_111' title="bbox 2133 5125 3720 5205">
     <span class='ocr_line' id='line_1_111' title="bbox 2133 5125 3720 5205; baseline 0.011 -25"><span class='ocrx_word' id='word_1_803' title='bbox 2133 5125 2466 5182; x_wconf 83' lang='lat' dir='ltr'><strong>illuminaho.</strong></span> <span class='ocrx_word' id='word_1_804' title='bbox 2501 5129 2666 5198; x_wconf 84' lang='lat' dir='ltr'><strong>Quasi</strong></span> <span class='ocrx_word' id='word_1_805' title='bbox 2696 5131 2880 5188; x_wconf 82' lang='lat' dir='ltr'><strong>dicat:</strong></span> <span class='ocrx_word' id='word_1_806' title='bbox 2915 5131 3039 5188; x_wconf 69' lang='lat' dir='ltr'><strong>Haec</strong></span> <span class='ocrx_word' id='word_1_807' title='bbox 3068 5150 3188 5205; x_wconf 75' lang='lat' dir='ltr'><strong>quae</strong></span> <span class='ocrx_word' id='word_1_808' title='bbox 3219 5137 3338 5194; x_wconf 89' lang='lat' dir='ltr'><strong>dico</strong></span> <span class='ocrx_word' id='word_1_809' title='bbox 3375 5153 3482 5196; x_wconf 90' lang='lat' dir='ltr'><strong>non</strong></span> <span class='ocrx_word' id='word_1_810' title='bbox 3523 5154 3720 5198; x_wconf 82' lang='lat' dir='ltr'><strong>carna-</strong></span> 
     </span>
    </p>
   </div>
   <div class='ocr_carea' id='block_1_112' title="bbox 2132 5221 3716 5303">
    <p class='ocr_par' dir='ltr' id='par_1_112' title="bbox 2132 5221 3716 5303">
     <span class='ocr_line' id='line_1_112' title="bbox 2132 5221 3716 5303; baseline 0.011 -29"><span class='ocrx_word' id='word_1_811' title='bbox 2132 5221 2274 5286; x_wconf 88' lang='lat' dir='ltr'><strong>liter,</strong></span> <span class='ocrx_word' id='word_1_812' title='bbox 2312 5231 2371 5278; x_wconf 89' lang='lat' dir='ltr'><strong>ut</strong></span> <span class='ocrx_word' id='word_1_813' title='bbox 2397 5231 2448 5284; x_wconf 88' lang='lat' dir='ltr'><strong>tu</strong></span> <span class='ocrx_word' id='word_1_814' title='bbox 2475 5223 2726 5280; x_wconf 86' lang='lat' dir='ltr'><strong>animalis</strong></span> <span class='ocrx_word' id='word_1_815' title='bbox 2755 5223 2910 5289; x_wconf 88' lang='lat' dir='ltr'><strong>facis,</strong></span> <span class='ocrx_word' id='word_1_816' title='bbox 2947 5228 3042 5284; x_wconf 90' lang='lat' dir='ltr'><strong>sed</strong></span> <span class='ocrx_word' id='word_1_817' title='bbox 3063 5229 3422 5303; x_wconf 88' lang='lat' dir='ltr'><strong>spiritualiter</strong></span> <span class='ocrx_word' id='word_1_818' title='bbox 3461 5243 3590 5290; x_wconf 89' lang='lat' dir='ltr'><strong>sunt</strong></span> <span class='ocrx_word' id='word_1_819' title='bbox 3629 5234 3716 5290; x_wconf 81' lang='lat' dir='ltr'><strong>in-</strong></span> 
     </span>
    </p>
   </div>
   <div class='ocr_carea' id='block_1_113' title="bbox 2131 5312 3711 5390">
    <p class='ocr_par' dir='ltr' id='par_1_113' title="bbox 2131 5312 3711 5390">
     <span class='ocr_line' id='line_1_113' title="bbox 2131 5312 3711 5390; baseline 0.011 -26"><span class='ocrx_word' id='word_1_820' title='bbox 2131 5312 2412 5384; x_wconf 84' lang='lat' dir='ltr'><strong>telligenda</strong></span> <span class='ocrx_word' id='word_1_821' title='bbox 2457 5323 2514 5370; x_wconf 89' lang='lat' dir='ltr'><strong>et</strong></span> <span class='ocrx_word' id='word_1_822' title='bbox 2551 5315 2714 5372; x_wconf 81' lang='lat' dir='ltr'><strong>ductu</strong></span> <span class='ocrx_word' id='word_1_823' title='bbox 2761 5319 2988 5374; x_wconf 90' lang='lat' dir='ltr'><strong>rationis</strong></span> <span class='ocrx_word' id='word_1_824' title='bbox 3026 5319 3358 5390; x_wconf 85' lang='lat' dir='ltr'><strong>accipienda,</strong></span> <span class='ocrx_word' id='word_1_825' title='bbox 3407 5334 3462 5382; x_wconf 86' lang='lat' dir='ltr'><strong>et</strong></span> <span class='ocrx_word' id='word_1_826' title='bbox 3506 5325 3626 5381; x_wconf 81' lang='lat' dir='ltr'><strong>ideo</strong></span> <span class='ocrx_word' id='word_1_827' title='bbox 3656 5335 3711 5382; x_wconf 84' lang='lat' dir='ltr'><strong>tu</strong></span> 
     </span>
    </p>
   </div>
   <div class='ocr_carea' id='block_1_114' title="bbox 2127 5407 3710 5490">
    <p class='ocr_par' dir='ltr' id='par_1_114' title="bbox 2127 5407 3710 5490">
     <span class='ocr_line' id='line_1_114' title="bbox 2127 5407 3710 5490; baseline 0.011 -31"><span class='ocrx_word' id='word_1_828' title='bbox 2127 5423 2259 5477; x_wconf 86' lang='lat' dir='ltr'><strong>para</strong></span> <span class='ocrx_word' id='word_1_829' title='bbox 2293 5407 2627 5464; x_wconf 87' lang='lat' dir='ltr'><strong>intellectum</strong></span> <span class='ocrx_word' id='word_1_830' title='bbox 2659 5411 2790 5464; x_wconf 88' lang='lat' dir='ltr'><strong>mihi</strong></span> <span class='ocrx_word' id='word_1_831' title='bbox 2819 5418 2873 5465; x_wconf 90' lang='lat' dir='ltr'><strong>et</strong></span> <span class='ocrx_word' id='word_1_832' title='bbox 2900 5411 3042 5479; x_wconf 92' lang='lat' dir='ltr'><strong>veni,</strong></span> <span class='ocrx_word' id='word_1_833' title='bbox 3075 5412 3430 5484; x_wconf 87' lang='lat' dir='ltr'><strong>intelligendo</strong></span> <span class='ocrx_word' id='word_1_834' title='bbox 3450 5417 3572 5474; x_wconf 60' lang='lat' dir='ltr'><strong>haec</strong></span> <span class='ocrx_word' id='word_1_835' title='bbox 3600 5420 3710 5490; x_wconf 80' lang='lat' dir='ltr'><strong>spi-</strong></span> 
     </span>
    </p>
   </div>
   <div class='ocr_carea' id='block_1_115' title="bbox 2131 5500 2662 5572">
    <p class='ocr_par' dir='ltr' id='par_1_115' title="bbox 2131 5500 2662 5572">
     <span class='ocr_line' id='line_1_115' title="bbox 2131 5500 2662 5572; baseline 0.004 -18"><span class='ocrx_word' id='word_1_836' title='bbox 2131 5500 2340 5555; x_wconf 87' lang='lat' dir='ltr'><strong>ritualia</strong></span> <span class='ocrx_word' id='word_1_837' title='bbox 2369 5517 2490 5572; x_wconf 83' lang='lat' dir='ltr'><strong>quae</strong></span> <span class='ocrx_word' id='word_1_838' title='bbox 2521 5502 2662 5558; x_wconf 91' lang='lat' dir='ltr'><strong>dico.</strong></span> 
     </span>
    </p>
   </div>
   <div class='ocr_carea' id='block_1_116' title="bbox 2197 5592 3705 5667">
    <p class='ocr_par' dir='ltr' id='par_1_116' title="bbox 2197 5592 3705 5667">
     <span class='ocr_line' id='line_1_116' title="bbox 2197 5592 3705 5667; baseline 0.005 -19"><span class='ocrx_word' id='word_1_839' title='bbox 2197 5592 2360 5650; x_wconf 80' lang='lat' dir='ltr'><strong>Vsus.</strong></span> <span class='ocrx_word' id='word_1_840' title='bbox 2403 5595 2886 5667; x_wconf 73' lang='lat' dir='ltr'><strong>l7.—Respondit</strong></span> <span class='ocrx_word' id='word_1_841' title='bbox 2917 5595 3128 5653; x_wconf 87' lang='lat' dir='ltr'><strong>mulier.</strong></span> <span class='ocrx_word' id='word_1_842' title='bbox 3177 5599 3386 5656; x_wconf 80' lang='lat' dir='ltr'><strong>Revera</strong></span> <span class='ocrx_word' id='word_1_843' title='bbox 3431 5601 3548 5658; x_wconf 71' lang='lat' dir='ltr'><strong>iure</strong></span> <span class='ocrx_word' id='word_1_844' title='bbox 3592 5620 3705 5656; x_wconf 80' lang='lat' dir='ltr'><strong>mu-</strong></span> 
     </span>
    </p>
   </div>
   <div class='ocr_carea' id='block_1_117' title="bbox 2126 5684 3702 5762">
    <p class='ocr_par' dir='ltr' id='par_1_117' title="bbox 2126 5684 3702 5762">
     <span class='ocr_line' id='line_1_117' title="bbox 2126 5684 3702 5762; baseline 0.005 -24"><span class='ocrx_word' id='word_1_845' title='bbox 2126 5684 2226 5740; x_wconf 86' lang='lat' dir='ltr'><strong>lier</strong></span> <span class='ocrx_word' id='word_1_846' title='bbox 2251 5695 2381 5742; x_wconf 89' lang='lat' dir='ltr'><strong>tunc</strong></span> <span class='ocrx_word' id='word_1_847' title='bbox 2411 5704 2516 5743; x_wconf 92' lang='lat' dir='ltr'><strong>non</strong></span> <span class='ocrx_word' id='word_1_848' title='bbox 2551 5687 2788 5743; x_wconf 88' lang='lat' dir='ltr'><strong>habebat</strong></span> <span class='ocrx_word' id='word_1_849' title='bbox 2831 5689 3038 5754; x_wconf 87' lang='lat' dir='ltr'><strong>virum,</strong></span> <span class='ocrx_word' id='word_1_850' title='bbox 3080 5692 3174 5746; x_wconf 91' lang='lat' dir='ltr'><strong>sed</strong></span> <span class='ocrx_word' id='word_1_851' title='bbox 3197 5691 3452 5747; x_wconf 87' lang='lat' dir='ltr'><strong>utebatur</strong></span> <span class='ocrx_word' id='word_1_852' title='bbox 3474 5695 3623 5762; x_wconf 79' lang='lat' dir='ltr'><strong>quod</strong></span> <span class='ocrx_word' id='word_1_853' title='bbox 3653 5709 3702 5746; x_wconf 83' lang='lat' dir='ltr'><strong>tn</strong></span> 
     </span>
    </p>
   </div>
   <div class='ocr_carea' id='block_1_118' title="bbox 2127 5778 3702 5850">
    <p class='ocr_par' dir='ltr' id='par_1_118' title="bbox 2127 5778 3702 5850">
     <span class='ocr_line' id='line_1_118' title="bbox 2127 5778 3702 5850; baseline 0.005 -18"><span class='ocrx_word' id='word_1_854' title='bbox 2127 5794 2232 5834; x_wconf 84' lang='lat' dir='ltr'><strong>non</strong></span> <span class='ocrx_word' id='word_1_855' title='bbox 2261 5778 2523 5848; x_wconf 82' lang='lat' dir='ltr'><strong>legitimo,</strong></span> <span class='ocrx_word' id='word_1_856' title='bbox 2552 5779 2620 5834; x_wconf 90' lang='lat' dir='ltr'><strong>de</strong></span> <span class='ocrx_word' id='word_1_857' title='bbox 2642 5795 2750 5850; x_wconf 91' lang='lat' dir='ltr'><strong>quo</strong></span> <span class='ocrx_word' id='word_1_858' title='bbox 2781 5781 3075 5850; x_wconf 90' lang='lat' dir='ltr'><strong>respondet</strong></span> <span class='ocrx_word' id='word_1_859' title='bbox 3099 5781 3273 5840; x_wconf 89' lang='lat' dir='ltr'><strong>adhuc</strong></span> <span class='ocrx_word' id='word_1_860' title='bbox 3297 5785 3590 5840; x_wconf 87' lang='lat' dir='ltr'><strong>carnaliter</strong></span> <span class='ocrx_word' id='word_1_861' title='bbox 3619 5801 3702 5839; x_wconf 84' lang='lat' dir='ltr'><strong>sa-</strong></span> 
     </span>
    </p>
   </div>
   <div class='ocr_carea' id='block_1_119' title="bbox 2125 5869 3700 5940">
    <p class='ocr_par' dir='ltr' id='par_1_119' title="bbox 2125 5869 3700 5940">
     <span class='ocr_line' id='line_1_119' title="bbox 2125 5869 3700 5940; baseline 0.003 -18"><span class='ocrx_word' id='word_1_862' title='bbox 2125 5869 2302 5940; x_wconf 87' lang='lat' dir='ltr'><strong>piens,</strong></span> <span class='ocrx_word' id='word_1_863' title='bbox 2345 5869 2440 5940; x_wconf 89' lang='lat' dir='ltr'><strong>qui</strong></span> <span class='ocrx_word' id='word_1_864' title='bbox 2486 5871 2724 5928; x_wconf 88' lang='lat' dir='ltr'><strong>nondum</strong></span> <span class='ocrx_word' id='word_1_865' title='bbox 2749 5880 3045 5928; x_wconf 88' lang='lat' dir='ltr'><strong>vocaverat</strong></span> <span class='ocrx_word' id='word_1_866' title='bbox 3068 5872 3266 5940; x_wconf 88' lang='lat' dir='ltr'><strong>virum,</strong></span> <span class='ocrx_word' id='word_1_867' title='bbox 3315 5873 3370 5930; x_wconf 90' lang='lat' dir='ltr'><strong>id</strong></span> <span class='ocrx_word' id='word_1_868' title='bbox 3419 5883 3501 5930; x_wconf 89' lang='lat' dir='ltr'><strong>est</strong></span> <span class='ocrx_word' id='word_1_869' title='bbox 3539 5873 3700 5930; x_wconf 86' lang='lat' dir='ltr'><strong>intel-</strong></span> 
     </span>
    </p>
   </div>
   <div class='ocr_carea' id='block_1_120' title="bbox 2127 5959 3697 6026">
    <p class='ocr_par' dir='ltr' id='par_1_120' title="bbox 2127 5959 3697 6026">
     <span class='ocr_line' id='line_1_120' title="bbox 2127 5959 3697 6026; baseline 0.004 -10"><span class='ocrx_word' id='word_1_870' title='bbox 2127 5960 2348 6016; x_wconf 89' lang='lat' dir='ltr'><strong>lectum.</strong></span> <span class='ocrx_word' id='word_1_871' title='bbox 2374 5959 2511 6017; x_wconf 83' lang='lat' dir='ltr'><strong>Dicit</strong></span> <span class='ocrx_word' id='word_1_872' title='bbox 2537 5963 2584 6018; x_wconf 87' lang='lat' dir='ltr'><strong>ei</strong></span> <span class='ocrx_word' id='word_1_873' title='bbox 2613 5962 2790 6020; x_wconf 73' lang='lat' dir='ltr'><strong>Jews.</strong></span> <span class='ocrx_word' id='word_1_874' title='bbox 2822 5962 3090 6020; x_wconf 87' lang='lat' dir='ltr'><strong>Paulatim</strong></span> <span class='ocrx_word' id='word_1_875' title='bbox 3136 5978 3201 6022; x_wconf 86' lang='lat' dir='ltr'><strong>ea</strong></span> <span class='ocrx_word' id='word_1_876' title='bbox 3243 5964 3500 6026; x_wconf 85' lang='lat' dir='ltr'><strong>attollens</strong></span> <span class='ocrx_word' id='word_1_877' title='bbox 3525 5967 3697 6023; x_wconf 83' lang='lat' dir='ltr'><strong>adhuc</strong></span> 
     </span>
    </p>
   </div>
  </div>
