3960 6336
238 443 347 497 375

1199 391 1466 488 GLossA
1503 390 1896 484 onnlentA.
1936 451 1971 461 —
2039 416 2288 475 avsus.
2330 410 2522 471 JOAN.

3400 402 3503 460 ’574

241 556 503 630 mysteria
551 553 814 625 loquitur,
854 559 914 609 ut
952 548 1209 623 paulatim
1241 544 1564 625 perduceret
1600 555 1719 593 cam
1755 534 1821 590 ad
1850 537 1903 599 Α
1929 534 2003 590 tio
2026 533 2127 605 Dei
2156 538 2576 607 testamentum;
2615 524 2896 630 prophetia
2930 520 3230 630 promissa:
3262 518 3327 574 de
3348 516 3506 630 nobi:

240 646 681 722 cognoscendum
711 644 834 715 quis
854 657 980 703 cum
1006 656 1071 697 ea
1102 641 1432 711 loqueretur.
1462 634 1529 689 Et
1556 645 1664 688 non
1689 643 1825 705 opus

240 745 474 807 bonum.
506 755 612 805 non
638 738 963 812 prudentem
1002 734 1249 799 mulieris
1287 730 1471 791 laudat
1508 722 1821 799 responsio-

243 853 394 903 nem,
422 835 519 892 sed
546 832 792 901 veritatis
817 826 1005 886 laudat
1028 825 1450 887 confessionem.

318 930 483 1001 Vsus.
522 924 703 982 lS.——
729 921 972 993 Quinque
1024 921 1161 977 enim
1207 918 1367 977 viros.
1426 912 1676 982 Quinque
1721 906 1822 1001 viri

244 998 635 1091 sunt-quinque
661 1012 808 1084 leges
834 1013 1085 1068 humanae
1108 1017 1315 1069 naturae
1346 1006 1505 1071 datae.
1533 998 1826 1091 Prima,_in

244 1109 503 1183 paradiso
530 1115 657 1171 ante
697 1111 980 1176 peccatum
1027 1101 1083 1156 in
1124 1096 1494 1172 prohibitione
1540 1091 1691 1183 ligni.
1731 1089 1829 1147 Se-

246 1180 445 1266 cunda,
474 1207 597 1271 post
619 1195 1124 1267 praevaricationem
1158 1201 1213 1247 et
1242 1187 1617 1260 expulsionem
1643 1180 1711 1243 de
1730 1198 1829 1254 pa-

245 1295 451 1359 radiso,
474 1292 550 1347 de
580 1288 1029 1361 multiplicatione
1051 1286 1302 1347 humanae
1327 1279 1658 1356 propaginis.
1692 1277 1828 1341 Ter-

249 1388 347 1451 tia,
386 1384 498 1442 Noe
529 1392 654 1441 ante
680 1383 943 1445 diluvium
973 1381 1039 1436 de
1061 1378 1378 1445 fabricanda
1408 1390 1560 1435 arca.
1604 1373 1828 1441 Quarta.

245 1487 373 1552 post
411 1476 677 1535 diluvium
728 1476 799 1535 de
854 1472 1211 1531 divisionibus
1267 1469 1531 1541 gentium.
1591 1464 1831 1533 Quinta,

247 1572 529 1629 Abraham
555 1569 623 1627 de
650 1568 1069 1631 circumcisione
1098 1573 1152 1622 et
1183 1563 1554 1625 immolatione
1584 1560 1703 1616 lilii.
1734 1558 1831 1615 His

249 1666 492 1737 quinque
518 1661 908 1735 legibus‘quasi
937 1661 1179 1733 quinque
1203 1657 1337 1717 viris
1373 1656 1611 1715 humana
1653 1651 1836 1715 anima

250 1761 323 1817 ab
350 1760 507 1819 initio
528 1759 715 1824 mundi
746 1772 918 1827 usque
944 1756 1013 1812 ad
1037 1755 1259 1826 Moysen
1287 1749 1529 1820 subjecta
1556 1746 1660 1803 fuit
1691 1763 1706 1801 :
1732 1760 1833 1817 po—

251 1850 544 1909 steafdata
570 1859 652 1913 est
681 1849 768 1905 lex
797 1848 1011 1911 litterae,
1043 1860 1163 1916 quae
1197 1843 1401 1911 nullam
1442 1838 1670 1895 salutem
1710 1850 1838 1899 con-

1926 604 2195 689 Christus,
2222 634 2276 679 et
2320 625 2423 679 hoc
2451 629 2554 688 est,
2603 604 2901 691 quia-salus
2929 606 2994 671 ex
3031 608 3238 667 Judrcis
3285 620 3380 675 est,
3411 607 3507 664 sed

1926 718 2172 789 quamvis
2200 718 2274 772 ita
2322 716 2491 775 simus
2524 711 2853 778 differentes,
2908 718 3091 763 tamen
3135 720 3243 760 non
3271 700 3506 774 praefero

1925 809 2105 864 locum
2132 807 2439 862 Judaeorum
2468 803 2590 859 loco
2614 800 3099 863 Samaritanorum,
3121 806 3177 852 et
3202 795 3307 850 hoc
3333 801 3437 850 est.

2000 896 2165 955 Vsus.
2193 899 2285 954 25.
2312 928 2383 938 —
2411 896 2519 952 Sed
2550 895 2684 959 venit
2709 895 2859 958 hora,
2883 904 2932 947 et
2960 907 3099 946 nunc
3137 898 3234 953 est,
3276 888 3510 960 quando.

1928 991 2250 1061 Priusquam
2282 990 2523 1046 venirem
2565 987 2617 1043 in
2649 1001 2835 1055 carne,
2869 998 3028 1039 nemo
3056 981 3231 1053 potuit
3284 979 3514 1034 adorare

1930 1084 2147 1151 Patrem
2197 1084 2249 1151 in
2302 1081 2494 1155 spiritu
2547 1088 2601 1135 et
2630 1079 2880 1141 veritate,
2935 1082 3132 1146 praeter
3173 1071 3516 1144 patriarchas

1930 1189 1986 1235 et
2010 1178 2322 1253 prophetas,
2371 1175 2567 1247 quibus
2609 1188 2729 1247 mea
2765 1170 3069 1227 incarnatio
3118 1166 3354 1222 revelata
3392 1163 3514 1224 fuit,

1932 1270 2027 1326 sed
2054 1285 2152 1341 per
2182 1284 2355 1327 meam
2389 1265 2732 1340 praesentiam
2786 1264 2840 1327 in
2865 1276 3033 1318 carne
3074 1258 3203 1316 fient
3246 1258 3359 1315 veri
3389 1256 3518 1311 ado-

1932 1367 2160 1415 ratores.
2262 1362 2269 1367 '

2006 1451 2073 1507 In
2117 1452 2305 1523 spiritu
2332 1459 2381 1505 et
2423 1451 2657 1505 veritate.
2690 1446 2807 1503 Non
2857 1446 2910 1501 ill
2936 1442 3155 1514 templo,
3201 1456 3306 1497 non
3340 1442 3392 1496 in
3418 1441 3521 1495 hoc

1936 1552 2138 1608 monte,
2164 1542 2257 1597 sed
2283 1541 2514 1597 interius
2544 1540 2599 1594 in
2626 1539 2816 1594 intimo
2844 1535 3041 1615 templo
3067 1533 3246 1590 cordis
3274 1541 3329 1588 et
3352 1532 3405 1586 in
3433 1546 3524 1585 ve-

1939 1635 2099 1703 ritate
2129 1633 2455 1709 cognitionis
2479 1631 2695 1686 Patrem
2724 1644 2844 1685 esse
2870 1627 3226 1683 adorandum.

2014 1725 2169 1780 Vens.
2206 1724 2296 1779 24.
2321 1753 2394 1762 -
2414 1720 2642 1792 Spiritus
2670 1728 2744 1775 est
2779 1718 2934 1785 Deus.
2967 1718 3104 1774 Cum
3134 1717 3274 1772 Deus
3316 1714 3388 1770 sit
3417 1713 3526 1785 spi-

1940 1820 2076 1874 ritus
2119 1828 2174 1874 et
2212 1834 2318 1873 non
2365 1831 2581 1891 corpus,
2614 1830 2717 1870 non
2752 1813 2948 1897 quierit
2976 1820 3296 1883 corporeum
3324 1808 3523 1872 locum,

1715 1890 1836 1985 uiui;
1863 1908 1913 1970 B
1940 1922 2178 1965 montem
2210 1907 2292 1961 vel
2333 1890 2586 1976 templum
2644 1890 2861 2008 anquo
2907 1911 3109 1966 oretur,
3162 1899 3256 1955 sed
3306 1898 3527 2009 spiritus

252 2037 355 2092 vir.
388 2035 617 2095 Dimitte
652 2032 911 2098 litteram,
948 2030 1083 2085 Iade
1125 2028 1199 2084 ad
1236 2027 1491 2097 spiritum
1531 2019 1730 2075 littera:
1768 2018 1839 2075 ad

252 2126 473 2185 Novum
503 2125 933 2190 Testamentum,
984 2136 1016 2179 a
1058 2135 1171 2193 quo
1213 2114 1556 2191 spiritualem
1574 2111 1839 2169 virtutum

252 2220 468 2291 prolem
490 2219 788 2288 concipias.

333 2311 518 2385 (And)
548 2311 798 2381 Quinque
821 2309 947 2376 viri,
988 2307 1044 2363 id
1084 2313 1169 2363 est
1207 2305 1451 2376 quinque
1483 2318 1678 2361 sensus
1718 2316 1842 2359 cor-

255 2405 411 2477 poris
442 2412 498 2459 te
528 2410 808 2468 rexerunt,
838 2416 984 2457 nunc
1009 2399 1064 2454 in
1090 2407 1335 2470 tempore
1356 2396 1706 2457 dissertationis
1735 2410 1843 2455 non

259 2504 319 2551 te
345 2494 487 2566 regit
512 2493 618 2560 vir,
650 2493 705 2555 id
734 2502 817 2551 est
866 2490 1176 2556 intellectus
1210 2489 1510 2559 sapiemite,
1551 2487 1648 2544 sed
1693 2484 1844 2540 adul-

262 2592 367 2649 ter,
408 2585 459 2641 id
504 2594 590 2642 est
630 2599 787 2647 error
836 2574 1157 2654 corrumpit.
1202 2580 1337 2655 dum
1379 2579 1676 2635 carnaliter
1721 2593 1845 2650 quae

263 2675 391 2733 dico
414 2676 639 2748 accipis,
656 2686 719 2739 et
744 2675 871 2733 ἰὼο
894 2689 1027 2733 voca
1056 2674 1261 2741 virum,
1283 2681 1343 2729 ut
1374 2671 1540 2744 (sicut
1562 2670 1705 2738 dico)
1738 2668 1848 2741 spi-

262 2768 536 2826 ritualiter
558 2768 848 2841 intelligas.
881 2766 1008 2824 Ideo
1035 2766 1279 2838 quinque
1328 2778 1521 2819 sensus
1566 2761 1622 2831 in
1650 2759 1848 2821 minori

265 2867 430 2916 astate
459 2860 713 2915 dicuntur
737 2859 862 2925 viri,
894 2859 1019 2930 quia
1044 2865 1173 2914 sunt
1195 2855 1446 2928 legitimi.
1478 2853 1610 2910 Post
1634 2852 1849 2924 lapsum

266 2953 416 3011 enim
439 2955 674 3011 hominis
703 2962 759 3010 et
785 2955 1006 3015 decreto
1029 2952 1127 3009 Dei
1157 2950 1480 3008 naturaliter
1514 2948 1720 3020 regitur
1756 2947 1849 3004 illa

268 3054 431 3113 astas,
459 3060 565 3101 non
594 3046 662 3102 ad
687 3053 913 3111 aeterna,
943 3046 1038 3101 sed
1085 3045 1153 3101 ad
1181 3044 1287 3099 ista
1326 3041 1648 3114 temporalia
1689 3055 1852 3113 appeg

271 3138 439 3193 tenda
466 3136 513 3192 si
538 3135 796 3200 mulcent,
820 3135 1039 3197 vitanda
1068 3135 1114 3189 si
1138 3132 1439 3188 oﬂ‘endunt.

347 3226 513 3283 Vens.
539 3225 847 3292 l9.—Quia
876 3226 1123 3296 propheta
1150 3233 1204 3277 tu
1231 3240 1304 3278 es.
1339 3222 1534 3277 Mulier
1560 3236 1625 3276 ex
1659 3218 1856 3277 auditis

268 3318 590 3391 proﬁciens,
625 3315 741 3386 jam
786 3324 1028 3395 cmperat
1071 3314 1416 3386 aliquatenus
1456 3311 1657 3383 habere
1699 3309 1855 3373 intel-

271 3411 499 3475 lectum,
534 3409 678 3466 unde
707 3417 763 3465 et
800 3409 1117 3479 prophetam
1148 3413 1324 3475 vocat,
1358 3405 1455 3461 sed
1482 3418 1588 3460 non
1615 3403 1855 3475 plenum,

275 3501 403 3573 quia
436 3516 548 3561 non
571 3500 747 3557 credit
770 3500 984 3557 venisse
1005 3498 1302 3563 Christum.

351 3591 515 3648 Vnus.
548 3589 894 3647 20.—.-pauea
925 3589 1109 3654 nostri,
1165 3595 1271 3643 etc.
1303 3585 1571 3658 Propheta
1607 3599 1668 3642 es
1696 3591 1776 3654 tu,
1805 3592 1861 3643 et

274 3685 403 3743 ideo
422 3683 603 3754 iudica
632 3683 700 3745 de
727 3684 829 3740 hac
855 3683 1217 3745 contentione,
1249 3695 1369 3751 quae
1412 3693 1501 3737 me
1539 3686 1741 3736 movet.
1767 3677 1863 3737 Ju-

274 3780 380 3837 daei
422 3794 485 3836 se
516 3777 882 3851 praeferebant
918 3777 1287 3839 Samaritanis
1331 3792 1431 3846 pro
1466 3775 1672 3848 templo
1713 3777 1858 3847 quod

274 3872 567 3931 adiﬁcavit
590 3869 866 3936 Salomon,
892 3869 951 3929 in
974 3884 1081 3939 quo
1126 3868 1446 3931 adorabunt.
1488 3868 1727 3937 Econtra
1759 3865 1859 3923 Sa-

276 3964 537 4021 msritani
565 3963 851 4020 adversum
870 3960 1087 4027 Judaeos
1108 3977 1207 4034 pro
1232 3968 1441 4025 monte,
1457 3960 1514 4015 in
1543 3976 1651 4030 quo
1674 3970 1729 4016 et
1750 3975 1860 4016 non

278 4058 341 4113 in
365 4056 564 4128 templo
589 4063 774 4126 patres
795 4052 1181 4125 adoravsrunt,
1224 4053 1316 4125 qui
1364 4053 1477 4109 Deo
1521 4051 1859 4123 placuerunt.

280 4145 355 4202 Et
402 4146 484 4203 sic
509 4144 838 4217 patriarchae
888 4143 947 4203 in
997 4142 1291 4215 montibus,
1341 4136 1513 4199 Judmi
1556 4142 1613 4197 in
1663 4142 1867 4213 templo

281 4236 670 4304 adoraverunt,
710 4235 1125 4307 praeﬁgurantes
1168 4233 1388 4291 modum
1432 4234 1574 4291 bene
1613 4232 1825 4289 orandi.

358 4328 523 4386 Vsus.
545 4328 637 4385 ﬁl.
661 4358 732 4370 —
761 4326 979 4393 Helia.
1016 4327 1077 4385 in
1107 4328 1213 4385 hoc
1230 4326 1349 4384 loco
1373 4327 1633 4387 Dominus
1657 4325 1871 4398 jactan-

284 4427 421 4483 tiam
446 4424 914 4482 Samaritanorum
946 4422 1211 4493 reprimit,
1245 4423 1335 4493 qui
1376 4423 1638 4493 putabant
1682 4437 1738 4477 se
1763 4437 1870 4477 non

281 4518 520 4577 minoris
565 4517 845 4590 religionis
892 4514 1063 4575 fuisse
1114 4529 1279 4584 quam
1325 4511 1560 4579 Indicos.
1607 4510 1872 4582 Loquitur

284 4627 420 4681 8'30
444 4610 501 4665 in
526 4623 759 4681 persona
780 4608 1169 4712 promtus!
1193 4611 1249 4661 et
1260 4602 1623 4712 ommung
1643 4604 1698 4657 in
1717 4602 1873 4658 Chri-
1895 4650 1950 4712 Β

288 4709 438 4757 stum
462 4700 726 4765 credunt;
756 4699 900 4757 unde
922 4697 1037 4760 ait:
1079 4694 1183 4749 Vos
1213 4694 1448 4749 adoratis
1477 4689 1692 4753 Patrem
1719 4709 1871 4765 quem

288 4794 518 4859 nescitis,
573 4792 699 4863 quia
758 4788 934 4846 nullus
997 4790 1190 4843 adorat
1241 4785 1459 4839 Patrem
1522 4784 1625 4839 nisi
1676 4784 1871 4841 Filium

288 4887 502 4951 adoret,
544 4900 643 4957 per
686 4898 847 4954 quem
902 4882 973 4936 ad
1016 4880 1261 4939 notitiam
1292 4875 1473 4933 Patris
1516 4878 1747 4942 venitur,
1779 4877 1874 4933 sed

290 4994 396 5035 nos
427 4977 628 5034 scimus
673 4974 893 5037 Filium,
930 4981 984 5029 et
1012 4987 1105 5042 per
1132 4970 1328 5033 Filium
1358 4968 1596 5034 Patrem,
1626 4968 1769 5024 unde
1791 4982 1877 5022 se-

289 5073 480 5144 quitur
506 5087 520 5124 :
554 5069 691 5134 Quia
717 5066 861 5121 salus
886 5082 949 5120 ea:
973 5063 1179 5118 luditis
1221 5070 1329 5127 est,
1361 5069 1488 5125 etc.,
1520 5060 1575 5114 id
1598 5068 1711 5121 est.
1751 5058 1877 5130 quia

1939 2016 2107 2070 purus
2134 2008 2216 2054 est
2239 2000 2354 2069 ejus
2386 1997 2663 2068 templum,
2716 1996 2771 2050 in
2798 2009 2906 2066 quo
2929 2002 3133 2060 oretur,
3177 2007 3283 2046 non
3310 1990 3378 2046 de
3402 1989 3530 2044 visi-

1941 2091 2137 2148 bilibus
2173 2104 2294 2162 qua:
2329 2097 2627 2161 transeunt,
2677 2087 2774 2160 sed
2804 2086 2872 2143 de
2901 2085 3120 2142 aeternis
3149 2096 3271 2156 quae
3325 2082 3529 2139 veritas

1945 2197 2097 2246 sunt.
2202 2168 2207 2173 ’
2588 2168 2627 2175 “’

2013 2279 2179 2334 Vens.
2204 2276 2297 2345 25,
2328 2274 2419 2343 26.
2450 2308 2524 2319 -—
2561 2275 2683 2333 Scio
2712 2278 2834 2349 quia
2882 2275 3103 2332 Messias
3129 2275 3287 2341 venit,
3333 2274 3421 2347 qui
3450 2271 3532 2328 di-

1945 2373 2103 2439 citur,
2127 2378 2233 2427 etc.
2264 2370 2382 2426 Jam
2408 2386 2503 2440 per
2529 2369 2693 2437 verba
2718 2370 2962 2425 docentis
2993 2367 3223 2439 amplius
3251 2375 3524 2438 provecta,

1947 2463 2106 2519 scita
2133 2478 2239 2532 quo
2290 2448 2528 2532 perfecte
2575 2462 2769 2517 debeat
2811 2461 3027 2526 instrui,
3056 2458 3110 2514 id
3136 2467 3217 2515 est
3243 2474 3273 2512 a
3317 2457 3530 2513 Messia.

1949 2553 2050 2609 Ille
2074 2555 2218 2609 nobis
2254 2538 2581 2609 annuntiabit
2616 2555 2812 2608 omnia.
2847 2553 2985 2608 Dicit
3012 2552 3060 2608 ei
3082 2551 3259 2607 Iesus.
3292 2551 3536 2620 Qualiter

1951 2657 2131 2720 spreto
2148 2650 2353 2719 templo
2388 2649 2475 2715 vel
2518 2656 2702 2705 monte
2730 2650 2783 2704 in
2815 2649 3005 2720 Spiritu
3044 2656 3099 2704 et
3124 2648 3357 2705 veritate
3398 2648 3534 2703 ado—

1952 2756 2134 2796 remus
2171 2741 2441 2805 ostendet,
2492 2750 2549 2795 et
2606 2740 2830 2809 abjertis
2878 2740 3086 2796 umbris
3135 2735 3365 2796 v‘eritate
3414 2737 3535 2793 illn-

1951 2843 2207 2891 stremur.
2231 2832 2344 2904 Ego
2364 2848 2481 2887 sum
2502 2833 2591 2911 qui
2618 2831 2821 2903 loquor.
2848 2830 3018 2898 Quem
3038 2838 3327 2885 venturum
3354 2842 3542 2899 exspe-

1954 2934 2088 2994 ctas,
2122 2927 2335 2984 venisse
2372 2934 2673 3000 cognoSce:
2730 2933 2784 2982 et
2827 2926 3060 2981 adducto
3086 2930 3265 2979 tecum
3300 2923 3418 2977 viro
3447 2924 3541 2993 qui

1955 3030 2010 3081 te
2036 3030 2206 3095 regat,
2244 3035 2363 3093 quae
2389 3018 2512 3075 tldci
2556 3028 2683 3075 sunt
2728 3016 3033 3074 necessaria
3084 3016 3291 3072 discere
3331 3013 3536 3069 labora.

1956 3112 2025 3168 Et
2044 3114 2169 3182 quia
2195 3111 2403 3167 sciebat
2420 3111 2534 3182 jam
2557 3110 2678 3181 quis
2703 3124 2824 3165 eam
2846 3116 3029 3180 posset
3051 3108 3245 3163 docere
3275 3120 3395 3161 cum
3416 3118 3539 3160 eum

1954 3206 2065 3276 jam
2090 3208 2370 3271 docentem
2398 3220 2503 3260 non
2534 3212 2873 3275 agnosceret,
2905 3202 3067 3272 digna
3092 3209 3210 3257 erat
3230 3200 3315 3256 cui
3343 3200 3458 3269 ipse
3484 3213 3543 3253 se

1882 3278 1929 3344 ο
1961 3295 2355 3358 manifestaret,
2410 3294 2552 3349 unde
2592 3293 2765 3348 dicit:
2823 3292 2937 3364 Ego
2984 3282 3099 3347 sunt
3141 3290 3382 3355 Messias,
3436 3302 3542 3359 qua

1963 3388 2399 3446 manifestationc
2431 3394 2648 3459 accepta
2683 3401 2791 3441 non
2844 3385 3007 3441 habet
3053 3383 3180 3456 quid
3216 3382 3358 3438 ultra
3393 3395 3542 3451 quaa-

1962 3492 2070 3543 rat,
2098 3482 2238 3537 unde
2266 3481 2509 3553 sequitur
2534 3498 2547 3535 :
2577 3478 2809 3552 Reliquit
2852 3486 2973 3550 ergo
3013 3470 3274 3549 hydriam,
3300 3484 3404 3531 etc.
3437 3472 3547 3529 Sed

1958 3571 2303 3643 Evangelista
2338 3570 2612 3626 interserit
2648 3572 2714 3626 de
2738 3568 3034 3642 discipulis.

2035 3662 2198 3720 Vens.
2228 3660 2317 3718 27.
2341 3694 2411 3704 -—
2441 3660 2509 3715 Et
2539 3660 2871 3715 mirabantur
2892 3659 3037 3730 quia.
3059 3655 3178 3714 Non
3211 3654 3549 3713 mirabantur

1962 3758 2104 3828 quod
2133 3771 2259 3812 cum
2306 3754 2531 3810 muliere
2565 3753 2818 3823 loquitur,
2850 3767 2972 3808 cum
3002 3750 3197 3823 quibus
3226 3747 3371 3819 loqui
3416 3763 3547 3803 con-

1963 3855 2238 3912 sueverat,
2284 3846 2379 3915 sed
2403 3845 2529 3914 quia
2560 3859 2683 3899 cum
2714 3842 3040 3913 alienigena,
3093 3841 3404 3913 ignorantes
3431 3853 3547 3911 my-

1964 3943 2189 3997 sterium
2219 3940 2473 3995 Ecclesiae
2501 3939 2565 3994 de
2592 3939 2842 4010 gentibus
2864 3936 3079 3991 htturae.
3110 3936 3178 3991 Et
3205 3952 3310 3991 non
3348 3935 3548 3990 malum

1965 4030 2331 4104 suspicantur,
2360 4030 2454 4084 sed
2493 4026 2836 4083 clementiam
2868 4027 3157 4089 mirantur,
3198 4027 3323 4095 quia
3369 4026 3544 4097 genti-

1966 4124 2068 4177 l'em
2098 4132 2381 4177 erroneam
2430 4118 2588 4175 docet
2631 4118 2772 4174 sicut
2820 4118 2909 4190 qui
2953 4118 3093 4172 venit
3137 4133 3369 4189 quwrere
3410 4118 3550 4188 quod

1968 4212 2211 4286 perierat.

2040 4292 2206 4361 Vens.
2247 4302 2336 4359 28.
2360 4333 2427 4343 —-
2456 4301 2684 4374 Reliquit
2712 4316 2854 4369 ergo.
2898 4299 3099 4356 Audito
3128 4315 3221 4371 ego
3251 4315 3388 4366 sum,
3434 4299 3549 4371 jam

1970 4396 2177 4452 habens
2202 4394 2255 4451 in
2301 4390 2575 4449 intellectu
2606 4391 2801 4448 mulier
2827 4389 3101 4448 Christum
3131 4400 3293 4465 caput
3318 4393 3441 4457 viri,
3468 4407 3555 4447 re-

1970 4489 2131 4561 liquit
2163 4489 2434 4559 bydriam,
2464 4486 2519 4542 id
2548 4495 2632 4543 est
2654 4487 3025 4558 cupiditatem,
3050 4494 3105 4541 et
3125 4487 3364 4542 cucurrit
3390 4500 3553 4541 evan-

1978 4570 2232 4656 gelizare.
2265 4580 2363 4637 [lic
2390 4582 2603 4636 discant
2642 4581 3065 4653 evangelizaturi
3113 4579 3264 4651 prius
3287 4578 3556 4649 deponere

1976 4660 2183 4741 curam,
2211 4684 2266 4731 et
2284 4691 2422 4730 onus
2450 4674 2608 4745 hujus
2635 4674 2834 4731 surculi.

2047 4767 2209 4822 Vens.
2239 4766 2328 4823 29.
2352 4797 2422 4807 —
2452 4765 2635 4821 Venite
2684 4778 2730 4821 et
2763 4766 2942 4821 videte.
2990 4761 3325 4819 Pedetentim
3352 4763 3559 4820 inducit

1977 4860 2042 4913 ad
2070 4860 2349 4914 veritatem
2382 4858 2499 4914 illos
2527 4859 2687 4913 rudes
2720 4875 2734 4923 ;
2794 4872 2892 4911 nec
2918 4855 3104 4911 statim
3134 4853 3366 4911 aﬂirmat
3401 4854 3559 4912 Chri-

1981 4964 2143 5017 stum,
2178 4968 2244 5023 ne
2282 4953 2648 5008 irascerentur
2671 4956 2724 5007 et
2747 4951 3177 5020 indignarentur.

2053 5047 2213 5109 Vens.
2242 5047 2416 5101 ⁸55.-
2448 5043 2699 5123 Nunquid
2722 5043 2911 5114 aliquis
2935 5042 3130 5097 attulit.
3156 5040 3274 5099 Non
3296 5041 3413 5098 ausi
3436 5048 3562 5098 sunt

291 5136 566 5225 (abl-istas,
598 5158 690 5229 qui
728 5164 812 5212 est
840 5155 1007 5220 salus,
1046 5169 1113 5215 ex
1160 5151 1360 5219 Iudaeis
1408 5159 1509 5214 est,
1562 5164 1668 5205 non
1704 5150 1878 5229 solum
1984 5138 2322 5215 interrogare
2349 5139 2631 5195 Dominum
2663 5136 2916 5191 timentes
2947 5150 3015 5191 ne
3056 5136 3123 5191 ab
3150 5151 3216 5192 eo
3270 5136 3535 5207 reprehen

290 5252 505 5323 origine
533 5227 730 5312 carnis,
764 5248 857 5302 sed
886 5245 1045 5300 etiam
1077 5259 1144 5298 ex
1168 5242 1247 5298 eis
1277 5250 1397 5296 orta
1424 5249 1507 5296 est
1537 5240 1670 5296 ﬁdes
1694 5227 1748 5295 Et
1770 5240 1881 5310 pri-
1988 5230 2205 5292 dantur,
2231 5230 2273 5284 si
2302 5230 2514 5295 incaute
2541 5227 3013 5298 interrogaverint.

292 5316 487 5400 misit-ts
517 5340 778 5396 Ecclesia.
806 5336 974 5392 Crede
1002 5336 1150 5391 mihi.
1200 5334 1337 5402 Quia
1378 5331 1491 5400 jam
1527 5333 1689 5388 estin
1717 5341 1771 5391 te
1798 5331 1882 5385 vir
2062 5319 2220 5375 Vens.
2254 5318 2341 5373 54.
2374 5350 2440 5358 -
2466 5316 2615 5373 Meus
2668 5318 2811 5372 cibus
2866 5329 2962 5373 est.
3015 5317 3131 5375 Non
3183 5316 3565 5375 intellexerunt

294 5438 393 5509 qui
413 5442 592 5507 potest
614 5432 841 5489 eradere
862 5439 919 5486 et
937 5430 1059 5486 ideo
1082 5428 1243 5485 crede
1262 5445 1281 5482 ε
1312 5426 1453 5492 Qui;
1477 5426 1577 5480 nisi
1600 5424 1884 5482 credideris
1987 5428 2185 5478 escam,
2211 5413 2349 5466 sicut
2372 5409 2562 5467 mulier
2582 5424 2738 5478 supra
2762 5425 2867 5465 non
2892 5409 3155 5465 intellexit
3177 5424 3394 5481 aquam,
3422 5407 3565 5464 unde
3636 5456 3641 5461 .

294 5499 684 5595 rion-intelliges
713 5521 847 5594 (ha.
870 5520 992 5589 vn).
1018 5518 1245 5585 Quando
1266 5532 1426 5588 neque
1445 5517 1504 5570 in
1526 5523 1715 5569 monte.
1744 5513 1884 5571 Ecce
1990 5506 2245 5576 magister
2274 5518 2366 5561 eos
2424 5501 2642 5557 instruit
2696 5516 2800 5565 non
2833 5516 2929 5581 per
2958 5502 3244 5556 circuitum
3295 5507 3353 5553 ut
3392 5499 3561 5564 illam,

296 5620 509 5693 pariter
528 5589 684 5672 m6».
704 5589 886 5670 vester
906 5622 963 5669 et
988 5609 1247 5681 templum
1288 5607 1596 5669 Iudaeorum
1626 5605 1883 5677 reproba-
1991 5599 2082 5653 sed
2106 5598 2215 5668 jam
2250 5604 2433 5667 aperte
2474 5595 2697 5665 dicens:
2740 5593 2890 5647 Meus
2920 5594 3063 5648 cibus
3119 5602 3193 5646 est
3245 5601 3300 5645 ut
3348 5589 3564 5659 faciam,

296 5683 474 5774 bitur,
504 5709 599 5765 sed
629 5708 682 5762 in
712 5706 816 5762 hoc
835 5705 968 5761 estis
995 5704 1249 5772 impares,
1272 5701 1415 5771 quod
1434 5716 1531 5756 vos
1562 5697 1888 5754 Samaritani
1989 5702 2096 5747 etc.
2135 5689 2467 5743 Voluntatem
2496 5690 2629 5759 ejus.
2659 5687 2856 5743 Patris.
2882 5684 3144 5744 Voluntas
3187 5683 3363 5738 Patris
3405 5690 3488 5736 est
3508 5690 3570 5737 ut

300 5770 547 5857 adoratis
600 5798 744 5868 quod
797 5796 1040 5859 nescitis,
1072 5770 1175 5850 sed
1336 5790 1503 5847 Judaei
1540 5807 1647 5846 non
1679 5804 1891 5854 omnes,
1992 5783 2246 5839 credatur
2277 5781 2327 5834 in
2353 5795 2497 5843 eum,
2530 5778 2583 5832 id
2610 5785 2691 5834 est
2721 5777 2772 5831 in
2814 5775 3009 5832 Filium
3039 5788 3198 5844 quem
3244 5773 3358 5843 ipse
3398 5770 3565 5826 misit.
3626 5834 3627 5837 η

302 5896 403 5955 sed
426 5894 580 5949 electi
618 5864 911 5949 adoramus
939 5890 1081 5965 quod
1122 5890 1345 5955 scimus,
1373 5888 1499 5959 quia
1526 5887 1683 5943 nobis
1707 5884 1896 5959 cogni-
1995 5880 2141 5952 Opus
2170 5876 2342 5965 Patris
2369 5883 2453 5929 est
2480 5880 2664 5928 nostra
2687 5870 2853 5926 salus.
2891 5866 3091 5924 Christi
3118 5879 3248 5945 ergo
3271 5864 3444 5930 cibus,
3472 5878 3572 5919 nc-
