3960 6336
454 367 560 422 375

951 362 1340 421 WALAFRIDI
1379 362 1626 419 STRABI
1661 362 1868 420 FULD.
1909 361 2074 418 MON.
2114 359 2264 418 OPP.
2305 361 2484 418 PARS
2522 363 2566 418 Ι.
2607 393 2676 404 -
2713 361 3173 422 THEOLOGICA.

3611 368 3723 425 376

455 492 566 538 stra
593 482 722 539 ﬁdes
745 491 800 538 et
828 490 1011 538 nostra
1036 480 1200 536 salus.
1237 479 1394 536 Facit
1417 494 1549 550 ergo
1570 479 1900 535 voluntatem
1929 480 2026 534 do-
2051 480 2104 541 Α
2129 477 2223 532 sed
2252 493 2470 534 manere
2509 483 2648 550 apud
2672 480 2793 534 illos
2815 480 2905 535 ubi
2927 480 3064 537 bene
3088 487 3336 550 receptus
3356 487 3457 536 est.

456 576 628 631 cendo
647 576 870 631 credere
893 576 948 630 in
967 589 1044 641 se,
1068 572 1198 628 facit
1218 587 1354 644 opus
1372 573 1693 630 maturando
1714 573 2032 644 mysterium

454 667 862 738 redemptionis.
1176 713 1180 718 .

523 743 806 814 Vensf35.
841 789 909 798 —
937 757 1126 812 Nonne
1150 774 1237 812 vos
1257 757 1452 812 dicitis.
1478 755 1612 812 Cum
1641 763 1845 825 quaret
1870 755 2031 811 ﬁdem

453 862 511 907 et
547 851 772 914 salutem
820 849 1163 920 populorum,
1194 848 1366 904 fervet
1389 849 1444 904 in
1470 863 1625 918 opus,
1653 855 1708 901 et
1753 848 2030 916 operarios

451 943 668 998 mittere
715 941 969 1009 disponit.
1024 941 1213 995 Levate
1253 938 1432 994 oculos
1483 947 1695 992 vestras.
1751 937 2031 993 lntellectu

452 1033 650 1088 mentis
679 1031 1020 1088 considerate
1077 1030 1240 1100 quod,
1290 1035 1562 1083 transacta
1612 1028 1811 1092 hieme,
1861 1027 1916 1082 id
1944 1035 2030 1083 est

452 1123 794 1187 inﬁdelitate,
823 1123 976 1177 adest
1011 1121 1157 1176 calor
1206 1119 1330 1174 ﬁdei
1359 1126 1415 1173 et
1465 1126 1654 1189 parata
1691 1127 1816 1173 sunt
1841 1119 2027 1184 corda,

449 1222 508 1267 ut
531 1228 692 1284 opera
725 1213 953 1283 iustitiae
981 1227 1050 1267 ex
1083 1212 1163 1267 eis
1189 1210 1476 1280 colligatis,
1523 1210 1675 1280 quasi
1705 1210 1852 1265 dicat
1881 1228 1895 1264 :
1928 1209 2027 1264 Ju-

447 1316 573 1361 vate
601 1307 670 1360 ad
717 1305 1046 1376 implendum
1072 1305 1404 1360 voluntatem
1429 1303 1626 1358 Patris.
1675 1303 1744 1357 Et
1767 1301 1904 1357 bene
1933 1317 2030 1373 po-

447 1398 622 1462 testis,
648 1397 775 1467 quia
799 1405 990 1466 parata
1013 1403 1099 1452 est
1140 1395 1354 1461 messis,
1385 1395 1440 1452 id
1466 1380 1579 1460 est,
1620 1377 1798 1449 videte
1841 1401 2029 1465 gentes

446 1489 601 1541 facile
629 1488 929 1543 credentes.

517 1579 680 1634 Vens.
725 1580 811 1635 56.
845 1611 916 1620 —
961 1578 1027 1635 Ut
1072 1588 1123 1636 et
1165 1581 1257 1653 qui
1305 1580 1546 1635 seminat.
1600 1579 1844 1650 Utroque
1889 1596 2026 1651 opus

448 1683 586 1736 erat,
641 1673 971 1727 seminatore
1008 1679 1064 1728 et
1113 1686 1378 1737 messore,
1410 1671 1534 1742 quia
1587 1670 1643 1725 in
1670 1671 1773 1726 hoc
1802 1679 2027 1740 apparet

447 1763 721 1832 probabile
745 1765 990 1829 verbum,
1036 1765 1163 1836 quia
1199 1763 1338 1820 alius
1364 1764 1628 1829 seminat,
1675 1763 1813 1818 alius
1833 1764 2018 1830 metit;

2211 569 2376 624 Vens.
2399 571 2489 626 46.
2515 602 2584 612 -
2610 569 2681 627 Et
2710 581 2823 627 erat
2871 571 3088 643 quidam
3140 571 3348 642 regulus
3377 571 3528 643 cujus
3550 572 3718 641 ﬁlius.

2134 659 2242 716 Iste
2268 661 2484 732 regulus
2525 670 2708 732 potest
2738 663 2974 734 ﬁgurare
3003 663 3237 732 aliquem
3264 665 3442 734 gentis
3479 663 3722 720 Judaica:

2134 752 2430 820 doctorem,
2483 755 2574 824 qui
2607 756 2824 810 tandem
2874 763 3000 825 post
3031 756 3245 825 plenam
3278 755 3533 812 Ecclesia:
3585 773 3721 829 gen-

2134 841 2271 896 tium
2320 845 2730 901 conversionem
2782 847 2849 901 ad
2901 862 3063 917 quam
3115 848 3373 921 Dominus
3431 863 3461 903 a
3517 848 3722 905 Iudaeis

2132 936 2390 1005 expulsus
2413 952 2509 1007 per
2536 938 2828 1010 discipulos
2863 940 3266 1009 transmigravit
3283 982 3298 1006 ,
3319 955 3421 1010 pro
3450 941 3594 1008 ﬁlio,
3621 942 3722 998 Ju-

2131 1028 2286 1084 daico
2309 1029 2526 1100 populo,
2554 1045 2712 1100 quem
2741 1045 2847 1085 non
2872 1031 2977 1087 nisi
3005 1032 3060 1086 in
3095 1033 3200 1086 ﬁne
3229 1032 3412 1087 saeculi
3437 1032 3599 1088 ﬁdem
3623 1049 3720 1089 ac-

2131 1129 2415 1191 cepturum
2438 1124 2732 1192 cognoscit,
2763 1118 2904 1192 orat,
2931 1130 2994 1178 ut
3012 1123 3080 1179 de
3106 1123 3265 1196 longa
3289 1122 3529 1194 perﬁdia
3553 1125 3718 1179 inﬁr-

2130 1211 2320 1266 mitate
2338 1219 2583 1267 sanetur.

2199 1301 2366 1359 Vens.
2397 1305 2488 1359 47.
2515 1335 2586 1347 -
2605 1303 2675 1359 Et
2703 1307 2940 1378 rogabat.
2970 1305 3090 1363 Jam
3114 1307 3341 1364 credens
3369 1309 3510 1378 quod
3531 1320 3721 1380 posset

2129 1407 2324 1449 sanare
2366 1394 2532 1450 ﬁlium
2554 1394 2690 1465 ejus,
2724 1397 2818 1452 sed
2844 1398 2971 1467 quia
3015 1413 3114 1467 per
3138 1399 3419 1465 deitatem,
3453 1416 3575 1470 quae
3601 1401 3723 1455 ubi-

2127 1502 2234 1558 que
2255 1497 2360 1554 est,
2405 1504 2513 1545 non
2559 1489 2732 1545 credit
2762 1489 2872 1545 ﬁlio
2901 1491 3113 1556 adesse,
3148 1499 3304 1562 rogat
3333 1501 3394 1547 ut
3421 1492 3722 1548 descende-

2126 1586 2211 1633 ret
2235 1587 2291 1634 et
2315 1594 2555 1650 praesens
2575 1595 2803 1652 corpore
2829 1591 3066 1646 sanaret,
3097 1581 3241 1637 unde
3267 1581 3605 1639 inﬁdelitatis
3631 1600 3718 1638 ar.

2127 1671 2342 1742 guitur:
2374 1671 2498 1727 Nisi
2533 1673 2686 1743 signa
2726 1683 2776 1728 et
2803 1674 3063 1746 prodigia,
3111 1683 3217 1730 etc.
3247 1673 3567 1731 Econtrario
3597 1693 3725 1732 cen-

2127 1762 2271 1818 turio
2293 1763 2562 1830 laudatur,
2591 1765 2684 1833 qui
2709 1764 2842 1820 dicit
2867 1782 2880 1818 :
2913 1763 3013 1819 Dic
3049 1765 3197 1820 verbo
3218 1775 3267 1819 et
3292 1758 3566 1820 sanabitur
3587 1784 3724 1836 puer

445 1856 547 1910 nisi
577 1857 720 1911 enim
743 1858 921 1928 parati
962 1864 1144 1913 essent
1167 1870 1266 1928 per
1291 1856 1602 1928 prophetas,
1632 1869 1740 1911 non
1769 1855 2020 1910 audirent
2047 1840 2096 1900 Β
2121 1871 2267 1910 meus
2295 1853 2512 1927 (Matth.
2539 1857 2660 1927 Vill)
2693 1873 2708 1922 ;
2740 1857 2879 1911 unde
2905 1875 2917 1911 :
2960 1856 3085 1911 Non
3123 1857 3297 1912 inveni
3324 1865 3527 1912 tantam
3556 1859 3722 1926 ﬁdem

450 1953 740 2022 apostolos.

512 2043 677 2100 Vens.
710 2045 799 2100 58.
826 2077 898 2086 —
923 2044 1037 2117 Ego
1083 2046 1203 2101 misi
1250 2063 1356 2103 uos.
1412 2043 1523 2101 Vos
1567 2044 1709 2102 facio
1744 2059 2018 2102 messores

442 2135 516 2191 ibi
543 2137 632 2192 ubi
655 2137 746 2191 alii
764 2139 1182 2205 seminaverunt,
1228 2138 1282 2194 id
1301 2146 1388 2194 est
1427 2138 1484 2193 in
1503 2137 1708 2203 Iudaea,
1733 2137 1823 2192 ubi
1845 2139 2020 2209 prima

446 2244 600 2300 seges
621 2228 844 2286 collecta
865 2238 968 2297 est,
984 2231 1126 2285 unde
1147 2230 1311 2300 aliqui
1330 2237 1592 2287 exeuntes
1608 2229 1664 2284 in
1682 2235 1797 2285 toto
1817 2229 2020 2284 mundo

446 2323 873 2389 seminaverunt,
904 2324 1046 2379 unde
1075 2323 1181 2378 alia
1206 2323 1398 2380 messis
1424 2323 1583 2394 quasi
1609 2323 1674 2379 de
1695 2323 1878 2392 granis
1901 2337 2019 2377 sur-

443 2418 522 2487 git
570 2417 865 2489 colligenda
913 2418 968 2472 in
1019 2415 1128 2472 ﬁne
1182 2417 1363 2472 δαίουιί
1409 2415 1741 2472 messoribus
1791 2414 2016 2487 angelis.

439 2509 854 2577 Laboraverunt,
878 2522 924 2566 et
951 2527 1037 2566 vos
1063 2512 1120 2566 in
1145 2509 1346 2566 labores
1364 2527 1542 2565 eorum
1560 2509 1833 2564 introistis.
1866 2507 2016 2562 Multi

440 2601 582 2656 enim
612 2601 824 2658 labores
866 2601 1087 2658 fuerunt
1132 2603 1460 2674 patriarchis
1501 2610 1557 2657 et
1607 2600 1908 2672 prophetis,
1960 2601 2016 2655 in

443 2693 636 2763 quibus
677 2695 925 2749 omnibus
958 2703 1078 2750 erat
1126 2695 1408 2766 prophetia
1458 2693 1684 2760 Christi,
1741 2700 1799 2748 et
1845 2692 2017 2750 multa

439 2784 582 2853 passi
613 2792 737 2839 sunt
761 2785 915 2853 quasi
946 2785 1000 2839 in
1035 2784 1234 2858 frigore
1265 2783 1659 2841 seminationis.
1984 2792 1987 2796 ’

513 2877 676 2930 Vens.
699 2875 788 2932 40.
818 2875 1040 2933 —Cum
1079 2879 1351 2933 venissent.
1394 2876 1554 2933 Prius
1599 2876 1889 2932 audierunt
1936 2875 2018 2930 fa-

438 2983 604 3034 mam,
637 2977 757 3038 post
809 2978 1206 3041 conspexerunt
1252 2978 1592 3041 praesentem,
1629 2984 1730 3026 nec
1774 2970 1910 3027 satis
1935 2977 2018 3027 est

440 3060 542 3125 eis,
578 3060 671 3114 sed
710 3059 851 3131 apud
880 3075 939 3117 se
983 3075 1204 3116 manere
1230 3060 1456 3126 faciunt,
1515 3070 1576 3115 ut
1624 3061 1794 3132 ipsius
1832 3061 2014 3118 verbis

438 3155 852 3225 instruerentur,
901 3173 1020 3230 qua!
1058 3158 1354 3230 praeferunt
1404 3159 1586 3215 verbis
1640 3158 1900 3216 mulieris.
1955 3159 2014 3214 In

2118 1946 2177 2000 in
2204 1944 2396 2000 Israel.
2427 1943 2527 2000 Vel
2550 1947 2776 2002 forsitan
2825 1948 3077 2018 cupiebat
3127 1956 3338 2004 tentare
3365 1948 3543 2019 qualis
3569 1960 3723 2004 esset

2118 2037 2388 2103 Christus,
2438 2038 2582 2092 unde
2625 2039 2871 2110 arguitur
2909 2054 2926 2092 :
2980 2032 3103 2093 Nisi
3149 2039 3298 2109 signa
3341 2048 3392 2094 et
3444 2040 3718 2110 prodigia.

2118 2126 2348 2198 Propter
2370 2128 2601 2184 salutem
2624 2129 2718 2184 ﬁlii
2741 2130 2969 2185 credidit
2998 2130 3110 2199 ipse
3142 2139 3197 2186 et
3217 2131 3407 2186 domus
3433 2130 3550 2200 ejus
3573 2141 3716 2188 tota.

2190 2219 2356 2275 Vens.
2383 2221 2473 2277 48.
2496 2253 2569 2262 -
2592 2220 2713 2276 Nisi
2733 2222 2902 2292 signa.
2956 2222 3011 2276 In
3038 2224 3141 2279 hoc
3168 2225 3516 2292 redarguitur
3538 2226 3606 2280 de
3631 2228 3716 2280 in-

2119 2312 2458 2379 credulitate,
2490 2314 2630 2383 quod
2661 2329 2769 2369 non
2807 2315 3007 2385 ubique
3032 2315 3288 2370 credebat
3332 2329 3455 2370 eum
3481 2331 3627 2381 esse,
3657 2327 3715 2372 et

2116 2418 2216 2475 per
2239 2405 2398 2474 huius
2443 2405 2698 2460 duritiam
2746 2405 3082 2477 signiﬁcatur
3123 2407 3320 2462 duritia
3368 2405 3709 2475 Iudaeorum,

2119 2497 2213 2568 qui
2254 2513 2358 2552 nec
2381 2497 2512 2553 visis
2545 2497 2819 2554 miraculis
2863 2498 3107 2553 credunt.
3155 2495 3296 2551 Vere
3334 2509 3556 2553 econtra
3606 2516 3712 2569 per

2119 2590 2420 2648 Samar’iam
2447 2593 2692 2663 signatur
2733 2591 2867 2647 ﬁdes
2907 2592 3170 2663 gentium,
3220 2607 3339 2660 qua:
3377 2591 3490 2646 solo
3533 2593 3710 2648 verbo

2116 2684 2366 2750 credidit,
2390 2685 2493 2740 hoc
2518 2692 2724 2750 autem,
2745 2692 3006 2753 quantum
3033 2683 3100 2738 ad
3121 2681 3455 2752 allegoriam,
3477 2683 3705 2753 aprimo

2117 2775 2318 2832 Christi
2345 2776 2577 2830 adventu
2621 2790 2793 2845 usque
2842 2783 2963 2845 post
3007 2788 3232 2846 regnum
3271 2773 3599 2830 Antichristi
3647 2775 3704 2828 in

2115 2868 2336 2938 perﬁdis
2356 2867 2556 2924 Judaeis
2582 2868 2812 2924 durabit.

2188 2959 2258 3015 Et
2286 2961 2546 3032 prodigia.
2570 2958 2881 3030 Prodigium
2909 2957 3063 3029 quasi
3087 2972 3252 3029 porro
3275 2957 3474 3013 dictum
3495 2997 3509 3020 ,
3539 2957 3708 3026 quasi

2115 3055 2262 3126 quod
2290 3052 2492 3123 aliquid
2518 3052 2803 3123 signiﬁcat.
2828 3048 2946 3118 Vel,
2983 3048 3282 3122 prodigium
3321 3049 3475 3119 quasi
3510 3047 3707 3118 procul

2115 3159 2148 3199 a
2194 3144 2385 3214 digito,
2421 3143 2548 3214 quia
2584 3142 2893 3214 praeﬁgurat
2932 3140 3149 3212 aliquod
3201 3148 3468 3197 remotum
3518 3147 3568 3194 et
3628 3139 3709 3193 fn-

437 3250 632 3320 quibus
659 3251 908 3308 omnibus
943 3254 1246 3309 econtrario
1280 3253 1528 3326 arguitur
1565 3252 1764 3309 duritia
1807 3251 2016 3308 Judaao-
2045 3230 2090 3294 (ἶ
2123 3247 2324 3292 "Immo

437 3331 578 3405 rum,
608 3342 698 3412 qui
722 3357 825 3399 nec
848 3344 1126 3401 miraculis
1164 3345 1409 3402 credunt.
1439 3342 1507 3399 Et
1537 3346 1731 3401 mansit
1761 3345 1833 3399 ibi
1857 3345 2011 3400 duos.

436 3435 730 3492 Moraliter.
763 3436 856 3493 Sic
876 3439 1114 3508 quotidie
1133 3439 1271 3510 apud
1293 3439 1415 3495 illos
1442 3439 1536 3509 qui
1558 3437 1692 3494 foris
1717 3445 1861 3505 sunt,
1884 3454 2017 3493 nun-

437 3527 602 3582 tiatur
617 3527 866 3584 Christus
884 3545 980 3599 per
995 3531 1297 3596 mulierem,
1317 3533 1368 3586 id
1388 3539 1472 3586 est
1491 3531 1812 3596 Ecclesiam,
1830 3538 1886 3585 et
1905 3546 2017 3586 cre-

436 3621 570 3674 dunt
593 3637 690 3692 per
716 3625 875 3677 istam
896 3622 1117 3678 famam.
1138 3622 1266 3679 lude
1289 3624 1428 3695 apud
1452 3638 1545 3678 eos
1565 3631 1746 3679 manet
1771 3638 1867 3693 per
1881 3625 2013 3680 duos

436 3714 552 3769 dies
577 3714 695 3768 sine
721 3715 996 3770 mentione
1017 3716 1211 3781 noctis,
1239 3724 1300 3770 ut
1320 3716 1406 3770 lux
1429 3730 1618 3771 eorum
1641 3715 1850 3771 duobus
1869 3729 2010 3786 prte-

438 3803 612 3874 ceptis
640 3804 924 3860 charitatis
950 3805 1266 3859 instruatur.

507 3893 673 3950 Vens.
713 3896 801 3951 42.
828 3928 896 3938 -
919 3894 988 3949 Ει
1014 3896 1222 3950 mulieri
1260 3896 1520 3952 dicebant.
1576 3897 1870 3968 Postquam
1906 3895 2012 3953 Do-

438 3986 618 4041 minus
645 3987 829 4042 carnis
863 3987 1152 4056 praesentia
1195 3984 1396 4042 Iudaeis
1424 3988 1780 4058 spiritualiter
1801 3989 2010 4045 edoctis

434 4078 661 4146 gratiam
691 4093 803 4134 suae
831 4078 1150 4149 cognitionis
1177 4077 1372 4134 infudit
1411 4079 1653 4145 mulieri,
1686 4079 1739 4135 id
1768 4088 1854 4136 est
1880 4079 2006 4152 legi,

434 4170 702 4237 dicebant,
721 4171 831 4242 jam
854 4186 960 4226 non
989 4180 1212 4243 propter
1236 4181 1384 4227 tuam
1415 4171 1683 4242 loquelam
1711 4172 2004 4228 credimus.

504 4258 669 4317 Vens.
701 4262 791 4318 45.
819 4294 883 4305 -
909 4263 1021 4334 Ipsi
1055 4265 1192 4318 enim
1219 4263 1532 4318 audivimus.
1581 4262 1718 4330 Quia
1753 4263 1855 4318 sibi
1897 4263 2008 4334 pri-

433 4371 580 4410 mum
610 4363 852 4411 moratus
879 4355 1138 4410 miracula
1186 4354 1410 4420 fecerat,
1464 4369 1564 4408 nec
1594 4353 1699 4408 nisi
1740 4354 1897 4424 pauci
1950 4354 2003 4410 in

433 4463 555 4504 eum
583 4448 944 4515 crediderunt,
966 4448 1108 4503 unde
1150 4463 1310 4519 super
1336 4448 1454 4502 viso
1480 4446 1637 4517 signo
1660 4446 2008 4502 crediderunt

432 4542 486 4594 in
526 4554 651 4595 eum
681 4539 925 4611 discipuli
948 4540 1086 4611 ejus,
1110 4554 1215 4593 non
1245 4538 1335 4593 alii
1361 4557 1374 4592 :
1415 4545 1468 4592 et
1494 4537 1614 4592 ideo
1639 4551 1670 4591 a
1709 4533 2005 4591 Samarita-

2188 3329 2355 3385 Vens.
2381 3330 2471 3396 49,
2496 3331 2587 3387 50.
2615 3361 2684 3377 -
2715 3329 3000 3386 Descende.
3051 3329 3217 3398 Quasi
3249 3327 3407 3385 aliter
3441 3343 3547 3384 non
3569 3344 3708 3400 pos.
3783 3313 3791 3316 Α

2118 3431 2201 3479 set
2222 3438 2442 3489 sanare,
2473 3423 2578 3478 nisi
2600 3437 2841 3494 praesens
2869 3429 3032 3478 esset.
3070 3419 3222 3477 Unde
3265 3420 3522 3476 Dominus
3562 3421 3714 3475 indi-

2115 3531 2249 3572 cans
2271 3530 2330 3572 se
2355 3530 2462 3570 non
2492 3515 2680 3593 deesse
2718 3514 2810 3570 ubi
2852 3514 3130 3578 invitatur,
3164 3512 3277 3568 solo
3310 3511 3466 3581 jussu
3514 3523 3709 3577 sanat,

2114 3609 2294 3666 unde:
2340 3607 2504 3671 Vade,
2540 3606 2682 3676 ﬁlius
2703 3616 2844 3661 tuus.
2892 3605 2975 3661 Ad
3010 3605 3178 3660 ﬁlium
3206 3604 3375 3674 reguli
3400 3618 3502 3658 non
3524 3605 3709 3668 vadit,

2113 3717 2184 3759 ne
2209 3703 2428 3758 divitias
2456 3702 2726 3756 honorare
2746 3701 3012 3765 videatur,
3041 3699 3107 3754 ad
3129 3713 3344 3754 servum
3367 3696 3714 3752 centurionis

2115 3797 2194 3850 ire
2222 3788 2490 3866 promittit
2509 3794 2601 3864 qui
2633 3802 2883 3848 naturam
2926 3792 3163 3848 hominis
3188 3807 3294 3846 non
3338 3788 3601 3859 despicit:
3648 3789 3709 3842 in

2113 3905 2219 3959 quo
2246 3888 2554 3960 superbiam
2576 3887 2806 3942 destruit
2826 3899 2945 3956 quae
2966 3885 3022 3938 in
3041 3883 3351 3939 hominibus
3375 3897 3479 3936 non
3497 3890 3713 3950 pensat

2111 3988 2385 4044 naturam,
2413 3980 2509 4034 sed
2536 3993 2656 4048 quaa
2696 3987 2847 4032 extra
2872 3983 3078 4047 patent.
3127 3967 3361 4028 Credidit
3401 3973 3524 4043 ipse.
3568 3969 3709 4027 Non

2111 4069 2201 4124 alii
2226 4070 2396 4135 cives,
2424 4070 2479 4124 in
2507 4084 2614 4140 quo
2651 4067 2897 4138 paucitas
2935 4065 3060 4120 ﬁdei
3089 4062 3396 4120 Iudaeorum
3423 4063 3708 4131 signatur,

2110 4161 2354 4231 quamvis
2403 4161 2556 4231 signa
2604 4159 2858 4224 viderint,
2905 4157 3047 4213 unde
3093 4155 3296 4212 infert:
3339 4154 3452 4210 Hoc
3494 4155 3705 4210 iterum

2109 4251 2391 4306 secundum
2415 4255 2617 4321 signum
2659 4251 2782 4319 fecit
2819 4249 2995 4305 Iesus.
3021 4247 3174 4302 Sicut
3214 4261 3374 4316 supra
3401 4244 3708 4302 multitudo

2108 4342 2350 4412 gentium
2383 4341 2498 4396 solo
2525 4341 2692 4396 verbo
2721 4339 3206 4396 convertendarum
3244 4337 3297 4392 in
3329 4335 3704 4391 Samaritanis

2108 4432 2439 4504 signabatur.

2177 4521 2342 4577 Vens.
2371 4520 2461 4577 54.
2492 4551 2561 4562 -
2596 4519 2712 4576 Hoc
2754 4522 2944 4576 iterum
2991 4518 3278 4575 secundum
3322 4518 3520 4587 signum
3562 4515 3700 4585 fecit

432 4636 515 4690 nis
557 4635 650 4704 qui
695 4605 852 4690 facil},
900 4605 1044 4689 ηυῄο
1088 4633 1241 4704 signo
1289 4632 1405 4685 viso
1431 4630 1790 4695 crediderunt,
1824 4645 2006 4686 never.
2027 4605 2082 4666 Ῑ)
2107 4617 2262 4673 Iesus
2283 4633 2402 4672 cum
2420 4617 2638 4671 venisset
2661 4613 2900 4704 aludwa
2926 4613 2982 4667 in
3006 4609 3303 4667 Galilaeam.
3334 4611 3408 4666 De
3431 4609 3698 4704 omnibus

430 4727 564 4780 titur
585 4728 652 4781 ad
671 4727 823 4792 istos,
845 4725 1006 4796 utqui
1021 4739 1118 4796 per
1135 4724 1315 4792 priora
1337 4737 1443 4777 non
1466 4721 1832 4787 crediderunt,
1848 4722 2008 4777 modo

432 4817 676 4871 credant.
708 4815 987 4886 Signiﬁcat
1008 4813 1151 4883 quod
1181 4828 1212 4866 a
1237 4812 1486 4883 gentibus
1511 4812 1671 4868 facile
1705 4811 2003 4878 conversis,

431 4910 485 4961 in
526 4906 632 4962 ﬁne
660 4906 841 4961 saeculi
871 4909 1172 4959 revertetur
1191 4902 1257 4958 ad
1278 4900 1490 4957 Judteos
1515 4903 1605 4972 qui
1633 4910 1758 4957 sunt
1782 4917 1878 4957 sua
1905 4916 2002 4971 pa-

428 4999 554 5062 tria,
585 4997 708 5067 quia
737 4995 887 5066 prius
911 4994 964 5048 in
988 4994 1067 5048 eis
1097 4994 1354 5048 honorem
1375 5007 1482 5046 non
1509 4992 1790 5046 habuerat.

501 5089 665 5144 Vens.
688 5087 780 5141 44.
830 5116 902 5128 —
931 5085 1069 5151 Quia
1121 5085 1389 5156 propheta.
1441 5082 1759 5154 Allegorice.
1818 5083 2000 5140 Patria

429 5183 628 5241 Christi
657 5186 740 5236 est
762 5177 988 5250 populus
1015 5176 1318 5232 Iudaeorum
1337 5217 1352 5242 ,
1380 5175 1471 5232 ubi
1506 5176 1623 5231 sine
1660 5178 1864 5231 honore
1892 5184 1998 5242 cst,

430 5277 556 5348 quia
577 5273 736 5345 pauci
763 5272 830 5328 de
856 5271 940 5325 his
963 5271 1190 5326 credunt
1231 5267 1375 5338 quod
1402 5269 1469 5324 de
1515 5266 1752 5323 Galilaeis
1790 5269 1999 5323 civibus

432 5365 635 5424 Christi
660 5365 874 5419 dicitur.
918 5360 1162 5416 Ecclesia
1187 5359 1426 5431 gentium
1471 5357 1630 5413 facile
1653 5359 1881 5413 credens
1921 5357 1997 5412 si-

432 5456 573 5514 milis
605 5463 686 5510 est
716 5452 1092 5516 Samaritanis,
1137 5458 1194 5505 et
1238 5450 1295 5506 hi
1325 5448 1481 5504 multi
1511 5448 1628 5504 solo
1655 5447 1822 5504 verbo
1856 5462 1996 5516 prae-

433 5548 735 5611 dicationis,
766 5545 839 5600 illi
871 5561 968 5615 per
998 5541 1253 5598 miracula
1287 5549 1342 5596 et
1370 5541 1548 5612 pauci.
1594 5539 1736 5595 Ecce
1779 5555 1878 5594 cur
1903 5555 1998 5594 ve-

433 5643 532 5705 nit,
560 5641 678 5694 ideo
707 5639 1012 5704 revertitur,
1052 5636 1178 5705 quia
1209 5641 1437 5689 testatus
1455 5639 1541 5688 est
1576 5633 1718 5702 quod
1743 5631 2003 5701 prapheta

434 5748 541 5787 non
573 5732 733 5785 habet
758 5731 1016 5785 honorem
1045 5727 1098 5780 in
1130 5726 1334 5796 patria;
1368 5721 1605 5792 alioquin
1651 5721 1866 5776 videtur
1896 5735 2001 5776 non

434 5826 681 5882 debuisse
709 5824 774 5878 ad
805 5824 902 5877 hos
947 5819 1165 5881 reverti,
1218 5817 1308 5869 ubi
1347 5815 1606 5868 honorem
1657 5826 1762 5866 non
1819 5811 2002 5876 habet,

2107 4707 2384 4764 miraculis
2411 4723 2531 4778 quae
2547 4704 2678 4762 fecit
2696 4703 2856 4760 Jesus
2879 4703 2934 4758 in
2955 4717 3096 4758 anno
3119 4710 3244 4757 ante
3274 4709 3496 4756 mortem
3517 4696 3695 4754 Joan-

2108 4801 2212 4865 nis,
2240 4815 2350 4855 non
2379 4799 2507 4854 facit
2525 4797 2762 4852 Joannes
2787 4796 3113 4850 mentionem
3136 4793 3241 4849 nisi
3269 4795 3333 4848 de
3371 4793 3505 4855 istis,
3530 4802 3591 4848 et
3620 4794 3695 4848 de

2107 4891 2464 4962 disputatione
2483 4888 2684 4945 Christi
2714 4903 2836 4942 cum
2859 4887 3076 4949 ludatis,
3110 4900 3230 4955 quae
3259 4900 3417 4954 supra
3439 4885 3686 4955 ponitur.

2106 4982 2304 5040 Cancri
2332 4984 2474 5037 enim
2505 4979 2862 5052 Evangelistae
2894 4992 3015 5049 quae
3041 4979 3130 5034 hic
3175 4978 3387 5045 reticet,
3429 4977 3690 5033 dixerunt

2104 5076 2283 5146 plane.

2731 5180 2956 5242 CAPUT
2993 5182 3058 5239 V.

2176 5341 2341 5396 Vens.
2371 5339 2425 5392 4.
2453 5369 2524 5380 —
2546 5337 2773 5409 Angelus
2815 5347 3009 5393 autem.
3053 5335 3193 5392 Ecce
3233 5334 3340 5390 duo
3367 5333 3630 5390 miracula
3665 5355 3680 5389 :

2105 5450 2273 5489 unum
2303 5430 2641 5488 invisibiliter
2665 5445 2764 5502 per
2803 5429 3051 5502 angelum
3087 5430 3140 5484 in
3179 5426 3419 5499 piscina,
3449 5427 3682 5481 alterum

2079 5525 2390 5583 ~visibiliter
2433 5541 2462 5580 a
2503 5525 2746 5580 Domino.
2788 5523 2847 5578 ln
2897 5531 3124 5591 utroque
3156 5535 3297 5576 unus
3329 5527 3573 5583 sanatus,
3621 5529 3684 5572 ut

2106 5621 2284 5675 unitas
2314 5616 2738 5673 commendetur.
2761 5612 3012 5684 Alioquin
3039 5627 3140 5667 nec
3163 5613 3218 5666 in
3253 5617 3521 5680 potestate
3557 5609 3684 5664 ideo

2105 5726 2357 5784 magnum
2389 5717 2442 5764 ct
2472 5709 2526 5762 in
2556 5707 2883 5777 benignitate
2924 5718 3114 5774 parum
3154 5701 3274 5767 fuit,
3308 5716 3472 5756 unum
3503 5699 3570 5755 de
3601 5706 3685 5752 tot

2106 5805 2285 5860 sanari
2317 5803 2384 5855 ab
2412 5817 2476 5855 eo
2500 5799 2590 5867 qui
2618 5813 2807 5852 omnes
2831 5811 2938 5851 uno
2979 5803 3195 5866 poterat
3237 5794 3447 5862 erigere
3487 5790 3673 5847 verbo.
