3960 6336
257 433 366 489 377

1214 426 1480 484 GLOSSA
1514 427 1911 483 0RDINARIA.
1945 457 2014 466 —-—
2053 427 2304 484 EVANG.
2339 428 2535 486 JOAN.

3409 443 3525 502 T578

256 544 369 602 Sed
399 545 452 600 in
476 543 561 599 his
584 525 954 612 corporalibus
974 541 1094 614 plus
1137 542 1368 598 intendit
1394 549 1652 598 aeternam
1690 540 1836 596 salu-
1862 545 1915 604 Α
1939 541 2119 607 statis,
2143 541 2381 611 ejusdem
2406 549 2757 614 operationis.
2780 550 2839 606 In
2881 551 2966 608 his
2995 561 3172 610 autem
3193 547 3525 619 disserendis

260 646 370 693 tem
399 635 724 689 animarum.

332 728 495 782 Vens.
525 725 579 780 5.
609 756 679 766 —
702 723 935 796 Triginta
962 733 1011 780 et
1042 733 1176 780 octo.
1211 724 1270 780 ld
1297 733 1382 779 est
1423 723 1628 779 duobus
1655 724 1833 780 minus

257 819 642 891 quadraginta,
675 817 766 887 qui
792 831 1050 873 numerus
1071 825 1284 873 constat
1312 831 1379 871 ex
1399 824 1591 886 quater
1623 817 1832 883 decem,

254 921 314 969 et
334 911 599 984 signiﬁcat
628 909 1016 982 perfectionem
1040 925 1286 982 operum,
1322 910 1376 964 in
1417 909 1600 964 decem
1633 924 1834 979 praece-

251 1007 365 1077 ptis
385 1005 516 1077 legis
534 1012 589 1060 et
607 1013 839 1074 quatuor
859 1003 1183 1075 Evangeliis,
1219 1018 1250 1057 a
1274 1017 1382 1072 quo
1406 1001 1512 1058 duo
1532 1001 1710 1056 minus
1733 1003 1830 1057 ha-

249 1097 347 1152 bet
380 1095 472 1166 qui
492 1096 758 1150 charitate
784 1095 882 1150 Dei
903 1103 960 1150 et
981 1094 1210 1165 proximi
1235 1100 1401 1148 caret.

324 1187 489 1244 Vens.
516 1185 570 1240 6.
599 1217 673 1229 —
713 1184 804 1240 Vis
831 1202 990 1240 sanus
1011 1185 1148 1255 ﬁeri.
1179 1183 1295 1239 Non
1326 1183 1501 1238 nescit
1527 1183 1658 1254 quid
1679 1181 1830 1249 velit,

247 1281 348 1336 sed
369 1280 616 1336 accendit
644 1280 712 1335 ad
741 1295 979 1337 amorem
1001 1279 1270 1344 sanitatis,
1294 1278 1361 1332 de
1380 1293 1486 1348 qua
1500 1279 1614 1348 jam
1642 1277 1833 1346 despe-

247 1376 430 1442 rabat,
460 1375 602 1429 unde
624 1372 738 1444 jam
779 1373 1233 1445 conquerebatur,
1265 1371 1408 1442 quod
1463 1387 1569 1427 non
1597 1371 1829 1426 haberet

245 1472 343 1542 qui
365 1486 490 1526 eum
512 1470 751 1525 mitteret
771 1469 825 1524 in
855 1484 1071 1539 aquam.

321 1565 484 1619 Vens.
507 1563 560 1619 8.
584 1594 655 1604 —
677 1561 820 1617 Tolle
838 1563 1113 1634 grabatum
1132 1568 1300 1616 tuum.
1324 1559 1496 1630 Dilige
1521 1559 1828 1631 proximum

243 1654 465 1710 inﬁrma
511 1654 627 1724 ejus
664 1653 970 1719 tolerando,
1012 1651 1105 1724 qui
1150 1659 1205 1706 te
1251 1650 1530 1705 infirmum
1562 1650 1829 1720 patienter

242 1746 392 1811 tulit,
430 1753 485 1801 et
506 1760 615 1800 non
641 1744 813 1800 solum
843 1751 1004 1799 aetate
1025 1743 1092 1799 de
1110 1749 1201 1797 tua
1225 1741 1517 1806 erectione,
1544 1742 1639 1796 sed
1661 1741 1826 1796 etiam

241 1838 314 1892 de
351 1836 728 1906 proximorum
751 1833 1017 1890 sollicitus
1045 1840 1163 1888 esto
1201 1831 1393 1888 salute.
1425 1830 1566 1886 Ecce
1605 1829 1827 1902 angelus

1938 632 2042 688 hoc
2062 648 2260 704 genere
2297 635 2547 705 loquendi
2572 641 2762 707 utitur,
2787 657 2894 712 quo
2932 654 3142 702 mentes
3168 650 3520 718 parvulorum

1935 724 2110 795 possit
2134 727 2399 794 excitare,
2453 738 2508 785 et
2537 732 2583 786 si
2614 748 2720 788 non
2767 735 3012 805 implere,
3051 748 3108 795 et
3153 757 3262 812 quo
3309 754 3522 803 mentes

1937 815 2242 872 adultarum
2270 829 2632 878 exerceantur
2676 832 2732 879 et
2759 836 3071 896 pascantur.
3108 829 3248 888 Dicit
3272 835 3418 890 enim
3457 838 3523 892 de

1936 908 2140 964 deitate
2166 909 2310 965 Filii.
2340 910 2456 967 Non
2480 923 2658 984 potest
2698 932 2730 971 a
2757 933 2816 973 se
2841 919 3045 989 facere,
3074 924 3179 980 nisi
3210 927 3352 995 quod
3377 928 3524 985 videt

1934 1000 2150 1059 Patrem
2196 1003 2398 1072 facere,
2429 1014 2482 1061 et
2509 1007 2852 1065 demonstrat
2875 1013 2927 1066 ei
2971 1013 3151 1084 Pater,
3189 1033 3311 1086 quae
3339 1021 3521 1076 omnia

1934 1107 2041 1148 non
2091 1097 2384 1151 secundum
2408 1095 2644 1153 litteram
2683 1108 2742 1154 ut
2777 1100 2831 1154 in
2863 1103 3172 1162 hominibus
3198 1107 3354 1163 ﬁeret
3380 1109 3520 1164 acci-

1933 1185 2129 1257 pienda
2155 1195 2300 1252 sunt,
2345 1189 2441 1243 sed
2489 1191 2735 1262 mystice.
2784 1191 2878 1248 llle
2918 1203 3098 1250 autem
3145 1196 3265 1252 haec
3307 1209 3516 1254 secreta

1934 1276 2086 1340 dicit,
2129 1285 2189 1330 ut
2212 1279 2618 1346 conturbentur,
2645 1281 2813 1336 velut
2835 1281 2975 1338 forte
3021 1285 3224 1340 turbati
3249 1289 3516 1343 medicum

1933 1376 2202 1439 quaerant.
2233 1369 2460 1440 Propter
2485 1388 2584 1428 nos
2622 1374 2787 1429 etiam
2835 1384 2896 1430 ut
2943 1377 3100 1432 nobis
3127 1379 3517 1446 scriberentur,

1933 1473 2055 1528 quae
2077 1476 2187 1516 non
2212 1462 2349 1518 bene
2380 1463 2656 1520 intellecta
2696 1466 2752 1521 in
2777 1481 3040 1533 errorem,
3068 1468 3208 1525 bene
3247 1469 3516 1527 intellecta

1932 1549 1989 1606 in
2011 1552 2294 1609 veritatem
2315 1553 2594 1610 ducerent.

2002 1643 2167 1700 Vens.
2202 1646 2288 1702 l9.
2321 1677 2392 1687 —
2415 1646 2601 1714 Amen,
2633 1665 2786 1704 amen
2813 1650 2930 1705 dico
2958 1650 3118 1705 vobis.
3164 1651 3292 1723 Agit
3324 1653 3414 1708 hic
3447 1653 3515 1709 de

1931 1731 2215 1790 identitate
2242 1751 2338 1791 sua
2376 1752 2500 1792 cum
2530 1737 2714 1806 Patre,
2745 1748 2801 1794 et
2839 1741 3151 1797 minoritate
3178 1758 3277 1798 sua
3318 1759 3520 1801 secun-

1935 1825 2380 1894 dumhominem,
2417 1838 2472 1884 et
2497 1830 2624 1899 quid
2650 1831 2704 1885 in
2729 1832 2816 1886 his
2842 1831 3026 1899 faciat,
3075 1834 3283 1890 scilicet
3309 1844 3518 1890 utram-

239 1926 427 1996 magni
461 1926 667 1982 consilii
694 1925 866 1981 latens
892 1925 947 1980 in
975 1938 1162 1990 carne,
1193 1923 1408 1979 turbata
1450 1937 1588 1994 aqua
1613 1921 1825 1977 Iudaeo-
1852 1919 1901 1979 B
1928 1934 2033 1990 que
2057 1922 2532 1989 resurrectionem,
2555 1925 2801 1995 corporis
2829 1925 3033 1980 scilicet
3057 1934 3114 1982 et
3140 1927 3352 1981 animae.
3388 1927 3511 1982 Non

239 2031 366 2072 rum
406 2026 596 2072 sanum
623 2015 753 2072 fecit
779 2031 968 2071 unum.

314 2107 479 2162 Vens.
510 2105 564 2162 9.
586 2136 658 2146 —
677 2105 748 2160 Et
769 2105 1092 2161 ambulabat.
1121 2103 1404 2176 Diligendo
1425 2102 1596 2158 Deum
1629 2103 1826 2160 festina

236 2212 416 2268 usque
459 2197 527 2254 ad
554 2198 816 2254 visionem
844 2198 983 2269 ejus,
1008 2213 1109 2253 nec
1156 2199 1382 2253 fratrem
1419 2207 1639 2268 propter
1671 2213 1824 2254 amo-

238 2305 362 2345 rem
385 2287 504 2359 ejus
534 2289 602 2344 ad
621 2303 782 2359 quem
808 2289 991 2359 pergis
1010 2289 1292 2366 deserens,
1341 2301 1440 2343 nec
1464 2295 1689 2359 propter
1713 2287 1825 2342 fra-

237 2391 382 2438 trem
410 2383 478 2438 ab
506 2383 597 2437 illo
623 2385 915 2453 quaerendo
943 2396 1182 2437 cessans.

315 2473 483 2531 Vens.
517 2474 603 2529 10.
631 2504 702 2515 --
740 2473 995 2528 Dicebant
1040 2489 1181 2544 ergo.
1234 2470 1404 2526 ιιι]ᾶωὶ
1450 2471 1826 2537 observatores

237 2572 440 2628 litterae
469 2570 775 2627 nescientes
801 2568 1032 2640 gratiam
1057 2582 1163 2637 qua
1193 2566 1280 2622 lex
1312 2564 1582 2635 impletur,
1612 2579 1731 2634 quae
1756 2565 1824 2620 ab

237 2661 388 2718 omni
416 2661 598 2718 servili
635 2673 820 2731 opere,
848 2659 902 2714 id
935 2668 1020 2714 est
1059 2673 1089 2712 a
1137 2663 1360 2728 peccato
1403 2670 1619 2711 cessare
1649 2656 1821 2724 jubet,

234 2752 382 2808 unde
418 2753 506 2808 hic
560 2753 792 2808 dicitur:
852 2749 998 2806 Tolle
1023 2750 1322 2822 grabatum,
1359 2756 1463 2804 etc.
1514 2747 1636 2802 Non
1684 2747 1821 2802 licet.

237 2844 359 2900 Non
386 2846 791 2902 calumniantur
824 2845 890 2901 de
935 2844 1106 2901 salute
1154 2844 1246 2914 qui
1291 2844 1346 2898 in
1377 2842 1603 2899 sabbato
1632 2851 1826 2898 curant

234 2935 514 3002 animalia,
538 2937 632 2992 sed
660 2937 726 2992 de
748 2937 873 2992 lecti
895 2937 1220 3008 portatione.

310 3025 475 3081 Vens.
499 3027 582 3081 11.
603 3057 673 3067 -
689 3024 972 3096 Respondit
992 3027 1085 3080 eis.
1110 3026 1227 3082 Non
1252 3025 1394 3082 cedit
1420 3024 1821 3095 objicientibus,

215 3119 334 3184 ,sed
362 3119 632 3174 senatoris
677 3119 947 3174 mandatis
980 3119 1264 3185 obediens,
1319 3119 1696 3175 auctoritatem
1740 3135 1824 3174 sa-

230 3209 475 3265 nationis
503 3224 612 3264 suae
648 3208 833 3276 objicit
862 3209 1334 3264 calumniantibus.

1927 2020 2093 2081 potest
2123 2012 2286 2080 ﬁlius.
2317 2013 2396 2068 lta
2428 2030 2547 2069 sum
2591 2017 2815 2087 aequalis
2851 2016 3018 2083 Patri,
3073 2025 3134 2074 ut
3179 2035 3286 2074 non
3317 2020 3432 2090 ipse
3485 2035 3513 2073 a

1925 2119 2033 2170 me,
2057 2104 2150 2159 scd
2167 2120 2266 2176 ego
2294 2107 2392 2160 sim
2418 2109 2586 2163 abeo.
2616 2108 2732 2165 Non
2761 2109 2893 2164 facit
2920 2126 2952 2164 a
2967 2126 3048 2173 se,
3071 2127 3172 2166 nec
3191 2121 3369 2181 potest
3389 2129 3419 2167 a
3436 2127 3512 2177 se,

1925 2198 2017 2268 qui
2041 2213 2148 2252 non
2171 2207 2254 2253 est
2285 2214 2314 2252 a
2355 2215 2432 2263 se,
2468 2201 2562 2256 sed
2590 2202 2658 2256 ab
2687 2217 2754 2257 eo
2776 2202 2907 2257 facit
2933 2212 2990 2258 et
3011 2212 3192 2272 potest
3215 2220 3246 2257 a
3277 2219 3385 2274 quo
3409 2212 3513 2259 est.

1925 2288 2057 2344 ch
2106 2299 2154 2344 et
2208 2289 2403 2345 Filius.
2457 2290 2683 2348 Videtur
2713 2307 2910 2364 corpus
2949 2309 3111 2350 omne
3143 2294 3323 2350 facere
3367 2295 3512 2366 quod

1926 2380 2165 2446 animus,
2190 2381 2285 2436 sed
2313 2397 2421 2437 non
2445 2382 2718 2449 similiter,
2745 2398 2867 2438 cum
2894 2384 3107 2440 animus
3138 2385 3366 2455 imperet
3392 2400 3515 2440 cor-

1923 2473 2077 2543 pori;
2128 2472 2292 2527 Pater
2327 2487 2457 2528 vero
2483 2482 2540 2528 et
2589 2473 2758 2529 Filius
2786 2475 2974 2530 eadem
3017 2483 3073 2530 et
3104 2475 3358 2529 similiter
3385 2489 3515 2544 ope-

1924 2574 2149 2631 rantur,
2196 2567 2323 2636 quia
2372 2581 2479 2621 una
2535 2575 2764 2634 natura,
2818 2583 2926 2622 una
2977 2567 3278 2622 substantia
3339 2567 3517 2622 Patris

1926 2670 1976 2716 et
2002 2658 2149 2725 Filii,
2171 2668 2226 2714 et
2253 2675 2359 2714 una
2381 2660 2654 2726 voluntas,
2684 2668 2740 2716 et
2757 2674 2864 2716 una
2885 2667 3146 2731 potestas,
3174 2667 3229 2715 et
3245 2675 3351 2714 una
3378 2674 3512 2730 ope-

1924 2753 2088 2808 ratio.

1995 2844 2159 2900 Vens.
2189 2845 2277 2900 20.
2308 2877 2377 2886 —
2403 2845 2595 2901 Omnia
2626 2846 2964 2900 demonstrat.
3000 2845 3380 2901 Demonstrare
3409 2843 3516 2900 Pa-

1925 2947 2063 2994 trem
2083 2939 2221 2995 Filio
2250 2948 2333 2994 est
2366 2948 2559 2994 cuncta
2587 2939 2804 3009 operari
2816 2952 2912 3010 per
2930 2937 3150 3004 Filium,
3167 2945 3227 2992 ut
3251 2953 3403 3008 teque
3424 2937 3517 2992 ha-

1923 3039 2158 3094 beantur
2179 3038 2235 3092 in
2264 3036 2370 3092 ﬁde
2400 3045 2606 3102 nostra,
2637 3035 2800 3091 Pater
2840 3043 2894 3088 et
2917 3033 3106 3089 Filius.
3144 3033 3211 3087 Et
3235 3049 3304 3088 ne
3337 3033 3518 3102 aliquo

1923 3129 2084 3184 modo
2128 3128 2308 3196 minus
2358 3130 2627 3183 sentiatur
2663 3128 2730 3183 de
2768 3124 2927 3192 Filio,
2969 3127 3154 3182 addit:
3206 3125 3272 3179 Et
3310 3125 3519 3195 majora

1927 3221 2008 3274 his
2033 3220 2406 3273 demonstrabit
2429 3221 2476 3274 ei
2493 3261 2507 3284 ,
2541 3221 2645 3275 hoc
2673 3228 2778 3284 est,
2802 3234 2899 3289 per
2940 3233 3065 3272 eum
3093 3217 3300 3286 majora
3328 3217 3512 3272 faciet.

309 3302 476 3357 Vens.
507 3303 594 3357 13.
625 3333 695 3343 -
721 3302 995 3356 Nesciebat
1022 3301 1138 3372 quis
1169 3308 1317 3354 esset.
1348 3299 1406 3353 ln
1431 3299 1588 3354 turba
1615 3299 1822 3369 positus

1934 3311 2092 3379 Qum?
2122 3308 2270 3364 Sicut
2311 3312 2448 3366 enim
2478 3311 2640 3365 Pater
2676 3285 2897 3365 suscitat
2924 3319 3158 3364 mortuos
3186 3319 3235 3364 et
3262 3310 3507 3379 viviﬁcat.

233 3410 348 3453 non
379 3394 596 3467 agnovit
621 3393 830 3459 Jesum,
861 3393 953 3448 sed
982 3400 1102 3462 post
1130 3391 1186 3446 in
1231 3389 1450 3460 templo.
1483 3390 1542 3445 ln
1573 3404 1681 3460 quo
1719 3390 1822 3444 do-

235 3509 452 3559 cemur,
480 3501 540 3548 ut
580 3489 826 3563 quisquis
853 3489 968 3547 vult
997 3487 1064 3543 ad
1086 3486 1345 3542 visionem
1371 3485 1468 3540 Dei
1512 3485 1817 3554 pervenire,

237 3585 410 3656 fugiat
443 3584 656 3640 turbam
695 3597 915 3638 suorum
949 3577 1234 3636 affectuum
1269 3584 1326 3632 ct
1374 3577 1674 3646 nequitiam
1719 3577 1820 3632 ho-

235 3679 468 3744 minum,
492 3685 547 3734 et
575 3676 731 3732 adeat
758 3674 1013 3745 templum
1041 3674 1266 3728 interna:
1291 3670 1570 3727 orationis.

310 3789 477 3844 Vens.
506 3788 593 3844 14.
614 3818 686 3829 -
710 3786 780 3841 In
804 3783 1012 3857 templo.
1042 3783 1160 3840 Non
1187 3784 1240 3838 in
1269 3783 1449 3849 turba,
1477 3780 1570 3838 sed
1600 3779 1652 3836 in
1680 3788 1822 3836 tem-

232 3881 351 3952 plo,
378 3881 505 3951 quia
530 3881 574 3935 si
597 3879 825 3950 gratiam
864 3877 1162 3933 conditoris
1189 3890 1518 3946 cognoscere
1546 3875 1818 3940 volumus,

233 3982 455 4048 oportet
505 3982 564 4029 ut
592 3971 965 4030 conventicula
1019 3969 1309 4041 fugiamus,
1341 3975 1396 4023 et
1422 3966 1676 4036 templum
1706 3965 1820 4020 elli-

231 4070 467 4124 ciamur.
499 4065 627 4120 Noli
667 4079 898 4136 peccare.
943 4063 1121 4117 lnnuit
1145 4062 1288 4132 quod
1335 4069 1555 4130 propter
1592 4067 1819 4128 peccata

234 4157 543 4226 languebat,
591 4155 684 4212 sed
730 4155 844 4224 ipse
869 4152 1024 4209 Jesus
1063 4152 1213 4207 illum
1261 4151 1402 4206 sicut
1441 4150 1701 4215 exterius,
1741 4149 1817 4204 ita

231 4250 386 4304 intus
430 4247 662 4311 sanavit,
700 4247 842 4300 unde
869 4251 1165 4316 praemonet
1203 4257 1272 4298 ne
1300 4241 1497 4298 iterum
1542 4239 1818 4311 peccando

233 4339 457 4410 gravius
495 4337 784 4408 jndicclur.

311 4430 478 4486 Vens.
520 4430 605 4485 16.
629 4461 700 4472 --
729 4430 867 4496 Quia
895 4431 1006 4483 ha’c
1046 4427 1273 4498 faciebat
1297 4427 1355 4481 in
1383 4423 1620 4480 sabbato.
1651 4423 1817 4492 Quasi

234 4524 447 4580 solutor
493 4523 626 4594 legis
674 4537 840 4594 agens
890 4528 1078 4576 contra
1127 4519 1295 4572 Deum
1343 4516 1435 4586 qui
1468 4516 1733 4586 requievit
1759 4515 1815 4570 in

235 4617 493 4682 sabbato,
524 4629 619 4671 sex
666 4614 855 4669 diebus
899 4612 1074 4683 primo
1102 4617 1374 4680 operatus.
1423 4607 1622 4664 Contra
1674 4609 1814 4677 quod

234 4712 314 4765 ait
336 4709 529 4765 Jesus:
579 4707 694 4764 Non
719 4723 816 4762 sex
853 4705 1043 4761 diebus
1072 4710 1280 4758 tantum
1309 4709 1369 4755 ut
1397 4701 1599 4772 putatis
1623 4716 1816 4772 opera-

233 4813 327 4858 tus
351 4812 436 4857 est
464 4803 625 4866 Deus,
654 4799 749 4855 sed
777 4812 950 4869 usque
972 4797 1134 4852 modo
1155 4803 1426 4866 operatur,
1459 4794 1586 4863 quia
1608 4794 1698 4864 qui
1726 4808 1818 4848 sex

233 4894 431 4949 diebus
455 4892 691 4948 condidit
717 4906 875 4956 nova,
895 4904 924 4944 a
951 4887 1147 4959 quibus
1176 4886 1441 4956 requievit
1464 4885 1550 4943 die
1571 4886 1818 4956 septimo,

233 4992 426 5056 postea
452 4992 710 5053 operatur
739 4997 911 5052 usque
941 4980 996 5034 in
1018 4980 1177 5034 ﬁnem
1208 4965 1576 5050 gubernando,
1609 4985 1821 5033 susten-

237 5082 427 5147 tando,
454 5080 784 5145 renovando,
811 5075 1182 5148 propagando,
1225 5082 1286 5128 ut
1308 5081 1663 5144 permaneant
1693 5088 1820 5128 con-

235 5174 373 5229 dita.
399 5172 466 5227 Et
493 5187 616 5228 cum
646 5185 859 5240 semper
905 5173 1164 5238 operatur
1190 5165 1352 5230 Deus,
1401 5170 1614 5219 constat
1639 5177 1820 5218 sacra-

236 5272 486 5320 mentum
509 5277 626 5319 esse
656 5261 797 5331 quod
827 5261 892 5316 de
916 5258 1104 5328 requie
1136 5255 1343 5310 sabbati
1373 5253 1588 5326 legitur.

315 5357 476 5412 Vens.
510 5357 596 5410 17.
623 5384 691 5397 -—
726 5354 880 5408 Jesus
912 5360 1087 5405 autem
1142 5347 1427 5418 respondit.
1476 5345 1642 5414 Quasi
1676 5345 1823 5401 dicat

234 5451 368 5508 caeci
398 5450 454 5503 in
500 5447 617 5519 lege
643 5461 739 5502 cur
765 5444 901 5499 mihi
929 5440 1199 5503 invidetis,
1233 5439 1278 5494 si
1309 5437 1582 5492 hominem
1614 5437 1668 5491 in
1697 5435 1820 5491 sab-

236 5546 368 5599 bato
400 5552 554 5603 sano,
576 5537 667 5607 qui
687 5536 826 5592 Deus
854 5549 977 5589 cum
1001 5531 1164 5588 Patre
1191 5543 1403 5599 semper
1431 5542 1646 5597 operor.

317 5636 480 5690 Vens.
509 5633 593 5690 l8.
618 5662 686 5674 -—
705 5630 983 5702 Respondit
1003 5630 1178 5699 itaque
1200 5626 1374 5682 Jesus.
1403 5623 1539 5690 Quia
1560 5623 1813 5679 commoti

212 5736 370 5785 sunt
396 5726 462 5781 de
491 5725 671 5780 audita
697 5721 1003 5792 aequalitate
1041 5717 1157 5787 ejus
1198 5731 1356 5786 quem
1406 5721 1598 5784 putant
1637 5713 1812 5768 homi-

235 5835 370 5878 nem
418 5834 611 5890 purum
641 5831 763 5872 cum
808 5815 920 5871 Deo
951 5812 1134 5874 Patre,
1161 5807 1341 5864 subdit
1367 5822 1425 5862 se
1469 5821 1590 5861 esse
1618 5805 1815 5860 Filium

239 5909 509 5980 aequalem
551 5907 720 5974 Patri,
746 5905 984 5976 ejusdem
1035 5899 1346 5963 voluntatis,
1379 5897 1618 5968 ejusdem
1666 5905 1816 5967 pote-

1928 3402 2099 3473 Majus
2127 3409 2212 3458 est
2256 3399 2519 3458 suscitare
2556 3411 2799 3458 mortuos
2844 3416 3008 3472 quam
3051 3400 3362 3473 languidum
3417 3415 3506 3456 sa-

1925 3510 2078 3560 nare,
2108 3496 2250 3550 unde
2275 3496 2555 3565 agebatur.
2581 3492 2792 3564 Maiora
2813 3493 2915 3548 his.
2948 3491 3186 3548 Suscitat
3209 3491 3372 3547 Pater
3394 3491 3512 3546 ani-

1923 3602 2040 3643 mas
2074 3603 2173 3657 per
2199 3586 2414 3652 Filium,
2446 3595 2506 3643 ut
2533 3588 2727 3643 animae
2753 3587 2939 3642 vivant
2975 3585 3370 3642 exsubstantia
3397 3584 3504 3640 Pa-

1924 3680 2026 3736 tris
2053 3688 2108 3735 et
2134 3679 2278 3745 Filii,
2307 3688 2360 3734 et
2388 3679 2438 3734 ei
2479 3679 2616 3734 Filio
2644 3679 2848 3734 homini
2888 3677 3032 3733 facto
3059 3677 3115 3732 in
3141 3684 3384 3746 tempore
3410 3675 3507 3732 de-

1921 3773 2243 3829 monstrabit
2265 3772 2491 3841 majora,
2519 3774 2572 3828 id
2598 3783 2684 3829 est
2720 3771 3173 3828 resurrectionem
3195 3785 3507 3840 corporum,

1922 3873 1982 3920 ut
2008 3863 2280 3919 miremini
2311 3877 2433 3918 eam
2467 3862 2585 3916 ﬁeri
2614 3878 2710 3932 per
2733 3862 2948 3918 Filium.

1993 3957 2157 4012 Vens.
2184 3956 2248 4009 2i
2262 3953 2500 4009 .—Sicut
2524 3955 2663 4008 enim
2677 3953 2840 4009 Pater
2858 3955 3094 4008 suscitat.
3120 3951 3315 4023 Incipit
3331 3961 3510 4009 osten-

1920 4048 2049 4104 dere
2077 4047 2222 4118 quod
2249 4045 2417 4100 Filius
2449 4045 2747 4100 secundum
2781 4045 2926 4114 quod
2955 4043 3176 4113 aequalis
3225 4051 3310 4098 est
3333 4042 3506 4109 Patri,

1922 4137 2108 4203 faciat,
2125 4136 2334 4192 scilicet
2350 4135 2560 4190 animas
2581 4151 2612 4189 a
2624 4143 2798 4190 morte
2817 4132 3127 4190 resuscitat.
3153 4134 3220 4188 Et
3235 4144 3318 4189 est
3331 4135 3506 4203 prima

1920 4228 2248 4284 resurrectio
2277 4242 2306 4280 a
2344 4227 2514 4282 vitiis.
2547 4226 2606 4281 In
2636 4227 2884 4297 sequenti
2911 4240 3044 4281 vero
3081 4226 3318 4280 ostendit
3341 4225 3509 4282 etiam

1921 4321 2370 4377 resurrectionem
2438 4327 2775 4376 mortuorum
2847 4333 3134 4388 corporum
3210 4317 3508 4373 secundum

1922 4415 2064 4486 quod
2091 4413 2264 4470 Filius
2287 4412 2520 4468 hominis
2559 4419 2644 4468 est
2685 4420 2741 4466 et
2770 4420 3093 4484 potestatem
3136 4411 3286 4468 dedit
3331 4409 3403 4477 ei,
3453 4409 3510 4466 id

1920 4513 2004 4560 est
2048 4504 2204 4561 Filio.

1993 4595 2080 4652 Sic
2103 4606 2152 4650 et
2178 4594 2372 4650 Filius.
2429 4595 2609 4669 (Auo.)
2632 4596 2766 4664 Quia
2790 4597 2952 4653 Pater
2989 4606 3045 4652 et
3066 4597 3237 4652 Filius
3263 4605 3391 4651 sunt
3417 4611 3508 4651 ea-

1925 4690 2046 4746 dem
2079 4690 2211 4744 vita.
2242 4687 2457 4745 Judicat
2499 4698 2679 4745 autem
2705 4699 2763 4745 et
2802 4691 3031 4746 suscitat
3076 4704 3325 4759 corpora,
3376 4698 3507 4756 etc.,

1925 4798 2088 4852 usque
2129 4780 2197 4835 ad
2243 4781 2358 4836 haec
2393 4797 2557 4837 causa
2606 4782 2867 4847 redditur,
2918 4783 3044 4853 quia
3075 4779 3250 4836 Filius
3281 4779 3506 4836 hominis

1923 4887 2020 4933 888.

1998 4967 2160 5023 Vens.
2216 4967 2310 5023 25.
2351 5001 2422 5010 -—
2473 4967 2544 5024 Ut
2617 4985 2795 5024 omnes
2851 4965 3212 5036 honori/iant.
3269 4963 3512 5022 Honorat

1923 5062 2094 5118 Deum
2142 5061 2236 5132 qui
2285 5062 2628 5119 commendat
2685 5061 3020 5125 Creatorem,
3061 5059 3507 5129 omnipotentem,

1921 5161 2204 5209 aeternum.
2244 5151 2490 5208 Honorat
2528 5153 2764 5216 Patrem,
2811 5151 2905 5221 qui
2941 5149 3115 5204 credit
3153 5163 3276 5204 eum
3311 5149 3510 5205 habere

1921 5248 2118 5305 Filium
2164 5248 2426 5320 aequalem
2473 5244 2595 5300 sibi.
2652 5241 2892 5298 Honorat
2946 5237 3161 5304 Filium,
3205 5239 3296 5309 qui
3340 5241 3509 5295 credit

1922 5357 2044 5397 eum
2082 5355 2205 5396 esse
2229 5339 2487 5409 aequalem
2516 5335 2685 5391 Patri.

1995 5433 2099 5500 Qui
2125 5451 2228 5490 non
2253 5430 2585 5500 honoriﬁcat.
2625 5425 2810 5499 (Auc.)
2845 5423 2904 5481 Si
2931 5424 3075 5480 enim
3105 5424 3283 5480 minor
3319 5425 3507 5480 crede-

1922 5535 2073 5584 retur
2110 5526 2311 5590 Filius,
2360 5525 2522 5579 Pater
2556 5521 3004 5583 inhonoraretur,
3051 5519 3193 5588 quod
3242 5516 3326 5570 vel
3368 5515 3504 5568 invi-

1923 5621 2022 5677 dus
2047 5618 2216 5674 nollet
2242 5632 2364 5671 eum
2403 5613 2653 5684 genuisse
2685 5609 2947 5682 aequalem
2965 5649 2980 5675 ,
3019 5608 3103 5662 vel
3131 5606 3373 5662 inﬁrmus
3398 5618 3506 5659 non

1919 5719 2120 5784 posset,
2156 5719 2212 5766 et
2239 5710 2317 5764 sic
2345 5724 2451 5763 non
2480 5722 2601 5763 esse
2626 5708 2768 5763 Deus
2796 5701 3229 5759 convinceretur.
3255 5696 3380 5766 quia
3409 5696 3509 5750 im.

1919 5812 2157 5948 potetis.
2201 5893 2290 5948 24.
2333 5924 2399 5935 -ο
2440 5892 2580 5958 Quia
2618 5889 2744 5960 qui,
2788 5896 2894 5941 etc.
2945 5883 3081 5952 Quia
3127 5881 3346 5949 aequalis
3388 5896 3509 5939 sum
