3960 6336
476 417 582 479 579

977 367 1369 476 WALA-FRIDI
1408 417 1652 475 STRABI
1694 415 1896 472 FULD.
1935 414 2097 471 MON.
2138 413 2288 471 OPP.
2330 416 2510 472 PARS
2545 418 2584 472 l.
2622 447 2690 461 α-
2725 417 3179 477 THEOLOGICA.

478 536 631 595 Patri
656 542 712 593 et
742 548 851 591 uno
890 534 1094 588 honore
1121 548 1243 589 cum
1283 548 1349 589 eo
1386 532 1756 597 honorandus,
1806 545 1934 601 ergo
1962 529 2053 599 qui
2079 528 2134 591 Λ
2158 544 2385 599 corpora
2430 545 2551 600 quae
2598 545 2706 586 non
2760 531 3021 593 sentiunt,
3069 533 3163 587 sed
3212 534 3407 590 animm
3449 497 3765 594 rationala

481 625 632 682 audit
659 625 881 683 verbum
906 638 1107 687 ineunt,
1140 624 1193 678 id
1222 633 1325 689 est,
1348 624 1439 693 qui
1458 623 1629 679 credit
1650 639 1737 678 me
1759 622 1974 687 Filium,
2001 632 2056 677 et

481 718 654 773 credit
679 731 801 771 eum
828 714 1066 781 Patrem,
1094 715 1255 770 habet
1276 716 1442 770 vitam
1468 724 1745 781 aeternam,
1782 714 1908 785 quia
1940 715 2055 771 huic

479 820 562 869 est
579 812 688 866 vita
714 820 932 875 interna,
960 818 1021 867 ut
1048 817 1171 879 post
1189 808 1351 874 dicet,
1381 818 1442 866 ut
1461 817 1787 880 cognoscant
1819 817 1873 864 te
1891 823 2054 879 quem

479 905 603 961 misi
627 902 813 961 Iesum
848 901 1122 969 Chriswm
1148 917 1268 959 esse
1295 918 1461 959 unum
1486 918 1674 958 verum
1719 903 1908 956 Deum.
1946 901 2056 955 Au-

479 997 554 1050 dit
578 1006 626 1051 et
654 995 834 1050 credit.
858 994 970 1049 Cur
994 995 1071 1050 ait
1094 1013 1107 1048 :
1131 994 1295 1050 Audit
1318 996 1544 1050 verbum
1572 1010 1749 1050 meum
1776 1002 1832 1048 et
1858 994 2051 1059 credit,

479 1103 586 1141 non
613 1086 761 1152 mihi,
786 1085 880 1145 sed
905 1085 959 1141 ei
978 1085 1070 1155 qui
1100 1100 1187 1143 me
1215 1085 1361 1141 misit
1387 1104 1399 1139 :
1431 1086 1557 1154 quia
1580 1085 1804 1139 verbum
1828 1084 1951 1153 ejus
1973 1093 2057 1140 est

477 1180 533 1237 in
560 1195 668 1246 me,
692 1180 799 1237 imo
824 1194 927 1248 ego
952 1194 1071 1235 sum
1097 1178 1321 1235 verbum
1342 1178 1477 1248 ejus.
1512 1178 1613 1245 Qui
1638 1193 1767 1247 ergo
1786 1177 1836 1232 ei
1860 1178 2053 1245 credit,

478 1275 651 1330 credit
676 1273 844 1329 verbo
866 1273 1001 1343 ejus,
1032 1272 1087 1327 id
1133 1280 1216 1328 est
1246 1273 1399 1326 mihi.
1451 1270 1556 1326 Sed
1602 1271 1830 1325 transiit.
1883 1271 1983 1325 llic
2023 1286 2055 1325 a

478 1377 652 1422 morte
688 1350 1015 1423 ίιιῡὼιίιειιίέ
1052 1365 1123 1420 ad
1149 1364 1316 1419 vitam
1346 1364 1469 1418 ﬁdei
1506 1372 1559 1417 et
1592 1363 1838 1434 justitize,
1880 1372 2058 1432 posta

476 1462 825 1531 corruptione
847 1460 913 1515 ad
944 1460 1321 1515 aeternitatem.
1367 1457 1443 1512 De
1466 1458 1640 1527 prima
1669 1465 1849 1512 autem
1877 1472 2057 1512 resur-

478 1552 716 1605 rectione
745 1550 981 1620 apertius
1012 1548 1193 1603 subdit
1230 1563 1244 1602 :
1300 1547 1486 1614 Amen,
1532 1563 1685 1602 auten
1730 1548 1850 1602 dico
1889 1548 2053 1612 vobis,

475 1645 600 1714 quia
628 1644 759 1698 venit
784 1644 912 1697 hora
938 1651 986 1698 et
1008 1659 1146 1696 nunc
1171 1650 1267 1707 est,
1298 1649 1405 1696 etc.

551 1737 712 1792 Vens.
752 1736 845 1791 25.
874 1766 945 1777 --
974 1734 1112 1801 Quia
1132 1735 1290 1790 venit.
1334 1734 1453 1788 Dixi
1480 1734 1605 1803 quia
1637 1732 1808 1790 Filius
1834 1735 2058 1790 suscitat

477 1838 534 1884 et
571 1829 823 1894 viviﬁcat,
856 1828 997 1899 quod
1030 1842 1216 1882 verum
1264 1835 1366 1891 est,
1399 1826 1523 1896 quia
1555 1826 1702 1881 venit
1738 1827 1892 1891 hora,
1925 1835 2053 1892 etc.,

2159 623 2345 677 mediae
2393 622 2532 676 inter
2564 622 2729 678 Deum
2756 632 2811 678 et
2835 639 3064 694 corpora
3098 642 3112 679 :
3145 625 3291 680 dicto
3318 627 3485 681 etiam
3529 628 3601 683 de
3654 629 3762 683 mi-

2156 714 2389 770 noritate
2410 714 2785 780 humanitatis,
2813 716 2873 770 in
2892 731 2999 786 qua
3042 716 3250 777 scilicet
3278 720 3534 784 moritur,
3564 735 3763 775 resur-

2156 806 2234 878 git
2263 847 2279 871 ,
2356 807 2583 863 suscitat
2656 822 2886 877 carpam
2950 816 3007 863 et
3052 807 3313 877 iudicat:
3374 811 3639 880 supponit
3694 813 3760 868 de

2159 900 2481 956 testimoniis
2527 900 2638 955 suis
2692 915 2811 970 qua:
2852 916 2961 957 non
3009 902 3212 971 indiget
3268 902 3470 957 habere
3522 904 3595 959 ab
3661 904 3761 959 bo-

2158 995 2320 1061 mine,
2343 995 2469 1064 quia
2496 996 2661 1049 habet
2686 996 2755 1049 ab
2781 996 3042 1065 operibus
3071 1011 3194 1066 qum
3229 996 3388 1051 Pater
3415 996 3563 1051 dedit
3590 1006 3660 1051 et
3687 997 3756 1052 ab

2158 1087 2274 1156 ipso
2302 1086 2481 1142 Patre.
2512 1087 2683 1141 Habet
2722 1095 2901 1151 tamen
2931 1098 2993 1141 et
3015 1088 3082 1142 ab
3125 1088 3459 1153 hominibus,
3490 1089 3585 1144 sed
3631 1096 3700 1143 ut
3724 1103 3758 1144 ι

2156 1177 2408 1245 lucernis,
2432 1180 2486 1234 id
2506 1189 2591 1234 est
2620 1195 2651 1233 a
2673 1177 2882 1239 Joanne
2909 1187 2967 1234 et
3000 1195 3033 1234 a
3063 1179 3269 1250 Moyse,
3292 1179 3381 1249 qui
3406 1179 3452 1234 si
3475 1195 3585 1234 non
3620 1195 3756 1250 pos-

2157 1281 2283 1325 sunt
2309 1269 2634 1341 majungere
2664 1271 2875 1326 animas
2915 1270 3046 1337 Deo,
3073 1279 3301 1341 possunt
3341 1280 3523 1327 tamen
3549 1272 3754 1328 oonfe-

2159 1370 2274 1417 tare
2302 1363 2572 1418 inimicos.

2228 1454 2390 1508 Vsus.
2422 1454 2511 1507 54.
2550 1486 2622 1496 --
2660 1453 2764 1510 Sed
2805 1457 2939 1510 hinc.
2994 1456 3107 1512 Sed
3150 1465 3329 1513 amen
3372 1461 3751 1516 testimonium

2156 1546 2379 1603 Ioannis
2404 1548 2618 1613 induco,
2640 1558 2701 1603 ut
2726 1564 2822 1620 per
2846 1548 3109 1606 Joannem
3142 1566 3241 1607 vos
3268 1552 3517 1608 homines
3538 1556 3611 1609 ad
3649 1571 3752 1610 ve-

2156 1639 2374 1694 ritatem
2404 1639 2578 1709 ipsam
2607 1638 2899 1706 ducamini,
2925 1650 2980 1701 et
3002 1643 3280 1698 crederm
3299 1643 3431 1698 salvi
3451 1645 3594 1701 sitia.

2228 1728 2393 1785 Vens.
2427 1730 2515 1786 55.
2551 1761 2625 1771 -
2651 1731 2752 1786 Ille
2791 1743 2922 1797 erat,
2961 1742 3068 1789 etc.
3099 1734 3200 1802 Qui
3235 1751 3323 1791 me
3347 1738 3590 1792 exterius
3610 1753 3747 1794 ocn-

2156 1819 2223 1876 lis
2242 1823 2521 1877 hominum
2552 1825 2819 1881 visibilem
2839 1826 3101 1892 exhibuit,
3134 1827 3363 1884 interius
3382 1831 3549 1885 corda
3568 1832 3755 1888 homi-

477 1930 533 1977 et
579 1922 812 1977 ostensio
876 1921 1053 1975 Patris
1102 1920 1205 1985 sui,
1247 1920 1335 1974 hic
1382 1918 1527 1975 enim
1590 1919 1656 1972 de
1706 1918 2056 1974 suscitatione
2083 1899 2288 1968 31mm
2313 1916 2379 1969 ad
2422 1926 2509 1971 me
2532 1919 2965 1987 cognoscendum
3010 1920 3276 1975 accendit.
3330 1920 3506 1976 Etiam
3553 1937 3753 1979 omnes

477 2013 671 2068 anima:
706 2029 736 2068 a
776 2012 1015 2083 peccatis
1044 2011 1243 2081 agitur.
1281 2010 1470 2065 Vocem
1525 2009 1673 2064 Filii.
1721 2011 1836 2066 Hoc
1883 2011 2055 2067 solum

470 2102 633 2173 justis
659 2103 928 2168 convenit,
957 2103 1049 2174 qui
1073 2103 1151 2157 sic
1180 2101 1402 2157 audiunt
1430 2103 1498 2158 de
1521 2103 1895 2159 incarnatione
1919 2102 2053 2171 ejus,

478 2203 539 2251 ut
574 2196 792 2250 credant
827 2197 955 2263 quia
987 2193 1156 2249 Filius
1194 2195 1289 2248 Dei
1321 2202 1425 2249 est.
1740 2256 1747 2269 α

551 2287 699 2343 Sicut
736 2288 873 2341 enim
908 2286 1086 2341 Pater.
1121 2286 1302 2357 (Auc.)
1340 2285 1461 2341 Vita
1491 2302 1611 2357 quae
1650 2294 1734 2341 est
1758 2287 1874 2356 ipse
1899 2286 2061 2343 Pater

482 2391 539 2437 et
579 2379 750 2435 Filius
784 2379 1019 2450 pertinet
1053 2379 1118 2433 ad
1146 2378 1412 2442 animam,
1446 2394 1553 2434 non
1578 2378 1647 2433 ad
1677 2394 1895 2450 corpus,
1926 2389 2057 2446 etc.,

479 2487 644 2544 usque
682 2470 751 2525 ad
804 2471 914 2524 vita
935 2478 991 2525 et
1023 2470 1140 2540 ipsa
1179 2477 1263 2525 est
1289 2470 1398 2525 vita
1419 2471 1681 2539 corporis.

548 2563 618 2619 In
645 2564 938 2634 semetipso.
972 2562 1090 2617 Non
1118 2563 1352 2628 aliunde,
1394 2563 1489 2618 sed
1518 2564 1634 2633 ipse
1672 2571 1755 2619 est
1794 2565 1925 2631 vita,
1979 2566 2059 2621 sic

481 2666 538 2715 et
564 2658 736 2713 Filius
769 2658 824 2712 in
853 2658 1143 2727 semetipso
1186 2664 1271 2711 est
1296 2656 1428 2711 vita.
1478 2655 1583 2711 Sed
1613 2654 1887 2722 diﬁ'ernnt,
1930 2659 2058 2728 quia

479 2750 643 2806 Pater
670 2759 752 2805 est
770 2750 880 2804 vita
908 2765 1015 2804 non
1058 2749 1351 2813 nascendo,
1380 2747 1550 2802 Filius
1588 2756 1671 2803 est
1699 2749 1807 2803 vita
1854 2765 1918 2805 ex
1956 2748 2061 2805 Pa-

484 2850 571 2896 tre
598 2841 892 2906 nascendo,
929 2842 1071 2896 unde
1098 2840 1174 2895 ait
1202 2859 1216 2893 :
1246 2840 1422 2906 Dedit,
1452 2854 1560 2895 non
1589 2841 1732 2910 quod
1766 2840 2058 2912 aliquando

482 2930 651 2986 Filius
690 2931 851 2987 fuerit
880 2930 998 2992 sine
1021 2931 1152 2997 vita,
1184 2931 1281 2986 sed
1320 2931 1564 2987 nascitur
1599 2945 1667 2986 ex
1702 2945 1770 2987 eo
1803 2931 1938 2999 vita,
1961 2933 2057 2989 de-

482 3024 561 3079 dit
589 3038 737 3093 ergo,
761 3022 813 3078 id
837 3032 942 3090 est,
968 3023 1073 3078 vita
1098 3023 1284 3094 genuit
1310 3023 1497 3079 vitam.

556 3116 721 3172 Vnus.
760 3116 848 3171 27.
898 3147 967 3158 —-
999 3116 1071 3172 Et
1099 3126 1423 3189 potestatem.
1477 3117 1769 3189 Postquam
1810 3118 1950 3175 dixit
1992 3120 2059 3175 de

484 3207 884 3263 resurrectione
951 3207 1147 3262 anima:
1190 3247 1206 3273 ,
1266 3208 1450 3264 subdit
1526 3208 1594 3264 de
1654 3210 2058 3266 resurrectione

488 3299 692 3355 carnis.
734 3298 799 3353 Et
837 3306 1157 3369 potestatem
1200 3314 1366 3368 quam
1398 3300 1562 3356 habet
1595 3301 1769 3358 Filius
1805 3317 1929 3357 cum
1950 3302 2058 3359 Pa-

490 3399 573 3447 tre
608 3391 663 3445 in
706 3389 943 3455 occulto,
983 3390 1134 3447 dedit
1163 3388 1324 3447 Pater
1354 3391 1426 3456 ei,
1470 3392 1598 3461 quia
1628 3392 1796 3451 Filius
1824 3394 2059 3451 hominis

482 3482 644 3545 est,in
680 3497 785 3551 qua
812 3481 985 3539 forma
1009 3480 1261 3551 judicans
1280 3482 1437 3539 bouis
1476 3491 1531 3538 et
1569 3484 1726 3539 malis
1765 3487 2056 3544 videbitur.

489 3573 637 3633 Yisio
652 3574 799 3629 enini
811 3572 999 3629 forma:
1027 3572 1123 3627 Dei
1136 3571 1269 3631 solis
1282 3573 1497 3632 mundis
1515 3576 1682 3633 corde
1702 3578 2059 3647 promittitun,

486 3667 633 3720 unde
683 3683 698 3719 :
770 3665 922 3723 Beati
975 3664 1172 3723 mundo
1220 3666 1392 3732 corde,
1448 3669 1693 3738 quoniam
1736 3669 1836 3738 ipsi
1892 3668 2060 3725 Deum

486 3762 729 3817 videbunt
752 3760 967 3831 (Matth.
1000 3760 1077 3833 v).
1112 3758 1292 3834 (Auc.)
1320 3762 1566 3820 Christus
1593 3765 1649 3819 in
1687 3779 1753 3819 eo
1797 3766 1941 3834 quod
1978 3772 2062 3820 est

486 3855 656 3910 Filius
705 3855 818 3921 Dei,
868 3865 998 3921 etc.,
1038 3872 1202 3927 usque
1246 3858 1315 3911 ad
1349 3873 1445 3928 per
1472 3860 1692 3913 verbum
1748 3857 1954 3914 factum
2007 3860 2061 3916 in

487 3962 655 4003 carne
682 3946 879 4002 Filium
906 3948 1140 4003 hominis
1170 3948 1231 4004 ﬁt
1251 3963 1537 4018 corporum
1572 3950 1920 4006 resurrectio.

556 4040 718 4097 Vens.
750 4039 836 4094 28.
869 4070 939 4098 -τ-
962 4039 1105 4107 Quia
1130 4043 1291 4096 veniet
1317 4041 1466 4093 liora.
1496 4039 1655 4096 Sicut
1686 4058 1850 4113 supra
1874 4052 2064 4100 auctor

485 4131 553 4187 de
579 4132 976 4188 resurrectione
999 4133 1194 4188 mentis
1218 4131 1272 4186 in
1302 4132 1465 4187 vitam
1486 4142 1766 4199 :eternam,
1796 4136 1869 4190 ita
1900 4137 2063 4191 etiam

485 4225 575 4281 hic
614 4233 698 4281 est
732 4234 919 4281 auctor
944 4225 1012 4282 de
1043 4225 1441 4281 resurrectione
1471 4227 1672 4291 carnis,
1717 4227 1873 4283 aliter
1907 4243 2064 4284 neuio

484 4318 756 4373 crederet.

557 4410 723 4464 Vsus.
752 4408 840 4463 30.
875 4435 948 4449 -
984 4403 1110 4461 Non
1150 4421 1362 4476 possum
1412 4421 1507 4475 ego
1548 4421 1582 4459 ι
1624 4406 1821 4477 meipso
1871 4408 2099 4478 faceres

494 4500 649 4555 Dedit
676 4500 807 4554 mihi
839 4506 1157 4570 potestatem
1179 4496 1391 4565 judicii,
1423 4511 1528 4550 non
1561 4505 1737 4552 tamen
1775 4515 1992 4570 possum
2032 4519 2063 4559 a

2158 2005 2436 2076 prophetae
2466 2014 2521 2061 et
2563 2009 2790 2078 apostoli
2820 2019 2944 2066 sunt
2976 2010 3248 2067 lucernae:
3282 2012 3531 2075 Christus
3551 2032 3750 2072 verum

2158 2095 2359 2161 lumen,
2386 2099 2525 2168 quod
2553 2099 2818 2157 illuminat
2848 2118 3051 2157 omnem
3078 2105 3336 2160 hominem
3363 2107 3655 2164 venientem
3694 2111 3749 2165 in

2158 2189 2296 2243 hunc
2330 2189 2602 2245 mundum.

2231 2282 2393 2337 Vens.
2428 2282 2519 2339 57.
2546 2313 2618 2325 -
2666 2283 2849 2357 Neque
2877 2303 3074 2343 vocem.
3120 2288 3188 2343 Et
3228 2287 3276 2345 si
3305 2289 3360 2345 in
3396 2288 3527 2346 Sina
3551 2305 3744 2349 vocem

2158 2371 2274 2442 ejus
2295 2375 2509 2430 audisse
2533 2384 2587 2430 et
2615 2378 2848 2447 speciem
2876 2380 3076 2436 vidisse
3098 2381 3315 2452 putetis.

2234 2466 2395 2521 Vsus.
2441 2466 2530 2522 41.
2577 2499 2645 2508 -
2678 2466 3003 2526 Claritatem.
3051 2471 3162 2527 Nec
3196 2472 3317 2529 ideo
3366 2474 3468 2530 hoc
3522 2475 3740 2546 loquor,

2164 2567 2226 2613 ut
2278 2575 2521 2629 quaeram
2575 2561 2802 2633 gloriam
2838 2579 3036 2631 meam,
3093 2568 3188 2621 sed
3233 2567 3386 2622 vobis
3431 2569 3744 2626 errantibus

2160 2654 2439 2722 condoleo,
2484 2656 2576 2725 qui
2620 2671 2725 2712 non
2772 2658 2982 2714 habetis
3028 2657 3369 2715 dilectionem
3398 2658 3517 2725 Dei,
3571 2670 3627 2716 et
3672 2662 3741 2716 ad

2159 2747 2303 2801 viam
2335 2744 2582 2805 veritatis
2614 2751 2875 2805 reducere
2898 2750 3039 2807 volo.

2236 2838 2398 2894 Vsus.
2446 2839 2534 2895 42.
2564 2872 2635 2882 ——-
2663 2840 2802 2908 Quia
2830 2844 3179 2899 dilectionem.
3228 2844 3455 2900 Dilectio
3490 2845 3588 2900 Dei
3632 2861 3737 2901 non

2160 2939 2243 2987 est
2269 2933 2322 2987 in
2349 2934 2522 3000 vobis,
2554 2936 2676 3004 quia
2704 2950 2791 2991 me
2829 2952 2937 2991 non
2964 2937 3232 3008 accipitis,
3274 2940 3328 2994 id
3356 2947 3443 2995 est
3485 2954 3594 2996 non
3624 2954 3737 2998 ere-

2162 3024 2306 3088 ditis,
2337 3024 2462 3095 quia
2494 3026 2616 3080 veni
2642 3036 2701 3081 ut
2727 3043 2827 3098 per
2844 3044 2936 3085 me
2956 3029 3118 3086 Pater
3147 3030 3498 3102 glorificetur.

2231 3116 2395 3173 Vens.
2422 3116 2514 3173 43.
2545 3150 2616 3160 -
2653 3121 2717 3176 Si
2740 3121 2898 3177 alius.
2926 3123 3311 3190 Antichristus,
3345 3125 3437 3196 qui
3464 3125 3736 3196 propriam

2161 3206 2384 3280 gloriam
2407 3211 2599 3280 quaerit
2621 3225 2727 3266 nou
2752 3211 2864 3276 Dei,
2897 3211 2951 3268 id
2974 3221 3061 3270 est
3086 3215 3141 3269 in
3163 3213 3382 3270 nomine
3410 3229 3511 3271 suo
3533 3215 3733 3282 veniet,

2162 3301 2264 3356 hoc
2289 3310 2373 3357 est
2410 3302 2559 3372 quod
2600 3302 2888 3374 Apostolus
2922 3306 3021 3373 ait,
3053 3314 3116 3361 ut
3159 3306 3386 3363 credant
3432 3307 3735 3372 mendacio,

2158 3394 2252 3465 qui
2279 3410 2389 3451 non
2419 3395 2770 3452 crediderunt
2793 3396 3029 3452 veritati.

2770 3529 2998 3588 CAPUT
3035 3529 3123 3586 Vl.

2231 3663 2397 3719 Vsus.
2443 3665 2496 3720 l.
2525 3695 2591 3706 —
2631 3663 2800 3721 Trans
2841 3682 3008 3722 utare.
3047 3666 3351 3727 Tiberiadis
3398 3678 3457 3726 et
3501 3669 3738 3742 Caphar-

2160 3773 2323 3817 uaum
2351 3758 2404 3814 in
2453 3759 2644 3815 eodem
2668 3759 2850 3815 littore
2873 3775 2943 3816 ex
2972 3769 3128 3832 parte
3154 3771 3364 3830 nostra,
3388 3763 3532 3821 ultra
3552 3765 3611 3820 in
3640 3764 3737 3825 alio

2162 3849 2345 3906 littore
2370 3850 2637 3923 opposito,
2682 3850 2834 3907 locus
2864 3861 2950 3908 est
2979 3853 3071 3907 ubi
3118 3854 3441 3911 miraculum
3488 3856 3633 3914 istud
3663 3856 3741 3915 ει.

2163 3949 2308 3997 ctum
2350 3951 2452 3998 est.
2501 3941 2615 4001 Nec
2643 3942 2867 4013 proprie
2904 3952 3129 4000 vocatur
3155 3960 3323 4011 mare.
3365 3946 3462 4005 sed
3497 3948 3739 4018 quadam

2163 4048 2355 4104 magna
2377 4031 2628 4091 Iordanis
2653 4034 2901 4091 reﬂuxio.

2237 4124 2398 4181 Vens.
2426 4124 2480 4178 2.
2497 4156 2567 4167 —-
2584 4125 2650 4180 Et
2680 4129 3010 4197 sequebatur.
3034 4128 3158 4185 Viso
3174 4130 3275 4207 hoc
3301 4130 3588 4199 miraculo,
3609 4147 3736 4205 geu-

2164 4218 2300 4275 tium
2330 4233 2523 4289 magna
2551 4219 2706 4275 turba
2736 4222 3001 4290 sequitur,
3050 4223 3178 4293 quia
3216 4223 3359 4279 sicut
3396 4239 3494 4280 eos
3532 4241 3668 4295 quos
3708 4242 3738 4281 a

2165 4309 2409 4381 corporis
2454 4310 2766 4366 inﬁrmitate
2805 4315 3051 4379 sanabat,
3092 4315 3235 4369 intus
3281 4318 3503 4386 spiritus
3543 4320 3737 4376 reinte-

2167 4402 2374 4473 grabat,
2415 4401 2495 4461 sic
2518 4402 2669 4471 ipsos
2698 4418 2730 4457 a
2752 4403 2940 4463 morbo
2972 4405 3368 4472 incredulitatis
3394 4409 3649 4469 sanabat.

2238 4492 2403 4549 Vsus.
2444 4495 2498 4550 5.
2526 4525 2601 4541 --
2634 4493 2768 4551 Cum
2809 4496 3143 4555 sublevasset.
3195 4495 3457 4573 Exemplo
3504 4520 3606 4561 suo
3646 4522 3740 4562 nos

491 4606 596 4658 me,
629 4591 682 4646 id
721 4600 824 4655 est,
852 4590 946 4660 qui
971 4605 1075 4644 non
1112 4597 1196 4645 est
1230 4605 1264 4644 ι
1307 4603 1386 4653 se,
1435 4604 1542 4644 nos]
1573 4589 1701 4645 facit
1728 4609 1757 4646 a
1787 4609 1864 4660 se,
1896 4604 1951 4651 ει
1992 4596 2145 4688 ila'D
2170 4585 2423 4641 admonet
2447 4586 2628 4641 levare
2659 4585 2847 4642 oculos
2875 4588 3055 4644 cordis
3095 4590 3283 4656 nostri,
3326 4600 3387 4647 ut
3409 4593 3454 4647 si
3498 4592 3644 4659 forte
3679 4612 3740 4653 eo

488 4684 579 4752 qui
606 4682 787 4752 culpat
814 4696 938 4737 eum
990 4682 1056 4737 de
1104 4695 1269 4752 opere
1310 4680 1542 4747 sabbati,
1594 4682 1772 4754 culpat
1820 4686 2057 4744 Patrem.

480 4766 632 4828 Sicut
661 4782 856 4826 autem.
884 4772 1059 4827 Audio
1085 4787 1183 4841 per
1210 4771 1476 4827 unitatem
1505 4773 1836 4840 substantiae,
1870 4778 1922 4833 id
1957 4789 2059 4848 est,

487 4863 600 4917 scio
635 4862 760 4930 quia
788 4877 894 4915 non
914 4869 998 4916 est
1032 4860 1175 4914 aliud
1204 4861 1410 4927 audire,
1435 4878 1595 4932 quam
1627 4866 1768 4920 scire
1805 4868 1889 4923 vel
1917 4885 2059 4927 esse.

488 4951 600 5014 Vel,
635 4966 732 5022 ego
755 4951 922 5009 Filius
950 4952 1182 5011 hominis
1211 4953 1345 5008 nihil
1373 4970 1402 5007 a
1428 4968 1514 5010 me
1540 4972 1777 5026 possum,
1808 4963 1903 5017 sed
1925 4963 2064 5020 sicut

489 5044 649 5098 audio
679 5058 712 5096 a
738 5044 849 5099 Deo
867 5041 1072 5110 judico,
1106 5051 1161 5097 et
1202 5044 1303 5099 hoc
1331 5044 1588 5114 judicium
1636 5065 1815 5109 meum
1843 5054 1909 5110 de
1936 5057 2061 5125 qui-

489 5137 806 5205 bnscunque
826 5142 911 5190 est
943 5132 1171 5203 justum,
1211 5135 1332 5191 ideo
1360 5137 1483 5207 quia
1522 5155 1627 5195 non
1668 5156 1854 5210 quaero
1875 5145 2063 5200 volun-

491 5234 654 5281 tatem
683 5241 880 5289 meam,
911 5224 964 5280 id
992 5234 1077 5281 est
1103 5226 1354 5293 hominis,
1381 5229 1476 5285 sed
1512 5229 1709 5296 Patris,
1738 5249 1857 5301 qum
1892 5244 1974 5290 est
1996 5237 2065 5294 de

492 5319 663 5375 salute
692 5317 987 5379 hominum,
1013 5319 1102 5388 qui
1134 5319 1199 5373 ad
1233 5320 1333 5374 hoc
1362 5336 1448 5375 me
1478 5321 1647 5387 misit,
1678 5322 1730 5377 id
1751 5332 1853 5389 est,
1886 5325 2065 5381 incar-

491 5410 609 5466 nari
629 5408 772 5464 fecit.
794 5407 918 5462 Non
935 5425 1131 5479 qua'ra.
1156 5411 1417 5481 Loquitur
1443 5430 1584 5469 nunc
1606 5416 1897 5471 secundum
1920 5423 2064 5489 quod

489 5502 710 5571 aqualis
751 5509 835 5555 est
882 5500 1052 5566 Patri,
1092 5512 1152 5556 ut
1198 5505 1455 5573 probetur
1499 5506 1552 5559 in
1597 5521 1663 5561 eo
1702 5520 1829 5563 vera
1875 5511 2069 5583 deitas,

489 5608 634 5649 nunc
671 5591 963 5648 secundum
1008 5593 1151 5663 quod
1187 5593 1381 5659 minor,
1414 5602 1475 5649 ut
1514 5596 1772 5665 probetur
1812 5615 1937 5658 vera
1972 5605 2073 5660 bu-

492 5684 745 5741 manitas.

562 5773 728 5832 Vsus.
755 5776 841 5832 51.
868 5804 937 5817 -
964 5775 1024 5830 Si
1059 5792 1151 5846 ego
1193 5776 1564 5830 testimonium.
1612 5778 1741 5833 Dico
1780 5781 1844 5835 de
1876 5783 2069 5843 identi-

494 5874 604 5929 tate
629 5868 879 5929 essentia:
923 5880 1041 5926 suae
1081 5880 1203 5921 cum
1238 5864 1418 5933 Patre,
1463 5880 1530 5923 ex
1576 5883 1679 5940 qua
1729 5870 1915 5939 vivunt
1958 5892 2063 5934 non

2170 4680 2400 4736 ducente
2443 4679 2511 4734 ad
2541 4678 2881 4739 altitudinem
2919 4681 3149 4738 actionis
3190 4690 3246 4739 et
3286 4684 3529 4743 scientia:
3556 4702 3741 4745 ascen-

2166 4771 2294 4826 dere
2314 4770 2715 4840 permittamur,
2741 4770 2899 4833 turba
2930 4774 3276 4844 sequentium
3304 4777 3605 4841 carnalium
3649 4795 3739 4836 co.-

2164 4864 2483 4937 gitaliouum
2538 4879 2639 4919 nos
2688 4880 2795 4921 non
2841 4868 3141 4936 perturbet,
3192 4883 3295 4924 nec
3342 4869 3411 4924 ab
3462 4871 3739 4928 altitudine

2166 4955 2637 5027 contemplationis
2661 4954 2899 5025 dejiciat,
2924 4959 3018 5013 sed
3043 4973 3164 5015 eam
3188 4959 3269 5030 spi
3279 4960 3561 5021 ritualibus
3581 4965 3736 5029 escis,

2166 5058 2424 5120 quantum
2451 5063 2645 5119 capere
2672 5049 2866 5119 possit,
2893 5064 3117 5120 pascere
3140 5066 3413 5111 curemus.

2240 5144 2402 5199 Vsus.
2432 5144 2483 5199 7.
2515 5174 2584 5189 --
2619 5143 2992 5201 Duceutorum.
3042 5143 3396 5209 Centenarius
3442 5148 3738 5220 duplicatus

2169 5235 2439 5305 signiﬁcat
2480 5235 2868 5305 perfectionem
2912 5238 3067 5302 bona:
3113 5240 3345 5297 actionis
3376 5250 3433 5299 et
3466 5244 3738 5301 rationalis

2170 5326 2430 5391 scientias,
2461 5342 2582 5398 quae
2604 5328 2913 5383 erudiendis
2957 5329 3011 5384 in
3057 5329 3162 5387 ﬁde
3188 5346 3293 5388 non
3322 5331 3612 5402 suliioiunt,
3641 5336 3737 5391 nisi

2169 5418 2248 5474 eis
2276 5416 2501 5473 altitudo
2527 5417 2807 5489 theologia:
2832 5419 3081 5485 addatur,
3122 5437 3243 5492 qua:
3278 5425 3490 5481 animus
3519 5440 3617 5495 per
3651 5428 3741 5483 bo-

2174 5522 2299 5561 nam
2327 5508 2692 5576 operationem
2722 5517 2998 5580 purgatas,
3029 5518 3083 5565 et
3113 5527 3207 5582 per
3241 5515 3522 5571 scientiam
3564 5530 3739 5572 rerum

2175 5606 2476 5657 creatarum
2505 5599 2849 5668 illuminatas,
2892 5603 2960 5658 ad
3009 5617 3439 5664 consummatam
3488 5610 3737 5680 spiritua-

2174 5690 2301 5745 lium
2336 5690 2684 5747 refectionum
2712 5693 3096 5762 plenitudinem
3128 5699 3393 5769 perducit.

2246 5786 2409 5840 Vens.
2451 5789 2504 5843 9.
2532 5818 2604 5828 -—
2634 5787 2727 5842 Est
2766 5806 2894 5859 puer
2923 5807 3080 5847 unus.
3110 5792 3207 5849 Hic
3249 5810 3384 5864 puer
3411 5805 3497 5853 est
3538 5797 3740 5869 logia

2172 5878 2469 5949 legislator,
2486 5877 2639 5955 cujus
2661 5879 2746 5935 lex
2764 5882 3037 5939 neminem
3064 5884 3131 5940 ad
3152 5885 3450 5958 perfectum
3474 5889 3736 5961 perduxit.
