3960 6336
240 455 346 516 381

1209 415 1476 510 GLOSSA
1513 448 1911 510 0RDINARIA.
1953 479 2021 492 —
2057 449 2312 508 nunc.
2349 447 2541 508 JOAN.

3412 451 3519 511 582

243 573 419 640 Unus,
468 571 596 647 quia
623 571 915 628 vanitatem
950 569 1205 627 Ecclesiae
1234 569 1472 640 futuram
1514 564 1826 640 praeﬁgura-
1856 564 1904 629 Α
1935 577 2046 621 ram
2077 581 2206 622 vero
2229 567 2347 622 sic:
2377 567 2486 624 Vos
2499 567 2740 638 quaeritis
2765 583 2876 635 me,
2906 583 3014 624 non
3040 575 3263 640 propter
3281 581 3391 634 me,
3421 568 3519 623 sed

237 665 354 720 bat.
383 662 504 732 Hic,
537 663 590 719 id
635 669 740 730 est,
771 663 824 718 in
855 659 1038 720 Veteri
1071 661 1420 719 Testamento
1461 661 1606 739 quod
1645 675 1834 731 quam-

235 759 324 814 vis
353 755 506 813 Novo
529 756 860 814 clarescente
881 757 996 827 jam
1026 757 1267 826 vilescit,
1297 757 1473 812 adhuc
1495 763 1673 809 tamen
1718 767 1834 808 om-

233 851 372 905 nino
397 865 504 926 non
529 851 775 906 recessit.
811 849 918 905 Sed
944 849 1079 916 lucc,
1123 859 1229 904 etc.
1265 848 1428 917 Quasi
1456 847 1641 918 dicat:
1675 843 1834 917 Legis

232 940 442 1008 littera,
478 925 833 1016 vel-corporei
861 927 1052 997 sensus
1081 941 1209 1012 quid
1236 945 1465 1011 prosunt
1487 938 1554 993 ad
1581 935 1830 1008 multitu-

232 1031 422 1088 dinem
466 1033 521 1088 in
568 1042 620 1088 te
668 1032 1024 1098 creditorum,
1076 1033 1168 1104 qui
1219 1029 1520 1102 spiritualia
1573 1027 1832 1083 alimenta

232 1133 367 1178 sunt
393 1117 647 1192 petituri;
689 1137 810 1193 quae
836 1136 1052 1178 onmem
1083 1121 1322 1176 litteram
1357 1133 1682 1190 omnemque
1711 1131 1831 1174 cor-

227 1231 462 1288 poreum
489 1229 708 1272 sensum
741 1215 1038 1287 superant?

309 1310 476 1368 Vens.
538 1310 623 1365 io.
651 1341 721 1350 -
765 1307 953 1364 Facite
1001 1309 1254 1364 homines.
1304 1299 1560 1379 Magister
1587 1305 1833 1361 veritatis

226 1403 389 1474 prius
420 1401 473 1456 in
498 1399 841 1482 simplicitate
878 1401 1074 1458 littera:
1104 1400 1260 1473 quasi
1289 1399 1342 1455 in
1373 1399 1572 1468 inﬁmis
1595 1399 1752 1466 locis,
1775 1401 1834 1455 et

228 1494 289 1549 in
324 1493 670 1565 simplicitate
701 1494 928 1556 visibilis
959 1503 1227 1550 creaturae
1259 1491 1536 1549 auditores
1566 1491 1825 1560 erudivit,

229 1592 294 1640 ut
320 1585 476 1642 sicin
500 1583 840 1642 altitudinem
866 1583 1344 1654 contemplationis
1364 1584 1664 1658 erigantur.
1815 1575 1820 1580 ’

309 1673 476 1730 Vsus.
510 1673 597 1730 14.
632 1707 703 1716 -
739 1673 832 1730 Illi
852 1688 973 1756 ergo
997 1676 1232 1730 homines
1255 1691 1373 1729 cum
1395 1675 1640 1730 vidissent
1667 1675 1829 1748 quod,

229 1775 342 1824 etc.
368 1767 448 1822 lili
478 1767 716 1842 nondum
743 1767 902 1846 plena
937 1767 1044 1824 ﬁde
1067 1765 1447 1850 proﬁciebant,
1483 1781 1650 1840 quare
1689 1769 1832 1824 hunc

230 1859 408 1916 Deum
441 1861 621 1916 dicere
644 1861 980 1917 neseiebant.
1005 1859 1113 1917 Nos
1133 1861 1394 1918 certiores
1427 1861 1534 1916 illis
1559 1861 1826 1918 dicimus:

1937 667 2160 730 propter
2191 675 2357 730 panes
2385 661 2476 731 qui
2515 670 2762 732 pereunt.
2787 662 2932 734 Ergo
2971 661 3304 733 operamini,
3331 661 3384 717 id
3411 668 3516 729 est,

1936 750 2163 820 quaerite
2183 767 2270 806 me
2297 760 2520 824 propter
2549 766 2664 820 me,
2705 769 2813 810 non
2843 763 3066 827 propter
3089 755 3254 810 aliud.
3280 753 3398 826 ipse
3430 761 3516 811 est

1935 843 2080 898 enim
2096 843 2250 900 cibus
2264 843 2352 900 ille
2364 845 2456 915 qui
2479 854 2761 916 permanet
2775 845 2829 902 in
2840 847 3004 902 vitam
3018 856 3274 903 aeternam
3285 889 3300 912 ,
3315 854 3376 901 ut
3395 853 3519 918 post

1937 944 2120 1006 aperte
2135 935 2294 990 dicet.
2319 935 2584 993 Similiter
2598 939 2838 1008 quotidie
2863 949 3115 1009 quaerunt
3141 939 3294 996 multi
3309 938 3514 1006 Iesum,

1935 1041 2043 1083 non
2085 1037 2306 1102 propter
2333 1027 2540 1096 Jesum,
2567 1031 2660 1086 sed
2680 1039 2741 1085 ut
2763 1031 2901 1086 bene
2929 1033 2998 1086 sit
3019 1033 3100 1088 eis
3125 1033 3179 1088 in
3205 1042 3462 1103 tempore.

2004 1115 2168 1177 Vens.
2205 1122 2295 1178 27.
2332 1155 2400 1164 —
2430 1121 2665 1194 Signavit
2687 1121 2846 1178 Deus.
2873 1123 3035 1192 Quasi
3059 1125 3277 1196 proprio
3305 1125 3460 1197 signo
3485 1137 3518 1180 ι

1935 1216 2147 1272 οωιθιὶε
2169 1216 2426 1270 discrevit
2451 1257 2465 1280 ,
2497 1216 2622 1286 quia
2654 1215 2750 1286 qui
2787 1224 2870 1271 est
2893 1215 3062 1272 Filius
3084 1217 3338 1283 hominis,
3359 1225 3444 1272 est
3465 1223 3522 1272 et

1931 1303 2103 1361 Filius
2125 1305 2220 1360 Dei
2247 1307 2435 1364 etideo
2456 1321 2543 1362 me
2565 1305 2731 1362 nolite
2756 1317 3104 1362 contemnere
3125 1305 3323 1361 Filium
3345 1304 3520 1362 homi-

1933 1399 2038 1464 nis,
2069 1401 2162 1455 sed
2187 1401 2352 1472 petite
2381 1416 2411 1456 a
2437 1415 2526 1455 me
2553 1401 2732 1456 cibum
2763 1399 3125 1471 spiritualem.

2004 1490 2168 1546 Vens.
2209 1491 2296 1548 29.
2323 1523 2394 1532 —
2423 1491 2539 1546 Hoc
2567 1501 2645 1547 est
2669 1509 2796 1562 opus
2819 1491 2934 1546 Dei.
2967 1489 3127 1546 Fides
3154 1503 3256 1560 per
3274 1489 3517 1546 dilectio-

1934 1595 2056 1638 nem
2093 1598 2344 1654 operans,
2389 1593 2472 1638 est
2513 1596 2677 1654 opus,
2713 1583 2838 1654 quia
2873 1583 2919 1638 si
2950 1581 3090 1638 desit
3130 1581 3380 1647 facultas,
3411 1589 3520 1636 non

1933 1676 2194 1746 quaeritur
2240 1676 2344 1732 nisi
2389 1676 2658 1732 voluntas.
2696 1675 2886 1732 Merito
2911 1677 3075 1732 etiam
3111 1675 3245 1731 ﬁdes
3276 1691 3397 1746 qua:
3418 1688 3516 1746 per

1931 1769 2273 1826 dilectionem
2297 1779 2578 1842 operatur,
2611 1785 2747 1844 opus
2779 1771 2998 1838 dicitur,
3029 1785 3149 1840 quae
3179 1778 3264 1826 est
3299 1769 3515 1825 initium

1933 1870 1990 1917 et
2019 1861 2140 1918 ﬁnis
2169 1861 2337 1918 totius
2357 1861 2506 1918 boni.

222 1949 336 2040 hic
357 1958 443 2008 est
467 1950 737 2020 Verbum,
770 1953 888 2008 sine
915 1967 1024 2024 quo
1061 1967 1168 2008 non
1207 1959 1292 2008 est
1325 1953 1582 2035 propheta
1613 1952 1699 2009 vel
1727 1968 1828 2008 an-
1854 1941 1904 2008 Β
2003 1953 2169 2011 Vens.
2203 1955 2294 2011 52.
2329 1986 2400 1996 —
2451 1954 2599 2011 Dixit
2629 1972 2772 2028 ergo.
2802 1955 2959 2024 Quod
2987 1955 3350 2028 praeferebant
3383 1968 3521 2026 opus

228 2043 406 2118 geius.

309 2134 472 2192 Vens.
509 2135 594 2210 15.
628 2135 874 2193 —Jesus
895 2151 1036 2210 ergo.
1066 2135 1169 2214 Qui
1199 2135 1390 2196 volunt
1427 2149 1618 2208 rapere
1651 2143 1706 2192 et
1741 2150 1826 2193 re-

229 2245 356 2301 gem
372 2227 396 2284 Γ
393 2245 550 2286 acere
563 2229 878 2303 signiﬁcant
891 2231 1184 2303 discipulos
1194 2239 1250 2287 et
1265 2227 1400 2288 alios
1413 2231 1608 2287 creden
1617 2241 1716 2297 tes,
1733 2233 1827 2303 qui

226 2321 422 2377 volunt
457 2321 755 2392 pnevenire
793 2332 1007 2392 tempus
1041 2323 1192 2396 regni
1233 2322 1372 2394 ejus.
1415 2329 1670 2394 putantes
1701 2335 1826 2378 eum

230 2415 313 2470 sic
332 2415 576 2486 venisse,
603 2424 661 2482 ut
683 2411 797 2485 jam
834 2424 1105 2487 regnaret.
1137 2415 1243 2471 Sed
1276 2415 1382 2472 hoc
1409 2405 1652 2486 tempore
1675 2415 1825 2470 colli-

229 2507 378 2580 gitur
401 2523 648 2581 regnum,
678 2508 819 2584 quod
848 2509 902 2564 in
929 2507 1035 2581 ﬁne
1059 2511 1166 2578 erit
1191 2507 1563 2576 manifestum,
1595 2524 1716 2564 cum
1751 2507 1829 2564 di-

227 2609 353 2656 cet:
389 2596 648 2672 Percipile
678 2617 893 2672 regnum
914 2601 1052 2671 quod
1094 2599 1235 2656 vobis
1268 2611 1513 2670 paratum
1539 2611 1634 2655 est.
1665 2597 1828 2672 Fugit

227 2705 361 2768 ergo
387 2709 494 2748 non
536 2693 732 2747 timens
759 2691 954 2758 teneri,
979 2693 1072 2767 qui
1102 2702 1289 2767 postea
1327 2689 1533 2752 eisdem
1564 2690 1826 2764 colloqui-

227 2795 343 2852 tur,
377 2783 472 2845 sed
507 2783 725 2858 signare
761 2783 950 2842 volens
989 2770 1133 2867 quod
1167 2781 1394 2840 altitudo
1431 2783 1548 2857 ejus
1578 2800 1685 2840 non
1728 2799 1826 2856 po-

229 2883 342 2930 test
364 2874 612 2948 intelligi.
639 2875 870 2948 Fugitin
893 2883 1156 2942 montem,
1177 2875 1230 2930 id
1259 2882 1342 2931 est
1364 2875 1608 2936 ascendit
1632 2875 1820 2944 cados,

225 2970 378 3029 solus
409 2974 663 3033 sacerdos
700 2971 1054 3046 interpellans
1081 2986 1179 3044 pro
1213 2967 1412 3043 populo
1451 2969 1584 3033 foris
1622 2970 1824 3029 consti-

227 3069 370 3134 tuto,
413 3063 502 3136 qui
548 3063 766 3118 interim
805 3062 1045 3132 iactatur
1079 3061 1367 3128 ﬂuctibus,
1410 3061 1552 3119 unde
1597 3061 1819 3117 subdit:

227 3151 298 3208 Ut
333 3143 516 3209 autem
545 3170 660 3210 sero
694 3153 893 3224 factum
927 3163 1022 3209 est.
1065 3153 1200 3208 Sero
1237 3151 1421 3208 mundi
1456 3159 1539 3208 est
1573 3161 1695 3222 post
1731 3167 1822 3206 as-

218 3245 544 3310 censionem
568 3240 770 3300 Christi
791 3244 844 3298 in
871 3259 978 3316 quo
1000 3243 1246 3314 discipuli
1276 3241 1616 3298 descendunt
1647 3241 1713 3297 ad
1738 3241 1822 3296 la-

219 3337 392 3391 bores
423 3334 628 3400 mundi,
663 3342 717 3389 et
742 3342 932 3408 regunt
961 3341 1172 3397 navem,
1207 3333 1258 3388 id
1285 3340 1368 3388 est
1391 3331 1712 3408 Ecclesiam.

298 3425 468 3482 Vens.
500 3425 586 3482 19.
621 3455 694 3466 —
723 3424 1050 3490 Timaei-unt.
1095 3424 1248 3492 Quod
1296 3423 1544 3496 discipuli
1571 3425 1664 3502 qui
1709 3439 1825 3482 om-

223 3521 380 3576 nium
423 3518 476 3572 in
515 3515 755 3575 Ecclesia
797 3513 1100 3572 futurorum
1133 3515 1359 3594 ﬁguram
1387 3509 1677 3592 gerebant,
1707 3517 1824 3572 viso

224 3612 464 3669 Domino
491 3612 654 3688 super
675 3610 897 3669 fluctum
920 3611 1088 3670 maris
1119 3597 1187 3664 ad
1208 3625 1266 3666 se
1293 3611 1601 3664 venientem
1631 3610 1823 3664 timue-

226 3712 380 3770 runt,
405 3711 458 3758 et
480 3711 539 3759 ut
565 3703 700 3759 alius
724 3703 1052 3774 evangelista
1069 3703 1308 3773 apertius
1327 3701 1482 3769 dicit,
1497 3703 1822 3774 phantasma

225 3795 578 3854 crediderunt
615 3812 770 3862 eum,
810 3793 1068 3869 mysterio
1108 3809 1214 3849 non
1259 3801 1439 3860 vacat,
1477 3793 1603 3864 quia
1644 3793 1825 3848 adhuc

225 3886 396 3946 hodie
426 3886 576 3942 multi
603 3887 659 3942 in
678 3885 939 3952 Ecclesia,
967 3901 1090 3942 cum
1119 3885 1346 3941 audiunt
1379 3885 1482 3941 sibi
1503 3884 1822 3956 persuaderi

227 3989 289 4036 ut
319 3980 608 4051 prmsentia
640 3977 776 4034 bona
805 3986 859 4035 et
881 3979 1084 4035 caduca
1107 3994 1204 4048 pro
1225 3976 1444 4034 aeternis
1484 3991 1821 4048 quaecunque

223 4069 498 4136 habendis
537 4069 834 4135 dimittant,
876 4070 1066 4124 timent
1100 4078 1154 4124 et
1191 4085 1250 4126 se
1283 4069 1539 4140 deceptos
1571 4070 1818 4136 credunt,

225 4161 431 4233 quibus
455 4161 715 4217 Domihtrs
735 4161 847 4216 ait:
885 4159 1061 4216 Nolite
1093 4162 1294 4227 timere,
1318 4177 1412 4232 ego
1435 4177 1570 4215 sum.

303 4269 469 4327 Vens.
500 4271 591 4326 22.
614 4301 686 4311 —
719 4271 897 4326 Altera
927 4271 1032 4327 die.
1060 4271 1397 4328 insinuatum
1420 4282 1504 4330 est
1529 4273 1702 4328 turba:
1716 4269 1821 4328 hoc

229 4364 578 4434 miraculum,
603 4365 746 4435 quod
767 4380 928 4436 super
951 4380 1120 4436 aquas
1140 4365 1299 4432 Jesus
1319 4365 1670 4430 ambulasset,
1693 4365 1819 4434 quia

227 4473 342 4514 non
375 4457 540 4516 fuerit
566 4457 637 4512 ibi
673 4457 775 4512 nisi
806 4457 957 4519 navis
979 4473 1109 4524 una,
1135 4465 1190 4514 et
1219 4458 1276 4513 in
1309 4473 1430 4514 eam
1463 4473 1569 4516 non
1598 4457 1822 4516 intravit

225 4549 390 4608 Jesus
420 4566 542 4610 cum
573 4549 882 4622 discipulis,
920 4550 1062 4608 unde
1093 4565 1223 4620 ergo
1253 4547 1429 4610 factus
1473 4559 1619 4606 esset
1645 4559 1820 4614 trans-

227 4647 366 4707 itus,
391 4645 494 4700 nisi
513 4660 672 4714 super
698 4659 868 4716 aquas
890 4643 1255 4702 ambulasset?

307 4739 472 4795 Vens.
495 4737 588 4794 25.
606 4770 676 4778 —
697 4736 764 4792 Et
792 4755 911 4794 cum
941 4737 1271 4794 invenissent.
1304 4737 1444 4794 Ecce
1474 4751 1713 4808 praesens
1736 4742 1823 4792 est

227 4834 315 4890 eis
341 4848 480 4904 quos
507 4831 736 4904 fugerat,
775 4847 841 4887 ne
871 4846 993 4887 eum
1039 4845 1218 4900 regem
1250 4829 1517 4886 facerent.
1554 4827 1663 4884 Cur
1689 4843 1818 4900 ergo

229 4927 468 4998 fugerat,
499 4925 601 4979 nisi
641 4938 738 4992 pro
764 4923 1021 4992 pracdicto
1050 4921 1424 4977 sacramento?
1457 4920 1656 4984 lterum
1682 4935 1820 4990 prac-

228 5035 360 5076 sens
377 5017 616 5088 laquitur
634 5016 733 5083 eis,
758 5024 816 5074 ut
835 5031 1066 5084 quormn
1089 5014 1304 5074 satiavit
1347 5022 1587 5078 ventres,
1631 5027 1820 5067 eorum

227 5111 396 5170 saliet
423 5118 479 5166 et
499 5116 727 5174 mentes,
759 5105 1182 5174 dicens:Amen,
1206 5123 1358 5161 amen
1385 5105 1504 5162 dico
1527 5103 1686 5168 vobis,
1720 5104 1818 5158 tiu-

227 5219 365 5260 eens
418 5217 514 5258 eos
551 5214 686 5272 quos
727 5199 978 5256 doctores
1015 5198 1267 5263 instituit,
1309 5195 1496 5268 fugere
1530 5193 1742 5250 laudem
1767 5202 1824 5250 et

229 5307 514 5356 terrenum
557 5295 865 5367 imperium,
916 5292 1012 5352 sed
1057 5300 1237 5349 tamen
1281 5289 1533 5344 insistere
1560 5286 1820 5358 przedica-

231 5388 398 5446 tioui.

308 5483 473 5540 Vens.
502 5482 594 5539 26.
619 5512 692 5522 —
715 5481 902 5545 Amen,
927 5495 1078 5536 amen
1101 5478 1216 5534 dico
1243 5477 1404 5533 vobis.
1431 5475 1725 5544 Postquam
1753 5471 1819 5529 de

227 5575 515 5632 divinitate
543 5590 639 5632 sua
661 5590 766 5644 qua
798 5573 940 5630 idem
961 5581 1044 5628 est
1088 5587 1211 5628 cum
1250 5570 1411 5626 Patre
1451 5567 1726 5633 tractavit,
1763 5583 1817 5620 et

226 5672 425 5732 eodem
467 5668 671 5725 honore
718 5665 1094 5729 honorandus,
1137 5673 1194 5724 et
1233 5663 1299 5718 de
1337 5661 1676 5718 humanitate
1721 5675 1816 5715 sua

212 5755 339 5834 'qua
373 5761 441 5815 de
480 5767 655 5814 morte
695 5758 892 5812 liberat
918 5766 971 5812 et
1013 5756 1240 5812 suscitat
1275 5754 1462 5826 grandi
1507 5753 1710 5807 honore
1739 5748 1820 5804 di-

227 5868 398 5928 gnus,
425 5851 540 5908 vult
585 5860 819 5908 tractare
847 5849 913 5906 de
953 5849 1074 5904 cibo
1102 5848 1252 5915 vitae,
1295 5847 1347 5902 id
1386 5855 1470 5902 est
1510 5845 1678 5901 verbo
1699 5841 1816 5898 Dei.

228 5948 300 6010 Et
323 5947 437 6002 haec
463 5943 795 6000 continuatio
815 5949 1082 6018 quantum
1103 5939 1172 5995 ad
1193 5939 1540 5997 sententiam.
1576 5935 1656 5996 Ad
1677 5935 1821 5993 litte-

1926 2046 2100 2120 Μογεὶ
2128 2061 2226 2104 suo
2255 2047 2427 2119 operi,
2455 2049 2693 2104 ostendit
2719 2048 2850 2104 illud
2875 2062 2996 2104 esse
3021 2049 3202 2103 minus
3221 2088 3236 2114 ,
3259 2047 3384 2117 quia
3409 2061 3520 2102 non

1929 2139 2029 2196 fuit
2056 2145 2212 2214 panis
2236 2146 2302 2200 de
2323 2145 2482 2210 caelo,
2513 2147 2610 2202 sed
2645 2153 2854 2200 tantum
2897 2145 3066 2218 ﬁgura
3104 2145 3250 2200 illius
3274 2154 3330 2199 et
3357 2155 3518 2200 suum

1927 2233 2124 2305 majus,
2161 2237 2252 2306 qui
2283 2244 2367 2292 est
2403 2236 2560 2308 panis
2590 2235 2658 2292 de
2697 2236 2837 2292 cmlo
2863 2235 2954 2306 qui
2991 2235 3083 2291 dat
3105 2236 3308 2301 vitam,
3338 2242 3394 2289 et
3429 2234 3521 2291 hic

1929 2331 2015 2381 est
2059 2327 2213 2407 cibus
2258 2345 2419 2400 quem
2473 2343 2638 2400 supra
2685 2327 2822 2398 dixit
2867 2341 3190 2400 permanere
3245 2327 3301 2384 in
3347 2326 3518 2382 vitam

1927 2427 2210 2474 aeternam.

1999 2506 2161 2565 Vens.
2199 2507 2290 2564 33.
2316 2541 2386 2550 —
2410 2506 2577 2566 Panis
2606 2511 2743 2564 enim
2769 2525 2938 2566 verus.
2969 2507 3160 2582 Angeii
3183 2523 3376 2580 purum
3398 2522 3520 2564 ver~

1926 2603 2055 2660 bum
2085 2601 2313 2658 solidum
2348 2602 2530 2658 cibum
2569 2603 2891 2661 comedunt:
2941 2619 3042 2663 nos
3088 2617 3220 2659 vero
3257 2602 3518 2671 verbum,

1929 2695 2022 2751 sed
2077 2695 2130 2749 in
2155 2693 2241 2750 iac
2261 2707 2502 2760 versum,
2537 2694 2661 2763 quia
2691 2693 2734 2748 si
2764 2709 2870 2750 non
2903 2707 3190 2764 possumus
3210 2693 3516 2759 comedere,

1925 2799 2222 2860 possumus
2263 2801 2476 2858 sugere.
2518 2784 2632 2841 Nisi
2667 2785 2812 2841 enim
2851 2787 3249 2854 incarnaretur,
3289 2802 3319 2841 a
3359 2785 3518 2842 nobis

1928 2861 2036 2938 non
2057 2889 2497 2953 cognosceretur,
2526 2896 2556 2935 a
2587 2880 2744 2936 nobis
2769 2893 2875 2935 non
2899 2888 3228 2952 gustaretur.

1996 2971 2166 3031 Vsus.
2188 2973 2362 3030 '54.—
2381 2973 2622 3040 Domine,
2647 2988 2868 3042 semper,
2892 2979 2998 3028 etc.
3024 2971 3177 3027 Sicut
3201 2969 3396 3026 mulier
3417 2967 3490 3025 Sa
3510 2998 3519 3012 -

1926 3071 2200 3126 maritana
2231 3070 2457 3126 audiens
2487 3086 2500 3124 :
2537 3067 2640 3136 Qui
2680 3067 2862 3123 biberit
2898 3067 2962 3122 de
2989 3067 3090 3122 hac
3121 3082 3281 3137 aqua,
3314 3079 3418 3120 non
3443 3063 3518 3119 si-

1924 3165 2016 3218 tiet
2043 3164 2100 3217 in
2130 3173 2405 3228 wternum,
2429 3162 2726 3217 secundum
2757 3175 2955 3230 corpus
2985 3152 3214 3229 accepit,
3245 3163 3300 3213 et
3333 3165 3513 3212 tamen

1925 3253 2114 3308 labore
2154 3261 2211 3308 et
2249 3252 2544 3324 indigentia
2581 3265 2768 3306 carere
2799 3250 3008 3316 volens,
3055 3249 3192 3304 dixit
3220 3267 3234 3303 :
3267 3248 3349 3302 Da
3388 3247 3519 3302 mihi

1849 3319 1894 3384 θ
1925 3345 2060 3400 hanc
2091 3362 2306 3416 aquam,
2338 3345 2418 3400 sic
2444 3345 2533 3400 isti
2558 3352 2807 3416 quaerunt
2833 3355 3024 3414 panem
3045 3343 3136 3413 qui
3168 3357 3260 3397 eos
3285 3343 3513 3409 reﬁciat,
3598 3393 3604 3402 .

1925 3447 1980 3495 et
2009 3453 2288 3510 nunquam
2308 3436 2541 3502 deﬁciat,
2567 3445 2787 3510 propter
2809 3436 2952 3508 quod
2979 3449 3100 3490 eum
3129 3449 3310 3508 regem
3335 3433 3516 3491 facere

1923 3532 2226 3588 voluerunt.
2261 3529 2368 3589 Sed
2394 3527 2551 3586 Jesns
2573 3530 2638 3585 ad
2667 3544 2727 3585 se
2755 3535 3001 3596 revocat,
3033 3535 3089 3584 et
3117 3541 3279 3600 quem
3315 3531 3512 3598 panem

1924 3621 2058 3676 dixit
2085 3620 2389 3676 evidentius
2419 3619 2623 3691 aperit,
2661 3619 2773 3692 Ego
2807 3635 2922 3676 sum
2951 3621 3103 3690 panis
3137 3621 3274 3674 vim.
3312 3617 3510 3674 Putem

1923 3711 2054 3766 dare
2080 3711 2268 3776 vitam,
2297 3709 2424 3806 quia
2455 3723 2572 3766 sum
2603 3711 2760 3782 panis
2790 3709 3087 3774 viviﬁcans,
3123 3711 3244 3782 igne
3271 3707 3508 3781 Spiritus

1923 3803 2094 3859 sancti
2131 3803 2184 3858 in
2226 3801 2442 3859 clibano
2481 3801 2619 3859 uteri
2654 3801 2934 3875 virginalis
2980 3810 3165 3858 coctus
3203 3810 3259 3859 et
3299 3801 3505 3858 forma-

1926 3904 2034 3962 tus,
2068 3907 2124 3950 et
2163 3894 2366 3951 mundo
2395 3895 2462 3950 ad
2495 3891 2802 3966 pellendum
2833 3893 3032 3950 famem
3069 3895 3388 3966 ignorantiae
3411 3895 3510 3952 Dei

1959 4002 2173 4040 OllalllS.

1959 4002 1992 4040 o
2159 4027 2173 4040 .

1923 3987 1956 4042 ὁ
2191 4075 2280 4132 56.
2304 4109 2376 4118 -
2400 4075 2504 4132 Sed
2523 4075 2634 4132 dixi
2663 4076 2822 4133 vobis.
2853 4077 3018 4145 Quasi
3041 4077 3223 4133 dicat:
3256 4077 3371 4133 Non
3393 4078 3509 4135 dixi

1823 4209 1831 4217 -
1923 4171 1990 4228 de
2024 4173 2127 4227 hoc
2157 4185 2313 4244 pane,
2345 4169 2434 4240 qui
2469 4170 2638 4225 sciam
2670 4184 2766 4225 vos
2805 4183 2925 4225 esse
2969 4170 3276 4234 satiandos,
3313 4169 3406 4224 sed
3435 4171 3504 4225 ad

1925 4263 2308 4336 impropcrium
2331 4270 2528 4317 vestrae
2557 4259 2912 4327 inﬁdelitatis,
2941 4261 3065 4332 quia
3097 4259 3292 4315 videtis
3311 4267 3368 4314 et
3396 4271 3500 4314 non

1923 4355 2161 4420 creditis.

1998 4447 2156 4504 Vens.
2189 4445 2277 4504 57.
2317 4478 2391 4490 —
2423 4445 2590 4503 Omne
2618 4446 2757 4520 quod
2783 4445 2872 4501 dat
2909 4445 3036 4501 mihi
3077 4441 3259 4511 Pater,
3297 4451 3402 4499 etc.
3449 4440 3512 4498 Id

1922 4551 2022 4608 cst,
2049 4552 2381 4612 quaecunque
2411 4539 2572 4596 Pater
2603 4539 2768 4594 trahit
2791 4535 2857 4592 ad
2887 4549 3006 4603 me,
3038 4533 3200 4591 Pater
3229 4535 3320 4591 dat
3345 4532 3506 4589 Filio.

1921 4633 2084 4690 Pater
2114 4633 2280 4688 trahit
2307 4633 2373 4688 ad
2403 4631 2599 4688 Filium
2629 4631 2749 4687 illos
2785 4631 2876 4702 qui
2909 4628 3034 4685 ideo
3067 4629 3296 4684 credunt
3327 4625 3382 4682 in
3411 4625 3508 4680 Fi-

1845 4689 1898 4753 Ῑ)
1923 4725 2078 4788 lium,
2109 4725 2236 4796 quia
2265 4723 2492 4779 credunt
2519 4737 2642 4778 eum
2666 4689 2883 4777 Patrem
2915 4721 3117 4776 habere
3133 4717 3322 4774 Deum.

2006 4815 2202 4872 Veniet.
2265 4815 2393 4870 Mihi
2459 4815 2644 4870 unitur
2693 4813 2914 4868 humilis
2967 4809 3188 4877 humili,
3259 4815 3315 4864 et
3382 4809 3504 4866 ideo

1896 4901 2030 4962 'nou
2077 4906 2222 4962 foras
2271 4907 2518 4977 ejicitur,
2551 4905 2695 4976 quod
2747 4911 2831 4960 est
2876 4912 3086 4958 tantum
3129 4901 3505 4973 superbi,qui

1925 5001 2056 5056 nihil
2099 5003 2260 5056 habet
2299 5001 2352 5056 in
2387 4999 2530 5056 bono
2580 4999 2846 5066 interiori,
2887 5008 3064 5070 neque
3103 4997 3192 5053 hic
3225 5011 3399 5068 neque
3441 4997 3499 5052 in

1927 5089 2123 5148 futuro.
2859 5111 2872 5119 ·
3267 5143 3274 5151 ,

1997 5185 2160 5238 Vnus.
2190 5183 2278 5241 59.
2307 5213 2380 5224 ——
2411 5181 2541 5238 Haec
2575 5191 2651 5236 est
2680 5182 2816 5236 enim
2839 5181 3079 5237 voluntas
3101 5181 3215 5252 ejus
3239 5181 3330 5253 qui
3361 5181 3506 5235 misit

1923 5293 2004 5330 me
2033 5271 2230 5340 Patris,
2257 5283 2362 5330 etc.
2392 5273 2509 5328 Non
2539 5280 2624 5328 est
2645 5272 2896 5328 voluntas
2924 5273 3018 5328 Dei
3057 5280 3116 5326 ut
3145 5281 3334 5343 pensat
3365 5287 3506 5328 unus

1923 5367 1989 5422 de
2023 5363 2251 5437 pusillis,
2281 5366 2346 5420 de
2369 5363 2704 5419 tumentibus
2732 5363 2894 5435 perit,
2923 5362 2989 5418 de
3015 5361 3227 5434 pusillis
3259 5361 3412 5420 nihil.

1996 5456 2118 5514 Non
2147 5457 2360 5528 perdam
2383 5497 2396 5524 ,
2424 5463 2531 5512 etc.
2559 5453 2616 5511 id
2640 5461 2754 5521 est,
2794 5455 2918 5526 quia
2952 5453 3099 5510 videt
3123 5469 3210 5510 me
3243 5462 3297 5509 et
3335 5453 3508 5508 credit

1921 5555 1975 5610 ἰι
2016 5567 2120 5618 me,
2147 5551 2238 5621 qui
2269 5564 2389 5605 sum
2429 5549 2538 5604 vita
2576 5547 2717 5604 sicut
2755 5556 2810 5602 et
2849 5546 3038 5610 Pater,
3076 5554 3134 5602 et
3184 5545 3306 5600 ideo
3347 5545 3506 5600 modo

1921 5645 2086 5700 habet
2109 5643 2274 5698 vitam
2302 5657 2422 5712 quae
2456 5655 2562 5696 non
2599 5649 2684 5696 est
2711 5638 2760 5696 ei
2782 5639 2924 5706 sola,
2962 5638 3060 5694 sed
3083 5646 3140 5692 et
3165 5637 3506 5693 resuscitabo

1923 5752 2156 5888 engines.
2195 5829 2284 5885 40.
2321 5860 2394 5870 -
2417 5827 2488 5886 Ut
2516 5828 2706 5894 omnis,
2741 5835 2846 5883 etc.
2887 5824 3063 5896 Supra
3101 5821 3355 5880 dicebat:
3395 5821 3500 5890 Qui

1921 5929 2074 5988 audit
2096 5929 2308 5986 verbum
2333 5943 2503 5985 meum
2528 5938 2576 5984 et
2597 5925 2762 5983 credit
2783 5925 2832 5980 ei
2854 5921 2945 6000 qui
2979 5935 3063 5979 me
3089 5921 3269 5990 misit;
3299 5921 3392 5980 hic
3417 5919 3471 5980 di
3490 5954 3504 5966 -
