3958 6314
479 366 588 423 583

974 362 1369 419 WALAFRIDI
1407 363 1653 420 STRABI
1692 364 1898 421 FULD.
1940 363 2106 420 MON.
2145 364 2296 422 OPP.
2336 365 2516 421 PARS
2551 365 2594 420 ι.
2637 397 2705 406 —
2739 364 3193 422 THEOLOGICA.

3638 368 3741 424 384

481 483 626 537 citur
655 500 667 533 ε
699 481 806 547 Qui
831 479 968 534 videt
999 475 1198 532 Filium
1229 488 1278 533 et
1302 479 1465 533 credit
1495 479 1551 533 in
1581 495 1720 533 eum.
1746 478 1862 534 Non
1892 479 2058 534 dicit:
2087 480 2141 542 Α
2164 479 2302 548 Quia
2343 487 2522 534 autem
2551 477 2719 534 Judaei
2754 494 2862 534 non
2898 486 3055 533 erant
3094 476 3255 546 hujus
3281 479 3523 542 unitatis,
3569 478 3746 551 litiga-

485 571 586 640 Qui
614 571 784 627 credit
806 571 860 625 in
885 569 1122 636 Patrem,
1150 569 1275 639 quia
1291 571 1402 624 hoc
1425 578 1508 626 est
1535 570 1759 624 credere
1791 570 1844 624 in
1866 568 2062 623 Filium

486 663 630 734 quod
658 670 714 717 et
744 662 798 716 in
829 660 1069 724 Patrem,
1095 660 1220 730 quia
1252 660 1391 714 sicut
1417 659 1580 714 Pater
1610 661 1773 715 habet
1807 659 1975 713 vitam
2007 659 2064 713 in

487 757 799 826 semetipso,
827 755 907 810 sic
933 762 988 809 et
1015 753 1183 809 Filius
1208 755 1369 810 habet
1393 755 1560 808 vitam
1595 754 1650 808 in
1679 753 1992 821 semetipso.

563 850 726 905 Vens.
769 849 858 902 4i.
889 879 958 887 —
988 845 1414 900 Murmuraba'nt.
1456 845 1769 901 Nescientes
1796 845 1939 898 hunc
1970 857 2068 914 pa-

487 957 635 1006 nem,
667 955 766 995 nec
787 938 1006 993 Patrem
1035 937 1151 1008 ejus
1180 937 1479 1003 caelestem,
1507 936 1634 1006 quia
1672 934 1840 989 inﬂati
1867 934 1934 989 de
1967 948 2069 989 sua

480 1033 691 1104 justitia
731 1034 786 1088 in
818 1047 925 1101 qua
951 1031 1019 1086 de
1050 1030 1259 1085 viribus
1285 1029 1396 1084 suis
1425 1036 1776 1099 prmsumunt,
1801 1025 2070 1097 justitiam

489 1125 585 1180 Dei
615 1139 735 1194 quae
762 1124 828 1179 de
865 1121 1007 1178 coelo
1032 1121 1200 1185 venit,
1239 1135 1346 1175 non
1378 1119 1644 1176 esuriant.

585 1215 750 1269 Vsus.
787 1214 878 1268 45.
911 1244 982 1254 —
1019 1211 1195 1266 Nolite
1223 1227 1576 1266 murmurare.
1614 1208 1780 1276 Quasi
1816 1222 1925 1263 non
1967 1207 2072 1264 sim

489 1310 648 1376 panis
695 1305 788 1375 qui
829 1305 895 1358 de
937 1302 1073 1358 ctelo
1119 1301 1391 1367 descendi,
1424 1301 1563 1370 -quia
1608 1293 1739 1353 Vere
1777 1313 1931 1362 sum,
1976 1297 2072 1354 sed

497 1412 657 1452 nemo
675 1404 855 1466 potest
875 1395 1061 1450 venire
1099 1395 1167 1448 ad
1212 1409 1299 1448 me
1340 1393 1445 1448 nisi
1482 1408 1512 1446 a
1556 1391 1717 1446 Patre
1752 1400 1978 1456 tractus,
2019 1397 2074 1446 et

495 1486 620 1542 ideo
643 1501 738 1540 vos
761 1501 866 1540 non
890 1484 1112 1540 creditis
1135 1498 1222 1538 me
1248 1499 1370 1539 esse
1393 1483 1632 1548 Patrem,
1661 1483 1787 1553 quia
1814 1497 1921 1536 non
1941 1481 2073 1537 estis

497 1577 653 1632 tracti
673 1591 705 1630 a
741 1575 920 1632 Patre.

569 1667 736 1722 Vsus.
763 1667 995 1722 44.—N
998 1667 1061 1721 isi
1077 1665 1257 1722 Pater.
1284 1665 1464 1740 (Auc.)
1479 1666 1631 1721 lllum
1651 1666 1814 1721 Pater
1830 1665 2075 1721 trahitad

495 1762 714 1828 Filium,
747 1762 839 1832 qui
865 1761 985 1817 ideo
1013 1762 1184 1816 credit
1211 1761 1266 1814 in
1295 1759 1490 1815 Filium
1510 1801 1525 1825 ,
1547 1760 1671 1830 quia
1693 1760 1912 1831 cogitat,
1943 1767 2070 1824 etc.,

494 1873 657 1928 usque
682 1855 752 1909 ad
782 1856 836 1910 in
871 1870 978 1924 quo
1017 1853 1430 1910 commendatur
1461 1867 1655 1924 magna
1677 1852 1873 1923 gratia.

565 1948 635 2002 Et
661 1967 753 2020 ego
783 1949 1127 2016 resuscitabo,
1151 1957 1258 2004 etc.
1288 1949 1401 2020 Ego
1428 1947 1650 2018 mqualis
1686 1946 1834 2000 Patri
1877 1945 2073 2001 faciam

495 2056 619 2098 eum
642 2043 828 2098 videre
843 2044 988 2114 quod
1019 2043 1213 2108 credit,
1231 2043 1559 2096 manducare
1585 2039 1727 2110 quod
1756 2038 1945 2104 esurit,
1973 2038 2072 2092 ha-

496 2133 626 2188 bere
642 2135 785 2203 quod
809 2135 1010 2189 amavit
1030 2143 1085 2190 et
1105 2133 1450 2199 desideravit,
1467 2132 1608 2202 quod
1631 2147 1736 2186 non
1759 2139 1938 2200 potest
1953 2143 2075 2186 esse

496 2223 551 2278 in
581 2227 856 2294 praesenti,
893 2226 982 2282 ubi
1013 2234 1221 2280 tantum
1250 2225 1500 2280 trahitur.
1561 2226 1569 2234 '

567 2315 733 2372 Vens.
767 2318 858 2372 45.
887 2349 956 2358 —
990 2317 1089 2372 Est
1129 2318 1397 2389 scriptum.
1447 2316 1584 2372 Vere
1627 2329 1784 2371 nemo
1816 2315 1966 2372 venit
2006 2315 2075 2369 ad

496 2423 584 2463 me
612 2409 716 2464 nisi
745 2409 906 2464 Pater
921 2409 1185 2474 docuerit,
1211 2411 1338 2478 quia
1367 2410 1442 2464 ita
1467 2417 1733 2464 testantur
1753 2407 2069 2479 prophetiae.

496 2498 697 2582 Omnes
735 2501 978 2557 homines
1002 2501 1157 2572 regni
1177 2501 1322 2557 illius
1340 2543 1354 2566 ,
1383 2501 1434 2556 id
1459 2511 1542 2556 est
1563 2500 1886 2555 Christianae
1909 2498 2069 2564 ﬁdei,

494 2605 645 2649 erunt
679 2596 923 2651 docibiles
956 2596 1070 2662 Dei,
1099 2597 1225 2666 quia
1251 2596 1353 2652 etsi
1381 2597 1626 2651 homines
1669 2594 1800 2650 foris
1842 2595 2073 2664 loquun-

495 2699 606 2756 tur,
637 2701 815 2746 tamen
843 2691 984 2746 Deus
1009 2692 1156 2747 solus
1178 2692 1323 2747 intus
1355 2706 1571 2747 sensum
1594 2692 1789 2760 aperit,
1829 2689 1974 2744 intus
1996 2689 2074 2743 in-

495 2781 659 2835 struit
702 2781 946 2835 veritatis
987 2782 1292 2853 cognitione
1323 2790 1378 2836 et
1405 2795 1621 2846 amore,
1653 2781 1728 2835 ita
1765 2780 2072 2850 quicunque

497 2872 648 2928 audit
679 2881 734 2929 et
769 2875 930 2930 discit
968 2891 998 2930 a
1041 2875 1220 2939 Patre,
1255 2874 1403 2928 venit
1443 2874 1510 2928 ad
1547 2888 1654 2927 me.
1690 2872 1757 2927 In
1783 2872 2065 2943 prophetis.

495 2963 801 3036 Prophetis,
833 2969 963 3022 dicit
984 2967 1284 3038 pluraliter,
1309 2967 1432 3036 quia
1462 2981 1650 3021 omnes
1666 2967 1940 3036 pr0phetae
1960 2980 2069 3021 uno

495 3063 552 3110 et
579 3057 767 3111 eodem
803 3057 995 3126 spiritu
1025 3058 1235 3128 repleti,
1269 3057 1393 3112 licet
1415 3056 1626 3112 diversa
1649 3057 2064 3127 prophetarant,

496 3157 674 3223 tamen
702 3151 770 3205 ad
800 3150 943 3205 idem
969 3150 1280 3207 tendebant.

2161 571 2310 637 bant,
2325 585 2426 626 nec
2448 570 2646 626 talibus
2664 570 2950 640 exponitur
2969 570 3237 639 quomodo
3249 569 3510 627 Dominus
3521 585 3747 627 carnem

2162 675 2315 715 suam
2339 660 2428 714 det
2452 659 2518 714 ad
2545 660 3004 725 manducandum,
3033 660 3129 716 sed
3150 660 3377 727 audivit,
3403 661 3550 717 unde
3577 661 3749 732 magis

2163 759 2500 807 moveantur.

2234 844 2398 900 Vens.
2443 844 2532 899 54.
2563 877 2632 886 —
2664 845 2787 899 Nisi
2837 846 3277 901 manducaveritis
3325 863 3538 902 carnem
3571 888 3586 913 ,
3639 856 3747 902 etc.

2165 935 2349 1008 (Auc.)
2384 935 2538 992 Hunc
2581 937 2758 994 cibum
2785 945 2839 992 et
2866 945 3053 1006 potum
3093 938 3410 993 societatem
3435 938 3551 993 vult
3585 938 3750 992 intel-

2167 1027 2351 1099 ligere,
2382 1036 2510 1093 etc.,
2542 1045 2702 1099 usque
2735 1029 2803 1082 ad
2829 1025 2894 1107 ut.
2910 1044 2977 1083 ex
3009 1029 3192 1084 multis
3215 1029 3400 1100 granis
3419 1046 3562 1086 unus
3586 1031 3752 1101 panis

2167 1123 2260 1188 sit,
2291 1131 2348 1177 et
2372 1137 2440 1176 ex
2467 1123 2652 1178 multis
2677 1123 2848 1178 acinis
2877 1123 3063 1178 vinum
3091 1123 3333 1179 confluit.

2238 1211 2401 1269 Vens.
2430 1212 2722 1279 55.—Qui
2741 1215 3043 1269 manducat.
3070 1215 3361 1286 Exponunt
3383 1216 3604 1286 quidam
3635 1232 3758 1272 san-

2171 1305 2244 1361 cti
2275 1305 2339 1360 de
2377 1304 2707 1360 comestione
2744 1303 2952 1371 altaris,
2980 1312 3035 1360 et
3069 1306 3208 1363 bene
3239 1307 3447 1373 dicunt,
3483 1309 3580 1364 sed
3611 1326 3757 1380 quae-

2171 1404 2299 1452 runt
2329 1396 2600 1467 quomodo
2629 1395 2724 1451 ﬁat
2752 1396 2806 1451 in
2840 1397 3006 1450 vitam
3048 1405 3328 1462 aeternam,
3365 1413 3489 1453 cum
3531 1400 3756 1468 quidam

2174 1489 2243 1542 ad
2280 1495 2529 1552 mortem,
2561 1494 2622 1541 ut
2662 1486 2796 1541 dicit
2837 1486 3141 1555 Apostolus.
3176 1486 3233 1542 Si
3275 1489 3396 1558 quis
3433 1491 3673 1544 comedit
3705 1492 3758 1546 in

2176 1577 2335 1631 altari
2373 1591 2495 1632 cum
2527 1578 2627 1632 hac
2654 1578 2984 1632 comestione
3008 1579 3074 1633 de
3099 1593 3205 1648 qua
3237 1580 3348 1651 agit
3389 1581 3479 1636 hic
3501 1622 3517 1646 ,
3546 1583 3757 1638 scilicet

2177 1685 2299 1724 cum
2334 1668 2437 1724 fide
2475 1677 2731 1739 operante
2760 1678 2815 1724 et
2844 1669 3150 1736 dilectione,
3179 1670 3270 1726 hic
3303 1673 3539 1728 comedit
3568 1673 3623 1727 in
3669 1673 3758 1727 vi-

2179 1767 2286 1814 tam
2315 1767 2590 1814 aeternam.
2621 1757 2680 1813 Si
2708 1759 2830 1829 quis
2859 1773 2990 1816 vero
3013 1758 3193 1826 aliter,
3225 1759 3282 1815 in
3305 1770 3558 1817 mortem.

2095 1836 2145 1897 Β
2244 1852 2404 1907 Vens.
2430 1850 2520 1906 56.
2545 1849 2766 1906 —Caro
2785 1852 2944 1905 enim.
2978 1849 3119 1906 Vere
3151 1851 3297 1907 vivet
3327 1853 3508 1908 anima
3537 1861 3597 1908 et
3631 1870 3760 1909 cor-

2171 1959 2274 2016 pus
2303 1958 2369 1998 ex
2399 1943 2502 2000 hoc
2527 1943 2667 2007 cibo,
2701 1943 2826 2013 quia
2862 1960 2986 1998 caro
3021 1960 3137 1998 mea
3167 1960 3282 1998 vere
3317 1954 3394 1998 est
3431 1944 3600 1999 cibus.
3651 1945 3762 2012 Qui

2173 2035 2320 2093 solus
2356 2035 2485 2091 facit
2511 2036 2864 2102 immortales,
2893 2045 2953 2091 ut
2981 2051 3157 2108 neque
3189 2038 3430 2094 esurient
3457 2053 3637 2110 neque
3677 2041 3758 2095 si-

2173 2128 2327 2192 tient,
2377 2127 2512 2183 alius
2541 2127 2695 2184 cibus
2737 2129 2841 2184 hoc
2883 2141 2992 2183 non
3042 2137 3281 2198 prastat,
3321 2129 3489 2185 etiam
3531 2131 3578 2185 si
3605 2131 3658 2184 in
3693 2145 3762 2186 eo

2171 2218 2276 2274 hoc
2307 2225 2610 2289 appetatur.

2244 2308 2404 2364 Vens.
2437 2307 2525 2363 57.
2546 2309 2735 2376 -—Qui
2761 2310 3066 2364 manducat.
3096 2307 3216 2365 Jam
3239 2310 3461 2381 exponit
3485 2312 3762 2382 quomodo

2175 2400 2271 2454 fiat
2301 2400 2443 2470 quod
2471 2399 2628 2465 dixit,
2656 2407 2711 2455 et
2757 2399 2884 2470 quid
2928 2401 3000 2455 sit
3043 2401 3368 2456 manducare
3409 2416 3650 2467 carnem,
3705 2412 3761 2456 et

2172 2493 2358 2549 bibere
2411 2494 2746 2565 sanguinem,
2797 2495 2902 2550 hoc
2946 2502 3032 2550 est
3074 2509 3296 2550 manere
3329 2496 3385 2550 in
3420 2495 3660 2563 Christo,
3706 2505 3763 2552 et

2173 2584 2448 2640 Christum
2493 2585 2693 2641 habere
2736 2586 2790 2640 in
2839 2601 2897 2642 se
2946 2596 3272 2642 manentem.
3317 2585 3418 2654 Qui
3468 2601 3598 2642 vero
3647 2601 3760 2642 non

2173 2686 2357 2734 manet
2398 2679 2453 2733 in
2499 2678 2734 2745 Christo,
2777 2679 2914 2734 etin
2956 2695 3064 2750 quo
3102 2695 3210 2736 non
3259 2688 3440 2736 manet
3484 2679 3756 2742 Christus.

2173 2787 2281 2826 non
2307 2772 2597 2826 manducat
2629 2765 3082 2842 spiritualiter,-ét
3105 2773 3185 2832 sic
3221 2781 3623 2829 sacramentum
3648 2775 3756 2830 sibi

2174 2865 2338 2920 sumit
2373 2865 2425 2919 in
2457 2863 2719 2933 judicium
2759 2847 3129 2936 corporaliter.

2243 2957 2404 3012 Vens.
2433 2956 2521 3012 58.
2537 2955 2769 3012 —Sicut
2783 2958 2922 3012 misit
2943 2975 3044 3013 me.
3064 2957 3150 3014 Me
3171 2958 3431 3028 aequalem
3452 2958 3551 3015 sibi
3579 2959 3758 3028 misit,

2171 3047 2222 3104 id
2257 3057 2362 3114 est,
2398 3048 2668 3104 hominem
2709 3049 2867 3114 fecit,
2902 3059 2956 3105 et
2993 3049 3119 3105 inde
3141 3058 3224 3105 est
3249 3059 3309 3105 ut
3351 3051 3420 3106 ad
3449 3066 3570 3106 eum
3618 3051 3761 3108 refe-

2172 3157 2286 3196 ram
2325 3142 2490 3196 vitam
2520 3157 2696 3198 meam
2735 3143 2890 3213 quasi
2927 3144 2991 3197 ad
3036 3144 3317 3214 majorem.
3367 3143 3436 3198 Et
3461 3146 3567 3216 ipse
3599 3148 3757 3200 viret.

569 3217 729 3297 Vens.
759 3241 846 3296 46.
878 3273 951 3282 —
990 3241 1116 3296 Non
1147 3243 1270 3312 quia
1311 3240 1556 3305 Patrem,
1591 3248 1696 3295 etc.
1742 3238 1800 3294 Id
1834 3247 1918 3294 est
1967 3253 2068 3310 ego
2097 3213 2140 3276 C
2176 3234 2246 3290 Ut
2275 3234 2452 3288 vivam
2477 3250 2544 3289 ex
2580 3234 2760 3300 Patre,
2790 3250 2907 3289 mea
2953 3213 3250 3291 exinanitio
3287 3236 3416 3292 facit
3443 3256 3456 3292 :
3480 3213 3545 3292 ut
3586 3238 3761 3293 homo

493 3334 614 3390 novi
639 3334 874 3400 Patrem,
906 3337 1030 3407 quia
1055 3338 1123 3391 ab
1149 3335 1240 3391 illo
1263 3351 1380 3391 sum
1397 3377 1412 3401 ,
1439 3343 1495 3391 et
1523 3335 1644 3390 ideo
1669 3334 1874 3390 credite
1898 3374 1913 3398 ,
1941 3334 2069 3404 quia

492 3427 583 3496 qui
613 3427 786 3482 credit
808 3429 862 3482 in
881 3444 967 3483 me
990 3429 1154 3483 habet
1172 3429 1337 3483 vitam
1357 3437 1638 3483 aeternam.
1661 3427 1845 3481 Potuit
1863 3427 2068 3492 dicere,

493 3519 657 3574 habet
685 3534 795 3585 me,
813 3521 906 3576 sed
935 3518 1140 3574 revelat
1169 3520 1312 3589 quod
1335 3519 1449 3588 ipse
1476 3519 1548 3572 sit
1568 3517 1679 3572 vita
1702 3526 1925 3583 teterna,
1944 3518 2072 3587 quia

492 3611 718 3664 verbum
756 3619 840 3664 est
869 3609 981 3663 vita
1021 3608 1300 3663 hominum
1329 3609 1474 3679 quod
1513 3616 1568 3664 et
1597 3607 1749 3663 carni
1777 3623 1888 3662 sua:
1907 3622 2070 3677 quam

494 3711 832 3772 susceperat,
861 3703 948 3757 cui
973 3702 1266 3756 intervenit
1302 3715 1451 3757 mors
1486 3709 1546 3755 ut
1581 3688 1810 3756 nhrtem
1835 3699 2065 3762 tolleret,

493 3797 586 3852 dat
629 3796 792 3851 vitam
847 3797 904 3851 in
951 3797 1384 3863 resurrectione,
1448 3804 1505 3852 et
1553 3795 1673 3851 aliis
1725 3795 2070 3851 credentibus

490 3887 546 3941 in
586 3902 664 3942 se.

563 3980 718 4037 Vens.
757 3983 848 4044 48,
891 3982 982 4038 49.
1020 4014 1091 4026 —
1141 3982 1254 4054 Ego
1279 3998 1395 4037 sum
1416 3983 1568 4054 panis
1591 3983 1728 4037 vitm.
1761 3979 1949 4035 Patres
1982 3997 2068 4036 ve-

490 4076 606 4140 stri,
629 4084 733 4131 etc.
751 4075 943 4131 Manna
966 4077 1031 4130 de
1056 4089 1163 4146 quo
1179 4075 1748 4145 superhitis,patribus
1763 4087 2069 4128 murmura-

493 4166 698 4222 toribus
724 4182 952 4236 quorum
974 4167 1105 4222 estis
1131 4165 1646 4232 filii,murmurando
1668 4180 1774 4220 non
1795 4163 1896 4218 fuit
1916 4163 2069 4234 panis

489 4257 632 4321 vitae,
653 4259 779 4328 quia
801 4275 909 4313 non
936 4259 1311 4313 intellexerunt
1334 4244 1391 4313 in
1417 4273 1482 4313 eo
1503 4257 1839 4328 spiritualem
1862 4257 2066 4322 cibum,

491 4349 570 4403 sic
598 4358 652 4403 et
689 4365 786 4405 vos
811 4349 906 4420 qui
926 4365 1013 4405 me
1042 4350 1260 4415 auditis,
1294 4365 1403 4406 non
1429 4349 1784 4420 spiritualiter
1813 4348 2068 4419 intelligi-

491 4437 580 4492 tis.
615 4437 756 4492 Vixit
777 4447 958 4493 autem
987 4438 1194 4511 Moyses
1221 4448 1276 4495 et
1302 4439 1391 4494 alii
1419 4440 1578 4495 electi
1607 4440 1674 4494 de
1695 4455 1912 4505 manna,
1939 4439 2066 4509 quia

490 4529 842 4600 spiritualiter
860 4533 1342 4589 manducaverunt.
1374 4531 1464 4588 Sic
1489 4542 1543 4586 et
1565 4533 1657 4602 qui
1697 4535 1856 4588 modo
1898 4533 2063 4588 verba

490 4635 610 4674 mea
667 4622 1020 4691 spiritualiter
1065 4623 1356 4694 accipiunt.
1411 4622 1524 4692 Ego
1571 4639 1685 4675 sum
1725 4625 1875 4692 panis
1923 4625 2060 4678 vitae.

490 4711 628 4766 Ecce
665 4723 1063 4770 sacramentum
1092 4716 1272 4770 verbis
1309 4715 1460 4784 tegit,
1501 4723 1560 4768 ut
1599 4713 1767 4770 Judaei
1811 4726 1864 4769 et
1902 4715 2064 4769 etiam

489 4804 653 4874 aliqui
697 4806 943 4876 discipuli
992 4822 1099 4862 non
1143 4807 1424 4861 credentes
1466 4806 1647 4861 verbis
1697 4805 1840 4861 illius
1892 4807 2068 4876 magis

489 4897 938 4965 scandalizentur,
964 4908 1020 4953 et
1041 4899 1275 4953 humiles
1295 4897 1520 4967 apostoli
1546 4898 1821 4953 humiliter
1840 4898 2066 4952 creden-

491 4997 572 5044 tes
614 4991 952 5059 probentur;
1000 4991 1144 5048 unde
1175 4989 1369 5045 Petrus
1416 5004 1431 5043 :
1483 4987 1651 5044 Verba
1685 4990 1802 5044 vitro
1855 4999 2064 5044 (eterna:

487 5082 662 5137 habes.

560 5175 724 5230 Vens.
758 5175 847 5231 52.
871 5175 1024 5230 ——Et
1047 5176 1219 5246 panis,
1247 5185 1353 5233 etc.
1380 5175 1660 5245 Quomodo
1690 5175 1762 5231 sit
1787 5175 1946 5246 panis
1973 5175 2065 5229 de-

489 5269 744 5322 terminat
784 5284 888 5323 non
933 5267 1104 5323 solum
1146 5269 1439 5326 secundum
1473 5271 1697 5325 verbum
1735 5284 1842 5339 quo
1880 5269 2068 5324 vivunt

488 5359 693 5423 omnia,
728 5360 820 5414 sed
843 5361 1004 5414 etiam
1029 5363 1321 5417 secundum
1355 5377 1573 5418 carnem
1600 5371 1933 5434 assumptam
1967 5378 2065 5432 pro

489 5450 671 5504 mundi
707 5451 837 5506 vita.
883 5451 1126 5508 Humana
1169 5456 1311 5509 enim
1351 5469 1480 5511 caro
1523 5472 1644 5526 quae
1683 5462 1802 5511 erat
1837 5462 2063 5525 peccato

489 5541 750 5610 obnoxia,
799 5553 854 5599 et
885 5546 1006 5601 ideo
1044 5558 1277 5612 mortua,
1303 5549 1455 5604 carni
1484 5547 1599 5618 ejus
1639 5551 1852 5605 mundae
1879 5551 2064 5615 unita,

491 5632 854 5706 incorporata,
886 5654 1053 5694 unum
1093 5655 1215 5695 cum
1251 5639 1344 5695 illo
1377 5639 1590 5708 effecta,
1622 5642 1755 5696 vivit
1783 5642 1850 5697 de
1872 5643 2063 5712 spiritu

490 5724 627 5795 ejus,
661 5728 798 5785 sicut
821 5730 954 5786 vivit
982 5747 1177 5804 corpus
1204 5733 1271 5789 de
1295 5748 1393 5788 suo
1420 5734 1609 5804 spiritu
1635 5749 1649 5788 :
1681 5734 1928 5804 qui'vero
1955 5751 2062 5790 non

491 5829 576 5876 est
600 5821 665 5879 de
686 5839 911 5897 corpore
935 5824 1154 5890 Christi,
1190 5842 1297 5882 non
1331 5826 1463 5881 vivit
1503 5827 1569 5881 de
1606 5827 1796 5896 spiritu
1837 5825 2059 5882 Christi.

2092 4583 2143 4644 D

2173 3326 2320 3381 vivat
2342 3341 2406 3382 ex
2435 3341 2542 3391 me,
2573 3327 2918 3396 participatio
2943 3325 3075 3382 facit
3102 3344 3221 3399 quae
3246 3344 3332 3384 me
3361 3329 3685 3384 manducat.

2245 3418 2409 3474 Vens.
2430 3418 2520 3476 59.
2550 3450 2620 3461 —
2645 3419 2750 3474 Hic
2766 3429 2840 3476 est
2863 3421 3034 3491 panis.
3073 3420 3141 3475 Et
3160 3421 3234 3477 ita
3254 3431 3465 3479 constat
3494 3424 3644 3494 quod
3670 3424 3762 3480 hic

2173 3519 2257 3566 est
2291 3525 2419 3567 vere
2445 3511 2602 3583 panis
2629 3511 2696 3568 de
2724 3512 2881 3577 coelo,
2913 3527 3020 3568 non
3051 3529 3272 3581 manna,
3297 3517 3424 3586 quia
3447 3515 3572 3571 illud
3603 3532 3764 3571 man-

2174 3602 2433 3660 ducantes
2465 3611 2648 3675 patres
2676 3605 2829 3660 vobis
2864 3605 3070 3661 similes
3107 3607 3307 3662 mortui
3335 3616 3460 3662 sunt
3483 3608 3536 3662 in
3587 3618 3762 3668 aeter-

2174 3711 2342 3750 num:
2373 3695 2518 3752 hunc
2559 3711 2756 3766 panem
2800 3697 2960 3752 homo
3004 3700 3094 3768 qui
3142 3700 3308 3755 vitam
3358 3716 3463 3756 non
3509 3701 3766 3757 habebat

2173 3790 2522 3854 manducans,
2557 3790 2702 3846 vivet
2739 3790 2792 3846 in
2831 3799 3113 3846 :eternum.
3165 3792 3338 3862 Supra
3365 3793 3596 3858 dixerat,
3637 3791 3762 3865 Ego

2139 3897 2287 3940 ,sum
2335 3882 2487 3952 panis
2519 3883 2608 3951 qui
2644 3884 2708 3938 de
2736 3882 2862 3937 caelo
2902 3884 3162 3940 descendi.
3197 3885 3294 3941 Hic
3327 3887 3488 3942 dicit:
3526 3885 3659 3954 Hic,
3711 3889 3765 3944 id

2172 3983 2253 4029 est
2284 3973 2452 4031 Filius
2488 3975 2742 4042 hominis,
2785 3977 2850 4030 ad
2878 3991 3030 4032 esum
3059 3977 3210 4046 cujus
3238 3980 3418 4035 carnis
3439 3980 3634 4046 invito,
3678 3991 3768 4037 est

2171 4066 2262 4121 ille
2283 4067 2432 4137 panis
2460 4068 2550 4138 qui
2573 4068 2636 4122 de
2661 4069 2787 4123 caelo
2813 4069 3076 4123 descendit
3103 4087 3121 4125 :
3152 4086 3281 4142 ergo
3309 4072 3450 4128 idem
3472 4080 3556 4127 est
3575 4071 3768 4129 Filius

2170 4159 2406 4214 hominis
2433 4169 2487 4215 et
2515 4159 2682 4216 Filius
2723 4161 2840 4214 Dei.

2245 4252 2412 4306 Vens.
2443 4252 2792 4307 6l.—Multi
2832 4271 2973 4325 ergo.
3022 4256 3172 4312 Multi
3210 4259 3498 4314 carnaliter
3531 4262 3766 4330 sapienv

2171 4350 2272 4408 tes,
2331 4343 2488 4412 quasi
2532 4345 2897 4414 particulatim
2943 4362 3159 4404 carnem
3205 4365 3311 4420 qua
3355 4351 3570 4406 indutus
3621 4362 3758 4408 erat

2171 4448 2228 4488 se
2245 4434 2324 4488 eis
2340 4434 2751 4490 distributurum
2777 4438 3135 4506 promitteret,
3160 4448 3344 4496 contra
3360 4451 3613 4496 naturam
3634 4460 3771 4501 esse

2169 4535 2359 4598 putant
2378 4567 2393 4592 ,
2424 4536 2484 4582 ut
2511 4528 2689 4583 cibum
2709 4529 2986 4585 hominum
3011 4531 3302 4587 humanam
3329 4548 3546 4588 carnem
3568 4534 3762 4591 daret.

2241 4619 2421 4675 Durus
2461 4631 2560 4688 est,
2605 4630 2710 4676 etc.
2738 4622 2917 4694 (Auc.)
2964 4624 3055 4680 Sic
3090 4627 3375 4694 oportebat
3427 4627 3533 4682 dici
3580 4639 3650 4683 ut
3695 4632 3767 4686 ab

2171 4714 2478 4769 hominibus
2506 4730 2613 4770 non
2647 4715 3054 4787 intelligeretur,
3087 4719 3180 4772 sed
3218 4728 3483 4773 secretum
3514 4718 3610 4774 Dei
3641 4737 3771 4776 ver-

2171 4807 2256 4862 bis
2298 4817 2567 4879 tegeretur
2595 4827 2608 4862 :
2642 4818 2910 4864 secretum
2945 4811 3040 4867 Dei
3082 4811 3321 4868 intentos
3350 4813 3508 4869 debet
3545 4813 3764 4881 facere,

2171 4914 2280 4954 non
2318 4900 2592 4954 adversos.

2265 4989 2430 5043 Vens.
2483 4988 2570 5044 65.
2603 4987 2760 5045 —Si
2788 5007 2930 5061 ergo,
2981 4999 3086 5048 etc.
3142 4991 3502 5064 Suspenditur
3552 4998 3763 5062 oratio,

2169 5080 2335 5148 Quasi
2361 5081 2503 5135 dicat
2529 5095 2544 5134 :
2573 5081 2725 5136 Tunc
2749 5082 3215 5155 intelligetis'quod
3243 5101 3349 5140 non
3371 5087 3561 5142 eodem
3593 5084 3768 5144 modo

2169 5194 2278 5249 quo
2298 5178 2500 5249 putatis
2525 5194 2688 5249 erogo
2719 5194 2936 5250 corpus,
2960 5188 3016 5236 et
3047 5182 3187 5250 quod
3211 5181 3328 5238 hzec
3353 5184 3527 5253 gratia
3553 5186 3762 5238 morsi-

2168 5269 2269 5324 bus
2294 5285 2399 5324 non
2441 5271 2799 5334 consumitur,
2848 5272 2943 5327 sed
2989 5273 3253 5341 spirituali
3298 5275 3472 5344 gratia
3521 5290 3608 5330 me
3647 5276 3768 5331 illis

2169 5363 2363 5424 dando,
2400 5363 2545 5432 ipsos
2571 5363 2622 5417 in
2663 5378 2860 5433 corpus
2897 5378 3074 5419 meum
3105 5375 3396 5432 converto;
3423 5367 3551 5422 hinc
3595 5368 3768 5438 plane

2169 5454 2330 5509 solvit
2358 5455 2498 5525 quod
2524 5455 2667 5525 ipsos
2693 5465 2971 5520 moverat;
3007 5459 3268 5526 putabant
3294 5459 3439 5512 enim
3465 5461 3614 5528 quod
3637 5475 3770 5515 cor-

2167 5562 2269 5618 pus
2307 5547 2674 5613 distribueret,
2706 5547 2795 5602 ille
2825 5549 2955 5602 dicit
2983 5549 3036 5602 in
3073 5550 3268 5605 cadum
3296 5564 3354 5604 se
3396 5565 3766 5606 ascensurum

2169 5639 2355 5709 utique
2403 5639 2690 5709 integrum.
2740 5638 2878 5706 Quid
2917 5654 3046 5711 ergo
3085 5641 3376 5696 tenendum
3421 5641 3514 5704 sit,
3563 5651 3769 5712 aperte

2168 5731 2350 5787 subdit
2376 5749 2391 5785 :

2239 5822 2406 5878 Vens.
2452 5822 2541 5878 64.
2562 5822 2878 5894 --Spiritus
2905 5832 2980 5879 est
3018 5825 3109 5895 qui
3147 5825 3388 5894 viuiﬁcat.
3423 5825 3585 5894 Caro,
3609 5827 3772 5884 sicut
