3958 6314
213 413 326 470 385

1212 410 1479 467 GLOSSA
1513 408 1909 467 ORDINAlll-A.
1948 438 2020 449 --
2056 407 2312 464 EVANG.
2351 408 2544 466 JOAN.

213 524 558 593 intelligitis;
592 524 732 580 sicut
764 539 884 595 qua:
913 524 970 580 in
999 523 1226 580 macello
1247 525 1464 590 emitur,
1497 524 1635 580 sicut
1662 523 1797 578 alius
1821 541 1875 598 Α
1982 522 2144 577 Vens.
2180 524 2233 577 8.
2263 552 2334 562 -—
2356 521 2468 592 Ego
2505 522 2644 576 enim
2678 536 2780 576 non
2821 520 3060 574 ascendo.
3101 519 3284 595 (Auc.)
3327 524 3460 592 Qui-

211 619 376 675 cibus
403 636 511 674 non
552 619 787 690 prodest,
821 620 936 688 ipsa
985 628 1166 676 tamen
1206 635 1303 676 vas
1347 621 1584 692 spiritus,
1616 621 1708 690 qui
1737 618 1794 674 in

211 726 285 767 ea
339 710 571 765 salutem
615 718 870 780 operatur
925 710 1152 766 multum
1198 711 1439 781 prodest,
1493 711 1634 766 sicut
1679 709 1790 764 sola

210 799 447 855 scientia
474 798 646 865 inﬂat,
690 799 807 869 ipsa
856 808 1035 856 tamen
1075 815 1182 856 non
1222 808 1308 857 est
1349 799 1513 868 mala,
1563 799 1657 856 sed
1696 814 1793 871 per

210 890 539 945 charitatem
575 890 831 957 aediﬁcat.

295 979 465 1035 Verba
511 997 627 1054 quae
667 999 780 1053 ego,
829 991 932 1038 etc.
981 981 1185 1050 Quibus
1222 981 1333 1037 dixi
1362 981 1794 1037 manducandum

210 1088 302 1128 me
327 1087 468 1138 esse,
497 1087 717 1128 manere
748 1073 803 1127 in
828 1089 914 1129 me
947 1081 1002 1129 et
1032 1089 1120 1130 me
1143 1075 1197 1129 in
1226 1075 1363 1145 ipso.
1397 1073 1469 1131 Ut
1493 1083 1674 1128 autem
1695 1073 1793 1128 ali-

208 1165 336 1234 quis
376 1174 592 1220 maneat
617 1165 672 1219 in
705 1164 923 1221 Christo
948 1174 1006 1220 ut
1029 1167 1349 1233 membrum,
1377 1176 1433 1222 et
1455 1165 1703 1222 Christus
1735 1167 1792 1222 in

207 1257 332 1328 ipso
361 1266 416 1312 ut
439 1259 492 1312 in
519 1258 738 1329 templo,
767 1259 946 1313 unitas
967 1257 1117 1314 facit.
1147 1257 1338 1314 Unitas
1358 1268 1537 1313 autem
1571 1272 1638 1312 ex
1666 1258 1793 1313 cha-

209 1350 380 1403 ritate
407 1359 510 1417 εει,
546 1349 785 1405 cbaritas
832 1357 1011 1405 autem
1050 1364 1116 1404 ex
1151 1350 1364 1422 spiritu,
1395 1366 1524 1420 ergo
1569 1350 1794 1421 spiritus

207 1442 304 1512 qui
338 1441 572 1496 viviﬁcat
597 1443 972 1513 compaginata
999 1443 1241 1498 membra
1280 1458 1386 1499 non
1416 1451 1652 1514 separat.

289 1533 450 1588 Vens.
481 1532 568 1588 65.
598 1533 790 1589 —Sed
825 1544 947 1588 sunt
972 1534 1213 1604 quidam,
1237 1542 1342 1588 etc.
1367 1533 1653 1604 Propheta.
1679 1532 1794 1590 Nisi

207 1626 575 1693 credideritis,
606 1642 716 1682 non
756 1627 1106 1698 intelligetis:
1133 1642 1232 1698 per
1263 1625 1427 1682 ﬁdem
1455 1626 1788 1697 copulamur,

206 1734 310 1788 per
345 1719 676 1775 intellectum
703 1719 1062 1776 viviﬁcamur.

282 1808 352 1862 Et
379 1809 494 1880 quis
525 1810 840 1864 traditurus.
873 1810 1010 1878 Quia
1038 1809 1204 1866 ludas
1230 1811 1372 1866 inter
1393 1811 1791 1866 scandalizatus

1899 613 2023 668 dam
2061 613 2245 669 dicunt
2281 614 2384 670 hoc
2426 613 2494 668 ad
2536 612 2842 684 passionem
2882 613 3174 682 pertinere,
3206 618 3332 687 quia
3359 635 3468 677 non

1894 704 1950 760 in
1969 704 2256 762 festivitate
2289 705 2649 776 scenopegiae,
2693 705 2786 760 sed
2817 705 2874 760 in
2904 708 3144 776 paschali
3167 726 3273 780 qua
3292 728 3463 784 agnus

1892 798 2065 853 occidi
2099 798 2256 865 solet,
2287 812 2502 854 crucem
2538 795 2797 852 ascendit.

1981 887 2142 944 Vens.
2175 890 2260 944 10.
2287 921 2358 930 -
2380 889 2505 946 Non
2547 896 2839 966 manifeste,
2887 905 2993 952 etc.
3025 892 3222 964 Typice
3257 907 3271 946 :
3311 893 3464 951 Chri-

1891 985 2008 1034 stus
2034 979 2275 1034 occultus
2309 982 2551 1037 ascendit
2573 983 2629 1037 in
2653 982 3027 1051 festivitatem,
3055 986 3183 1054 quia
3213 985 3267 1038 in
3289 986 3462 1040 omni-

1892 1069 1994 1126 bus
2033 1071 2141 1126 illis
2176 1070 2488 1142 ﬁguralibus
2520 1073 2678 1129 latuit
2709 1075 2800 1144 qui
2831 1077 2990 1131 modo
3015 1085 3099 1130 est
3142 1075 3461 1132 manifestus

1892 1163 2066 1218 nobis.
2110 1162 2179 1217 Et
2202 1163 2345 1233 quod
2371 1163 2543 1232 latuit,
2573 1166 2874 1236 exemplum
2909 1176 2992 1222 est
3012 1167 3215 1223 vitandi
3241 1168 3410 1222 malos
3447 1187 3459 1220 :

1893 1257 2035 1327 quod
2055 1256 2232 1328 palam
2254 1257 2490 1328 loquitur
2523 1268 2580 1316 et
2619 1275 2726 1316 non
2759 1269 2973 1316 tenetur
2997 1261 3064 1314 ab
3094 1259 3182 1316 his
3205 1262 3296 1331 qui
3321 1275 3465 1331 quae-

1893 1349 2108 1414 rebant,
2139 1350 2420 1419 potestatis
2447 1360 2549 1406 est.

1963 1439 2127 1496 Vens.
2147 1441 2231 1494 l6.
2251 1439 2612 1512 -Βεεροηάίε
2639 1444 2713 1497 eis
2734 1462 2754 1500 :
2779 1443 2901 1498 Hea
2925 1443 3185 1510 doctrina,
3208 1444 3461 1511 hominis,

1893 1547 1997 1586 non
2026 1541 2102 1586 est
2127 1549 2262 1598 mea,
2288 1533 2382 1588 sed
2421 1533 2535 1589 Dei.
2579 1535 2676 1590 Vel
2697 1536 2824 1606 quia
2851 1552 2957 1591 non
2987 1546 3073 1592 est
3098 1537 3319 1592 verbum
3348 1537 3463 1591 nul-

1892 1621 2018 1689 lius,
2049 1625 2142 1680 sed
2177 1624 2404 1695 alicujus
2431 1625 2673 1682 doctrina
2700 1625 2835 1695 ejus,
2870 1628 2925 1682 id
2953 1637 3037 1682 est
3065 1627 3180 1698 ipse
3219 1628 3460 1692 verbum,

1894 1714 2138 1770 doctrina
2164 1714 2281 1784 ejus
2314 1731 2423 1771 non
2465 1727 2551 1772 est
2572 1732 2692 1784 sua,
2728 1717 2824 1773 sed
2847 1715 2962 1786 ejus
2984 1733 3014 1772 a
3040 1733 3146 1788 quo
3177 1725 3260 1773 est
3284 1735 3297 1771 :
3322 1719 3464 1788 quod

1895 1817 2020 1864 εει·
2050 1808 2164 1880 Ego
2211 1825 2320 1866 non
2347 1826 2468 1866 sum
2502 1826 2535 1866 a
2560 1811 2787 1880 meipso.
2829 1811 2895 1868 Et
2937 1813 3064 1883 quia
3107 1813 3211 1868 hoc
3242 1813 3462 1884 profun-

207 1901 432 1968 recedit,
461 1902 554 1957 sed
584 1910 768 1957 manet
797 1903 865 1959 ad
902 1902 1287 1968 insidiandum,
1315 1917 1473 1973 quem
1512 1917 1614 1959 nec
1645 1904 1786 1971 silet,
1817 1901 1867 1964 B
1893 1902 2021 1957 dum
2050 1903 2184 1957 vidit
2202 1919 2311 1958 non
2333 1919 2523 1960 omnes
2549 1905 2934 1973 intellecturos,
2974 1906 3122 1961 dedit
3145 1906 3460 1962 consilium:

206 2012 312 2051 nec
353 2005 539 2068 aperte
578 1998 836 2066 ostendit,
871 2005 932 2053 ut
973 2013 1164 2054 omnes
1211 1997 1440 2052 timeant
1486 1998 1612 2052 dum
1652 2013 1792 2055 unus

205 2090 371 2159 perit.

281 2179 448 2235 Vens.
478 2180 566 2236 66.
589 2209 663 2220 —
681 2181 819 2248 Quia
847 2198 995 2236 nemo
1019 2190 1204 2252 potest,
1232 2189 1336 2235 etc.
1368 2180 1599 2235 Causam
1621 2196 1790 2253 quare

206 2269 431 2340 quidam
477 2286 586 2327 non
633 2273 853 2328 credant
899 2272 1120 2328 subdit:
1159 2271 1296 2339 Quia
1338 2287 1446 2326 non
1488 2281 1572 2326 est
1611 2288 1641 2326 a
1678 2273 1789 2328 Deo

212 2363 444 2430 datum;
476 2362 611 2421 ﬁdes
643 2365 790 2420 enim
835 2381 942 2420 non
989 2373 1073 2420 est
1125 2364 1431 2420 hominibus
1457 2380 1488 2419 a
1520 2380 1601 2432 se,
1632 2364 1788 2436 quasi

208 2455 452 2527 propria,
495 2458 590 2514 sed
617 2473 650 2512 a
684 2456 796 2512 Deo
825 2458 978 2528 quasi
1009 2459 1204 2528 gratia.

281 2545 450 2602 Vens.
483 2549 571 2603 67.
593 2577 658 2589 —-
677 2549 765 2602 Ex
790 2549 910 2616 hoc,
940 2558 1044 2604 etc.
1074 2548 1211 2605 Nota
1239 2563 1359 2604 esse
1386 2559 1542 2604 caute
1566 2549 1791 2620 loquen-

210 2637 359 2702 dum,
391 2639 486 2694 sed
514 2639 561 2694 si
587 2647 766 2695 tamen
792 2655 860 2694 ex
887 2639 1065 2695 verbis
1094 2640 1200 2695 tuis
1232 2639 1425 2708 aliquis
1453 2640 1787 2696 scandaliza-

208 2734 378 2799 bitur,
402 2734 999 2790 babetconsolationem
1027 2735 1184 2797 ineo,
1205 2749 1271 2788 ex
1293 2731 1446 2802 cujus
1475 2733 1616 2790 dicto
1631 2734 1788 2790 multi

209 2831 568 2887 seandalizati
596 2841 742 2899 sunt,
774 2832 867 2903 qui
909 2831 1012 2888 hoc
1039 2830 1169 2886 fecit
1203 2838 1263 2884 ut
1296 2827 1394 2883 tibi
1423 2834 1568 2883 esset
1605 2842 1788 2884 exem-

203 2923 376 2994 plum.

281 3015 445 3072 Vens.
493 3016 579 3072 71.
606 3045 677 3055 -
701 3014 890 3070 Nonne
918 3031 1010 3086 ego
1040 3031 1125 3069 vos
1152 3055 1167 3081 ,
1198 3021 1303 3069 etc.
1354 3010 1646 3067 Duodecim
1688 3023 1786 3062 nu-

203 3119 394 3161 merus
423 3113 671 3161 sacratus
708 3113 790 3160 est
825 3105 918 3175 qui
956 3112 1260 3176 permanet,
1306 3103 1408 3158 etsi
1454 3099 1620 3156 Judas
1665 3098 1787 3153 inde

198 3197 378 3268 perit.
416 3195 594 3267 Elegit
633 3196 879 3251 undecim
907 3195 975 3250 ad
1017 3194 1462 3266 permanendum,
1506 3192 1668 3263 elegit
1693 3188 1787 3244 Ju-

1889 1992 1948 2049 Si
1973 1994 2055 2049 vis
2079 1994 2400 2067 intelligere,
2435 1995 2614 2052 crede.
2650 1994 2765 2052 Hoc
2793 2005 2917 2052 est:
2942 1995 3002 2052 Si
3029 1996 3152 2067 quis
3174 1997 3345 2052 credit
3377 2013 3463 2052 me

1887 2085 2083 2142 Filium
2125 2087 2244 2154 Dei,
2273 2086 2560 2158 cognoscet
2585 2089 2651 2144 de
2679 2089 2944 2159 doctrina,
2969 2090 3026 2146 id
3065 2100 3168 2158 est,
3202 2091 3466 2162 intelliget

1887 2177 2030 2248 quod
2068 2177 2314 2232 doctrina
2346 2193 2467 2232 mea
2500 2193 2607 2233 non
2643 2186 2726 2234 est
2763 2193 2904 2234 mea.

1980 2270 2144 2326 Vens.
2191 2270 2277 2325 18.
2304 2270 2500 2338 —Qui
2540 2289 2574 2326 a
2607 2273 2900 2342 semetipso.
2946 2272 3313 2330 Antichristus
3356 2289 3464 2329 non

1886 2370 1972 2418 est
2006 2377 2194 2428 verax,
2225 2370 2280 2416 et
2314 2361 2574 2433 injustitia
2607 2364 2662 2418 in
2694 2363 2786 2419 illo
2813 2373 2916 2431 est,
2955 2364 3083 2435 quia
3117 2365 3311 2435 quaerit
3347 2366 3464 2437 glo-

1888 2455 2025 2510 riam
2063 2469 2240 2521 suam,
2287 2470 2394 2510 non
2432 2454 2550 2522 Dei,
2585 2471 2615 2509 a
2658 2471 2766 2527 quo
2809 2472 2918 2512 non
2968 2465 3053 2512 est
3098 2457 3314 2524 missus,
3368 2457 3464 2512 sed

1888 2545 2074 2600 venire
2102 2544 2417 2614 permissus.
2448 2543 2554 2612 Qui
2591 2554 2786 2612 autem,
2839 2553 2945 2601 etc.
2994 2545 3051 2601 Id
3087 2555 3189 2612 est,
3235 2561 3334 2618 ego
3373 2547 3465 2617 qui

1887 2637 2014 2693 licet
2060 2635 2283 2706 :equalis
2329 2635 2496 2704 Patri,
2539 2646 2718 2693 tamen
2767 2639 2822 2693 in
2873 2639 3014 2694 servi
3057 2639 3230 2694 forma
3281 2654 3465 2709 qua-ro

1887 2730 2113 2802 gloriam
2153 2729 2352 2797 Patris,
2388 2745 2496 2786 non
2538 2745 2735 2796 meam,
2768 2731 2823 2785 in
2865 2732 2970 2788 hoc
3018 2731 3324 2803 exemplum
3366 2732 3467 2788 bu-

1887 2820 2132 2878 militatis
2161 2820 2368 2886 tribuit,
2391 2827 2452 2874 ut
2475 2821 2657 2876 omnia
2683 2821 2824 2876 bona
2849 2820 2962 2877 Deo
2996 2821 3316 2877 tribuamus.

1958 2915 2126 2970 Vens.
2160 2914 2248 2970 19.
2269 2913 2544 2969 —Nonne
2583 2913 2814 2985 Moyses,
2850 2923 2956 2970 etc.
3002 2914 3114 2986 Ego
3139 2931 3208 2970 ex
3237 2915 3349 2971 Deo
3387 2914 3465 2968 lo-

1886 3025 2024 3082 quor
2062 3017 2116 3064 et
2151 3008 2377 3080 gloriam
2402 3007 2520 3078 ejus
2543 3023 2748 3078 quaero,
2773 3023 2963 3074 verax,
2986 3005 3165 3077 justus
3194 3025 3209 3062 :
3249 3009 3344 3065 sed
3367 3023 3464 3064 vos

1885 3102 1980 3173 qui
2022 3101 2324 3173 gloriamini
2347 3101 2402 3155 in
2434 3100 2570 3172 lege,
2600 3110 2790 3156 contra
2816 3100 2988 3173 legem
3013 3117 3132 3172 qua:
3153 3111 3301 3158 vetat
3321 3103 3464 3158 occi-

1891 3192 2041 3258 dere,
2081 3192 2323 3262 quzeritis
2345 3207 2433 3247 me
2461 3192 2789 3248 interﬁcere.

203 3262 339 3344 dam
389 3295 450 3341 ut
482 3262 583 3358 ρει·
611 3302 735 3342 eum
777 3287 972 3342 divina:
1017 3262 1356 3356 dispensatio
1405 3262 1790 3339 misericordiae
1817 3262 1862 3324 Ο
1981 3280 2144 3337 Vens.
2193 3281 2282 3336 20.
2313 3282 2759 3338 —Da:'monium.
2807 3282 3065 3350 Quaerunt
3101 3284 3458 3348 occidere'et,

201 3380 260 3434 in
287 3379 518 3434 salutem
546 3379 734 3434 mundi
759 3378 1092 3449 impleretur,
1122 3386 1282 3433 utens
1309 3375 1451 3432 malo
1480 3375 1546 3431 ad
1567 3374 1788 3440 bonum,

203 3481 268 3528 ut
301 3471 430 3533 mali
468 3480 694 3530 utuntur
720 3471 878 3528 bonis
903 3471 999 3528 Dei
1025 3471 1094 3527 ad
1121 3470 1341 3526 malum.

811 3613 1038 3672 CAPUT
1075 3614 1187 3671 Vll.
1224 3670 1230 3676 .

305 3757 466 3812 Vens.
504 3751 787 3809 1.--Ροει
831 3754 942 3810 hac
990 3762 1186 3808 autem.
1228 3752 1490 3809 Dominus
1525 3751 1582 3806 in
1623 3766 1790 3808 carne

208 3865 438 3908 manens
479 3849 788 3920 frequenter
814 3849 872 3904 in
903 3847 1176 3904 Galilaeam
1203 3845 1535 3913 ambulabat,
1567 3854 1626 3900 ut
1664 3860 1788 3900 eum

208 3940 417 3998 imitari
447 3940 704 4003 volentes,
745 3939 812 3994 de
842 3939 988 3996 vitiis
1027 3939 1094 3994 ad
1135 3937 1362 3993 virtutes
1402 3937 1790 4008 transmigrare

204 4034 470 4091 discant:
509 4034 652 4104 quod
680 4033 770 4089 illa
814 4033 1098 4106 ﬁgurabat.
1135 4029 1229 4088 Vel
1259 4039 1320 4086 ut
1346 4031 1488 4087 illius
1532 4032 1791 4103 temporis

207 4129 388 4186 sancti
443 4129 509 4184 de
562 4127 746 4185 Judaza
795 4128 864 4182 ad
911 4135 1100 4199 gentes
1136 4125 1290 4182 verbi
1349 4123 1448 4180 Dei
1498 4125 1787 4180 transitum

206 4231 608 4292 exspectarent.

336 4316 498 4374 Vens.
539 4317 593 4372 2.
619 4347 691 4358 -—-
717 4316 838 4373 Dies
885 4316 1068 4387 festus.
1107 4313 1227 4371 Non
1265 4313 1410 4385 quod
1452 4327 1612 4378 unus,
1662 4320 1790 4367 sunt

202 4412 355 4468 enim
378 4420 607 4482 septem,
631 4410 726 4466 sed
760 4423 913 4465 more
944 4423 1134 4465 eorum
1161 4412 1426 4478 quotquot
1457 4412 1604 4470 sunt,
1631 4403 1787 4475 quasi

203 4519 351 4560 unus
397 4503 648 4558 dicuntur
677 4509 896 4573 propter
935 4514 1100 4554 unam
1139 4496 1487 4552 festivitatem
1524 4508 1788 4565 scenope-

1891 3373 2036 3445 quod
2064 3371 2218 3444 pejus
2247 3381 2351 3440 est,
2391 3371 2577 3428 dicunt
2615 3387 2740 3428 eum
2775 3373 3096 3430 daemonium
3121 3375 3343 3444 habere,
3375 3377 3464 3447 qui

1892 3466 2156 3521 daemonia
2197 3465 2366 3538 pellit.

1975 3560 2137 3616 Vens.
2162 3559 2252 3614 21.
2274 3558 2535 3615 —Unum
2580 3578 2708 3634 Opus
2741 3561 2860 3633 feci.
2909 3563 2986 3618 De
3021 3579 3127 3619 uno
3170 3565 3462 3633 miramini,

1891 3651 2024 3723 quid
2057 3651 2103 3707 si
2129 3651 2310 3706 omnia
2336 3653 2594 3709 videretis
2623 3655 2645 3708 ?
2671 3654 2849 3710 Unum
2885 3670 3018 3726 opus
3048 3653 3169 3723 fuit,
3213 3658 3357 3728 quod
3390 3666 3468 3713 to-

1891 3755 2008 3801 tum
2047 3746 2560 3802 hominennsanavit
2587 3747 2643 3802 in
2676 3747 2922 3813 sabbato,
2949 3747 3091 3802 unde
3119 3748 3318 3803 turbati
3342 3758 3466 3805 sunt

1891 3839 2042 3896 stulti
2081 3840 2459 3896 observatores
2490 3840 2719 3906 sabbati,
2759 3841 2853 3896 sed
2889 3841 3158 3896 convincit
3184 3857 3278 3897 eos
3319 3842 3466 3913 Moy-

1892 3952 2002 4002 ses,
2032 3933 2228 4005 jubens
2247 3935 2634 3990 circumcidere
2657 3945 2848 3989 octava
2881 3934 2988 4001 die,
3012 3935 3155 4004 quod
3177 3935 3467 4005 aliquando

1891 4028 2129 4084 occurrit
2157 4027 2212 4082 in
2248 4026 2473 4082 sabbato
2507 4026 2643 4082 ﬁeri.
2682 4025 2750 4080 Et
2785 4027 2886 4082 hoc
2917 4034 3042 4080 est:
3084 4025 3374 4096 Propterea
3398 4043 3466 4083 ne

1891 4120 2014 4191 quis
2047 4119 2312 4184 turbetur,
2353 4119 2400 4174 si
2436 4117 2583 4174 salus
2611 4131 2824 4188 semper
2848 4116 2909 4171 ﬁt
2935 4116 3098 4172 etiam
3123 4117 3179 4170 in
3217 4117 3459 4172 sabbato.

1892 4213 1962 4268 Et
1997 4213 2172 4268 sciant
2207 4223 2394 4266 omnes
2438 4223 2653 4280 semper
2695 4207 2894 4262 debere
2945 4205 3064 4262 ﬁeri
3115 4221 3235 4277 quae
3281 4207 3468 4263 salutis

1891 4313 2036 4362 sunt.

1964 4397 2132 4454 Vens.
2192 4395 2283 4450 22.
2328 4424 2399 4435 -
2447 4392 2929 4449 Circumcisionem.
2979 4391 3192 4465 (Δια.)
3238 4391 3466 4463 PrOpter

1893 4501 2005 4548 tres
2035 4503 2227 4546 causas
2251 4487 2376 4543 data
2404 4484 2506 4540 fuit
2526 4484 2886 4540 circumcisio.
2916 4481 3119 4549 Primo,
3146 4492 3274 4550 etc.,
3304 4499 3466 4552 usque

204 4599 297 4669 gia
337 4596 600 4652 festivitas
636 4593 1130 4659 tabernaculorum,
1165 4591 1292 4660 quia
1330 4603 1517 4645 mense
1557 4589 1786 4660 septimo
1814 4626 1866 4685 Β
1895 4586 1964 4641 ad
1989 4592 2046 4639 et
2073 4597 2169 4638 cor
2193 4596 2223 4635 a
2252 4576 2642 4685 cupiditatibus
2661 4574 2943 4677 spoliatur.

202 4691 386 4747 Judaei
442 4690 764 4747 habitabant
813 4689 868 4743 in
941 4684 1341 4742 tabernaculis:
1370 4683 1426 4738 in
1471 4683 1786 4738 memoriam

203 4784 428 4839 illorum
481 4782 538 4838 in
594 4780 791 4852 quibus
833 4786 1018 4850 patres
1061 4790 1252 4832 eorum
1307 4773 1688 4830 habitaverunt
1736 4773 1790 4828 in

201 4880 448 4934 deserto.

303 4970 468 5024 Vens.
523 4969 660 5024 5.—
689 4963 757 5020 Ut
796 4975 843 5019 et
874 4961 1139 5035 discipuli.
1183 4958 1359 5032 Opera
1387 4974 1506 5030 qua:
1553 4959 1667 5016 veri
1704 4959 1787 5014 di-

204 5063 402 5134 scipuli
433 5062 696 5127 sciebant,
725 5059 972 5115 laudibus
1006 5054 1201 5112 divinis
1225 5062 1279 5111 et
1302 5069 1409 5110 non
1436 5052 1682 5125 populari
1707 5050 1790 5107 fa-

205 5171 340 5213 vore
379 5154 669 5210 efferenda.

302 5249 466 5304 Vens.
507 5249 561 5303 4.
588 5279 658 5288 —
675 5245 864 5302 Nemo.
895 5245 1090 5302 Gloria:
1111 5243 1228 5314 ejus
1254 5240 1559 5297 consulunt.
1589 5237 1788 5307 Quasi:

208 5341 346 5396 Mira
383 5338 540 5405 facis,
581 5339 788 5395 scilicet
834 5339 890 5392 in
923 5335 1259 5401 abscondito,
1302 5333 1398 5388 sed
1432 5332 1790 5398 innotescere,

207 5444 270 5490 ut
311 5434 378 5488 ab
409 5431 660 5488 omnibus
710 5429 962 5485 lauderis.

303 5523 469 5579 Vens.
516 5520 916 5591 6.—Tempus.
958 5519 1084 5575 Ideo
1120 5534 1227 5573 non
1271 5525 1371 5586 est.
1396 5531 1540 5571 nunc
1582 5523 1793 5586 tempus

209 5632 420 5682 meum,
461 5617 556 5670 sed
598 5623 861 5678 vestrum,
889 5612 1015 5683 quia
1059 5627 1164 5667 non
1197 5627 1316 5666 sum
1357 5618 1567 5664 amator
1595 5608 1793 5681 ,mundi

209 5716 274 5764 ut
312 5721 435 5771 vos,
464 5705 557 5761 sed
582 5713 864 5760 accusator
896 5745 910 5771 ,
938 5715 993 5758 et
1030 5704 1150 5758 ideo
1175 5719 1281 5757 non
1314 5701 1464 5756 audit
1502 5716 1598 5756 vos
1633 5716 1791 5755 mun-

209 5801 318 5856 dus
361 5813 490 5854 suos
543 5796 706 5854 falsos
757 5804 944 5862 testes,
1002 5795 1093 5866 qui
1140 5793 1320 5850 dicitis
1370 5794 1509 5850 bona
1559 5792 1696 5848 mala
1739 5801 1796 5847 et

210 5889 364 5948 mala
408 5888 570 5946 bona.

1965 4677 2128 4731 Vens.
2149 4668 2374 4727 23.—Si
2397 4667 2861 4732 circumcisionem,
2884 4673 2990 4721 etc.
3008 4663 3171 4731 Quasi
3187 4679 3282 4718 vos
3293 4664 3382 4732 qui
3412 4663 3462 4717 in

1893 4772 2012 4842 lege
2045 4765 2351 4840 gloriamini
2399 4771 2589 4819 contra
2637 4761 2810 4831 legem
2857 4775 2977 4829 qua:
3008 4774 3096 4814 me
3139 4759 3368 4825 nuntiat,
3401 4759 3465 4812 de

1892 4873 2070 4919 morte
2096 4876 2216 4916 mea
2239 4856 2502 4922 tractatis,
2527 4855 2622 4912 sed
2647 4869 2754 4910 non
2773 4862 2858 4909 est
2885 4862 3076 4908 contra
3103 4852 3296 4924 legem,
3321 4851 3464 4923 quod

1893 4965 2065 5013 t0tum
2086 4953 2362 5010 hominem
2392 4963 2585 5005 sanum
2606 4945 2711 5002 feci
2739 4946 2794 5001 in
2824 4945 3050 5001 sabbato
3075 4960 3175 5016 ego
3208 4945 3465 4999 Dominus

1892 5048 2121 5106 sabbati.
2154 5043 2405 5102 Custodia
2435 5045 2579 5098 enim
2619 5041 2829 5097 sabbati
2856 5039 2997 5117 sicut
3033 5052 3228 5095 caatera
3276 5041 3458 5096 omnia

1892 5150 2114 5213 propter
2133 5139 2364 5195 salutem
2390 5135 2627 5192 hominis
2656 5142 2804 5199 sunt,
2831 5133 2972 5188 sicut
2993 5149 3089 5188 vos
3107 5132 3206 5201 ipsi
3222 5132 3458 5187 circum-

1895 5236 2136 5292 cidentes
2162 5233 2217 5288 in
2247 5230 2473 5287 sabbato
2491 5269 2505 5294 ,
2535 5227 2685 5299 (quia
2713 5225 2782 5280 ad
2807 5224 3035 5281 salutem
3072 5222 3326 5296 pertinet)
3355 5240 3457 5280 non

1892 5329 2102 5386 solvere
2128 5342 2226 5382 vos
2255 5323 2537 5380 sabbatum
2565 5319 2806 5376 creditis.

1967 5421 2131 5477 Vens.
2178 5417 2374 5472 24.'—
2413 5412 2590 5469 Nolite
2628 5413 2908 5482 judicare,
2941 5419 3049 5466 etc.
3104 5408 3221 5464 Non
3267 5409 3473 5467 debetis

1899 5513 2034 5570 mihi
2066 5509 2224 5565 irasci
2269 5509 2336 5562 de
2363 5505 2660 5562 salvatione
2710 5503 2946 5560 hominis
2976 5504 3029 5558 in
3055 5503 3298 5568 sabbato,
3329 5502 3472 5558 sicut

1898 5621 2006 5662 non
2049 5599 2355 5658 irascemini
2397 5597 2464 5653 de
2507 5596 2918 5653 circumcisione
2947 5595 3001 5651 in
3050 5595 3310 5658 sabbato,
3343 5592 3470 5661 quia

1898 5715 2006 5754 non
2033 5705 2116 5752 est
2146 5691 2495 5765 judicandum
2528 5690 2820 5746 secundum
2851 5689 3041 5745 faciem
3060 5728 3075 5752 ,
3106 5688 3160 5742 id
3189 5693 3273 5740 est
3302 5683 3473 5738 aetio-

1899 5806 2021 5846 nem
2067 5800 2445 5857 personarum,
2479 5792 2538 5838 ut
2567 5781 2710 5852 quod
2757 5781 2908 5837 licuit
2950 5776 3155 5847 Moysi,
3191 5773 3322 5829 mibi
3360 5788 3467 5828 non

1897 5883 2078 5945 liceat,
2113 5878 2205 5935 sed
2246 5877 2450 5948 justum
2478 5873 2769 5946 judicium,
2797 5873 2850 5928 id
2872 5879 2973 5937 est,
3003 5865 3295 5924 secundum
3332 5862 3473 5919 νει-1ο
