3958 6314
415 310 595 402 ,ιτδϐπ

986 327 1381 387 WALAFRIDI
1419 330 1671 389 STRABI
1710 335 1914 392 FULD.
1956 337 2049 395 ΜΟ

2168 338 2314 397 DPP.
2355 338 2535 397 rans
2574 342 2617 396 ι.
2654 372 2726 385 -
2765 318 3219 439 ΤΗΕοιοριοΑ.

3653 344 3756 418 388

392 430 443 528 τ’
488 454 656 504 tatem
686 460 920 503 rerum:
955 462 1062 517 qua
1112 450 1368 520 cognita,
1420 467 1521 507 nec
1574 469 1662 508 me
1710 469 1811 510 nec
1855 455 2072 527 Moysen
2105 463 2150 523 Α
2178 458 2402 513 hominis
2432 459 2539 530 ,qui
2587 468 2663 514 est
2720 462 2776 517 in
2824 461 2972 529 certe,
3002 430 3160 533 quasi
3209 464 3377 532 dicit,
3422 465 3653 538 loquens
3703 471 3756 529 in

370 547 392 563 ‘
489 537 832 603 damnabilis,
861 552 963 592 nec
1015 552 1102 593 me
1131 541 1465 596 contrarium
1503 542 1580 596 illi
1610 544 1821 599 dicetis.
1869 546 1926 600 in
1956 562 2064 615 quo

487 627 608 684 illos
636 629 836 699 arguit,
857 644 958 684 nos
987 628 1224 695 instruit,
1249 646 1317 685 ne
1339 632 1391 686 in
1413 632 1717 702 judicandis
1745 636 1922 692 causis
1950 652 2067 707 per-

487 734 648 776 sonas
675 719 1023 789 accipiamus,
1049 736 1156 776 non
1181 723 1322 792 quod
1343 740 1443 794 pro
1463 725 1777 782 diversitate
1800 727 2065 798 graduum

487 812 844 867 diversimode
873 827 1134 882 personas
1156 830 1262 870 non
1295 817 1644 875 houoremus.

556 901 720 956 Vens.
748 900 836 955 25.
870 932 938 940 —
966 901 1218 958 Dicebant
1249 922 1391 978 ergo.
1426 905 1563 976 Quia
1595 909 1698 964 etsi
1726 909 1968 967 occultus
1996 910 2066 967 ad

485 988 680 1045 festum
710 988 969 1059 ascendit,
991 993 1170 1062 palam
1197 994 1453 1065 loquitur,
1478 1006 1534 1053 et
1558 1007 1781 1069 apparet
1827 1008 2066 1070 potestas

482 1096 603 1150 quae
628 1082 919 1151 putabatur
960 1082 1237 1139 timiditas.
1276 1085 1540 1141 Mirantur
1586 1088 1774 1158 aliqui,
1806 1089 1931 1161 quia
1964 1105 2063 1160 po-

486 1172 649 1227 tentia
677 1189 782 1229 non
813 1181 1026 1229 tenetur
1072 1175 1226 1247 cujus
1257 1193 1405 1233 mors
1450 1187 1736 1251 tantopere
1787 1181 2066 1252 quaereba-

482 1272 589 1330 tur,
618 1274 675 1321 et
702 1267 938 1321 nondum
966 1267 1123 1338 plene
1164 1270 1526 1340 intelligentes
1556 1271 1675 1342 ejus
1704 1289 1829 1331 esse
1867 1283 2062 1346 poten-

483 1357 634 1422 tiam,
661 1366 852 1427 putant
885 1373 1005 1415 esse
1033 1361 1315 1417 scientiam
1342 1363 1670 1438 principum,
1696 1368 1821 1436 quia
1866 1382 2065 1439 cognoo

481 1460 676 1507 verunt
702 1466 825 1506 eum
850 1467 969 1507 esse
989 1452 1261 1510 Christum
1280 1497 1295 1521 ,
1324 1456 1468 1512 unde
1497 1457 1602 1512 sibi
1644 1459 1778 1529 ipsis
1804 1458 2067 1529 objiciunt

480 1557 589 1598 non
618 1558 738 1599 esse
781 1544 925 1599 hunc
958 1544 1255 1613 Christum,
1285 1562 1411 1602 cum
1442 1563 1601 1605 nemo
1627 1549 1765 1605 sciat
1809 1552 1950 1606 unde
1994 1551 2067 1606 sit

482 1632 752 1701 Christus,
777 1634 903 1705 quia
934 1635 1037 1690 etsi
1068 1651 1165 1707 per
1190 1637 1482 1710 prophetas
1518 1638 1717 1695 dicitur
1742 1639 1893 1696 locus
1920 1642 2065 1696 nati-

480 1726 666 1783 vitatis
688 1737 742 1783 et
770 1727 1099 1797 hujusmodi,
1130 1738 1311 1785 tamen
1338 1739 1537 1786 :eterna
1564 1733 1819 1789 nativitas
1847 1733 1963 1804 ejus
1992 1749 2060 1790 ex

2174 556 2340 605 terra.

2239 640 2401 697 Vens.
2441 642 2529 695 54.
2562 672 2633 682 —-
2658 642 2782 699 Non
2808 646 3020 714 potestis
3044 647 3236 701 venire.
3269 645 3383 703 Non
3424 649 3503 704 ait
3546 653 3754 720 poteri-

2170 731 2257 799 tis,
2287 735 2382 790 sed
2406 737 2647 805 potestis.
2681 737 2838 793 Tales
2862 739 3009 795 enim
3032 747 3158 794 tunc
3189 751 3348 799 erant
3369 744 3463 814 qui
3492 760 3604 801 non
3628 763 3755 817 pos-

2168 833 2309 890 sent,
2333 826 2472 879 sicut
2505 833 2559 879 et
2585 825 2715 880 alibi
2759 827 2893 881 dicit
2920 827 3084 885 Petro
3118 850 3131 884 :
3162 831 3287 887 Non
3311 843 3455 914 potes
3484 852 3568 891 me
3610 839 3759 909 sequi

2167 916 2344 981 modo,
2365 918 2592 987 sequeris
2619 927 2794 973 autem
2840 929 3019 989 postea
3065 920 3248 993 (Joan.
3273 927 3422 996 xm),
3449 928 3529 984 sic
3556 944 3661 986 nec
3690 932 3756 986 de

2166 1004 2285 1060 istis
2312 1005 2470 1060 datur
2495 1008 2818 1078 desperatio.

2238 1095 2401 1152 Vens.
2440 1098 2528 1153 55.
2561 1130 2631 1140 -
2661 1099 2742 1154 Ad
2777 1103 3115 1174 semetipsos,
3156 1114 3265 1162 etc.
3321 1107 3475 1164 Unde
3521 1110 3755 1169 Domino

2165 1186 2345 1243 dicere
2367 1191 2713 1259 nescierunt,
2741 1200 2796 1246 et
2824 1201 3008 1249 tamen
3033 1195 3166 1253 illud
3194 1198 3340 1268 quod
3363 1198 3610 1257 futurum
3631 1216 3755 1260 erat

2166 1284 2471 1339 nescientes
2498 1287 3000 1356 pronuntiaverunt.
3049 1290 3204 1359 Quod
3227 1293 3331 1348 etsi
3360 1310 3468 1351 non
3513 1311 3756 1365 praesca-

2166 1371 2239 1425 tia
2266 1387 2363 1443 per
2388 1374 2682 1443 apostolos,
2716 1385 2892 1434 tamen
2918 1379 3093 1436 iturus
3121 1390 3205 1439 est
3229 1384 3297 1438 ad
3330 1395 3521 1455 gentes
3570 1389 3753 1444 credi-

2166 1471 2342 1520 turas.

2236 1556 2400 1611 Vens.
2428 1557 2518 1612 '56.
2546 1588 2616 1601 -—
2639 1559 2771 1625 Quis
2791 1571 2865 1616 est
2888 1562 3010 1618 hic?
3035 1562 3169 1620 Cum
3184 1564 3497 1637 ignorantes
3517 1572 3755 1641 prophe-

2162 1654 2370 1701 tassent
2399 1648 2706 1717 veritatem,
2734 1642 3058 1722 replicantes
3098 1657 3345 1713 eamdem
3364 1661 3749 1729 quaestionem,

2162 1738 2455 1794 ostendunt
2506 1756 2565 1796 se
2610 1744 2965 1812 prophetasse
2989 1761 3057 1801 ex
3101 1746 3426 1816 ignorantia,
3460 1760 3523 1808 ut
3566 1753 3752 1823 potius

480 1826 641 1882 Patre
667 1825 939 1891 nascitur,
970 1824 1112 1880 unde
1163 1824 1431 1896 Propheta
1462 1841 1474 1880 :
1507 1822 1903 1880 Generatiouem
1953 1826 2066 1897 ejus
2094 1827 2143 1889 Β
2169 1827 2446 1900 ignorasse
2469 1832 2759 1888 videantur
2791 1850 2953 1903 quam
2978 1840 3349 1924 prephetasse.

476 1918 593 1986 quis
613 1916 877 1971 enarrabit
901 1913 1036 1988 (Isa.
1055 1911 1210 1988 Lm)?
1238 1913 1392 1970 Unde
1416 1913 1664 1970 Christus
1685 1914 1754 1971 ad
1776 1924 2067 1986 utrumque

476 2009 781 2081 respondet,
811 2017 868 2065 et
894 2002 961 2064 de
1002 2007 1338 2075 inﬁrmitate,
1363 2017 1421 2062 et
1447 2008 1513 2063 de
1539 2006 1843 2077 majestate.
1889 2022 1899 2027 ·

545 2122 710 2178 Vsus.
758 2119 850 2176 28.
876 2149 947 2160 -
973 2118 1043 2173 Et
1071 2135 1153 2174 me
1181 2119 1344 2174 scitis.
1386 2118 1446 2175 id
1489 2131 1596 2187 est,
1621 2119 1853 2193 efﬁgiem
1883 2122 2062 2180 vultus

477 2215 607 2281 mei,
636 2224 682 2269 et
709 2213 848 2269 unde
873 2213 974 2269 sim
1000 2214 1336 2271 nativitatem
1368 2221 1424 2267 et
1448 2223 1726 2284 parentes,
1758 2217 1904 2287 quod
1930 2226 2015 2273 est
2040 2234 2053 2272 :

476 2305 774 2362 secundum
804 2320 1023 2361 carnem
1067 2320 1156 2361 me
1203 2304 1446 2372 nescitis,
1482 2307 1578 2363 sed
1605 2323 1710 2364 non
1757 2311 2057 2364 secundum

478 2398 849 2464 Divinitatem,
874 2397 999 2468 quia
1049 2414 1085 2452 α
1127 2399 1347 2468 nteipso
1397 2415 1500 2459 non
1547 2401 1680 2455 veni.
1732 2400 2057 2457 Nesciebant

476 2507 600 2549 eum
631 2491 728 2548 Dei
755 2490 949 2546 Filium
986 2506 1127 2558 esse,
1158 2508 1259 2548 nec
1286 2508 1317 2548 a
1346 2494 1509 2551 Patre
1537 2495 1764 2551 missum
1796 2513 1811 2548 :
1840 2496 2052 2551 nescie-

472 2581 607 2637 bant
626 2582 788 2637 etiam
810 2580 979 2637 Deum
999 2581 1216 2638 Patrem
1239 2584 1332 2655 qui
1356 2599 1516 2641 verus
1537 2592 1622 2641 est
1648 2587 1859 2658 genitor
1879 2587 2074 2669 ipsius.

471 2675 740 2731 veritatis.
775 2673 882 2730 Sed
904 2674 1048 2731 unde
1070 2686 1302 2746 possunt
1325 2677 1487 2744 scire,
1513 2678 1696 2733 subdit
1727 2697 1741 2733 :
1771 2678 1888 2749 Ego
1917 2680 2046 2733 scio.

471 2766 617 2837 Ergo
642 2781 673 2820 a
700 2781 789 2821 me
834 2767 1083 2836 quaerite,
1112 2768 1169 2822 in
1201 2784 1287 2824 me
1315 2770 1540 2834 credite,
1574 2770 1700 2840 quia
1729 2786 1880 2826 nemo
1910 2770 2054 2824 nouit

474 2853 686 2910 Patrem
727 2857 829 2911 nisi
880 2854 1081 2925 Filius,
1107 2867 1156 2913 et
1193 2860 1284 2914 cui
1332 2857 1503 2914 Filius
1550 2857 1773 2914 uoluerit
1829 2859 2056 2914 revelare

472 2945 669 3018 (Mare.
698 2947 799 3019 ιι).

540 3062 705 3118 Vens.
745 3061 836 3117 29.
869 3088 939 3103 --
968 3061 1073 3118 Sed
1106 3065 1216 3118 scio
1257 3078 1394 3117 eum.
1442 3062 1567 3118 ideo
1605 3062 1719 3119 scio
1749 3074 1896 3128 eum,
1923 3063 2053 3133 quia

469 3153 535 3208 ab
561 3155 671 3225 ipso
696 3170 814 3209 sum
841 3155 971 3226 ipse,
1000 3163 1106 3211 etc.
1136 3155 1386 3252 Breviter
1413 3162 1700 3252 utrumque
1724 3154 2053 3252 complecta-
2080 3187 2125 3252 Ο

472 3252 581 3310 tu-r,
611 3244 676 3298 ab
701 3245 813 3316 ipso
843 3258 983 3313 sum,
1010 3245 1135 3316 quia
1160 3244 1330 3301 Filius
1353 3246 1422 3302 de
1448 3244 1633 3312 Patre,
1663 3245 1826 3301 Pater
1849 3260 1955 3302 non
1985 3246 2051 3301 de

472 3336 601 3403 alio,
628 3344 685 3393 et
711 3337 766 3391 in
791 3350 955 3393 carne
984 3352 1071 3392 me
1113 3338 1328 3404 videtis,
1363 3338 1488 3408 quia
1516 3338 1633 3409 ipse
1659 3350 1747 3394 me
1772 3339 1940 3394 misit.
1989 3340 2051 3395 In

467 3443 575 3498 quo
609 3428 659 3483 ei
685 3443 878 3499 magna
902 3428 1227 3499 generantis.
1246 3429 1541 3484 auctoritas
1578 3437 1634 3483 et
1670 3429 1774 3485 sibi
1802 3442 2051 3484 commu-

466 3520 553 3576 nis
580 3535 702 3575 cum
724 3519 1034 3575 hominibus
1056 3527 1267 3575 natura.

539 3630 702 3687 Vens.
735 3632 825 3687 50.
859 3661 929 3671 -
958 3628 1108 3685 Hora
1139 3630 1274 3701 ejus.
1304 3628 1420 3686 Non
1450 3632 1592 3702 quod
1638 3634 1939 3690 necessitas
1980 3635 2053 3690 sit

469 3722 617 3787 facti,
637 3723 731 3778 sed
757 3722 1133 3793 opportunitas
1154 3722 1464 3777 voluntatis.
1494 3710 1675 3779 Voluit
1696 3726 1841 3779 enim
1862 3740 2052 3797 oppor-

470 3821 601 3870 tuno
650 3822 891 3884 tempore
934 3814 1103 3879 nasci,
1136 3815 1414 3886 praemissa
1458 3813 1616 3887 longa
1668 3817 1809 3874 serie
1839 3832 2048 3888 praeco-

467 3922 617 3964 num.
647 3907 910 3963 Similiter
920 3909 1241 3980 pratdlcator
1265 3906 1540 3982 Evangelii
1562 3910 2048 3984 voluitopportuno

469 4011 714 4072 tempore
743 4000 903 4058 mori.

538 4098 703 4171 Vens.
752 4115 838 4170 52.
872 4147 942 4157 --
982 4106 1275 4172 Audierant
1306 4108 1590 4174 Pharisaei.
1645 4116 1926 4193 Principes
1956 4122 2042 4177 in-

464 4207 582 4263 sani
606 4248 622 4273 ,
659 4208 844 4262 audito
870 4224 1150 4262 murmure
1176 4225 1284 4278 quo
1326 4207 1572 4265 Christus
1595 4226 1625 4264 a
1655 4212 1810 4265 turba
1838 4210 2043 4283 gloriﬁ-

463 4297 729 4362 cabatur,
775 4306 1025 4365 quaerunt
1065 4297 1335 4364 occidere,
1367 4314 1526 4369 quem
1578 4310 1758 4356 tamen
1804 4302 2043 4358 nondum

460 4388 731 4443 volentem
760 4389 1167 4459 apprehendere
1203 4406 1310 4471 non
1356 4400 1671 4462 potuerunt,
1700 4394 1794 4450 sed
1838 4396 2040 4451 docen-

464 4488 571 4535 tem
586 4479 895 4535 audierunt.

2238 1917 2398 1977 Vens.
2427 1920 2517 1976 37.
2548 1952 2618 1962 —
2643 1922 2714 1980 In
2746 1926 3026 1981 novissimo
3057 1917 3253 1983 autem.
3288 1930 3418 1987 Post
3452 1932 3752 1991 dissensio-

2163 2024 2260 2066 nes
2283 2009 2590 2068 Judzeorum
2614 2014 2679 2070 de
2703 2014 2850 2084 Jesu,
2876 2027 2929 2073 et
2953 2028 3072 2089 post
3104 2022 3268 2077 verba
3298 2038 3419 2093 quae
3442 2024 3601 2092 dixit,
3624 2027 3751 2098 qni-

2160 2108 2262 2165 bus
2298 2109 2388 2165 alii
2417 2112 2801 2182 conderentur,
2830 2116 2921 2171 alii
2954 2117 3299 2188 docerentur,
3332 2122 3387 2176 in
3420 2122 3613 2181 ultimo
3656 2126 3751 2183 die

2160 2202 2493 2273 scenOpegia:
2540 2214 2700 2260 vocat
2739 2222 2846 2262 non
2887 2207 3061 2264 solum
3090 2209 3359 2281 loquendo
3378 2253 3397 2281 ,
3428 2215 3525 2273 sed
3549 2224 3608 2272 et
3633 2217 3751 2272 cla-

2158 2293 2376 2359 mando,
2409 2303 2466 2348 ut
2489 2295 2581 2365 qui
2606 2296 2720 2351 sitit
2747 2300 2927 2355 veniat
2950 2300 3017 2355 ad
3043 2316 3188 2358 eum.

2231 2383 2289 2439 Si
2309 2384 2425 2455 quis
2440 2386 2569 2439 sitit.
2586 2386 2743 2442 Bibat
2766 2390 3039 2463 spiritum,
3063 2400 3121 2446 ut
3140 2401 3261 2462 post
3288 2396 3530 2465 exponit,
3546 2406 3596 2452 et
3621 2414 3749 2452 eum

2158 2477 2362 2544 biberit,
2388 2481 2610 2550 ﬂumina
2636 2482 2699 2536 de
2726 2494 2896 2537 ventre
2922 2485 3035 2556 ejus
3062 2488 3392 2560 ﬂuentaque:
3422 2491 3569 2546 uiuat.
3601 2489 3749 2547 Ven-

2163 2576 2247 2625 ter
2275 2579 2358 2625 est
2397 2573 2725 2628 conscientia
2771 2576 2983 2643 cordis,
3017 2593 3136 2648 quze
3164 2580 3333 2639 bibito
3377 2582 3571 2651 spiritu
3616 2600 3748 2654 pur-

2164 2671 2285 2732 gata
2318 2661 2466 2727 vivit,
2492 2670 2548 2716 et
2572 2664 2732 2720 habet
2757 2666 2978 2721 fontem.
3026 2669 3093 2724 Et
3122 2670 3239 2741 ipsa
3268 2680 3353 2726 est
3376 2672 3501 2729 fons
3528 2674 3616 2729 vel
3648 2675 3746 2729 ilu-

2159 2754 2318 2820 vius,
2359 2753 2451 2822 qui
2496 2762 2679 2809 manat
2721 2757 3117 2828 benevolentia,
3151 2762 3277 2816 dum
3325 2764 3576 2833 proximo
3631 2766 3749 2820 vult

2158 2842 2461 2908 consulere,
2485 2844 2578 2913 qui
2604 2845 2745 2900 bona
2773 2862 2869 2902 sua
2894 2860 3047 2919 putat
3077 2844 3179 2906 sibi
3209 2852 3309 2907 soli
3338 2853 3608 2923 suﬂicere,
3635 2873 3746 2912 non

2158 2932 2256 2989 fuit
2293 2933 2382 2989 ille
2410 2935 2548 2991 fons.

2230 3024 2436 3100 (Ηιειι.)
2482 3027 2758 3085 Audacter
2801 3040 2857 3087 et
2886 3040 2997 3088 tota
3047 3033 3297 3094 libertate
3333 3040 3654 3110 pronuntio,
3676 3058 3745 3096 ex

2161 3133 2225 3173 eo
2250 3125 2512 3191 tempore,
2543 3129 2673 3189 etc.,
2707 3140 2869 3196 usque
2896 3126 2965 3182 ad
2983 3130 3337 3199 quamobrem
3364 3148 3486 3189 cum
3512 3136 3749 3189 ducere-

2158 3220 2247 3267 tur
2286 3211 2444 3269 Jesus
2468 3215 2537 3271 ad
2563 3217 2872 3286 passionem
2898 3232 3118 3292 negant.
3146 3234 3202 3280 et
3227 3224 3503 3283 Christum
3534 3243 3595 3283 se
3646 3245 3747 3284 ue-

2162 3306 2305 3362 scire
2324 3306 2533 3376 jurant.
2560 3372 2563 3375 λ

2227 3398 2389 3454 Vens.
2435 3398 2524 3466 59,
2548 3400 2639 3456 40.
2668 3433 2738 3447 --
2768 3403 3024 3460 Nondum
3063 3408 3222 3475 enim,
3251 3417 3358 3465 etc.
3404 3411 3473 3466 Et
3512 3412 3557 3467 si
3602 3427 3747 3482 pro-

2154 3489 2328 3558 phetae
2360 3503 2688 3562 acceperunt
2711 3497 2961 3552 eumdem
2991 3514 3053 3569 sp
3078 3500 3240 3555 ritum
3278 3517 3292 3556 :
3321 3514 3374 3558 et
3414 3503 3660 3561 Joannes
3688 3516 3747 3562 et

2154 3578 2244 3634 alii
2277 3589 2402 3636 ante
2447 3586 2901 3641 resurrectionem
2940 3588 3172 3656 Christi;
3223 3599 3404 3649 tamen
3448 3603 3565 3649 erat
3593 3596 3748 3652 alius

2154 3672 2344 3729 modus
2379 3674 2683 3734 donationis
2718 3677 2932 3737 futurus
2957 3684 3195 3752 apertior
3222 3694 3278 3740 et
3323 3685 3532 3755 plenior
3559 3704 3575 3741 :
3606 3699 3741 3759 pos‘

2153 3768 2610 3823 resurrectionem
2635 3770 2801 3837 enim,
2832 3774 3048 3845 quando
3068 3776 3304 3844 primum
3328 3778 3574 3849 apparuit
3601 3795 3749 3849 apo-

2150 3862 2323 3929 stolis,
2354 3862 2645 3920 insulllavit
2673 3866 2727 3921 in
2774 3864 2968 3923 faciem
3007 3885 3217 3937 eorum,
3242 3873 3333 3942 qui
3385 3872 3512 3927 tlatu
3551 3876 3749 3945 primo

2150 3955 2355 4011 homini
2404 3957 2640 4012 animam
2668 3959 2879 4037 indidit,
2912 3969 2967 4016 et
2996 3963 3063 4018 de
3108 3963 3239 4019 limo
3262 3966 3454 4021 erexit.
3508 3964 3749 4038 Signiﬁ-

2151 4061 2281 4103 cans
2309 4064 2440 4119 ergo
2466 4065 2524 4105 se
2550 4064 2671 4129 esse
2700 4053 2967 4118 eumdem,
3000 4052 3291 4112 iusutllavit
3318 4058 3566 4127 spiritum
3592 4075 3744 4130 apo-

2150 4141 2324 4206 stolis,
2359 4152 2419 4196 ut
2444 4142 2510 4197 de
2539 4143 2654 4197 luto
2699 4148 3074 4217 exsurgerent.
3120 4149 3324 4205 Deinde
3366 4160 3487 4222 post
3534 4167 3746 4209 ascen-

2149 4232 2354 4287 sionem
2402 4232 2613 4304 plenius
2644 4232 2906 4307 Spiritum
2950 4237 3095 4293 misit
3126 4238 3179 4305 in
3208 4238 3381 4310 igneis
3423 4240 3652 4312 linguis,
3682 4256 3745 4300 ut

2147 4336 2336 4379 omnes
2388 4333 2575 4394 gentes
2624 4326 2918 4393 docerent,
2968 4328 3107 4383 sicut
3163 4330 3238 4384 illi
3295 4340 3424 4387 tunc
3470 4336 3745 4394 omnibus

2147 4414 2345 4486 linguis
2375 4429 2389 4468 :
2415 4402 2493 4471 sic
2533 4431 2674 4471 nunc
2705 4417 2882 4475 unitas
2912 4401 3167 4475 Ecclesiae
3198 4418 3434 4492 loquitur
3472 4426 3744 4483 omnibus

2146 4506 2363 4577 linguis,
2394 4523 2424 4561 a
2451 4523 2557 4578 qua
2583 4509 2789 4565 unitate
2816 4500 3075 4580 praecisus
3105 4516 3211 4569 no'n
3253 4516 3413 4573 habet
3447 4519 3736 4589 spiritum.

531 4593 693 4650 Vsus.
734 4595 824 4650 '55.
854 4624 927 4635 -—
948 4593 1134 4649 Adhuc
1178 4596 1443 4653 modicum
1468 4607 1691 4669 tempus.
1733 4600 1900 4669 Quasi
1947 4602 2035 4657 di-
2060 4566 2117 4629 Β
2214 4566 2361 4667 Quia,
2391 4566 2545 4656 Iesus
2576 4566 2945 4665 nonduin-erat
2970 4566 3314 4676 glorijieatus,
3341 4619 3447 4664 etc.
3473 4566 3592 4666 rEa;
3635 4615 3737 4669 illa

459 4695 587 4744 cat:
617 4686 767 4755 Quod
806 4688 966 4745 modo
1008 4688 1189 4753 vultis,
1220 4698 1342 4760 post
1370 4689 1563 4749 facturi
1598 4696 1750 4759 estis,
1788 4697 1883 4752 sed
1925 4712 2035 4752 non

457 4777 641 4843 modo,
673 4779 797 4849 quia
828 4777 1003 4833 adhuc
1032 4778 1304 4834 modicum
1335 4789 1544 4852 tempus
1574 4783 1855 4840 vobiscum
1887 4802 2033 4853 sum,

459 4886 566 4941 quo
612 4870 1061 4938 dispensationem
1112 4886 1286 4925 meam
1331 4872 1555 4944 implere
1604 4876 1797 4943 debeo,
1824 4885 1878 4933 et
1907 4885 2035 4935 tunc

456 4961 595 5016 vado
638 4961 704 5015 ad
737 4975 860 5016 eum
887 4961 978 5033 qui
1001 4977 1089 5018 me
1113 4962 1277 5027 misit,
1306 4971 1431 5019 tunc
1459 4967 1568 5036 pati
1594 4967 1782 5023 debeo.
1839 4968 1906 5023 Et
1944 4970 2036 5039 qui

459 5051 618 5107 modo
658 5067 763 5106 non
792 5051 953 5107 vultis
981 5052 1168 5109 audire
1215 5065 1538 5124 praesentem
1568 5066 1621 5111 et
1649 5059 1905 5114 miracula
1954 5060 2034 5116 l'a-

459 5142 716 5211 cientem,
745 5144 998 5213 quaeretis
1052 5161 1139 5201 me
1184 5156 1309 5219 post
1350 5150 1806 5206 resurrectionem
1846 5161 1900 5208 et
1940 5170 2030 5209 as-

456 5234 764 5289 sensionem
807 5227 928 5290 cum
973 5245 1121 5292 tanta
1173 5239 1434 5294 miracula
1484 5239 1615 5294 ﬁent
1664 5258 1761 5313 per
1807 5256 2029 5314 aposto-

454 5324 695 5400 loslmea
743 5327 982 5394 virtute,
1021 5338 1076 5382 et
1122 5344 1247 5383 cum
1299 5337 1446 5385 tanta
1497 5330 1679 5387 credet
1719 5334 2024 5394 multitudo.

458 5416 609 5474 Tunc
663 5419 806 5474 enim
873 5420 1186 5489 compuncti
1232 5420 1300 5475 de
1360 5429 1511 5477 tanto
1572 5423 1775 5479 scelere
1840 5430 2029 5487 mortis

453 5510 652 5568 Christi
679 5512 933 5567 dixerunt
978 5511 1141 5567 Petro
1175 5527 1189 5566 :
1228 5498 1368 5578 Quid
1409 5515 1705 5585 faciemus?
1756 5516 2028 5577 Vobiscum

452 5619 567 5658 sum
597 5614 645 5657 et
685 5603 839 5659 vado.
886 5602 1002 5657 Non
1031 5603 1108 5659 ait
1147 5618 1261 5670 ero,
1287 5605 1381 5661 sed
1412 5622 1549 5673 sum,
1581 5609 1705 5678 quia
1747 5619 1802 5675 et
1849 5613 1909 5668 si
1944 5629 2029 5669 se—

451 5696 685 5751 cundum
732 5695 878 5766 quod
920 5694 1082 5752 homo
1129 5706 1302 5753 mutat
1344 5697 1460 5755 loca
1487 5741 1502 5765 ,
1536 5703 1833 5759 secundum
1882 5708 2027 5777 quod

452 5788 594 5844 Deus
625 5804 730 5845 non
755 5795 947 5855 mutat,
980 5805 1101 5845 cum
1128 5790 1325 5863 ubique
1353 5791 1442 5848 sit.
1473 5792 1627 5851 Unde
1648 5794 1774 5851 alibi
1806 5815 1818 5851 :
1851 5794 2027 5854 Filius

2140 4710 2258 4764 ergo
2284 4694 2455 4759 turba,
2480 4702 2583 4749 etc.
2640 4682 2927 4766 Postquam
2955 4705 3133 4753 autem
3168 4699 3506 4768 haptizantur
3553 4702 3741 4773 Spiri-

2140 4794 2196 4839 tu
2229 4794 2437 4849 sancto,
2460 4795 2515 4839 et
2542 4784 2834 4839 eliunditur
2868 4788 3036 4856 gratia
3069 4786 3302 4857 Spiritus
3317 4790 3487 4844 sancti
3517 4793 3573 4845 in
3608 4795 3731 4860 eis;

2141 4886 2270 4933 tunc
2293 4877 2458 4931 libere
2479 4877 2767 4947 loquuntur
2782 4879 2850 4931 ad
2875 4880 3148 4951 principes
3172 4878 3480 4938 Judteorum
3506 4901 3519 4937 :
3554 4884 3739 4955 Oper.
3832 4960 3837 4963 _

2140 4980 2212 5025 tet
2253 4971 2457 5025 obedire
2509 4973 2674 5041 magis
2735 4964 2843 5026 Dco
2884 4990 3042 5044 quam
3085 4975 3380 5030 hominibus
3429 4978 3569 5050 (Act.
3620 4983 3731 5049 v):

2142 5077 2387 5120 mortuos
2400 5066 2683 5125 suscitmt.
2707 5065 2847 5120 inter
2875 5066 3079 5138 ﬂagella
3106 5067 3376 5135 laetantur,
3396 5074 3732 5141 sanguinem

2141 5158 2392 5219 fundunt.
2420 5166 2474 5213 et
2496 5158 2612 5213 aliis
2633 5158 2908 5229 suppliciis
2933 5170 3282 5216 coronantur.
3318 5160 3565 5218 Nondum
3589 5180 3733 5238 ergo

2138 5260 2254 5307 erat
2283 5250 2518 5321 Spiritus
2538 5253 2592 5306 in
2621 5252 2899 5323 apostolis,
2925 5271 3024 5311 nec
3061 5257 3127 5312 de
3170 5269 3360 5315 ventre
3383 5275 3571 5315 eorum
3593 5258 3732 5318 ﬂue-

2137 5345 2267 5399 bant
2300 5345 2485 5414 gratia:
2507 5346 2813 5415 spirituales
2843 5364 2856 5400 :
2898 5349 3022 5417 quia
3050 5348 3289 5405 nondum
3324 5343 3494 5407 fuerat
3530 5351 3733 5408 Domi-

2138 5451 2238 5492 nus
2269 5436 2621 5506 gloriﬁcatus.

2209 5526 2369 5587 Vens.
2401 5528 2490 5583 45.
2515 5560 2586 5569 —-
2614 5527 2876 5585 Venerunt
2913 5548 3053 5603 ergo.
3106 5531 3253 5588 Missi
3279 5534 3346 5589 ad
3394 5534 3729 5605 capiendum

2135 5634 2259 5677 eum
2287 5620 2563 5676 redierunt
2585 5623 2853 5680 imnmnes
2877 5641 2905 5678 a
2929 5626 3177 5693 crimine,
3192 5627 3335 5696 pleni
3359 5628 3731 5687 admiratione

2136 5712 2327 5769 divina:
2362 5700 2621 5773 doctrinae
2652 5725 2838 5775 testes.

2207 5803 2373 5859 Vens.
2413 5805 2501 5859 47.
2554 5839 2622 5847 -
2674 5808 2926 5879 Nunquid
2969 5823 3017 5868 et
3052 5832 3169 5874 vos.
3202 5822 3303 5868 etc.
3347 5814 3725 5873 Laudabilitcr
