3958 6314
225 362 338 423 389

1182 369 1449 429 GLOSSA
1489 370 1882 429 ORDINARIA.
1921 402 1991 415 -—
2024 372 2276 431 EVANG.
2316 372 2533 432 JOAN.’

3384 378 3490 438 390

224 482 443 538 seducti
474 490 630 539 erant
656 481 748 551 qui
771 482 996 541 dimisso
1040 485 1182 541 malo
1208 485 1542 542 inﬁdelitatis
1575 487 1811 543 transie-
1837 499 1886 559 Α
1917 488 2076 543 citius
2125 489 2367 544 exituros
2415 505 2577 559 quam
2624 490 2777 562 plura
2822 490 3265 563 interrogaturos.
3326 492 3492 549 Docet

225 584 356 631 rant
377 576 446 631 ad
472 574 651 631 fidem.

302 667 471 724 Vm.
513 668 605 727 4.8.
638 699 703 708 —
744 667 1001 741 Nunquid
1026 688 1091 725 ex
1117 672 1434 743 principibus
1464 672 1675 743 aliquis,
1704 682 1809 728 etc.

223 758 334 828 Qui
368 760 565 816 docent
585 759 755 830 legem
783 769 1134 817 contemnunt
1160 778 1282 819 eum
1327 765 1417 834 qui
1448 763 1595 821 misit
1618 762 1810 834 legem,

232 853 336 908 sed
367 853 461 923 qui
507 868 616 908 non
659 844 921 909 noverant
961 853 1154 925 legem,
1180 848 1404 935 credunt
1454 842 1506 923 in
1553 872 1675 911 eum
1721 856 1811 926 qui

224 941 379 997 dedit
430 943 639 1011 legem,
684 952 742 996 ut
794 943 1083 1013 impleatur
1125 942 1271 1014 quod
1317 942 1555 1000 dicitur:
1590 942 1658 999 Ut
1708 963 1810 1000 non

130 1050 135 1053 ‘
225 1029 463 1091 videntes
486 1035 709 1101 uideant,
737 1045 785 1091 et
813 1037 1040 1091 videntes
1068 1028 1190 1092 (ὲωεὶ
1219 1039 1347 1107 [iant
1378 1036 1558 1109 (Jaan.
1586 1038 1684 1108 Ix).

300 1125 466 1181 Vens.
508 1112 596 1183 5.1.
628 1156 700 1166 —
725 1125 978 1199 Nunquid
1003 1127 1104 1184 lex.
1135 1124 1269 1195 Quia
1301 1129 1373 1183 illi
1401 1128 1641 1199 perversi
1667 1116 1810 1184 vole-

223 1217 362 1272 bant
410 1218 561 1289 prius
608 1232 729 1274 esse
762 1208 1108 1285 damnatores
1132 1218 1295 1291 quam
1344 1220 1673 1292 cognitores,
1706 1219 1809 1275 iste

221 1323 358 1363 vero
388 1310 611 1378 putabat
641 1309 784 1379 quod
816 1309 863 1364 si
888 1310 1156 1379 patienter
1201 1326 1325 1365 eum
1354 1318 1677 1380 praesentem
1705 1326 1806 1365 au-

221 1398 442 1464 dirent,
475 1398 655 1455 forsan
694 1409 875 1456 essent
922 1400 1129 1456 similes
1174 1401 1438 1457 ministris
1483 1400 1807 1471 quivmalue-

224 1498 355 1546 runt
402 1482 622 1547 credere
662 1508 825 1562 quam
869 1488 1077 1547 tenere.
1135 1491 1471 1548 Auctoritate
1508 1507 1641 1563 ergo
1671 1492 1806 1563 legis

222 1582 343 1637 vult
364 1600 459 1640 eos
488 1584 764 1651 inducere,
797 1578 853 1639 ut
875 1600 997 1639 eum
1034 1582 1185 1655 prius
1214 1585 1384 1639 velint
1412 1584 1620 1640 audire.

300 1672 461 1733 Vens.
496 1673 583 1739 52,
613 1664 701 1729 53.
725 1705 797 1714 —
822 1674 891 1728 Et
925 1684 981 1729 tu
1004 1672 1254 1729 Galilteus
1282 1692 1355 1742 es,
1380 1684 1484 1731 etc.
1517 1675 1586 1729 Et
1618 1674 1803 1729 reversi

220 1777 346 1821 sunt
377 1808 393 1833 ,
419 1776 526 1823 etc.
564 1762 817 1823 Galilaeus
867 1764 1148 1823 dicebatur
1193 1767 1352 1824 Jesus
1377 1809 1392 1836 ,
1432 1768 1687 1841 quoniam
1735 1767 1802 1823 de

220 1856 496 1914 Nazareth
527 1869 682 1916 erant
703 1867 956 1932 parentes
980 1859 1117 1931 ejus.
1167 1867 1175 1875 '

811 1993 1039 2051 CAPUT
1081 1994 1207 2050 VIII.

297 2124 462 2180 Vsus.
497 2125 549 2179 1.
578 2154 650 2165 —
674 2124 829 2180 Iesus
855 2135 1046 2184 autem.
1078 2125 1214 2194 Quia
1243 2140 1360 2183 mos
1380 2126 1431 2182 ei
1451 2135 1571 2182 erat
1592 2127 1679 2184 die
1704 2128 1802 2185 do—

222 2230 351 2272 cere
376 2215 431 2270 in
477 2215 697 2286 templo,
720 2230 945 2288 vespere
982 2219 1182 2273 reverti
1211 2219 1266 2274 in
1306 2217 1645 2289 Bethaniam,
1684 2236 1803 2292 quae

222 2318 311 2365 est
340 2309 396 2364 in
417 2319 600 2364 monte
625 2307 839 2366 Oliveti.

296 2403 523 2475 Mystice
567 2422 578 2458 :
618 2403 812 2477 Signat
839 2404 1174 2462 altitudinem
1228 2407 1633 2480 misericordize,
1662 2414 1803 2469 unde

223 2495 383 2550 nobis
428 2496 684 2563 chrisma,
716 2498 768 2551 id
801 2506 884 2552 est
915 2499 1116 2553 unctio.
1169 2497 1322 2554 Mane
1372 2502 1515 2557 redit
1552 2504 1619 2558 ad
1670 2512 1803 2557 tem-

224 2586 392 2659 plum.
421 2586 573 2645 Mane
598 2600 682 2646 est
710 2598 862 2647 ortus
891 2606 1041 2647 novre
1060 2593 1195 2649 lucis
1220 2602 1342 2664 post
1365 2594 1619 2651 tenebras
1647 2597 1800 2667 legis,

225 2696 336 2751 quo
376 2680 642 2749 ﬁdelibus,
674 2682 726 2737 id
757 2691 859 2750 est,
906 2684 960 2738 in
1001 2684 1198 2757 templo
1227 2683 1343 2755 ejus
1363 2685 1801 2756 {misericordiam

224 2776 375 2831 venit
404 2778 640 2847 pandere
664 2785 719 2833 et
756 2781 904 2835 dare.
952 2776 1137 2835 Sessio
1177 2791 1260 2836 est
1306 2781 1583 2838 humilitas
1625 2784 1799 2838 lncar-

226 2871 484 2938 nationis,
511 2886 616 2945 qua
644 2873 929 2927 miseretur
966 2881 1020 2927 et
1049 2875 1225 2939 docet,
1249 2875 1390 2930 unde
1413 2874 1670 2930 libentius
1708 2891 1802 2946 po-

222 2962 383 3034 pulus
412 2964 559 3019 venit
583 2963 649 3018 ad
682 2980 825 3030 eum,
855 2965 948 3021 sed
976 2965 1181 3021 inimici
1211 2964 1469 3021 Phariszei
1505 2968 1569 3022 de
1590 2968 1801 3038 justitia

226 3058 471 3121 tentant,
500 3070 567 3108 an
589 3066 778 3110 contra
827 3070 947 3110 eam
974 3056 1137 3111 dicat.
1168 3056 1427 3112 Sciebant
1460 3068 1802 3115 mansuetum

218 3155 277 3201 et
301 3146 690 3202 misericordiae
702 3147 1133 3216 pnedicato'rem,
1155 3148 1294 3204 unde
1319 3149 1563 3221 placebat
1584 3151 1796 3219 populo,

215 3237 370 3291 unde
387 3236 648 3306 putabant
677 3237 941 3291 dicturum
964 3238 1333 3292 dimittendam
1354 3253 1473 3293 esse
1488 3239 1807 3306 adulteram,
1835 3221 1882 3283 (ἶ

217 3336 277 3383 et
313 3327 370 3381 in
398 3328 500 3382 hoc
525 3328 794 3383 diceretur
837 3327 1012 3385 hostis
1054 3328 1188 3403 legis
1214 3329 1518 3386 contrarius
1561 3328 1728 3403 Moysi
1756 3338 1811 3385 et

223 3421 340 3476 Deo
384 3421 594 3475 auctori
621 3428 676 3476 et
719 3437 843 3476 cum
872 3421 1114 3477 adultera
1160 3438 1283 3477 reus
1309 3423 1516 3478 mortis.
1568 3423 1718 3489 Quod
1760 3423 1807 3478 si

224 3511 523 3567 sccundum
568 3511 739 3583 legem
791 3512 995 3569 diceret
1036 3512 1415 3584 lapidandam,
1472 3514 1803 3582 deriderent,

225 3606 383 3675 quasi
406 3621 511 3660 non
526 3605 748 3661 haberet
770 3607 1233 3663 mansuetudinem
1272 3623 1434 3677 quam
1473 3609 1805 3678 praedicabat

224 3712 329 3767 pro
358 3702 460 3767 qua
507 3698 806 3752 amabatur.
852 3697 968 3769 lpse
1011 3706 1191 3752 autem
1228 3707 1420 3754 neutra
1465 3699 1680 3769 capitur
1710 3714 1801 3754 ca-

227 3789 459 3854 lumnia,
496 3789 588 3858 sed
630 3798 843 3845 servata
873 3791 1286 3845 mansuetudine
1321 3792 1609 3862 respondet
1661 3790 1804 3861 quod

225 3890 315 3938 est
359 3896 500 3936 vera:
528 3882 750 3952 iustitiae
785 3901 798 3936 :
848 3882 950 3949 Qui
993 3885 1105 3938 sine
1132 3893 1342 3954 peccato
1373 3893 1478 3949 est,
1507 3885 1705 3954 primus
1750 3885 1804 3938 in

226 3972 376 4027 illam
411 3972 634 4040 lapidem
660 3976 848 4029 mittat.
895 3974 1010 4030 Non
1042 3984 1222 4030 autem
1249 3972 1676 4045 statimjudicat,
1710 3977 1806 4032 sed

223 4066 497 4123 inclinans
518 4083 575 4123 se
604 4066 769 4140 digito
797 4070 985 4125 scribit
1014 4071 1066 4124 in
1094 4078 1315 4125 terram.

302 4159 467 4215 Vnus.
503 4160 555 4217 5.
584 4192 653 4201 —
683 4163 983 4217 Adducunt.
1028 4160 1251 4235 Mystice
1285 4180 1296 4215 :
1333 4160 1524 4217 Mulier
1553 4162 1607 4216 in
1656 4161 1806 4217 adul-

225 4254 369 4311 terio
400 4255 729 4326 deprehensa
754 4256 930 4328 signat
953 4256 1312 4330 Synagogam,
1341 4270 1460 4328 quas
1486 4255 1807 4311 adulteravit

223 4352 405 4420 legem
431 4348 623 4421 Moysi,
647 4351 918 4422 sequendo
952 4352 1268 4407 traditiones
1298 4358 1534 4421 patrum.
1564 4349 1658 4406 Vel
1687 4332 1807 4420 quae

225 4443 455 4498 dimissa
482 4443 597 4514 lege
623 4441 810 4515 Moysi,
827 4444 939 4515 jam
969 4445 1211 4515 sequitur
1235 4444 1392 4499 ﬁdem
1420 4443 1643 4511 Christi,
1668 4424 1807 4499 unde

223 4535 447 4591 Iudaeus
482 4534 596 4605 jam
649 4536 801 4606 quasi
847 4537 1145 4591 adulteram
1191 4544 1431 4592 accusat.
1485 4532 1582 4589 Vel
1632 4535 1808 4606 signat

226 4630 530 4686 Ecclesiam
557 4670 573 4696 ,
616 4645 736 4701 quae
782 4630 1095 4699 relinquens
1142 4630 1347 4695 Deum,
1378 4629 1646 4683 fornicata
1692 4635 1809 4683 erat

225 4740 356 4781 cum
399 4720 727 4780 dmmonibus
753 4765 769 4792 ,
816 4740 976 4794 quam
1021 4723 1236 4779 Iudaeus
1267 4728 1504 4788 accusat,
1536 4721 1680 4793 quod
1740 4720 1823 4775 ad'

225 4817 506 4873 Christum
534 4815 775 4882 accedat,
802 4824 859 4872 et
886 4815 1040 4886 quasi
1074 4830 1271 4870 novum
1299 4811 1617 4869 idololatria:
1643 4822 1812 4882 genus

226 4918 480 4991 reputate
506 4917 610 4965 est.

304 5002 473 5059 Vens.
524 5002 576 5056 6.
614 5031 686 5042 —
724 4992 882 5055 Iesus
924 5006 1098 5053 autem
1138 4992 1398 5052 inclinans
1443 5012 1497 5049 se
1547 4993 1810 5048 deorsum.

228 5095 376 5164 Quid
424 5093 688 5149 scriberet
734 5092 788 5146 in
830 5099 996 5158 terra,
1040 5088 1153 5145 sive
1199 5087 1363 5157 verba
1411 5085 1661 5149 illorum,
1694 5086 1811 5141 sive

230 5189 367 5263 quid
385 5186 550 5253 aliud,
584 5175 800 5245 nonest
821 5182 1121 5249 dilIiuitum,
1155 5182 1448 5249 secundum
1480 5180 1621 5251 quod
1649 5198 1704 5234 sc
1731 5180 1811 5234 in-

231 5283 426 5347 clinat,
474 5288 531 5337 et
557 5279 724 5351 digito
768 5277 975 5334 scribit.
1012 5277 1177 5332 Docet
1207 5283 1383 5330 tamen
1413 5282 1472 5328 ut
1523 5283 1811 5342 antequam

224 5373 493 5446 judicium
536 5371 650 5435 tiat,
687 5384 787 5425 nos
829 5356 1024 5424 debere
1055 5362 1332 5431 inclinare,
1384 5362 1438 5419 id
1485 5374 1590 5430 est,
1617 5362 1813 5418 conde.

230 5467 497 5526 scendere
538 5467 592 5520 in
630 5464 834 5536 judicio
879 5469 972 5516 aut
1015 5459 1262 5514 faciendo
1290 5456 1366 5510 uti
1399 5454 1738 5511 discretione.

305 5559 476 5615 Vens.
516 5558 568 5614 8.
595 5586 667 5596 —
697 5555 764 5610 Et
796 5556 980 5609 iterum
1004 5568 1057 5606 se
1081 5549 1360 5606 inclinans.
1388 5540 1519 5601 Data
1545 5545 1812 5601 sententia

229 5652 459 5724 iustitia:
505 5665 609 5721 qua
642 5648 718 5703 illi
768 5647 973 5704 conscii
1015 5638 1278 5700 malorum
1307 5681 1322 5707 ,
1374 5640 1614 5712 percussi
1663 5649 1810 5706 sunt,

233 5749 437 5802 iterum
484 5743 672 5800 scribit
704 5743 758 5798 in
788 5752 983 5796 terram
1013 5754 1074 5793 ex
1109 5751 1278 5799 more,
1311 5734 1514 5789 vultum
1562 5731 1668 5787 alio
1693 5747 1814 5786 ver-

234 5849 360 5897 tens
398 5856 410 5893 :
442 5844 502 5893 ut
549 5836 654 5892 illis
692 5835 761 5890 sit
806 5833 1036 5889 liberum
1079 5831 1251 5895 exire,
1292 5844 1428 5900 quos
1484 5822 1815 5898 przcvidebat

1916 588 2095 633 autem
2142 592 2242 635 nos
2266 580 2405 635 sicut
2437 589 2492 636 et
2519 592 2644 636 ante
2688 582 3080 638 correctionem
3109 583 3330 638 alterius
3355 624 3370 649 ,
3412 589 3487 638 ita

1914 676 1970 723 et
1992 678 2115 740 post
2136 685 2240 725 nos
2279 666 2425 739 ipsos
2449 670 2728 727 humiliter
2751 672 3097 744 investigare,
3134 688 3203 730 ne
3228 674 3371 729 idem
3400 673 3487 731 vel

1913 761 2058 816 aliud
2092 762 2271 817 simile
2298 762 2352 816 in
2382 763 2539 818 nobis
2565 764 2654 819 sit.

1986 854 2146 909 Vens.
2184 856 2269 909 11.
2303 885 2373 896 —
2401 855 2512 910 Nec
2552 873 2644 928 ego
2693 866 2743 911 te
2779 858 3151 913 condemnabo.
3197 860 3306 915 Sed
3353 860 3482 930 quia

1910 954 2119 1017 poterat
2159 946 2351 1002 timere
2406 961 2473 1002 ne
2524 946 2629 1002 iste
2672 950 2763 1018 qui
2810 949 2927 1004 sine
2968 958 3193 1021 peccato
3237 958 3321 1006 est
3364 964 3485 1007 eam

1908 1037 2156 1107 puniret,
2190 1036 2321 1091 dicit
2354 1037 2404 1091 ei
2438 1078 2452 1102 ,
2491 1044 2552 1091 ut
2596 1037 2909 1094 misericors
2950 1041 3224 1108 praterita
3264 1047 3486 1110 peccata

1909 1124 2186 1180 dimittens
2224 1142 2236 1179 :
2280 1125 2394 1180 Nec
2440 1142 2533 1197 ego
2569 1136 2617 1181 te
2666 1126 3041 1195 condemnabo,
3085 1137 3149 1184 ut
3188 1129 3368 1199 justus
3417 1143 3488 1185 ne

1909 1215 2140 1285 amplius
2167 1228 2354 1285 peccet
2379 1217 2727 1272 interdicens.

1981 1306 2142 1362 Vens.
2182 1307 2270 1362 12.
2303 1339 2369 1348 —
2406 1308 2607 1363 lterum
2635 1324 2777 1380 ergo.
2828 1309 3077 1380 hepulsis
3100 1311 3485 1377 tentatorlbus,

1906 1404 2092 1453 sanata
2120 1396 2274 1469 culpa
2301 1398 2563 1466 mulieris,
2589 1400 2832 1470 apertius
2854 1400 3039 1455 wbdit
3064 1400 3198 1470 quid
3220 1403 3397 1471 possit
3418 1416 3486 1456 ex
3530 1472 3533 1473 ν

1905 1489 2219 1557 Divinitate,
2262 1506 2331 1545 ne
2386 1492 2663 1562 ambigant
2711 1493 2777 1548 de
2824 1504 2891 1547 eo
2936 1493 3162 1547 homine
3206 1499 3275 1546 an
3319 1494 3490 1565 possit

1902 1592 2123 1653 peccata
2172 1584 2462 1639 dimittere.
2511 1584 2763 1655 Ego,sum
2805 1584 2898 1640 tua:
2934 1586 3135 1639 mundi.
3181 1587 3310 1652 Quae
3348 1587 3489 1641 nube

1903 1676 2084 1731 carnis
2124 1677 2343 1747 tegitur,
2372 1685 2428 1730 et
2454 1677 2534 1732 sic
2572 1677 2846 1733 toleranda
2887 1677 3199 1733 hominibus
3232 1676 3482 1744 eﬁicitur,

1901 1767 2044 1821 unde
2072 1775 2127 1821 et
2171 1775 2391 1837 peccata
2429 1783 2647 1838 possum
2683 1768 2957 1822 dimittere
3008 1776 3064 1823 et
3100 1768 3264 1823 etiam
3305 1766 3488 1821 homi-

1832 1860 1882 1923 B
1908 1872 2031 1915 nem
2067 1859 2391 1915 illuminare.

1975 1952 2139 2007 Vens.
2194 1951 2278 2005 15.
2315 1982 2384 1991 -—
2425 1950 2817 2006 Testimonium.
2868 1951 3067 2006 Putant
3099 1962 3209 2005 non
3254 1952 3486 2005 creden-

1905 2041 2030 2096 dum
2065 2040 2136 2094 ei.
2166 2040 2331 2107 Quasi
2356 2057 2370 2094 :
2402 2040 2562 2095 Solus
2581 2041 2648 2094 de
2672 2051 2731 2097 se
2750 2024 2984 2095 testatu'r
3006 2039 3158 2095 obliti
3181 2040 3513 2118 punisse:

1904 2151 2024 2190 rum
2045 2134 2416 2200 lucernarum,
2447 2145 2503 2190 et
2530 2135 2699 2204 ipsius
2736 2134 2961 2190 Joannis
2982 2133 3267 2206 Baptistae,
3293 2134 3383 2204 qui
3413 2134 3489 2189 de

1904 2243 1971 2284 eo
1994 2227 2280 2282 evidenter
2312 2226 2567 2282 ostendit.

1974 2319 2137 2375 Vens.
2175 2319 2259 2373 14.
2290 2350 2361 2359 -
2395 2317 2586 2373 Verum
2617 2327 2691 2373 est
2717 2319 3091 2373 testimonium.
3122 2316 3298 2373 Meum
3328 2316 3485 2372 testi-

1902 2411 2139 2467 monium
2171 2411 2293 2465 ideo
2335 2424 2519 2466 verum
2550 2419 2633 2466 est
2662 2410 2990 2476 habendum,
3019 2410 3146 2479 quia
3181 2408 3295 2464 scio
3343 2408 3488 2464 unde

1901 2506 2078 2572 venio,
2112 2506 2215 2560 hoc
2243 2513 2348 2571 est,
2379 2505 2504 2575 quia
2538 2504 2846 2559 testimonio
2871 2503 3048 2559 Patris
3076 2502 3431 2557 conﬁrmatur
3466 2522 3483 2556 ;
3574 2574 3577 2577 Δ

1903 2597 2024 2654 veni
2063 2598 2259 2653 missus
2290 2612 2321 2651 a
2365 2596 2546 2663 Patre,
2582 2611 2690 2650 non
2731 2603 2911 2650 tamen
2954 2600 3079 2650 eum
3121 2595 3396 2658 deserens,
3428 2599 3485 2646 et

1902 2688 2121 2761 impleto
2135 2688 2436 2743 ministerio
2457 2687 2524 2742 ad
2552 2684 2771 2742 Patrem
2796 2684 2979 2751 redeo,
3002 2699 3104 2741 nec
3125 2692 3304 2738 tamen
3333 2696 3487 2737 mun-

1902 2783 2029 2838 dum
2057 2780 2326 2851 relinquo.

1974 2870 2135 2927 Vnus.
2176 2872 2261 2927 15.
2287 2900 2359 2912 ——
2386 2869 2491 2925 Vos
2505 2869 2792 2925 secundum
2814 2883 3022 2923 carnem
3039 2865 3318 2939 judicatis.
3349 2862 3486 2932 Quia

1901 2967 2032 3023 illud
2073 2967 2313 3031 nescitis,
2349 2965 2470 3019 ideo
2495 2978 2592 3020 vos
2618 2961 2914 3018 Secundum
2957 2972 3177 3014 carnem
3206 2954 3485 3026 judicatis,

1902 3062 2006 3117 hoc
2027 3069 2129 3126 est,
2159 3058 2432 3115 hominem
2480 3056 2704 3126 putatis,
2738 3054 2824 3108 cui
2858 3052 2913 3107 in
2945 3051 3105 3107 laude
3139 3058 3240 3106 Sua
3266 3047 3493 3104 creden-

1910 3154 2036 3207 dum
2067 3168 2173 3207 non
2202 3152 2291 3215 sit,
2322 3158 2377 3205 et
2407 3149 2567 3203 etiam
2596 3146 2885 3202 damnatis.

1984 3242 2095 3314 Ego
2120 3258 2220 3296 non
2241 3240 2423 3310 judico
2448 3250 2776 3310 quemquam.
2809 3234 2921 3305 Ego
2941 3246 3048 3288 non
3071 3232 3276 3301 judico,
3302 3228 3482 3301 quasi,

1911 3335 2205 3392 secundum
2236 3336 2552 3397 carnem,ut
2574 3327 2794 3395 nos,vel
2812 3325 3026 3398 penitus
3048 3334 3155 3379 nan
3177 3323 3361 3391 judico
3387 3323 3491 3378 hoc

1907 3430 2084 3501 primo
2106 3428 2360 3491 adventu,
2396 3424 2489 3479 sed
2510 3422 2677 3488 salvo,
2711 3421 2805 3477 sed
2836 3420 2961 3490 quia
2984 3416 3227 3474 secando
3256 3416 3488 3472 adventu

1901 3516 2188 3590 iudicabit,
2226 3516 2408 3572 sub'dit
2430 3516 2537 3570 hoc
2577 3530 2588 3567 :
2627 3513 2696 3566 Et
2726 3514 2773 3567 si
2794 3511 2985 3583 judico
3015 3526 3129 3581 ego,
3161 3518 3271 3563 etc.

1980 3607 2143 3663 Vens.
2176 3605 2262 3662 16.
2299 3632 2370 3645 ——
2409 3603 2548 3671 Quia
2577 3602 2722 3658 solus
2748 3601 2932 3675 (Αυσ.)
2963 3601 3085 3655 Ideo
3127 3606 3339 3664 verum,
3366 3596 3493 3668 quia

1906 3715 2014 3757 non
2043 3699 2208 3766 solus,
2242 3697 2337 3754 sed
2356 3711 2455 3768 ego
2482 3705 2535 3752 et
2556 3694 2737 3750 Pater.
2764 3694 2904 3749 Ecce
2931 3708 3062 3765 ergo
3090 3692 3194 3747 duo
3221 3691 3274 3744 in
3302 3700 3488 3760 perso~

1905 3794 2014 3860 nis,
2042 3792 2169 3848 licet
2192 3772 2356 3845 unum
2386 3789 2443 3843 in
2470 3786 2801 3852 substantia;
2836 3783 2979 3855 quod
3005 3790 3088 3839 est
3112 3799 3125 3837 :
3151 3780 3275 3839 Ideo
3300 3792 3491 3836 verum

1906 3895 1989 3942 est
2004 3885 2266 3955 judicium
2290 3896 2492 3947 meum,
2515 3881 2643 3952 quia
2669 3891 2829 3934 verus
2850 3875 2945 3931 Dei
2975 3874 3141 3929 Filius
3170 3886 3311 3938 sum,
3340 3873 3482 3926 unde

1904 3979 2164 4049 probatur
2210 3974 2356 4047 quod
2392 3972 2562 4028 Filius
2586 4013 2600 4040 ,
2643 3970 2771 4042 quia
2814 3980 2924 4024 non
2975 3967 3153 4032 solus,
3190 3965 3285 4021 sed
3329 3962 3493 4020 Pater

1906 4086 2144 4217 ωῗὲἔιέ.
2186 4158 2272 4213 17.
2296 4188 2368 4198 -—
2407 4155 2474 4210 Et
2503 4157 2557 4209 in
2583 4110 2699 4225 lege
2732 4160 2901 4206 vestra
2937 4148 3187 4221 scriptum
3216 4155 3310 4201 est.
3363 4143 3490 4216 (1ο.)

1910 4257 2060 4311 Dicto
2090 4252 2156 4308 de
2196 4248 2402 4323 judicio
2431 4246 2573 4318 quad
2616 4254 2773 4300 s'uum
2806 4250 2862 4297 et
2909 4239 3088 4295 Patris
3119 4236 3492 4293 testimonium

1906 4362 2094 4405 verum
2157 4344 2268 4409 sit,
2308 4340 2504 4411 probat
2551 4337 2619 4391 ab
2679 4332 3004 4389 auctoritate
3070 4329 3224 4399 legis.
3288 4325 3497 4382 Dicitur

1908 4437 2068 4499 enim,
2096 4440 2225 4501 etc,
2258 4444 2421 4501 usque
2444 4429 2509 4482 ad
2538 4435 2599 4481 ut
2633 4430 2884 4480 accusata
2914 4422 3164 4478 Susanna
3187 4418 3398 4473 habuit.

1982 4528 2146 4585 Vens.
2192 4526 2271 4581 l9.
2302 4552 2373 4565 -
2402 4522 2650 4576 Dicebant
2681 4532 2803 4589 ergo
2838 4517 2902 4571 ei.
2938 4514 3243 4570 Secundum
3273 4520 3495 4564 carnem

1907 4621 2244 4693 judicantes,
2288 4612 2502 4670 Patrem
2555 4610 2757 4668 Christi
2794 4606 3090 4663 carnaliter
3137 4607 3494 4693 acceperunt;

1917 4690 2010 4770 sed
2039 4721 2154 4768 erat
2182 4711 2345 4765 homo
2377 4708 2431 4762 in
2455 4715 2666 4778 aperto,
2698 4703 2931 4758 Verbum
2960 4697 3141 4753 Patris
3173 4696 3226 4748 in
3255 4690 3490 4747 occulto.

1921 4803 2018 4859 Ubi
2046 4811 2119 4857 est
2151 4800 2313 4854 Pater
2358 4810 2498 4852 tuus.
2545 4795 2709 4862 Quasi
2756 4792 2939 4847 dicant
2969 4806 2983 4841 :
3018 4786 3093 4841 Te
3127 4783 3374 4839 videmus
3401 4778 3499 4835 sed

1920 4915 2029 4956 non
2067 4897 2283 4951 Patrem
2332 4903 2527 4948 tecum.
2576 4889 2781 4956 Quibus
2818 4892 3038 4940 econtra
3086 4879 3285 4935 dicitur
3328 4894 3343 4931 :
3389 4874 3500 4931 Sed

1925 5004 2025 5045 nec
2051 5001 2138 5043 me
2177 4986 2349 5051 scitis,
2374 4983 2497 5052 quia
2534 4980 2579 5034 si
2617 4976 2889 5032 hominem
2926 4987 3088 5044 quem
3128 4968 3345 5033 videtis,
3390 4980 3499 5021 non

1912 5080 2055 5154 quod
2085 5079 2136 5133 in
2166 5074 2379 5133 occulto
2404 5088 2522 5126 sum
2540 5070 2781 5133 scitis,et
2804 5067 2923 5122 ideo
2942 5079 3042 5119 nec
3068 5064 3283 5118 Patrem
3323 5057 3494 5114 scitis.

1916 5174 2023 5231 Sed
2049 5172 2093 5227 sl
2142 5184 2227 5225 me
2265 5166 2499 5229 sciretis,
2532 5163 2678 5235 quod
2712 5169 2797 5217 est
2840 5158 3015 5230 prius,
3041 5168 3132 5213 me
3162 5154 3493 5224 cognoscite,

1914 5272 1969 5321 et
2000 5260 2319 5319 sic.Patrem
2366 5255 2600 5321 sciretis,
2626 5254 2752 5325 quia
2784 5264 2948 5306 unum
2990 5260 3197 5305 sumus.
3245 5243 3499 5302 Forsitan

1916 5369 1964 5413 et
2016 5354 2252 5419 Patrem,
2280 5362 2383 5406 etc.
2436 5348 2551 5404 Non
2598 5349 2828 5413 dubitat,
2866 5345 2960 5401 sed
2992 5343 3298 5400 dubitantes
3343 5339 3498 5409 quasi

1919 5450 2109 5506 irridet
2140 5457 2195 5503 et
2240 5448 2516 5515 increpat;
2561 5451 2620 5496 ut
2647 5450 2702 5496 et
2747 5440 3001 5497 dominus
3045 5450 3240 5503 servo,
3270 5434 3498 5488 forsitan

1920 5544 2180 5600 Dominds
2204 5547 2326 5594 thus
2352 5552 2493 5594 sum.

1988 5632 2153 5691 Vens.
2182 5630 2273 5689 ‘20.
2306 5663 2374 5672 —
2414 5628 2540 5684 Hcce
2569 5637 2741 5695 verba,
2772 5635 2885 5683 etc;
2917 5625 3077 5682 Gaza:
3102 5621 3322 5686 divitiae,
3348 5619 3493 5690 Phy-

1919 5728 2040 5783 laxe
2064 5741 2299 5782 servare.
2351 5723 2551 5795 Typice
2584 5741 2595 5775 :
2629 5718 3086 5792 Gazophylacium
3113 5723 3196 5770 est
3240 5710 3498 5783 mysteria

1920 5823 2323 5893 Scripturaiuin
2347 5862 2361 5884 ,
2391 5834 2508 5890 qua:
2540 5824 2665 5873 sunt
2709 5815 2763 5870 in
2796 5813 3015 5884 templo,
3050 5806 3103 5865 id
3132 5814 3215 5864 est
3252 5806 3307 5861 in
3338 5805 3498 5861 Chri-
