3958 6314
492 391 591 448 591

988 389 1376 448 WALAFRIDI
1414 390 1666 447 STRABI
1704 391 1908 448 FULD.
1947 390 2050 446 MO.

2165 388 2305 446 DPP.
2345 389 2525 445 PARS
2562 390 2603 444 ι.
2638 419 2710 430 -
2744 387 3204 445 THEOLOGICA.

3642 387 3744 440 592

492 521 596 564 sto.
646 506 768 564 Haec
797 517 1003 564 secreta
1032 516 1154 577 post
1198 507 1649 563 resurrectionem
1677 507 1887 577 aperuit
1932 521 2062 576 apo-
2086 506 2141 566 A
2164 501 2369 557 didisti.
2395 501 2513 557 Non
2542 501 2920 574 cognoscimus
2947 507 3008 554 ut
3024 497 3336 562 credamus,
3359 495 3453 550 sed
3477 496 3745 550 credimus

493 599 667 664 stolis,
697 601 793 655 sed
835 601 892 654 in
917 599 1001 654 his
1041 601 1199 654 modo
1226 598 1466 669 loquitur
1493 614 1590 668 per
1633 598 1919 669 parabolas
1961 614 2069 654 non

492 689 906 762 intelligentibus
925 690 1145 746 Judazis.
1175 691 1244 744 Et
1287 707 1434 745 nemo
1469 693 1804 762 apprehendit
1843 708 1980 747 eum.
2011 690 2069 746 Id

490 789 592 846 est,
624 781 930 851 loquentem
958 782 1024 838 de
1054 781 1284 838 Deitate.

558 873 720 927 Vens.
757 875 844 928 2t.
875 905 947 914 —
969 874 1085 946 Ego
1106 875 1259 931 vado.
1290 875 1455 943 Quasi
1485 885 1700 946 sponte,
1729 889 1785 934 et
1810 879 1930 934 ideo
1956 877 2070 932 fru-

487 974 601 1020 stra
624 965 894 1022 laboratis.
928 968 1090 1023 Vadit
1119 969 1209 1023 illo
1239 969 1382 1024 unde
1408 980 1664 1036 venerat,
1705 979 1761 1025 et
1790 971 1930 1026 unde
1957 987 2067 1026 non

486 1054 826 1110 discesserat.
855 1054 1139 1124 Quwretis,
1172 1057 1293 1112 ideo
1320 1068 1706 1129 persequentes
1733 1071 2066 1130 assumptum

487 1145 542 1200 in
583 1146 737 1203 caelis
770 1164 878 1204 non
924 1159 985 1204 ut
1028 1149 1188 1205 amici
1217 1151 1418 1206 habere
1454 1151 1750 1221 cupientes.
1800 1151 1955 1207 Unde
1987 1152 2066 1207 eis

483 1253 699 1308 ptenam
728 1241 1011 1310 praedicit:
1041 1240 1111 1295 In
1136 1252 1346 1312 peccato
1375 1252 1539 1298 vestro
1567 1245 1884 1319 moriemini.

556 1331 719 1386 Vens.
779 1332 870 1387 22.
922 1363 995 1374 —
1046 1332 1299 1406 Nunquid
1355 1335 1630 1404 interﬁciet
1684 1338 2066 1406 semetipsum?

487 1420 663 1476 Stulta
688 1423 854 1479 verba
883 1425 1038 1493 quasi
1074 1426 1119 1480 si
1147 1425 1214 1481 de
1246 1434 1418 1482 morte
1453 1428 1677 1494 diceret,
1709 1445 1818 1484 non
1846 1439 2067 1498 possent

487 1527 610 1567 eum
646 1515 801 1584 sequi
830 1517 897 1571 ad
927 1525 1178 1574 mortem.
1207 1518 1432 1575 Dicebat
1466 1534 1595 1591 ergo
1622 1537 1728 1577 non
1757 1523 1824 1577 de
1853 1532 2027 1577 morte
2047 1563 2062 1588 ,

486 1603 581 1658 sed
610 1605 678 1659 de
720 1605 890 1676 gloria
925 1607 991 1662 ad
1023 1624 1184 1679 quam
1231 1609 1346 1664 ibat
1371 1624 1469 1680 per
1503 1618 1750 1678 mortem,
1782 1612 1926 1667 unde
1961 1612 2067 1668 illis

483 1696 796 1754 carnalibus
819 1699 999 1754 subdit
1025 1718 1038 1754 :

558 1785 720 1843 Vens.
757 1788 848 1843 25.
876 1821 948 1830 —
981 1789 1086 1846 Vos
1119 1791 1362 1847 deorsum
1406 1794 1549 1848 estis.
1592 1793 1659 1848 Et
1698 1794 1819 1850 ideo
1864 1803 2061 1851 terram

483 1879 696 1948 sapitis,
723 1880 862 1935 sicut
887 1896 1113 1952 serpens
1140 1891 1342 1940 terram
1373 1885 1672 1941 comeditis.

2173 603 2234 650 ut
2254 609 2674 665 cognoscamus:
2709 592 2830 647 ideo
2855 590 3104 646 Christus
3136 589 3299 644 homo
3325 586 3381 640 in
3408 593 3555 641 terra
3591 584 3744 640 ﬁdem

2163 683 2319 755 jacit,
2347 695 2467 756 post
2497 699 2554 741 se
2578 683 2867 738 videndum
2893 681 3064 746 dabit,
3094 678 3238 750 quod
3261 685 3346 734 est
3373 692 3584 732 merces
3607 676 3743 732 ﬁdei.

2241 778 2403 832 Vens.
2432 777 2521 832 5i.
2546 807 2618 817 —
2652 774 2782 830 Vere
2804 772 3068 844 discipuli.
3117 771 3201 826 Ad
3234 772 3376 826 hanc
3413 770 3744 825 altitudinem

2170 867 2492 936 pervenietis
2521 882 2588 922 ex
2616 865 2722 921 ﬁde
2750 879 2870 934 quae
2899 871 2983 920 est
3007 861 3249 928 humilis,
3280 868 3336 916 et
3363 857 3744 926 contemnitur,

2169 967 2224 1014 et
2246 967 2330 1014 est
2356 975 2581 1030 granum
2609 959 2833 1029 sinapis.

2239 1048 2404 1105 Vens.
2433 1050 2522 1116 55,
2550 1049 2639 1104 54.
2665 1080 2735 1090 —
2756 1049 2948 1104 Liberi.
2982 1048 3096 1104 Hoc
3120 1047 3344 1104 verbum
3374 1046 3636 1102 Dominus
3658 1061 3747 1115 po—

2167 1143 2278 1199 suit
2304 1160 2336 1198 a
2365 1143 2634 1209 libertate,
2662 1158 2771 1198 non
2801 1143 3204 1214 ut‘plerumque
3230 1140 3422 1197 Latine
3450 1140 3555 1196 dici
3581 1139 3745 1202 solet,

2166 1235 2384 1292 liberari
2405 1237 2601 1307 aliquis
2627 1238 2696 1293 ab
2729 1237 3062 1292 inﬁrmitate.
3093 1237 3162 1291 Et
3191 1252 3300 1290 non
3329 1235 3544 1289 dixerat
3570 1233 3748 1286 Domi-

2165 1342 2269 1382 nus
2296 1345 2308 1379 :
2347 1326 2505 1383 liberi
2531 1327 2708 1392 eritis,
2740 1328 2874 1383 sed:
2911 1326 3117 1381 Veritas
3149 1326 3388 1380 liberabit
3416 1342 3528 1389 vos,
3561 1325 3619 1378 in
3649 1339 3748 1392 quo

2167 1426 2346 1472 tamen
2374 1419 2539 1474 verbo
2573 1435 2680 1474 non
2721 1418 3102 1475 intellexerunt
3144 1419 3251 1473 nisi
3298 1418 3607 1474 libertatem
3637 1435 3747 1473 car-

2166 1511 2361 1567 nalem.
2391 1510 2675 1582 Respondit
2717 1514 2792 1567 eis
2811 1554 2827 1580 ,
2871 1522 2978 1569 etc.
3007 1512 3124 1567 Non
3152 1513 3231 1567 illi
3255 1513 3347 1583 qui
3371 1512 3742 1572 crediderunt,

2165 1605 2261 1660 sed
2292 1604 2381 1659 alii
2410 1606 2466 1660 in
2496 1607 2654 1661 turba
2693 1606 2785 1676 qui
2823 1621 2930 1661 non
2962 1606 3332 1672 crediderunt,
3361 1605 3451 1674 qui
3475 1604 3663 1658 audito
3686 1604 3746 1656 li-

2166 1697 2364 1752 berabit
2389 1714 2499 1765 vos,
2527 1697 2788 1770 indignati
2818 1705 2944 1754 sunt
2971 1713 3030 1754 se
3050 1699 3236 1754 vocari
3264 1712 3472 1763 servos,
3499 1703 3747 1767 putantes

2165 1792 2369 1847 dixisse
2411 1793 2478 1847 de
2525 1793 2730 1848 carnali
2772 1792 3044 1848 libertate.
3077 1792 3148 1846 Et
3191 1793 3380 1846 nemini
3422 1791 3742 1845 seruiuimus.

2091 1869 2138 1928 Β
2167 1883 2515 1938 Mentiuntur.
2555 1882 2754 1954 Joseph
2793 1884 3014 1940 servivit
3049 1883 3105 1938 in
3147 1881 3413 1953 Egypto,
3459 1889 3645 1950 patres
3697 1880 3744 1932 in

554 1975 720 2030 Vens.
742 1975 832 2030 24.
854 2006 928 2018 —
948 1975 1075 2033 Dixi
1096 1995 1217 2050 ergo
1254 1980 1414 2034 vobis.
1460 1979 1560 2035 Hic
1587 1983 1808 2051 exponit
1835 1982 1963 2052 quid
1994 1983 2066 2037 sit
2165 1976 2397 2048 Egypto
2435 1977 2742 2034 servierunt
2782 1977 2840 2033 in
2883 1977 3026 2044 luto,
3063 1976 3155 2034 isti
3180 1976 3358 2034 eidem
3390 1974 3610 2031 tributis

480 2079 602 2120 esse
625 2065 692 2120 de
727 2066 958 2132 mundo,
987 2066 1042 2121 id
1064 2076 1166 2133 est,
1195 2083 1315 2124 esse
1343 2078 1653 2138 peccatores
1678 2071 1921 2127 inﬁdeles
1956 2079 2064 2126 ter-

482 2168 614 2207 rena
655 2155 944 2224 sapientes,
977 2157 1119 2211 unde
1145 2157 1250 2212 hoc
1275 2157 1356 2212 eis
1386 2159 1626 2228 exponit.
1659 2157 1721 2214 Si
1760 2160 1916 2214 enim.
1955 2159 2061 2216 Sed

479 2247 788 2302 econtrario
823 2261 972 2318 spem
1000 2248 1094 2302 dat
1123 2248 1430 2303 credituris.
1464 2247 1823 2304 Credideritis.
1876 2251 2062 2306 Credi-

478 2334 669 2392 deritis
698 2337 849 2403 dicit,
881 2353 986 2392 non
1014 2339 1386 2409 perceperitis,
1413 2339 1541 2409 quia
1567 2355 1726 2395 nemo
1749 2356 1892 2396 nunc
1915 2341 2062 2411 capit

480 2427 873 2483 immutabilem
901 2429 1212 2484 essentiam.
1247 2429 1362 2498 Ego
1404 2447 1552 2495 sum,
1597 2431 1912 2497 moriemini,
1948 2441 2052 2487 etc.

476 2519 592 2575 Non
615 2520 750 2576 dicit
776 2521 924 2591 quid,
953 2521 1036 2575 vel
1063 2521 1336 2586 Christus,
1368 2521 1453 2575 vel
1474 2521 1645 2576 Filius
1667 2521 1784 2587 Dei,
1810 2523 2057 2578 velaliud

473 2609 781 2681 huiusmodi
803 2653 818 2677 ,
853 2612 946 2668 sed
973 2612 1041 2667 ad
1074 2613 1204 2668 istos
1243 2613 1412 2667 utitur
1440 2615 1606 2669 verbo
1633 2622 1849 2670 aeterna:
1875 2631 2059 2672 essen-

473 2701 582 2766 tize,
611 2703 754 2757 sicut
778 2703 908 2758 olim
931 2703 997 2757 ad
1027 2704 1244 2775 Moysen
1271 2719 1432 2774 quem
1466 2705 1716 2761 mittebat
1737 2707 1804 2761 ad
1829 2707 2056 2762 liberan-

471 2792 601 2846 dum
632 2793 817 2849 Israel.
847 2795 1014 2861 Quasi
1042 2795 1224 2851 dicat:
1264 2795 1364 2864 Qui
1394 2797 1516 2852 misi
1555 2797 1771 2870 Moysen
1815 2799 1885 2854 ad
1922 2799 2054 2856 libe-

475 2885 704 2941 randum
735 2887 872 2942 ﬁlios
910 2887 1090 2954 Israel,
1125 2904 1225 2960 ego
1251 2904 1348 2960 per
1375 2891 1637 2960 meipsum
1669 2891 1792 2946 veni
1823 2891 2054 2948 liberare

473 2976 733 3045 perditos.
779 2975 985 3036 Caetera
1031 2995 1162 3036 vero
1205 2981 1387 3037 omnia
1436 2997 1556 3052 qua:
1591 2983 1914 3051 mittuntur,
1941 3001 2051 3041 non

473 3081 601 3122 vere
632 3076 778 3123 sunt.

541 3155 702 3212 Vens.
731 3156 821 3212 25.
842 3188 915 3198 —
936 3157 1284 3231 Principium.
1313 3161 1514 3235 (ΑΗΕ.)
1543 3161 1761 3220 Credite
1787 3180 1874 3220 me
1901 3164 2049 3237 prin-

2163 2084 2324 2126 saris.

2233 2164 2433 2232 Amen,
2483 2183 2634 2221 amen
2675 2167 2826 2233 dico,
2865 2174 2971 2222 etc.
3019 2165 3191 2221 Amen
3231 2163 3532 2226 Ilebraice,
3560 2177 3742 2216 verum

2161 2257 2360 2314 dicitur
2392 2258 2616 2326 Latine,
2645 2262 2789 2330 quod
2831 2259 3009 2315 nullus
3065 2260 3329 2330 interpres
3369 2255 3634 2319 mutavit,
3684 2269 3746 2307 ne

2161 2347 2446 2404 vilesceret
2467 2350 2760 2418 nudatum,
2796 2351 2888 2406 sed
2927 2351 3184 2405 honorem
3212 2349 3409 2404 habeat
3441 2355 3742 2408 secretum,

2159 2447 2214 2493 et
2250 2448 2336 2494 est
2380 2441 2533 2511 quasi
2568 2440 2968 2509 juramentum,
3001 2442 3142 2496 unde
3185 2441 3545 2511 Hieronymus
3584 2452 3745 2508 super

2158 2527 2354 2584 Isaiam
2388 2549 2401 2584 :
2442 2531 2597 2586 Jurat
2629 2531 2887 2588 Dominus
2930 2548 3028 2603 per
3060 2533 3406 2602 semetipsum
3435 2572 3450 2597 ,
3489 2530 3745 2601 quoniam

2159 2625 2486 2678 sententiam
2512 2625 2624 2680 oris
2653 2626 2735 2680 sui
2761 2635 2817 2682 et
2854 2627 3078 2682 verbum
3115 2626 3257 2696 quod
3294 2624 3463 2681 semel
3499 2623 3741 2694 protulit,

2156 2731 2499 2787 nequaquam
2539 2717 2756 2773 irritum
2785 2717 2947 2785 facit,
2974 2719 3078 2775 hoc
3102 2716 3228 2790 {est,
3268 2733 3364 2789 per
3393 2717 3742 2786 semetipsum

2149 2807 2374 2878 juravit.

2226 2898 2390 2955 Vens.
2421 2901 2585 2957 55.—
2609 2901 2804 2959 Servus
2826 2912 3021 2971 autem,
3051 2913 3154 2960 etc.
3185 2903 3246 2958 In
3275 2903 3380 2958 hoc
3401 2903 3596 2958 terruit
3623 2919 3742 2959 nos.

2154 2991 2285 3060 Quae
2313 3009 2443 3064 ergo
2480 3010 2606 3066 spes
2634 3005 2720 3052 est
2752 2996 3018 3054 libertatis
3057 2997 3142 3053 his
3179 2997 3274 3068 qui
3315 3012 3424 3052 non
3467 3007 3594 3052 sunt
3628 2998 3744 3052 sine

2154 3091 2381 3152 peccato
2400 3084 2424 3138 ‘I

2227 3171 2390 3230 Vens.
2424 3175 2513 3231 57.
2539 3206 2611 3216 —
2637 3177 2781 3243 Scio,
2809 3187 2914 3235 etc.
2947 3178 3206 3250 Exposito
3234 3195 3266 3235 a
3292 3179 3523 3236 Domino
3554 3190 3741 3236 contra

1119 3225 1130 3231 -
1323 3225 1334 3232 .
1493 3225 1506 3235 ,
1901 3225 1920 3237 .
2249 3225 2389 3230 ._----
2430 3225 2513 3231 ν--
2637 3225 2781 3243 νη,
2812 3225 2914 3235 --Ἢ
2948 3225 3203 3250 -.-ρων
3234 3225 3266 3235 ..
3292 3225 3520 3236 ---μων
3557 3225 3741 3236 πη..-

469 3247 694 3317 cipium,
721 3257 854 3317 etc.,
879 3267 1040 3324 usque
1061 3252 1129 3306 ad
1149 3254 1266 3323 ipse
1284 3270 1478 3312 manus
1498 3255 1740 3312 dextera.
1768 3256 2045 3318 fortitudo.
2075 3225 2125 3292 δ
2155 3261 2450 3334 gloriantes
2481 3266 2549 3322 de
2574 3283 2708 3322 vana
2737 3267 2986 3325 libertate
3013 3271 3213 3337 carnis,
3238 3279 3294 3326 et
3325 3285 3453 3327 vera
3482 3271 3742 3326 servitute

469 3339 751 3408 sapientia,
779 3349 836 3396 et
861 3341 1098 3398 Verbum
1126 3352 1210 3398 est
1232 3342 1430 3400 Patris.

541 3431 664 3505 (10.)
696 3433 837 3489 Ecce
866 3436 994 3504 quid
1041 3444 1127 3490 est
1169 3451 1320 3503 esse,
1368 3439 1494 3509 quia
1534 3442 1858 3513 principium
1897 3443 1953 3498 in
1989 3458 2048 3499 se

470 3535 678 3592 manet,
701 3526 924 3581 innovat
948 3528 1148 3593 omnia,
1178 3538 1232 3583 et
1259 3531 1457 3586 mutari
1484 3549 1591 3588 non
1625 3545 1822 3604 potest.

537 3613 748 3686 Loquor
792 3616 955 3671 vobis.
996 3616 1065 3672 Et
1107 3618 1280 3675 habeo
1320 3623 1472 3677 vobis
1514 3624 1685 3679 multa
1731 3626 1908 3698 loqui,
1953 3629 2047 3684 do-

467 3705 660 3772 cendo,
691 3707 738 3762 si
772 3709 1128 3773 credideritis,
1157 3714 1459 3768 accusando
1487 3715 1532 3769 si
1559 3732 1666 3771 non
1687 3719 2040 3784 credideritis,

469 3805 524 3852 el
552 3799 644 3868 qui
679 3799 840 3855 modo
861 3815 968 3856 non
987 3799 1193 3870 judico,
1229 3804 1323 3859 sed
1350 3804 1499 3861 salvo
1517 3847 1532 3872 ,
1560 3807 1734 3865 habeo
1760 3819 1880 3881 post
1903 3811 2048 3881 judi-

467 3902 610 3942 care.
648 3887 831 3945 Habeo
863 3891 1002 3958 dico,
1039 3893 1135 3948 sed
1165 3900 1336 3948 totum
1375 3910 1441 3950 ex
1464 3895 1625 3952 Patre
1650 3900 1740 3969 qui
1767 3915 1932 3955 verax
1963 3912 2048 3958 est

465 3991 530 4032 cx
560 3994 638 4045 se,
665 3995 733 4035 ex
759 3996 866 4052 quo
892 3996 992 4054 ego
1015 3999 1135 4038 sum
1163 3985 1364 4052 veritas
1386 4001 1547 4056 quam
1575 3991 1758 4060 genuit
1783 4007 1848 4047 ex
1872 4007 1960 4058 se,
1991 4001 2048 4048 et.

464 4067 585 4124 ideo
609 4085 737 4126 vera
766 4071 907 4140 dico,
935 4082 990 4129 et
1007 4072 1209 4143 judico.
1239 4076 1382 4134 Ecce
1406 4082 1674 4150 quomodo
1700 4084 1792 4139 dat
1815 4083 2044 4156 gloriam

461 4161 609 4218 Patri
633 4165 720 4220 cui
746 4166 970 4237 aequalis
1011 4178 1124 4237 est,
1167 4179 1231 4226 ut
1268 4171 1460 4229 doceat
1499 4189 1604 4231 nos
1641 4177 1879 4235 minores
1912 4178 2044 4236 dare

463 4255 688 4326 gloriam
713 4258 844 4314 Deo.

534 4347 697 4402 Vens.
727 4348 819 4404 27.
849 4379 920 4390 -—
953 4349 1025 4406 Et
1051 4368 1154 4407 non
1181 4367 1548 4425 cognoverunt.
1589 4357 1722 4414 Cum
1759 4361 1921 4428 dicit,
1953 4362 2044 4434 qui

463 4440 600 4493 misit
624 4457 704 4494 me
720 4481 734 4508 ,
765 4458 920 4499 verax
939 4453 1015 4497 est
1037 4485 1052 4510 ,
1081 4460 1190 4501 non
1223 4447 1606 4505 intellexerunt
1625 4453 1769 4522 quod
1790 4454 1855 4509 de
1878 4454 2041 4510 Patre

461 4527 683 4595 diceret,
716 4531 841 4601 quia
869 4532 1046 4588 adhuc
1080 4535 1353 4592 habebant
1382 4538 1592 4596 clausos
1615 4543 1816 4608 oculos,
1841 4556 1897 4600 et
1918 4545 2040 4602 ideo

461 4619 640 4674 subdit
665 4620 744 4676 eis
767 4640 781 4676 :
811 4620 943 4677 Cum
970 4625 1323 4683 exaltaveritis
1354 4628 1576 4700 Filium,
1593 4643 1725 4701 etc.,
1748 4636 1839 4692 ubi
1865 4647 2043 4694 osten—
2067 4618 2118 4678 D

460 4709 541 4764 dit
567 4711 776 4782 aliquos
800 4713 871 4768 ibi
898 4731 1038 4784 esse,
1070 4719 1162 4788 qui
1187 4728 1310 4790 post
1337 4723 1642 4792 passionem
1671 4743 1827 4784 suam
1855 4741 2040 4787 essent

459 4801 720 4856 credituri
750 4812 806 4858 et
841 4808 1109 4876 cognituri
1139 4811 1260 4878 quis
1288 4811 1400 4881 ipse
1421 4825 1582 4871 esset.

530 4890 694 4947 Vens.
733 4895 823 4950 29.
861 4927 932 4937 —
962 4898 1101 4965 Quia
1137 4919 1229 4972 ego
1267 4921 1404 4960 sum.
1442 4908 1572 4964 Esse
1597 4921 1680 4967 est
1706 4914 2038 4972 immutabile

458 4980 653 5037 divinae
679 4984 1011 5043 substantiae.
1047 4988 1152 5047 Sed
1177 5008 1244 5048 ne
1279 4995 1393 5066 ipse
1426 5000 1516 5069 qui
1545 5000 1810 5071 loquitur,
1841 5005 2038 5061 intelli-

458 5084 678 5167 geretur
703 5092 823 5135 esse
846 5078 1026 5149 Pater,
1054 5087 1235 5143 subdit
1256 5105 1270 5142 :
1289 5089 1380 5146 ‘Et
1417 5110 1449 5146 a
1478 5098 1671 5167 meipso
1698 5098 1836 5167 facio
1867 5100 2032 5165 nihil;

454 5164 582 5233 quia
609 5181 638 5220 a
664 5168 870 5240 meipso
897 5187 1004 5228 non
1025 5190 1165 5244 sum,
1199 5180 1293 5236 sed
1314 5198 1346 5236 a
1370 5181 1550 5240 Patre.

528 5254 666 5321 Quia
688 5275 813 5331 ego,
841 5273 944 5320 etc.
976 5265 1200 5340 Semper
1232 5273 1347 5343 ipsa
1389 5279 1668 5346 aiqualitas
1716 5290 1818 5336 est.
1873 5283 2029 5340 Sem-

451 5362 568 5444 per
595 5367 700 5406 non
750 5369 816 5409 ex
872 5361 1103 5428 quodam
1144 5365 1298 5422 initio
1351 5379 1406 5423 et
1442 5371 1726 5444 deinceps,
1771 5378 1867 5433 sed
1915 5379 2032 5435 sine

451 5437 604 5496 initio
644 5452 699 5498 et
744 5445 868 5504 ﬁne.
923 5450 1020 5506 Dei
1073 5454 1217 5508 enim
1255 5463 1534 5527 generatio
1578 5437 1684 5521 non
1712 5437 1897 5524 habet
1931 5470 2032 5524 ini-

452 5529 585 5586 tium
615 5539 890 5606 temporis,
923 5541 1050 5610 quia
1082 5559 1182 5613 per
1209 5545 1554 5618 Unigcnitum
1577 5553 1723 5612 facta
1747 5566 1874 5613 sunt
1896 5567 2029 5615 tem-

449 5637 602 5692 pora.

523 5716 685 5776 Vens.
716 5705 880 5775 50‘.—'-
903 5721 1063 5778 Multi
1100 5729 1429 5788 crediderunt
1469 5737 1526 5789 in
1560 5754 1699 5794 eum.
1741 5740 1904 5798 Fides
1943 5753 2028 5799 est

450 5805 669 5865 credere
699 5813 842 5881 quod
871 5829 979 5872 non
1007 5816 1176 5881 vides.
1209 5823 1412 5882 veritas
1439 5836 1524 5884 est
1542 5830 1726 5887 videre
1743 5835 1886 5904 quod
1908 5851 2023 5892 cre-

2149 3355 2397 3422 peccati,
2439 3363 2495 3410 et
2519 3371 2650 3411 vera
2674 3357 2924 3414 libertate
2966 3373 3064 3429 per
3107 3375 3164 3415 se
3203 3361 3404 3426 ﬁlium,
3439 3363 3742 3418 concedens

2150 3443 2291 3511 istis,
2339 3447 2546 3502 scilicet
2605 3449 2748 3518 quod
2779 3448 2873 3503 ﬁlii
2915 3448 3145 3507 Abrahae
3173 3461 3299 3506 sunt
3337 3468 3434 3523 per
3481 3469 3738 3519 carnem,

2150 3538 2285 3594 tales
2320 3541 2520 3623 liberos
2549 3543 2787 3598 ostendit
2835 3559 2943 3598 non
2989 3561 3109 3600 esse
3152 3545 3293 3602 ﬁlios
3329 3545 3594 3613 Abrahae,
3645 3565 3742 3619 per

2150 3630 2507 3689 imitationem
2545 3634 2669 3690 ﬁdei
2713 3643 2769 3690 et
2802 3634 3052 3704 justitiae,
3093 3639 3185 3694 sed
3213 3654 3336 3695 esse
3380 3639 3520 3696 ﬁlios
3559 3642 3738 3697 homi-

2148 3723 2282 3778 cidae
2313 3725 2534 3793 diaboli,
2564 3737 2872 3798 quaerentes
2899 3745 2958 3786 se
2986 3731 3254 3799 occidere,
3279 3740 3335 3790 et
3358 3733 3436 3788 ita
3463 3749 3586 3791 esse
3612 3750 3740 3791 vere

2150 3830 2360 3872 δεῖνος.

2220 3909 2383 3966 Vens.
2408 3911 2500 3969 59.
2529 3943 2600 3953 —
2624 3912 3019 3985 Responderunt
3043 3927 3093 3972 et
3120 3918 3367 3973 dixerunt
3386 3921 3453 3974 ei.
3487 3919 3624 3988 Quia
3656 3937 3737 3975 ar-

2145 4000 2259 4071 guit
2287 4016 2382 4057 eos
2411 4002 2591 4060 facere
2630 4005 2773 4060 mala
2809 4008 3014 4076 patris,
3065 4008 3297 4066 fatentes
3325 4020 3537 4080 patrem
3575 4027 3734 4068 suum

2144 4106 2264 4148 esse
2303 4093 2607 4162 Abraham,
2654 4109 2954 4168 provocant
2979 4099 3160 4172 aliqua
3197 4102 3518 4160 maledicere
3543 4115 3733 4161 contra

2142 4186 2444 4255 Abraham,
2477 4200 2537 4246 ut
2575 4192 2647 4247 sit
2673 4193 2752 4249 eis
2780 4196 2993 4251 occasio
3024 4195 3254 4253 faciendi
3284 4199 3428 4268 quod
3453 4199 3730 4265 volebant,

2143 4281 2238 4337 sed
2287 4283 2549 4339 Dominus
2595 4286 2870 4342 Abraham
2925 4289 3109 4346 laudat
3156 4300 3212 4347 et
3255 4291 3387 4348 istos
3435 4293 3730 4365 degeneres

2143 4372 2380 4440 damnat,
2413 4375 2636 4432 dicens:
2680 4376 2742 4433 Si
2767 4378 2868 4447 ﬁlii
2893 4379 3136 4448 Abrahw,
3169 4391 3274 4437 etc.

2213 4463 2374 4536 Vens.
2407 4465 2497 4520 40.
2533 4497 2604 4506 --
2631 4467 2789 4522 Nunc
2811 4480 2983 4524 autem
3015 4473 3278 4541 quwritis,
3307 4482 3412 4529 etc.
3447 4473 3567 4530 Non
3597 4476 3724 4531 dicit

2144 4557 2312 4626 (quod
2342 4557 2576 4630 poterat)
2603 4575 2661 4615 se
2687 4575 2810 4616 esse
2848 4561 3125 4618 dominum
3150 4563 3412 4632 Abrahae,
3446 4584 3514 4625 ne
3539 4569 3610 4623 sit
3636 4585 3727 4625 0c—

2141 4649 2291 4705 casio
2318 4651 2618 4719 calumniae,
2649 4669 2750 4708 nec
2775 4652 2943 4708 ﬁlium
2987 4654 3081 4710 Dei
3102 4696 3117 4722 ,
3163 4646 3429 4729 sedquod
3459 4661 3723 4725 invident,

2139 4749 2196 4796 et
2223 4742 2368 4811 quod
2391 4752 2618 4813 possunt
2641 4744 2906 4800 occidere.

2211 4828 2376 4883 Vens.
2405 4829 2493 4883 M.
2525 4859 2600 4870 —
2629 4828 2732 4884 Vos
2758 4831 2933 4900 facitis
2969 4850 3146 4903 opera.
3179 4833 3300 4891 Jam
3335 4836 3513 4893 innuit
3555 4840 3722 4894 alium

2140 4929 2347 4990 patrem
2377 4936 2537 4990 quam
2564 4921 2860 4989 Abraham,
2891 4924 3044 4996 cujus
3071 4925 3168 4980 ﬁlii
3194 4937 3339 4995 sunt,
3370 4945 3478 4984 non
3503 4941 3718 4996 natura,

2137 5013 2232 5067 sed
2260 5011 2579 5068 imitatione.
2613 5011 2902 5081 Dixerunt,
2931 5025 3034 5071 etc.
3075 5017 3209 5086 Nos,
3238 5029 3343 5075 etc.
3376 5020 3495 5076 iam
3520 5023 3720 5078 intelli-

2135 5115 2324 5176 gentes
2356 5121 2464 5161 non
2490 5106 2555 5161 de
2576 5107 2781 5178 origine
2807 5109 2989 5164 carnis
3007 5149 3022 5174 ,
3054 5110 3150 5166 sed
3185 5112 3250 5168 de
3278 5113 3388 5167 vita
3432 5114 3718 5169 Dominum

2133 5193 2301 5266 loqui,
2327 5204 2381 5250 et
2405 5213 2472 5252 ex
2499 5213 2600 5252 usu
2624 5197 3027 5268 Scripturarum
3053 5203 3284 5258 scientes
3302 5203 3714 5260 fornicationem

2132 5286 2485 5356 spiritualiter
2513 5288 2639 5354 dici,
2673 5305 2796 5344 cum
2843 5291 3024 5348 anima
3064 5293 3216 5351 falsis
3259 5296 3361 5352 diis
3398 5297 3710 5366 subjicitur,

2133 5385 2345 5431 mutant
2368 5379 2786 5448 {responsionem
2821 5389 2879 5437 et
2913 5391 3094 5439 tacent
3121 5385 3236 5456 jam
3264 5389 3329 5444 de
3353 5398 3506 5460 patre
3534 5390 3710 5446 Abra—

2133 5465 2258 5520 ham
2280 5507 2295 5532 ,
2338 5484 2404 5522 ne
2435 5469 2515 5524 eis
2556 5469 2808 5528 dicatur:
2853 5473 2962 5528 Cur
2987 5475 3053 5531 de
3094 5491 3159 5532 eo
3191 5478 3526 5549 gloriamini,
3556 5482 3708 5552 cujus

2132 5559 2295 5614 vitam
2319 5577 2425 5615 non
2447 5561 2770 5620 imitamini?
2789 5576 2843 5621 et
2861 5567 3048 5624 dicunt
3071 5579 3281 5640 patrem
3305 5571 3497 5638 Deum,
3520 5575 3707 5631 volen-

2134 5664 2216 5710 tes
2239 5657 2420 5712 videre
2440 5658 2570 5727 quid
2596 5659 2661 5714 ad
2686 5660 2787 5715 hoc
2817 5672 2998 5730 posset
3026 5664 3106 5719 eis
3131 5663 3330 5721 dicere.

2200 5745 2364 5800 Vens.
2378 5746 2468 5800 42.
2487 5777 2557 5787 -
2570 5747 2720 5803 Dixit
2739 5766 2882 5821 ergo.
2910 5751 3061 5808 Sicut
3077 5757 3424 5823 praeostendit
3444 5759 3512 5815 de
3531 5760 3706 5815 Abra-

2128 5837 2284 5905 ham,
2313 5838 2388 5894 ita
2430 5854 2574 5896 nunc
2603 5842 2843 5899 ostendit
2869 5843 3036 5902 Deum
3063 5864 3171 5904 non
3209 5860 3418 5922 patrem
3459 5853 3537 5910 eis
3575 5871 3697 5912 esse
