3958 6314
203 351 314 403 5'93

1185 343 1452 402 GLOSSA
1490 337 1886 402 ORDINARIA.
1928 369 1998 378 —
2036 340 2289 397 EVANG.
2331 341 2522 399 JOAN.

3362 343 3457 400 594

200 475 416 524 eorum,
445 458 568 528 quia
609 473 713 512 non
747 465 1078 528 cognoscunt
1112 456 1306 512 Filium
1337 473 1496 527 quem
1523 455 1664 510 misit
1697 467 1793 509 nec
1821 452 1872 514 Λ
1898 450 2054 519 mini,
2082 467 2183 523 ego
2213 469 2318 508 non
2339 495 2352 520 ,
2398 453 2492 508 sed
2531 468 2594 507 ea
2623 451 2791 524 gloria
2821 466 2978 521 quam
3009 450 3170 506 habui
3204 452 3344 522 apud
3369 453 3470 508 Pa-
3526 445 3532 450 ’

201 567 330 607 cum
362 550 609 620 diligunt.
633 548 769 618 .Ego
799 550 955 602 enim.
996 547 1279 603 Processio
1308 564 1370 602 ex
1403 547 1564 602 Patre
1592 554 1792 601 aeterna

201 651 308 704 est,
336 641 389 694 in
422 655 526 708 qua
553 649 636 693 est
661 636 838 692 Filius
858 639 1166 708 unigenitns
1193 639 1339 692 Patri
1365 637 1619 707 aequalis;
1651 636 1799 691 venit

203 735 374 790 homo
403 724 600 796 l‘act’us,
639 732 691 784 in
723 746 830 800 quo
859 730 1026 784 frater
1058 730 1384 784 hominibus.

192 893 194 896 ν
280 826 446 880 Vens.
478 823 567 877 43.
598 853 669 862 -
696 822 873 888 Quare
904 821 1184 892 loquelam.
1215 821 1293 874 Ita
1323 837 1408 875 res
1439 828 1522 875 est
1557 829 1618 874 ut
1645 820 1794 885 dico,

205 916 306 970 sed
341 931 446 969 non
477 914 702 984 potestis
722 913 865 982 quod
895 913 1014 967 dico
1039 928 1389 982 cognoscere,
1413 913 1538 981 quia
1569 927 1674 966 non
1704 928 1800 982 po-

208 1008 368 1062 testis
395 1007 616 1070 audire,
649 1021 772 1060 cum
813 1021 920 1059 non
963 1003 1140 1058 velitis
1176 1004 1447 1058 credendo
1475 1003 1692 1072 corrigi.
1735 1004 1801 1057 Et

209 1103 316 1155 hoc
343 1099 549 1169 quare?
577 1098 712 1164 Quia
742 1112 808 1152 ex
837 1096 1049 1152 diabolo
1074 1097 1205 1152 estis
1231 1115 1244 1150 :
1275 1097 1367 1150 lilii
1397 1096 1592 1152 diaboli
1625 1112 1803 1167 perse-

210 1210 345 1249 vera
356 1209 412 1247 re
442 1191 701 1261 elegistis.

287 1284 453 1337 Vens.
482 1281 572 1335 44.
601 1312 673 1322 —
699 1280 804 1335 Vos
835 1297 898 1334 ea:
921 1290 1086 1349 patre,
1112 1289 1216 1334 etc.
1248 1280 1384 1335 Ecce
1415 1278 1527 1349 jam
1557 1280 1806 1336 determi-

212 1385 309 1430 nat
341 1377 462 1444 quis
501 1375 570 1428 sit
610 1383 764 1444 pater
802 1387 1025 1436 eorum,
1071 1372 1224 1442 cujus
1266 1372 1358 1426 lilii
1399 1381 1526 1426 sunt
1565 1388 1670 1426 non
1705 1387 1803 1425 na-

213 1467 438 1529 scendo,
463 1473 522 1518 ut
545 1463 820 1518 Manichaei
857 1463 1042 1517 dicunt
1065 1503 1080 1527 ,
1113 1463 1205 1517 sed
1235 1464 1535 1530 imitando;
1578 1464 1717 1518 unde
1754 1470 1810 1516 et

213 1558 418 1614 Iudaeis
441 1556 667 1611 dicitur:
702 1551 866 1608 Pater
891 1562 1013 1606 tuus
1036 1552 1374 1608 Amorrltwus
1405 1563 1502 1620 est,
1525 1562 1694 1607 mater
1714 1562 1808 1606 tua

215 1647 434 1703 Cetlrwa
469 1647 684 1719 (Ezeclt.
719 1647 858 1718 xvi).

291 1739 362 1792 Et
399 1739 682 1792 desideria.
713 1737 840 1794 ldeo
870 1737 965 1795 lilii
1001 1737 1200 1795 diaboli
1266 1737 1392 1808 quia
1423 1736 1686 1792 desideria
1708 1753 1808 1807 pa-

1897 553 2035 600 trem
2071 554 2362 614 antequam
2407 544 2642 608 mundus
2675 553 2844 608 esset,
2885 559 3005 613 quae
3032 550 3117 597 est
3143 542 3210 598 ab
3236 543 3471 600 humana

1895 635 2175 691 inﬂatione
2201 637 2454 691 discreta.

1966 729 2134 783 Vens.
2164 730 2252 784 5i.
2282 761 2352 770 ——
2376 731 2559 796 Amen,
2587 747 2736 784 amen
2764 731 2879 784 dico
2901 729 3060 785 vobis.
3091 725 3208 784 Non
3232 745 3353 801 ego,
3381 731 3475 788 sed

1897 821 2058 876 Pater
2088 821 2282 891 qurerit
2309 821 2536 890 gloriam
2560 835 2768 886 meam;
2795 835 2895 890 ego
2917 829 3096 874 autem
3123 820 3266 886 dico,
3295 819 3354 876 Si
3381 836 3478 876 vos

1899 913 2110 977 dicitis,
2160 912 2495 966 Daemonium
2525 911 2713 976 habes,
2760 925 2860 981 ego
2888 927 2984 966 vos
3021 912 3088 966 ad
3126 911 3292 966 vitam
3321 926 3475 966 voco.

1901 1003 2038 1059 Hinc
2079 1005 2251 1058 discat
2296 1004 2458 1057 homo
2503 1001 2692 1067 Jesus,
2738 1019 2844 1057 non
2877 1003 3108 1067 malum,
3141 1004 3235 1058 sed
3279 1004 3478 1060 bonum

1903 1095 2148 1151 reddere.
2185 1093 2306 1148 Non
2348 1093 2554 1148 videbit.
2584 1093 2734 1159 Quod
2776 1093 2999 1157 dicitur,
3032 1094 3234 1152 videbit
3267 1093 3351 1151 vel
3379 1110 3478 1166 gn-

1903 1185 2086 1244 stabit,
2118 1183 2253 1238 nihil
2280 1183 2425 1236 aliud
2456 1190 2541 1237 est
2572 1198 2733 1252 quam
2755 1183 3082 1251 experietur.

1974 1277 2138 1333 Vens.
2185 1276 2274 1329 52.
2323 1305 2394 1314 —
2437 1272 2600 1328 Nunc
2641 1275 3017 1345 cognoscimus.
3067 1274 3219 1330 Sicut
3264 1286 3483 1348 accepta

1905 1371 2228 1428 contumelia
2255 1371 2428 1427 bonus
2455 1369 2517 1425 lit
2554 1369 2776 1436 melior,
2805 1369 2880 1424 ita
2916 1369 3090 1424 malus
3127 1369 3193 1424 de
3222 1371 3486 1428 beneficio

1906 1479 2077 1536 pejor.

1979 1552 2143 1607 Vens.
2175 1552 2265 1608 55.
2287 1582 2357 1593 —-
2379 1553 2543 1620 Quem
2573 1553 2792 1623 teipsum
2834 1551 3009 1621 facis?
3032 1549 3339 1609 Secundum
3369 1555 3490 1611 illos

1909 1661 1970 1702 se
1999 1645 2227 1700 faciebat
2253 1645 2444 1701 Filium
2476 1647 2590 1709 Dei,
2621 1644 2880 1716 aequalem
2907 1645 3042 1709 sibi,
3075 1646 3228 1715 quasi
3265 1663 3373 1702 non
3405 1661 3491 1704 es-

1911 1746 2017 1804 set,
2045 1737 2137 1792 sed
2162 1753 2267 1792 non
2308 1739 2572 1803 iaciebat,
2604 1739 2714 1793 imo
2742 1750 2868 1792 vere
2893 1745 3047 1802 erat;
3088 1738 3232 1793 unde
3262 1737 3494 1809 Aposto-

215 1834 315 1884 tris
341 1829 496 1884 vestri
531 1827 684 1882 vultis
715 1827 905 1897 facere,
937 1839 991 1884 et
1017 1829 1265 1884 occidere
1286 1842 1371 1882 me
1395 1827 1446 1880 in
1474 1843 1656 1892 carne,
1681 1827 1807 1895 quia
1838 1804 1884 1863 Β
1912 1829 1994 1885 lus
2020 1847 2034 1882 :
2077 1829 2200 1884 Non
2223 1831 2463 1900 rapinam
2494 1830 2778 1884 arbitratus
2799 1837 2873 1882 est
2899 1845 3007 1882 esse
3032 1845 3086 1882 se
3109 1838 3362 1900 (aqualem
3383 1830 3494 1886 Deo

215 1937 328 1976 non
363 1919 589 1990 potestis
621 1919 675 1972 in
710 1928 912 1972 mente.
943 1919 1044 1973 Ille
1082 1919 1363 1973 homicida.
1409 1919 1543 1973 Nota
1580 1920 1811 1974 homici-

218 2015 345 2067 dam
376 2028 480 2065 non
513 2010 684 2064 solum
710 2010 801 2080 qui
838 2009 1013 2076 ferro,
1047 2011 1140 2065 sed
1184 2011 1346 2064 etiam
1390 2010 1480 2080 qui
1515 2011 1681 2064 verbo
1717 2026 1810 2064 oe-

218 2103 461 2166 cidit,_ut
486 2100 730 2155 diabolus
759 2088 962 2171 primos
997 2112 1272 2172 parentes,
1307 2101 1448 2155 unde
1475 2101 1528 2154 in
1562 2101 1810 2169 psalmo:

220 2192 431 2263 Lingua
454 2208 632 2245 eorum
659 2191 864 2261 gladius
897 2204 1082 2245 acutus
1115 2189 1297 2260 (Psal.
1334 2190 1480 2262 LVI).
1511 2190 1578 2243 Et
1606 2191 1658 2244 in
1685 2191 1815 2244 veri-

219 2295 330 2337 tate
358 2300 462 2336 non
494 2283 651 2336 stetit.
679 2284 857 2349 Quare
890 2298 995 2337 non
1029 2282 1222 2336 stetit?
1262 2280 1399 2346 Quia
1426 2298 1530 2334 non
1565 2292 1638 2334 est
1670 2281 1723 2334 in
1754 2297 1814 2334 eo

220 2377 435 2430 rei-itas.
463 2373 520 2427 ιιι
551 2382 656 2439 est,
693 2371 926 2428 Verbum
959 2382 1014 2426 et
1043 2373 1304 2442 sapientia
1343 2371 1541 2424 Patris.
1571 2371 1704 2425 Cum
1731 2370 1814 2424 di-

217 2466 396 2529 citur,
430 2465 482 2518 in
511 2462 727 2517 Christo
765 2471 848 2517 est
879 2463 1113 2527 veritas,
1160 2463 1233 2515 ita
1262 2461 1480 2526 dicitur,
1510 2469 1570 2514 ut
1607 2461 1720 2528 ipse
1747 2461 1816 2514 sit

223 2555 447 2609 veritas.
499 2552 556 2608 Si
605 2567 734 2622 ergo
783 2551 1027 2606 diabolus
1066 2551 1305 2605 stetisset
1349 2550 1402 2602 in
1449 2550 1714 2614 veritate,
1760 2549 1814 2603 in

224 2644 445 2698 Christo
474 2643 734 2706 stetisset,
767 2642 860 2696 sed
893 2657 998 2695 non
1042 2641 1194 2694 stetit
1221 2640 1274 2694 in
1313 2652 1374 2692 ea
1394 2680 1409 2704 ,
1446 2639 1570 2709 quia
1596 2654 1702 2692 non
1734 2646 1819 2693 est

227 2739 347 2806 ipsa
378 2737 429 2790 in
463 2750 545 2788 co.
584 2734 664 2788 Ea:
687 2734 912 2804 propriis
944 2733 1205 2804 loquitur,
1233 2732 1356 2802 quia
1378 2730 1603 2784 mendax
1623 2740 1716 2784 est.
1752 2730 1817 2784 Et

141 2825 148 2830 ’
229 2831 337 2884 hoc
375 2844 480 2882 non
510 2827 729 2891 snllieit,
753 2827 878 2896 quia
905 2835 960 2881 et
989 2828 1150 2880 homo
1180 2825 1407 2880 mendax
1447 2833 1530 2878 est
1574 2824 1667 2893 qui
1710 2839 1817 2878 non

228 2921 398 2976 habet
422 2921 487 2974 de
517 2919 770 2990 praprio,
808 2919 900 2972 sed
929 2917 996 2971 ab
1027 2918 1204 2972 alieno
1233 2917 1428 2986 coepit,
1461 2916 1511 2968 id
1537 2924 1621 2969 est
1646 2931 1675 2968 a
1701 2916 1818 2970 dia-

228 3013 377 3076 bolo,
410 3013 530 3066 ideo
551 3011 755 3065 addidit
780 3028 792 3063 :
824 3010 890 3062 Et
927 3019 1074 3079 pater
1097 3010 1279 3079 ipsius.
1307 3007 1524 3064 Scilicet
1553 3008 1820 3064 mendacii

227 3105 377 3174 quod
408 3102 635 3157 invenit.
675 3101 761 3155 Ex
783 3102 1028 3170 propriis.
1069 3102 1202 3168 Quia
1233 3116 1339 3155 non
1380 3101 1595 3155 aliunde
1624 3102 1817 3167 habet,

224 3193 332 3248 sed
361 3208 391 3245 a
418 3207 476 3246 se
504 3200 788 3261 postquam
817 3189 1010 3245 cecidit
1038 3205 1068 3243 a
1096 3191 1324 3244 veritate
1348 3206 1362 3254 ;
1401 3191 1543 3245 unde
1577 3191 1823 3244 subditur

226 3297 356 3338 esse
383 3291 537 3351 pater
578 3281 844 3336 mendacii
873 3280 1015 3350 quod
1057 3295 1125 3335 ex
1165 3294 1224 3335 se
1261 3280 1466 3351 genuit,
1499 3287 1558 3334 ut
1591 3280 1734 3336 Deus
1757 3296 1826 3336 ex

235 3391 303 3432 se
332 3374 635 3429 veritatem.

311 3465 474 3520 Vens.
515 3467 604 3520 46.
631 3496 703 3506 --
728 3465 860 3531 Quis
894 3482 960 3520 ex
986 3465 1156 3531 vobis,
1205 3473 1312 3520 etc.
1354 3463 1470 3521 Non
1508 3465 1830 3536 dedignatur

233 3583 305 3623 ex
343 3565 554 3619 ratione
583 3565 872 3620 ostendere
899 3579 959 3618 se
981 3579 1086 3618 non
1111 3577 1232 3618 esse
1257 3571 1617 3631 peccatorem,
1646 3570 1753 3618 etc.

313 3659 476 3713 Vens.
505 3658 593 3713 48.
619 3687 690 3698 -
724 3656 940 3719 Nonne,
981 3665 1088 3711 etc.
1125 3656 1260 3722 Quia
1297 3655 1531 3709 convicti
1559 3663 1685 3709 sunt
1719 3669 1826 3708 non

235 3767 364 3809 esse
389 3751 482 3806 lilii
513 3750 744 3805 Abrahae
770 3749 856 3804 vel
885 3750 999 3814 Dei,
1041 3749 1135 3803 sed
1163 3747 1380 3813 diaboli,
1413 3748 1664 3819 ingerunt
1692 3764 1827 3804 con-

237 3847 408 3909 vicia,
435 3845 560 3916 quia
591 3860 696 3898 non
724 3852 976 3914 poterant
1001 3843 1276 3897 resistere.

319 3936 482 3991 Vens.
527 3935 615 3990 49.
657 3965 728 3974 -
771 3932 1101 4001 Honori/ica.
1153 3930 1269 3987 Non
1314 3946 1401 3986 me
1432 3931 1533 4002 (ne
1571 3945 1830 4002 arrogans

237 4030 402 4085 vobis
431 4026 650 4094 videar)
684 4025 824 4080 facio
847 4024 989 4094 quod
1019 4023 1218 4086 debeo,
1247 4023 1342 4078 sed
1375 4037 1474 4078 vos
1506 4039 1616 4079 non
1653 4023 1830 4079 facitis

241 4121 391 4192 quod
419 4117 648 4182 debetis,
680 4117 802 4187 quia
837 4130 940 4169 non
972 4115 1281 4169 honorastis
1309 4129 1428 4179 me,
1464 4129 1624 4183 quem
1660 4114 1706 4168 si
1734 4129 1829 4168 co-

243 4198 602 4281 gnoseeretis,
638 4208 776 4263 sicut
799 4221 898 4277 ego
924 4206 1222 4262 honoriﬁco
1248 4203 1486 4272 Patrem,
1519 4205 1598 4261 sic
1625 4221 1723 4262 vos
1743 4219 1830 4261 me

243 4304 591 4363 honoraretis

322 4397 487 4451 Vens.
520 4395 608 4450 50.
636 4426 707 4436 —-
733 4393 845 4464 Ego
884 4403 1077 4448 autem.
1109 4393 1308 4449 Audito
1333 4394 1596 4460 convicio,
1626 4393 1833 4448 Dwmo-

1914 1919 2152 1992 (Philip.
2203 1921 2306 1992 ιι).
2347 1920 2472 1976 Ideo
2516 1937 2622 1977 non
2661 1920 2753 1992 qui
2791 1935 2884 1987 es,
2930 1921 3035 1993 sed_
3058 1937 3218 1991 quem
3262 1923 3491 1993 teipsum

1915 2013 2090 2067 facis?
3011 1991 3040 2012 ’

1986 2105 2148 2159 Vens.
2187 2105 2274 2159 54.
2299 2136 2364 2145 -
2393 2105 2674 2176 Respondit
2703 2106 2878 2162 Iesus.
2905 2107 3103 2162 Contra
3131 2109 3233 2164 hoc
3253 2111 3395 2178 quod
3417 2111 3497 2165 di-

1914 2202 2043 2249 cunt
2066 2213 2079 2248 :
2115 2193 2280 2259 Quem
2302 2203 2352 2248 te
2373 2194 2542 2263 facis?
2560 2191 2727 2249 refert
2746 2195 2970 2266 gloriam
2996 2211 3149 2252 suam
3171 2197 3238 2252 ad
3257 2197 3494 2264 Patrem,

1915 2287 1982 2342 de
2007 2302 2114 2356 quo
2140 2296 2222 2341 est
2245 2288 2387 2357 quod
2420 2288 2562 2342 Deus
2589 2296 2692 2343 est.

1987 2376 2151 2433 Vens.
2183 2378 2272 2432 55.
2315 2377 2413 2431 Est
2443 2377 2606 2432 Pater
2645 2395 2812 2434 meus.
2863 2379 3062 2450 Aperte
3107 2381 3237 2436 dicit
3281 2381 3497 2438 Patrem

1916 2483 2072 2523 suum
2121 2481 2238 2522 esse
2267 2469 2433 2524 Deum
2477 2471 2569 2540 qui
2609 2473 2962 2527 annuntiatus
3001 2481 3084 2528 cst
3119 2473 3352 2530 Judaeis:
3387 2489 3496 2529 non

1917 2565 2187 2611 recentem
2221 2557 2388 2612 Deum
2411 2561 2564 2615 vobis
2595 2563 2885 2627 annuntio,
2934 2565 3025 2618 sed
3067 2564 3216 2618 illum
3255 2565 3320 2620 de
3345 2565 3500 2635 cujus

1916 2649 2224 2719 cognitione
2250 2651 2436 2706 soletis
2473 2652 2710 2722 gloriari.
2742 2655 2846 2719 Qui
2867 2655 3146 2726 gloriﬁcat.
3177 2657 3292 2712 Vox
3321 2658 3498 2713 Patris

1919 2738 2185 2806 glorificat
2209 2740 2404 2794 Filium
2437 2741 2490 2796 in
2518 2743 2785 2812 baptismo
2805 2784 2819 2808 ,
2866 2745 2918 2798 in
2958 2755 3170 2810 monte,
3200 2757 3254 2801 et
3283 2747 3337 2802 in
3378 2748 3500 2804 aliis

1918 2830 2244 2898 hujusmodi.
2275 2831 2342 2884 Et
2376 2849 2480 2887 non
2519 2835 2846 2904 cognovistis.
2891 2835 3005 2890 Non
3036 2839 3363 2908 cognovistis
3387 2840 3498 2910 spi-

1919 2921 2212 2983 ritualiter,
2268 2923 2394 2976 dum
2438 2939 2538 2993 pro
2583 2926 2814 2980 terrenis
2859 2928 3120 2982 servistis.
3169 2910 3311 2985 Ecde
3355 2931 3504 2988 videt

1921 3023 2106 3083 aperte
2133 3030 2230 3069 eos
2260 3015 2360 3070 sibi
2389 3017 2643 3072 resistere
2662 3057 2676 3080 ,
2706 3018 2800 3073 sed
2845 3027 3019 3074 tamen
3051 3035 3156 3074 non
3202 3021 3400 3076 desinit
3443 3039 3503 3079 se

1923 3106 2001 3160 eis
2026 3107 2338 3175 praedicare.
2372 3106 2438 3159 Et
2470 3109 2514 3161 si
2535 3109 2746 3174 dixero,
2785 3118 2888 3165 etc.
2923 3109 3002 3165 Ne
3027 3111 3080 3164 in
3104 3112 3208 3167 hoc
3239 3128 3503 3185 arrogans

1929 3195 2173 3248 videatur
2198 3195 2437 3265 gloriari,
2467 3199 2647 3264 addit,
2689 3209 2737 3252 et
2773 3201 2818 3252 si
2845 3200 3047 3254 dixero.
3073 3201 3396 3272 Arrogantia
3424 3205 3503 3260 sic

1927 3293 2198 3346 caveatur,
2235 3295 2292 3338 ut
2313 3287 2514 3341 veritas
2539 3303 2644 3342 non
2673 3289 3026 3358 relinquatur.

1997 3375 2162 3429 Vens.
2212 3374 2300 3429 56.
2333 3407 2403 3415 -
2432 3376 2716 3431 Abraham.
2764 3378 3002 3434 Credens
3048 3383 3339 3440 exsultavit
3384 3400 3504 3456 spe-

1928 3465 2122 3530 rando,
2151 3474 2211 3520 ut
2233 3466 2442 3522 videret
2468 3468 2812 3539 intelligendo
2841 3479 3046 3525 tantum
3078 3478 3414 3545 mysterium.

1996 3554 2149 3608 Diem
2194 3572 2384 3610 meum.
2416 3556 2617 3631 (Ave.)
2659 3559 2927 3615 Incertum
2962 3571 3047 3617 est
3092 3563 3146 3619 in
3189 3565 3332 3622 diem
3365 3577 3504 3625 tem-

1925 3645 2190 3716 poralem,
2217 3655 2346 3714 etc.,
2387 3665 2550 3720 usque
2583 3664 2650 3704 aa
2689 3659 2745 3706 et
2770 3653 2913 3723 quod
2939 3653 3116 3724 ipsum
3147 3672 3275 3713 caro
3302 3657 3507 3716 factum

1927 3747 2012 3795 est
2031 3739 2054 3792 ?

2000 3830 2160 3886 Vens.
2184 3832 2272 3888 59.
2303 3864 2374 3874 —
2402 3835 2470 3889 Et
2500 3837 2672 3892 exivit.
2702 3838 2900 3896 Exiens
2933 3839 2998 3895 de
3041 3842 3272 3912 templo,
3309 3843 3363 3900 id
3401 3853 3505 3911 est,

1929 3921 1997 3976 de
2028 3921 2214 3993 ﬁguris
2241 3923 2574 3994 Judaaorum,
2607 3929 2886 3985 videamus
2915 3932 3043 4002 quid
3072 3932 3263 3990 fecerit
3290 3935 3346 3991 in
3375 3944 3509 3993 tem-

1930 4012 2019 4084 plo
2041 4015 2298 4085 gentium.

2538 4130 2767 4189 CAPUT
2803 4132 2893 4188 lX.

2009 4281 2166 4338 Vens.
2199 4283 2250 4337 l.
2278 4313 2350 4324 —-
2376 4283 2445 4338 Et
2485 4287 2809 4354 prteteriens.
2851 4286 2966 4343 Non
2998 4296 3149 4344 stans
3183 4290 3236 4344 in
3271 4289 3356 4344 via
3385 4304 3511 4360 pec-

1934 4386 2200 4442 eatorum,
2216 4378 2308 4432 sed
2339 4392 2495 4434 secus
2510 4379 2648 4434 viam
2671 4390 2869 4438 nostra;
2889 4383 3254 4440 mortalitatis.
3281 4383 3512 4447 Caecum.

247 4490 400 4544 nium
420 4489 595 4552 habes,
637 4495 856 4542 econtra
891 4487 957 4540 de
986 4486 1155 4556 gloria
1202 4502 1295 4541 sua
1333 4488 1436 4542 hoc
1459 4487 1631 4542 solum
1660 4487 1821 4542 dicit:

1942 4469 2128 4523 Caecus
2172 4469 2441 4539 signiﬁcat
2482 4471 2774 4528 humanum
2812 4489 3012 4544 genus,
3056 4474 3111 4530 in
3153 4491 3262 4546 quo
3304 4476 3518 4532 caecitas

251 4578 563 4647 Honoriﬁco
602 4574 812 4630 Patrem
830 4617 845 4642 ,
885 4577 1066 4631 omnia
1095 4575 1378 4631 tribuendo
1405 4579 1490 4642 ei,
1519 4586 1573 4632 et
1601 4594 1702 4649 ego
1729 4594 1836 4634 non

248 4684 441 4740 quaero
469 4669 694 4740 gloriam
725 4675 991 4723 meam-ut
1024 4667 1272 4724 homines
1291 4711 1304 4732 ,
1335 4668 1426 4737 qui
1465 4668 1627 4724 illatis
1649 4679 1840 4725 contu-

239 4760 434 4857 fneliis
466 4759 666 4829 aliquid
699 4757 963 4824 reddunt,
989 4759 1082 4813 sed
1114 4759 1258 4813 Patri
1290 4774 1541 4824 reservo,
1578 4769 1631 4814 et
1652 4771 1726 4814 est
1753 4760 1842 4831 qui

253 4861 462 4924 quierat
492 4861 538 4906 et
566 4851 791 4920 judicet.
824 4852 952 4905 Dum
981 4858 1105 4905 sunt
1135 4851 1480 4906 tentationes.
1509 4851 1623 4906 Una
1645 4852 1840 4922 proba-

249 4941 447 5006 tionis,
475 4941 540 4995 de
565 4957 670 5010 qua
697 4958 710 4993 :
747 4939 928 4994 Tentat
954 4957 1037 4994 vos
1063 4939 1204 4994 Deus
1237 4939 1414 5009 (Deut.
1439 4939 1580 5011 xm).
1613 4941 1730 4994 Alia
1756 4942 1846 4997 de-

253 5031 542 5102 ccptionis,
606 5031 672 5085 de
723 5045 876 5099 qua:
931 5029 1073 5084 Deus
1123 5031 1413 5084 intentator
1459 5029 1718 5084 malorum
1767 5040 1844 5085 est

257 5121 408 5193 (Jac.
442 5121 524 5194 ιι).
568 5119 660 5177 Sic
695 5131 751 5176 et
790 5122 896 5176 duo
929 5122 1150 5176 timores
1178 5136 1194 5176 :
1219 5137 1359 5176 unus
1401 5136 1562 5192 quem
1609 5123 1846 5178 Charitas

259 5215 412 5269 foras
456 5214 642 5276 mittit,
677 5214 815 5268 alter
841 5213 931 5283 qui
961 5222 1240 5282 permanet
1270 5214 1322 5268 in
1354 5213 1611 5269 smculum
1642 5215 1844 5270 saeculi.

263 5306 358 5361 Sic
379 5314 435 5359 et
463 5306 570 5360 duo
593 5304 832 5374 judicia:
869 5322 1034 5360 unum
1067 5306 1447 5371 damnationis,
1491 5323 1597 5376 quo
1626 5324 1732 5362 non
1761 5307 1850 5376 ju-

262 5398 415 5454 dicat
438 5395 622 5462 Pater,
651 5397 745 5451 sed
775 5411 935 5451 omne
955 5395 1217 5464 judicium
1244 5397 1388 5452 dedit
1413 5397 1549 5454 Filio
1574 5417 1588 5452 :
1617 5399 1844 5453 alterum

263 5487 652 5552 discretionis;
698 5485 882 5542 unde:
920 5480 1116 5540 Judica
1159 5503 1275 5552 me,
1321 5487 1495 5554 Deus,
1537 5497 1586 5542 et
1616 5489 1848 5559 discerne

161 5595 168 5600 ν
265 5593 489 5631 causam
512 5593 679 5631 meam
717 5575 891 5647 (Psal.
918 5576 1073 5648 ιιιι).
1115 5576 1424 5634 Secundum
1465 5580 1567 5637 hoc
1611 5581 1845 5638 dicitur:

268 5669 370 5725 Est
398 5666 561 5723 Pater
587 5667 678 5738 qui
717 5676 927 5737 quaerat
947 5668 1174 5738 gloriam
1201 5685 1378 5726 meam
1397 5711 1414 5738 ,
1441 5680 1498 5727 et
1521 5671 1794 5730 discernat
1817 5688 1850 5729 a

268 5759 444 5832 gloria
476 5768 686 5825 vestra,
713 5759 838 5830 quia
877 5774 973 5814 vos
1018 5761 1311 5820 secundum
1351 5764 1609 5822 saeculum
1645 5765 1846 5836 gloria-

671 5853 947 5916 Ps'rn0L.
981 5851 1201 5916 CXIV.

1941 4561 2220 4626 naturalis,
2247 4563 2370 4631 quia
2398 4573 2657 4632 peccante
2686 4566 2862 4636 primo
2891 4567 3107 4621 homine
3127 4607 3142 4633 ,
3169 4568 3359 4622 vitium
3387 4584 3518 4636 pro-

1941 4661 2062 4720 pter
2087 4661 2335 4706 naturam
2364 4652 2607 4720 inolevit,
2645 4655 2787 4710 unde
2809 4656 3106 4711 secundum
3141 4665 3378 4714 mentem
3403 4674 3520 4715 om-

1942 4743 2027 4796 nis
2056 4743 2217 4797 homo
2237 4758 2413 4798 caecus
2443 4752 2601 4799 natus
2627 4753 2732 4800 est.

2017 4834 2180 4891 Vens.
2209 4836 2262 4890 5.
2289 4867 2362 4878 -
2387 4837 2570 4907 Neque
2592 4839 2676 4891 hic
2707 4840 2958 4908 peccavit.
2989 4839 3358 4900 Peccaverunt
3396 4847 3521 4916 qui-

1945 4933 2089 4998 dem,
2117 4931 2211 4987 sed
2237 4947 2344 4987 non
2374 4932 2465 4987 illo
2489 4942 2712 5002 peccato
2743 4934 2944 4989 factum
2971 4945 3076 5001 est,
3108 4945 3170 4991 ut
3207 4953 3381 4994 caecus
3423 4956 3522 4994 na-

1945 5034 2225 5090 sceretur,
2252 5024 2346 5079 sed
2377 5025 2491 5080 hare
2528 5035 2831 5092 estcausa,
2864 5036 2920 5081 ut
2946 5029 3345 5099 manifestentur
3367 5049 3528 5102 opera

1947 5115 2044 5170 Dei
2073 5117 2127 5170 in
2168 5115 2290 5170 illo.
2319 5116 2389 5171 Ut
2426 5131 2549 5170 eum
2582 5117 2930 5174 illuminando
2952 5128 3007 5174 et
3038 5136 3135 5190 per
3157 5137 3280 5178 cum
3309 5123 3438 5194 quid
3473 5125 3527 5178 in

1947 5209 2192 5264 caecitate
2223 5208 2442 5264 humani
2486 5210 2700 5279 generis
2748 5209 2993 5266 facturus
3028 5213 3098 5267 sit
3137 5214 3526 5285 signiﬁcando,

1948 5300 2118 5354 Filius
2147 5301 2257 5355 .Dei
2307 5301 2720 5365 manifestetur;
2759 5303 2900 5359 unde
2942 5305 3156 5362 subdit:
3209 5305 3296 5362 Mc
3329 5316 3530 5377 Oportet

1955 5392 2181 5462 operari.

2027 5482 2194 5538 Vens.
2227 5483 2280 5538 5.
2305 5513 2379 5525 --
2407 5484 2656 5551 Quandiu
2700 5503 2817 5543 sum
2852 5490 2908 5544 in
2944 5491 3158 5546 mundo.
3206 5490 3324 5546 Non
3356 5490 3529 5545 solum

1955 5583 2086 5630 tunc
2111 5573 2363 5630 Christus
2389 5575 2569 5632 lumen
2600 5587 2718 5633 erat
2759 5579 2814 5634 in
2855 5581 3076 5645 mundo,
3113 5581 3207 5636 sed
3234 5587 3290 5634 et
3317 5593 3532 5649 semper

1955 5681 2129 5739 usque
2154 5665 2223 5722 ad
2244 5670 2764 5728 consummationem
2792 5671 2969 5727 muli
2995 5687 3090 5742 per
3111 5671 3270 5728 tidem
3295 5677 3378 5726 est
3405 5684 3532 5724 cum

1955 5763 2165 5830 electis,
2196 5771 2252 5820 et
2275 5773 2360 5822 est
2385 5771 2596 5835 tempus
2629 5767 2905 5838 operandi.
2954 5765 3068 5821 Nox
3115 5764 3205 5821 illa
3243 5771 3328 5821 est
3362 5761 3531 5820 infer-

2558 5890 2590 5916 .
2950 5857 3023 5916 l3
