3958 6314
361 551 382 628 ἱ

451 327 572 383 '59!)

976 315 1373 374 WALAFRIDI
1412 314 1663 374 STRABI
1698 292 1934 372 [εἰ.τωῖ
1973 305 2049 363 Μ(

2182 303 2335 362 ΟΡΡ.
2375 303 2556 363 PARS
2595 305 2635 360 1.
2674 337 2742 346 -—
2786 306 3241 365 THEOLOGICA.

3661 314 3775 371 596

471 443 634 508 nalis,
667 437 729 495 in
758 450 866 509 qua
888 433 1022 490 nulli
1048 433 1177 488 licet
1200 431 1439 502 operari,
1464 439 1647 486 utnec
1675 425 1908 487 ardetnti
1930 420 2089 480 diviti
2116 423 2169 483 Α
2196 419 2431 485 inuncti,
2457 417 2572 488 jam
2597 421 2775 478 cordis
2801 422 2986 478 oculos
3012 423 3280 480 illuminat
3305 431 3360 481 et
3389 424 3479 483 ille
3506 441 3615 484 non
3649 439 3774 486 tan-

472 533 646 599 licuit,
679 529 776 586 sed
803 534 1012 584 tantum
1041 533 1125 580 est
1152 530 1365 593 tempus
1387 520 1702 592 recipiendi.

545 625 710 680 Vens.
745 621 800 675 6.
827 648 897 660 ——
927 617 995 671 Et
1027 615 1148 686 fecit
1185 614 1374 668 lutum.
1415 612 1568 670 Sicut
1602 613 1838 683 primum
1894 609 2081 663 homiv

473 737 598 777 nem
625 719 692 773 de
721 715 852 770 limo
881 719 1038 767 terra:
1066 708 1336 790 formavit,
1365 707 1439 761 ita
1465 720 1563 776 per
1593 705 1735 761 idem
1762 715 1950 790 genus
1977 698 2077 754 luti

474 827 643 885 genus
677 810 974 864 humanum
1011 800 1345 858 reformavit.
1390 797 1468 854 De
1510 797 1678 853 saliva
1704 796 1878 850 lutum
1909 789 2073 885 iecit,

2189 520 2301 566 tum
2333 512 2524 567 Filium
2553 513 2806 583 hominis,
2831 517 2924 572 sed
2947 517 3109 574 etiam
3128 519 3418 576 conﬁtetur
3435 520 3628 578 Filium
3648 523 3770 581 Dei.

2258 601 2422 658 Vens.
2451 603 2541 660 59.
2569 636 2640 646 —
2668 603 2735 659 Ut
2760 607 2851 678 qui
2877 624 2980 662 non
3013 609 3207 665 vident.
3235 609 3292 665 Id
3323 621 3442 677 est,
3478 614 3572 683 qui
3597 629 3654 670 se
3684 615 3768 671 viv-

2185 693 2316 750 dere
2345 702 2568 764 putant,
2602 706 2857 766 quaerunt
2881 707 2941 752 ut
2968 699 3214 765 videant,
3249 711 3303 756 et
3337 703 3430 772 qui
3460 704 3676 776 vident,
3717 707 3771 762 id

2181 788 2287 847 est,
2318 783 2410 852 qui
2436 799 2495 839 se
2516 783 2702 840 videre
2729 794 2946 858 putant,
2979 796 3033 842 et
3065 789 3334 844 medicum
3362 805 3469 845 non
3497 804 3768 862 quzeruut,

473 873 600 978 quia
629 902 866 959 Verbum
907 911 1034 952 caro
1075 894 1279 950 factum
1306 900 1410 949 est.
1453 890 1635 946 Saliva
1671 895 1758 944 est
1794 882 2075 957 sapientia
2180 881 2236 927 ει
2266 873 2371 930 hoc
2394 885 2477 931 est
2497 874 2795 978 judicium,
2827 879 2882 934 id
2910 888 2993 936 est
3010 881 3280 978 discretio
3304 883 3472 978 Aquod
3511 884 3775 978 discernit

471 1013 593 1069 quae
621 1011 690 1051 ex
714 1009 810 1050 ore
829 989 1095 1057 Altissimi
1121 986 1341 1059 prodiit.
1370 984 1543 1043 Terra
1565 991 1650 1040 est
1681 997 1810 1038 caro
1833 978 2068 1037 Christi.

466 1088 634 1144 Unxit
663 1085 862 1143 oculos.
892 1083 948 1138 ld
972 1090 1075 1148 est,
1102 1075 1731 1140 catechumeuumaiecit,
1764 1074 1858 1144 qui
1886 1071 2065 1130 credit

471 1179 710 1236 Verbum
735 1190 956 1234 carnem
990 1175 1211 1229 factum.
1245 1171 1452 1228 Unctus
1475 1169 1717 1225 nondum
1751 1165 1934 1231 videt,
1961 1163 2065 1221 sed

471 1272 704 1328 mittitur
729 1277 792 1326 ut
820 1269 993 1334 lavet,
1037 1264 1092 1321 id
1115 1271 1221 1332 est,
1245 1260 1633 1333 baptizetur'in
1655 1257 1851 1323 Misso,
1883 1256 1938 1312 id
1971 1263 2065 1312 est:
2149 1253 2174 1289 ‘~

468 1363 523 1418 in
550 1360 768 1418 Christo
785 1401 798 1425 ,
826 1364 1047 1430 propter
1076 1354 1222 1427 quod
1248 1367 1446 1409 nomen
1478 1349 1700 1422 piscinae
1725 1347 2058 1417 interpreta-

471 1463 577 1509 tur.
604 1453 921 1524 Baptizatus
953 1464 983 1503 a
1011 1446 1250 1518 peccatis
1274 1443 1455 1500 lumen
1477 1439 1702 1511 recepit.

544 1523 701 1598 Vens.
734 1542 788 1596 7.
808 1538 965 1594 —Et
986 1537 1121 1592 venit
1140 1534 1341 1599 videns,
1361 1540 1468 1588 etc.
1488 1528 1760 1597 Quaeritur
1786 1523 2057 1596 quomodo

466 1637 632 1694 istum
652 1634 771 1690 sine
793 1631 902 1688 ﬁde
921 1628 1215 1694 sanaverit,
1247 1641 1371 1682 cum
1400 1619 1909 1696 legatur-neminem
1941 1619 2057 1672 sine

466 1727 748 1784 sanatione
775 1723 1054 1788 interiore,
1073 1720 1313 1776 exterius
1334 1715 1592 1774 sanasse?
1621 1712 1729 1769 Sed
1746 1709 2060 1766 hocdicitur

2176 981 2398 1022 causam
2425 970 2760 1026 credentium
2788 986 2818 1026 a
2845 973 3114 1042 superbis.
3141 971 3415 1030 Iudicium
3440 975 3588 1032 enim
3619 979 3772 1033 dam-

2176 1058 2413 1114 nationis
2449 1076 2560 1116 non
2588 1063 2748 1117 modo
2769 1102 2786 1129 ,
2827 1063 2924 1118 sed
2966 1063 3020 1117 in
3061 1063 3167 1120 ﬁne
3200 1063 3394 1133 faciet;
3427 1067 3570 1123 unde
3604 1087 3620 1123 :
3655 1068 3772 1140 Ego

2175 1166 2281 1205 non
2291 1149 2476 1221 judico
2495 1169 2826 1225 quemquam.

2807 1246 3032 1304 CAPUT
3071 1249 3138 1304 X.

2241 1331 2410 1390 Vens.
2445 1336 2499 1390 1.
2525 1367 2594 1377 -
2621 1336 2809 1404 Amen,
2831 1355 2983 1394 amen
3006 1341 3124 1397 dico
3150 1341 3312 1397 vobis.
3339 1342 3476 1412 Quia
3501 1343 3773 1403 Pharisaei

2159 1427 2448 1500 jactabant
2475 1443 2534 1483 se
2569 1428 2786 1496 videre,
2834 1432 2978 1502 quod
3008 1442 3264 1504 possent,
3310 1436 3356 1490 si
3391 1451 3518 1494 oves
3558 1438 3772 1496 Christi

2160 1526 2381 1583 essent,
2449 1517 2711 1574 Dominus
2770 1529 2962 1575 contra
3021 1537 3212 1579 eorum
3269 1528 3643 1597 arrogantiam
3702 1531 3774 1587 de

2161 1625 2325 1682 grege
2353 1622 2475 1675 suo,
2506 1617 2562 1664 et
2587 1609 2653 1664 de
2679 1610 2822 1666 ostio
2849 1627 2958 1682 quo
2981 1612 3216 1670 intratur
3246 1616 3300 1672 in
3328 1617 3468 1674 ovile
3502 1619 3765 1677 similitu-

2161 1701 2343 1756 dinem
2369 1701 2658 1772 proponit,
2688 1703 2980 1759 ostendens
3017 1708 3161 1776 quod
3189 1722 3290 1764 nec
3325 1710 3589 1780 sapientia
3614 1753 3631 1778 ,
3663 1728 3769 1770 nec

467 1818 536 1874 de
571 1816 680 1872 illis
707 1814 800 1885 qui
826 1822 1047 1884 propter
1072 1817 1296 1882 peccata
1336 1805 1781 1863 inﬁrmabantur:
1814 1801 1919 1856 iste
1943 1814 2054 1856 non
2082 1815 2134 1876 Β
2161 1793 2474 1850 observatio
2503 1792 2667 1885 legis,
2699 1807 2800 1850 nec
2833 1794 2975 1851 bona
3000 1797 3111 1853 vita
3141 1799 3436 1871 quidquam
3469 1804 3614 1860 valet
3654 1807 3769 1862 nisi

463 1916 687 1979 propter
698 1911 1001 1978 peccatum,
1018 1901 1114 1958 sed
1134 1906 1356 1972 propter
1373 1897 1602 1968 gloriam
1623 1893 1717 1948 Dei
1739 1890 2054 1963 languebat.

536 1999 702 2058 Vens.
729 1996 814 2052 16.
837 2025 908 2036 ——
939 1985 1063 2048 Non
1090 1999 1167 2047 est
1195 1991 1278 2045 hic
1301 1991 1456 2044 homo
1482 2005 1526 2064 α.
1545 1986 1680 2052 Deo,
1703 1993 1810 2040 etc.
1833 1982 1927 2038 llle
1949 1981 2057 2053 spi-

464 2091 734 2147 ritualiter
763 2086 997 2145 custodit
1026 2085 1345 2152 sabbatum,
1387 2081 1482 2152 qui
1521 2088 1606 2136 est
1653 2077 1770 2133 sine
1796 2085 2053 2147 peccato;

463 2182 542 2240 illi
565 2196 697 2247 non,
722 2179 814 2250 qui
850 2177 989 2234 servi
1015 2182 1141 2230 sunt
1160 2173 1392 2245 peccati.

542 2272 702 2328 Vens.
743 2272 829 2325 17.
858 2299 928 2310 -
959 2267 1037 2322 Tu
1063 2266 1191 2339 quid
1214 2266 1342 2320 dicis
1361 2305 1376 2330 ,
1403 2271 1513 2319 etc.
1553 2260 1816 2329 Quaerunt
1843 2255 2052 2314 calum-

462 2370 644 2436 niam,
677 2377 732 2423 ul
762 2367 852 2423 ille
872 2366 939 2420 de
967 2377 1238 2438 synagoga
1259 2359 1592 2431 pelleretur,
1632 2355 1727 2411 sed
1769 2369 1799 2409 a
1833 2351 2054 2409 Christo

462 2461 821 2518 inveniretur.
853 2457 955 2512 Ille
981 2465 1157 2511 autem
1179 2452 1330 2516 dixit,
1361 2459 1466 2506 etc.
1499 2447 1693 2504 Adhuc
1719 2446 1976 2501 inunctus
1997 2444 2054 2500 in

461 2555 642 2620 corde,
673 2553 765 2624 qui
788 2551 1100 2614 conﬁtetur,
1131 2562 1240 2603 non
1266 2555 1448 2599 tamen
1484 2539 1763 2598 mentitur.

533 2650 700 2705 Vens.
739 2647 825 2702 18.
856 2675 927 2690 —--
961 2643 1140 2698 Donec
1171 2644 1500 2702 vocaverunt,
1530 2640 1637 2690 etc.
1661 2631 1920 2703 Mysticez-
1945 2629 2052 2684 Pa-

463 2751 680 2805 rentes,
721 2739 777 2794 id
815 2744 900 2792 est
935 2732 1180 2791 diabolus
1213 2729 1300 2784 vel
1331 2727 1494 2794 vitia,
1525 2725 1619 2796 qui
1647 2723 1855 2779 dicunt.
1896 2719 2054 2775 Aita-

465 2842 579 2888 tem
609 2829 796 2894 habet,
823 2827 942 2897 ipse
979 2826 1044 2881 de
1074 2823 1421 2892 seloquatur,
1439 2817 1533 2888 qui
1559 2814 1751 2873 nolunt
1773 2812 2054 2882 hominem

462 2900 716 2980 conﬁteri
759 2918 1056 2974 Christum.

531 3008 868 3082 lla-gloriam
894 3006 1005 3061 Deo
1038 3021 1056 3060 :
1099 3003 1214 3060 Nos
1243 3004 1435 3059 scimus
1455 3043 1470 3069 ,
1503 3010 1610 3057 etc.
1635 2999 1776 3054 Dare
1821 2993 2049 3067 gloriam

460 3107 592 3172 Deo,
623 3113 707 3160 est
734 3103 1012 3160 veritatem
1041 3101 1108 3156 de
1136 3098 1316 3168 aliquo
1347 3096 1498 3168 quasi
1530 3100 1796 3167 praesente
1823 3091 1933 3146 Deo
1969 3087 2050 3142 di-

2164 1898 2266 1956 per
2308 1899 2432 1940 eum
2473 1902 2486 1938 :
2525 1884 2643 1940 sine
2675 1899 2740 1941 eo
2775 1886 2911 1941 nihil
2952 1896 3080 1943 sunt
3104 1906 3158 1946 tn
3190 1906 3516 1966 quocunque
3541 1892 3766 1963 Iudaeo,

2156 1975 2245 2032 vel
2287 1976 2473 2048 gentili
2517 1985 2573 2033 et
2615 1977 2940 2050 philosopho
2986 1980 3072 2036 vel
3116 1982 3398 2040 Pharisaeo
3428 1986 3522 2057 qui
3555 1988 3768 2045 docent

2155 2066 2316 2124 beate
2335 2068 2517 2124 vivere
2548 2086 2562 2123 :
2595 2067 2681 2124 vel
2710 2069 2968 2127 haaretico
3000 2073 3102 2129 sub
3131 2075 3350 2130 nomine
3375 2075 3579 2134 Christi
3611 2097 3628 2133 :
3659 2095 3766 2136 nec

2156 2166 2337 2216 tamen
2365 2159 2422 2216 in
2449 2159 2669 2216 Christo
2693 2162 3056 2232 przedicante,
3085 2166 3178 2222 sed
3201 2181 3394 2223 omnes
3423 2168 3540 2224 sine
3568 2185 3641 2226 eo
3674 2187 3762 2226 ra-

2154 2251 2311 2322 piunt
2355 2261 2412 2308 et
2453 2253 2726 2308 occidunt.
2774 2251 2884 2308 Per
2927 2256 3140 2311 ostium.
3170 2256 3228 2312 Id
3276 2265 3359 2313 est
3395 2274 3496 2329 per
3525 2276 3654 2330 me,
3700 2273 3760 2316 ut

2154 2351 2279 2412 post
2303 2343 2546 2415 exponit.
2581 2342 2709 2400 Hac
2733 2342 2901 2414 janua
2933 2357 3018 2402 est
3041 2348 3263 2404 humilis
3292 2366 3306 2403 :
3337 2351 3426 2421 qui
3465 2365 3564 2422 per
3610 2353 3758 2409 hanc

2153 2436 2268 2491 vult
2287 2437 2512 2503 intrare,
2528 2445 2740 2508 oportet
2756 2446 2816 2493 ut
2834 2453 2892 2494 se
2911 2438 3183 2506 humiliet,
3208 2455 3300 2508 ne,
3330 2443 3377 2498 si
3397 2452 3618 2500 erectus
3643 2455 3756 2511 est,

2153 2525 2390 2584 oil‘eudat
2426 2527 2484 2583 in
2513 2529 2775 2584 humilem
2808 2529 3055 2601 januam.
3097 2531 3234 2588 Fur.
3274 2533 3411 2602 Quia
3438 2537 3581 2606 quod
3613 2538 3756 2596 alie-

2153 2635 2286 2676 num
2313 2629 2399 2676 est
2419 2635 2576 2676 suum
2605 2621 2758 2689 dicit,
2786 2621 2843 2677 id
2867 2631 2970 2688 est,
3017 2639 3150 2680 oves
3175 2624 3272 2680 Dei
3309 2641 3437 2683 suas
3460 2626 3616 2684 facit.
3650 2629 3756 2686 La-

2154 2719 2272 2779 tro,
2315 2710 2444 2781 quia
2491 2711 2638 2782 quod
2671 2711 2882 2770 furatus
2909 2723 2993 2772 est
3018 2715 3238 2772 occidit.
3279 2714 3389 2773 Sed
3428 2733 3624 2776 omnes
3659 2721 3756 2791 qui

2131 2804 2442 2862 veritatem
2486 2812 2674 2862 tenent
2699 2815 2755 2863 et
2778 2807 2975 2865 docent
2999 2808 3057 2865 in
3089 2809 3308 2867 Christo
3333 2820 3587 2881 pastore,
3621 2822 3761 2870 sunt.

2126 2913 2294 2953 unus
2317 2905 2527 2969 pastor.

2210 3011 2388 3069 Vens.
2432 3013 2486 3068 2.
2512 3043 2584 3054 —-
2612 3012 2810 3070 Pastor
2859 3025 2936 3070 cst
2985 3016 3181 3072 ovium.
3224 3017 3474 3074 Christus
3521 3021 3754 3092 proprie

2151 3114 2340 3178 pastor
2358 3114 2442 3162 est
2471 3106 2768 3162 secundum
2790 3105 3026 3164 ofﬁcium
3054 3109 3310 3178 pascendi
3335 3125 3485 3178 oves,
3532 3121 3595 3166 ut
3629 3113 3756 3184 ipse

460 3209 606 3264 cere,
629 3197 733 3250 hoc
758 3200 846 3250 εει
873 3210 887 3246 τ
919 3190 1176 3248 conﬁteri
1210 3189 1380 3244 ίειιιω
1413 3203 1522 3243 non
1561 3198 1684 3242 esse
1708 3184 1879 3239 Deum
1906 3180 2049 3236 είθιη
2077 3183 2127 3248 C.
2152 3206 2275 3269 post
2294 3199 2537 3270 exponit,
2564 3199 2654 3270 qui
2681 3214 2780 3271 per
2802 3215 2862 3256 se
2881 3201 3078 3256 ostium
3109 3201 3279 3257 intrat
3297 3202 3352 3258 in
3374 3203 3516 3260 ovile
3532 3180 3750 3261 ovitim.

458 3302 581 3352 nos,
605 3285 702 3342 sed
726 3291 1095 3356 peccaturem.

529 3377 698 3433 Vens.
729 3377 820 3430 27.
859 3407 930 3416 -
958 3373 1100 3441 Quid
1129 3375 1342 3438 iterum,
1376 3378 1485 3427 etc.
1515 3366 1698 3441 (Auc.)
1726 3361 2047 3421 Stomacha-

457 3482 546 3528 tur
575 3478 766 3528 contra
794 3469 1050 3524 duritiam
1077 3468 1265 3522 eorum
1289 3505 1303 3531 ,
1339 3464 1406 3522 de
1437 3477 1583 3520 caeco
1613 3459 1792 3517 factus
1831 3455 2043 3522 videns,

456 3573 512 3621 et
533 3577 706 3620 caecos
727 3561 842 3632 jam
869 3575 978 3617 non
1004 3560 1204 3615 ferens.

526 3657 694 3713 Vens.
724 3657 816 3714 28.
853 3684 918 3695 -
950 3652 1341 3708 Maledixcrunt
1363 3668 1484 3724 ergo
1507 3651 1575 3706 ei.
1616 3649 1923 3706 Secundum
1948 3661 2046 3703 cor

456 3766 645 3808 eorum
675 3747 984 3806 maledictio
1019 3754 1122 3802 est.
1166 3745 1271 3802 Sed
1301 3746 1446 3817 quod
1473 3744 1670 3800 dicitur
1704 3741 1941 3815 optabile
1962 3749 2046 3797 est

455 3841 731 3908 omnibus,
762 3847 822 3895 ut
843 3837 1091 3909 discipuli
1113 3836 1316 3893 Christi
1343 3837 1469 3892 sint.

533 3933 698 3989 Vens.
724 3931 815 3987 29.
838 3961 908 3971 -
930 3928 1088 3984 Hunc
1111 3938 1284 3982 autem
1309 3928 1585 3983 nescimus.
1611 3925 1872 3997 Superius
1893 3925 2044 3981 dixe-

455 4034 581 4082 rant
617 4041 630 4079 :
662 4022 820 4078 Hunc
848 4021 1046 4077 scimus
1081 4034 1098 4073 :
1128 4020 1274 4076 unde
1309 4019 1438 4075 hinc
1477 4020 1663 4074 dicunt
1700 4033 1758 4074 se
1799 4018 2039 4085 nescire,

455 4119 552 4174 sed
577 4117 789 4173 nescire
810 4129 911 4171 nos
930 4113 1162 4170 dicimus
1181 4127 1303 4183 quae
1329 4111 1634 4183 abjicimus.
1661 4109 1754 4165 ille
1780 4109 2036 4173 nescitur,

454 4209 588 4264 latet
619 4205 943 4270 humilitate,
977 4203 1223 4275 proditur
1251 4203 1527 4272 signorum
1580 4189 1783 4256 virtute
1811 4219 1824 4254 :
1860 4199 2038 4282 nesci-

454 4310 547 4355 tur
572 4299 716 4354 unde
745 4297 835 4361 sit,
862 4304 919 4352 et
937 4304 998 4350 ut
1023 4295 1165 4349 Deus
1189 4309 1363 4349 caecos
1397 4293 1685 4347 illuminat.

528 4387 692 4443 Vens.
720 4387 810 4442 3'5.
837 4415 906 4426 ——
932 4384 1057 4439 Nisi
1083 4392 1212 4438 esset
1234 4383 1317 4437 hic
1346 4401 1380 4438 α
1419 4383 1526 4437 Deo
1544 4423 1559 4448 ,
1583 4391 1690 4438 etc.
1717 4381 1912 4453 Spreta
1947 4396 2038 4439 eo-

454 4497 579 4538 rum
604 4482 688 4537 ira
706 4520 722 4547 ,
751 4478 925 4533 libere
949 4475 1232 4531 veritatem
1259 4475 1568 4531 conlitetur.
1611 4473 1736 4530 Haec
1760 4473 1904 4530 enim
1929 4489 2037 4530 non

2155 3289 2419 3360 Sedquia
2456 3289 2550 3345 alii
2571 3291 2987 3362 comparticipes
3007 3297 3136 3348 euut
3161 3293 3211 3349 ei
3238 3295 3527 3365 pastoralis
3551 3294 3750 3362 ofﬁcii,

2123 3398 2276 3454 quae
2303 3383 2374 3439 de
2409 3398 2476 3439 eo
2514 3384 2734 3454 proprie
2769 3383 3044 3454 dicuntur,
3097 3387 3260 3444 etiam
3307 3387 3389 3444 eis
3432 3403 3530 3444 suo
3573 3391 3753 3446 modo

2151 3483 2476 3544 congruunt.
2509 3473 2722 3531 Ostium
2753 3483 2838 3532 est
2873 3491 2982 3547 quo
3023 3478 3291 3546 intratur,
3323 3479 3573 3537 Christus
3605 3497 3752 3554 ergo

2152 3575 2344 3638 pastor
2366 3582 2463 3638 per
2491 3581 2550 3622 se
2587 3567 2788 3624 ostium
2807 3608 2822 3634 ,
2863 3577 2919 3624 et
2949 3570 3258 3642 quicunque
3299 3574 3400 3629 sub
3427 3589 3492 3630 eo
3524 3583 3751 3644 pastor,

2148 3673 2248 3730 per
2268 3659 2444 3728 ipsum
2469 3659 2670 3715 ostium
2691 3661 2857 3717 intrat
2873 3662 2928 3716 in
2944 3662 3106 3719 corda
3119 3664 3304 3719 ovium
3325 3666 3483 3736 ;quia
3507 3666 3752 3734 sialind,

2149 3751 2426 3821 praedicat,
2464 3767 2570 3807 non
2597 3752 2822 3808 audiunt
2842 3768 2995 3822 oves,
3023 3756 3068 3811 si
3091 3755 3393 3824 Christum,
3416 3773 3544 3815 oves
3573 3759 3751 3818 Chri-

2147 3841 2217 3897 sti
2243 3842 2383 3897 hanc
2411 3856 2599 3898 vocem
2622 3854 2944 3914 agnoscunt.

2218 3931 2382 4008 Vens.
2436 3933 2490 3989 5.
2507 3964 2580 3975 —
2597 3932 2740 3990 Huic
2767 3936 3016 3991 ostiarius
3043 3939 3230 4008 aperit.
3255 3937 3543 4004 Ostiarius,
3565 3939 3631 3996 id
3661 3952 3750 3998 est

2145 4005 2394 4083 Christus
2431 4028 2524 4097 qui
2548 4043 2606 4084 se
2635 4029 2834 4099 aperit,
2877 4029 2964 4086 vel
2994 4005 3276 4102 Scriptura
3314 4048 3433 4104 quae
3465 4033 3619 4089 ducit
3674 4036 3750 4092 ad

2144 4116 2444 4192 Christum,
2492 4119 2578 4175 vel
2621 4118 2858 4192 Spiritus
2906 4129 3124 4179 sanctus
3169 4123 3262 4193 qui
3315 4124 3472 4180 docet
3507 4138 3749 4184 omnem

2143 4210 2449 4267 veritatem.

2217 4297 2284 4354 Et
2309 4316 2458 4366 oves,
2493 4309 2600 4356 etc.
2637 4301 2821 4372 (Auc.)
2862 4301 3042 4374 Aliqui
3070 4313 3198 4360 sunt
3224 4319 3366 4360 verae
3392 4320 3555 4371 oves,
3596 4309 3745 4379 quia

2142 4391 2294 4447 novit
2321 4391 2610 4460 Dominus,
2636 4402 2767 4461 etc.,
2809 4409 2970 4466 usque
2997 4396 3067 4450 ad
3096 4397 3237 4452 hanc
3273 4396 3450 4454 nullus
3475 4402 3744 4470 proprius

2141 4485 2458 4551 contemnit,
2490 4485 2668 4542 nullus
2696 4486 2906 4544 alienus
2933 4488 3100 4544 audit.

455 4573 563 4630 nisi
601 4587 632 4627 a
669 4567 931 4630 Domino,
963 4581 1064 4622 nec
1098 4581 1128 4621 a
1173 4565 1452 4637 discipulis
1493 4564 1714 4652 ﬁerent,
1749 4565 1854 4621 nisi
1892 4564 2036 4621 Deus
2061 4558 2114 4619 D
2217 4575 2377 4632 Vens.
2413 4577 2466 4633 6.
2494 4608 2564 4618 —
2587 4578 2679 4634 Illi
2702 4583 2877 4634 autem
2900 4597 3004 4636 non
3025 4592 3395 4652 cognoverunt.
3433 4583 3740 4644 Prtedesti-

457 4679 512 4718 ιη
560 4678 661 4718 eis.

534 4753 694 4808 Vens.
728 4752 818 4809 54.
845 4781 914 4791 -
940 4749 1008 4804 In
1058 4751 1282 4820 peccatis
1327 4759 1480 4805 natus
1529 4760 1604 4805 est
1630 4759 1788 4806 totus.
1832 4750 1890 4806 ld
1932 4758 2034 4816 est,

456 4862 578 4903 cum
608 4844 808 4901 clausis
846 4842 1048 4907 oculis,
1097 4842 1241 4912 quod
1279 4841 1467 4898 dicunt
1499 4857 1621 4899 esse
1661 4857 1759 4912 pro
1798 4842 2038 4912 peccatis

454 4946 739 5011 parentum
760 4978 775 5004 ,
805 4937 900 4993 sed
929 4936 1176 4992 Christus
1203 4943 1376 4991 totum
1412 4931 1799 5002 sanat,’extra
1829 4935 2035 5002 oculos,

455 5033 605 5088 intus
633 5045 730 5087 cor
757 5031 947 5100 aperit.
976 5029 1046 5083 Et
1077 5037 1133 5084 tu
1158 5029 1311 5084 doces
1344 5046 1436 5084 nos
1457 5030 1483 5082 ?
1517 5028 1588 5082 Et
1625 5027 1886 5099 ejccerunt
1919 5044 2037 5082 eum

458 5121 625 5195 foras.
662 5121 846 5178 Toties
872 5121 1256 5198 interrogando
1286 5129 1347 5176 ut
1377 5121 1680 5186 discerent,
1714 5120 2034 5189 magistrum

456 5214 714 5280 fecerant,
747 5215 843 5271 sed
870 5214 1065 5286 ingrati
1087 5214 1369 5272 docentem
1389 5213 1753 5283 projecerunt.
1780 5211 1887 5268 Sed
1909 5213 2036 5284 quia

455 5307 729 5378 expulsus,
758 5306 930 5378 magis
955 5306 1132 5361 factus
1159 5313 1245 5362 est
1267 5303 1628 5362 Christianus.

527 5399 691 5457 Vens.
717 5399 807 5456 36.
832 5429 900 5438 —
927 5397 1057 5465 Quis
1105 5405 1179 5452 est
1202 5437 1217 5463 ,
1269 5403 1378 5451 etc.
1413 5394 1607 5451 Adhuc
1652 5395 1904 5453 inunctus
1950 5396 2036 5453 his

452 5483 635 5549 verbis
670 5490 907 5548 ostendit
931 5504 990 5546 se
1026 5487 1345 5558 jamdudum
1373 5501 1468 5542 cor
1488 5487 1556 5543 ad
1576 5489 1903 5546 credendum
1939 5490 2036 5545 ha-

453 5581 634 5639 buisse
693 5589 942 5654 paratum
973 5620 987 5646 ,
1047 5577 1142 5634 sed
1197 5579 1251 5632 in
1314 5592 1475 5647 quem
1533 5581 1757 5636 credere
1818 5580 2035 5650 debeat,

451 5671 744 5741 ignorasse.

514 5757 690 5816 Vens.
719 5761 807 5815 37.
834 5792 904 5802 —-
929 5757 996 5814 Et
1016 5759 1211 5816 vidisti.
1244 5757 1361 5817 iam
1380 5761 1641 5821 Dominus
1672 5763 1818 5821 lavat
1840 5765 2033 5823 faciem

2143 4675 2284 4722 natae
2305 4682 2434 4724 oves
2460 4668 2530 4724 ad
2555 4678 2768 4739 tempus
2790 4685 2850 4726 se
2880 4671 3160 4739 nesciunt,
3191 4687 3292 4730 nec
3324 4689 3510 4730 vocem
3543 4687 3742 4747 pasto-

2142 4760 2220 4815 ris
2247 4759 2497 4827 audiunt,
2529 4762 2626 4818 sed
2648 4763 2705 4816 in
2730 4762 2839 4818 ﬁne
2863 4774 3234 4834 perseverant,
3257 4781 3289 4820 e
3308 4777 3492 4823 contra
3523 4767 3639 4841 lupi
3664 4773 3738 4827 ad

2144 4857 2356 4919 tempus
2383 4851 2634 4919 audiunt,
2665 4853 2760 4908 sed
2781 4853 2835 4908 in
2861 4854 2969 4910 ﬁne
2997 4867 3365 4926 perseverant.

2214 4940 2378 4998 Vens.
2413 4943 2468 4998 8.
2492 4974 2563 4986 ——
2585 4943 2801 5014 Omnes,
2832 4955 2940 5002 etc.
2973 4947 3084 5003 Fur
3109 4957 3192 5005 est
3209 4951 3303 5021 qui
3321 4966 3417 5021 per
3438 4953 3736 5012 simoniam

2139 5033 2229 5090 vel
2277 5034 2459 5106 aliquo
2504 5036 2612 5092 alio
2656 5039 2818 5099 modo
2866 5049 3056 5096 contra
3099 5040 3379 5098 Christum
3429 5044 3618 5110 intrat,
3678 5059 3738 5103 et

2141 5136 2429 5198 postquam
2473 5128 2762 5186 intraverit
2807 5130 2949 5187 malo
3002 5131 3250 5204 exemplo
3307 5135 3504 5190 occidit
3545 5147 3604 5192 et
3651 5140 3739 5195 sic

2143 5227 2327 5290 aperte
2371 5220 2528 5276 latro.
2571 5221 2684 5277 Nec
2725 5222 2848 5278 talis
2891 5224 3151 5280 dicendus
3198 5235 3284 5281 est
3328 5229 3734 5295 mercenarius,

2140 5309 2262 5364 ideo
2284 5309 2409 5380 lupo
2437 5310 2688 5366 veniente
2717 5327 2826 5367 non
2855 5314 3082 5381 resistit,
3118 5316 3213 5372 scd
3240 5330 3340 5386 pro
3359 5319 3611 5374 mercede
3639 5334 3738 5374 ce-

2141 5401 2238 5457 dit.
2273 5400 2331 5457 Si
2360 5401 2486 5473 lupo
2515 5402 2786 5459 violenter
2813 5405 3150 5463 distrahente
3175 5423 3285 5464 non
3309 5408 3545 5476 resistit,
3583 5426 3737 5466 mer-

2141 5494 2330 5550 cedem
2356 5494 2500 5550 hanc
2532 5495 2755 5567 recipit,
2784 5497 2928 5566 quod
2956 5492 3063 5555 non
3104 5500 3424 5557 distrahitur
3458 5517 3580 5556 cum
3607 5503 3738 5558 ovi-

2141 5587 2264 5654 bus,
2287 5587 2382 5643 sed
2408 5595 2594 5659 postea
2624 5588 2766 5646 male
2784 5589 3014 5646 vivendo
3033 5606 3163 5648 oves
3182 5593 3502 5664 corrumpit,
3531 5601 3586 5649 et
3607 5591 3732 5661 jam

2111 5673 2200 5733 'in
2248 5677 2408 5734 aliam
2449 5687 2662 5750 partem
2706 5679 2950 5753 relapsus
2987 5681 3048 5738 ﬁt
3080 5680 3166 5738 fur
3209 5683 3289 5740 vel
3317 5682 3475 5750 latro,
3527 5697 3731 5738 nomen

2146 5770 2466 5826 mercenarii
2491 5771 2761 5827 amittens.
