3958 6314
309 348 415 404 397

1269 336 1533 396 GLOSSA
1573 330 1966 394 ORDINABIA.
2004 362 2076 373 -—
2112 333 2363 392 EVANG.
2402 333 2594 394 JOAN.

3446 347 3549 406 398

381 461 543 517 Vsus.
576 457 628 513 9.
659 453 808 510 —Si
843 454 980 525 quis.
1021 453 1122 510 Hic
1163 452 1442 509 evidenter
1471 449 1733 514 ostendit,
1770 462 1876 502 non
1903 447 1955 509 Α
1980 460 2088 500 non
2129 448 2395 504 accedunt
2440 451 2508 506 ad
2557 450 2767 520 ignem,
2818 452 2872 508 id
2925 462 3028 520 est,
3081 469 3187 512 non
3227 461 3453 518 credunt
3497 464 3551 520 in

306 551 482 608 solum
505 554 775 619 pastorem
793 585 807 610 ,
834 545 928 600 sed
957 554 1012 600 et
1035 557 1162 600 oves
1197 542 1402 598 intrare
1432 556 1529 611 per
1556 540 1773 595 ostium.
1807 536 1875 590 Et

305 641 642 712 ingredietur.
673 636 821 692 Intus
861 635 998 691 bene
1035 633 1350 705 cdgitando,
1389 632 1696 703 egredietur
1722 638 1876 685 extra

304 729 554 798 exemplo
589 727 815 782 aliorqu
853 726 991 782 bene
1022 725 1312 795 operando.
1336 724 1430 781 Vel
1464 723 1793 795 ingredietur
1822 721 1876 776 in

305 820 629 885 Ecclesiam,
657 827 714 877 ut
735 817 824 873 hic
849 817 994 872 vivat
1028 833 1124 888 per
1146 817 1323 871 ﬁdem.
1355 815 1508 872 Unde
1539 823 1660 886 post
1698 813 1829 868 dicit
1857 831 1872 866 :

307 909 375 964 Ut
414 914 572 965 vitam
604 910 847 964 habeant.
880 909 948 963 Et
981 908 1286 979 egredietur
1319 907 1385 962 de
1420 907 1522 962 ista
1553 906 1692 971 vita,
1735 915 1796 960 ut
1825 906 1875 960 in

301 1011 564 1058 mternum
593 1001 759 1055 vivat.
793 1001 944 1056 Unde
969 1009 1088 1069 post
1113 1008 1167 1055 et
1197 999 1556 1055 abundantius
1576 999 1776 1054 habeat
1804 999 1878 1054 vi-

303 1100 416 1146 tam
441 1098 496 1146 et
513 1105 710 1160 pascua
741 1089 973 1144 inveniet
1002 1089 1306 1160 ingrediens
1328 1096 1382 1141 et
1402 1089 1700 1160 egrediens.

375 1183 539 1238 Vna.
573 1181 659 1236 10.
687 1211 759 1222 —-
782 1181 902 1237 Nisi
927 1191 981 1235 ut
1005 1181 1228 1251 furetur,
1255 1189 1358 1236 etc.
1390 1179 1623 1236 Furetur
1647 1181 1876 1236 alienam

301 1289 420 1329 rem
446 1273 546 1328 sibi
570 1272 905 1342 usurpando,
933 1277 1152 1338 mactet,
1184 1284 1215 1323 a
1247 1268 1352 1325 ﬁde
1381 1269 1722 1336 retrahendo,
1753 1284 1880 1340 per-

300 1366 396 1420 dat
416 1365 470 1418 in
491 1373 750 1420 aeternam
779 1360 1204 1418 damnationem.

373 1455 536 1511 Vens.
567 1454 654 1510 12.
683 1483 756 1494 --
784 1452 1138 1507 Mercenarius
1159 1460 1354 1519 autem,
1377 1459 1479 1508 etc.
1516 1451 1878 1508 Mercenarius

299 1555 388 1603 est
411 1545 502 1616 qui
529 1545 722 1615 qumrit
747 1558 868 1615 quae
897 1558 994 1598 sua
1034 1550 1194 1607 sunt,
1221 1558 1326 1597 non
1362 1558 1482 1612 quae
1514 1541 1747 1608 Christi,
1785 1543 1877 1612 qui

300 1637 471 1694 servit
496 1635 605 1690 Deo
630 1650 737 1689 non
769 1643 988 1705 propter
1024 1633 1220 1698 Deum,
1253 1633 1347 1688 sed
1383 1648 1480 1704 pro
1512 1632 1690 1703 aliqua
1733 1648 1877 1688 mer-

298 1729 462 1794 cede;
494 1727 583 1798 qui
619 1725 900 1797 culpabilis
926 1733 1042 1791 est,
1076 1732 1254 1780 etnon
1281 1732 1365 1778 est
1393 1722 1552 1788 ﬁlius,
1586 1723 1680 1778 sed
1701 1731 1876 1778 tamen

1981 533 2274 591 Christum.
2315 537 2571 594 Salomon
2601 550 2780 598 autem
2815 541 2958 598 facto
2984 546 3180 617 templo
3209 547 3262 605 in
3291 560 3552 610 autumno

1978 625 2107 680 illud
2139 627 2406 683 dedicavit
2443 629 2563 700 (III
2607 631 2735 703 Reg.
2761 633 2902 702 VIII).
2943 634 3268 706 Zorobabel,
3305 649 3360 696 et
3392 640 3550 701 Jesus

1979 720 2232 774 sacerdos
2266 728 2388 790 post
2431 722 2797 792 captivitatem
2837 727 3219 784 resediﬁcatum
3264 734 3547 804 templum,
3605 725 3608 728 ’

1979 804 2034 861 in
2060 821 2187 862 vere
2207 809 2591 866 dedicaverunt
2613 811 2703 884 (II
2720 812 2882 870 Esdr.
2910 814 3004 888 vr).
3030 815 3196 874 Judas
3215 818 3554 880 Macbabaeus

1977 909 2078 966 pro
2100 897 2476 967 profanatione
2489 901 2744 959 Antiochi
2778 905 2833 960 in
2859 907 3038 964 hieme
3067 907 3120 978 (1
3142 908 3384 967 Machab.
3415 914 3516 986 tv).

2052 987 2214 1044 Vsus.
2245 989 2334 1045 25.
2363 1021 2433 1032 —-
2457 991 2526 1047 In
2551 995 2772 1064 porticu.
2799 995 3044 1054 Porticus
3068 999 3262 1070 quibus
3297 1004 3552 1075 templum

1979 1079 2294 1151 cingebatur
2313 1124 2328 1149 ,
2357 1083 2532 1140 solent
2563 1085 2857 1157 signiﬁcari
2883 1089 3100 1147 nomine
3129 1093 3330 1164 templi.

2053 1171 2215 1227 Vens.
2240 1173 2329 1244 24..
2361 1206 2432 1215 -
2455 1175 2917 1236 Cireuntdederunt
2939 1198 3058 1252 ergo
3076 1200 3194 1238 eum
3229 1185 3423 1241 Judai.
3451 1187 3558 1246 Do-

1981 1260 2126 1315 mino
2154 1262 2424 1332 patienter
2443 1265 2586 1322 inter
2608 1270 2897 1338 opprobria
2921 1273 3200 1328 veritatem
3226 1277 3552 1345 praedicante

1979 1351 2235 1405 excaecati
2281 1367 2388 1407 non
2438 1356 2830 1427 obsequuntur,
2865 1361 2962 1416 sed
2995 1369 3224 1430 tentant,
3271 1366 3554 1439 Quousque

1980 1443 2210 1497 animam
2246 1454 2478 1500 nostram
2515 1447 2700 1504 tollis?
2731 1449 3143 1508 Calumniantur
3172 1453 3323 1510 illum
3365 1458 3555 1514 tollere

1979 1532 2188 1589 animas
2214 1535 2308 1604 qui
2337 1536 2530 1606 salvat,
2558 1554 2716 1612 quem
2736 1557 2930 1612 purum
2966 1544 3240 1601 hominem
3271 1551 3552 1618 putabant,

1980 1624 2072 1679 sed
2097 1639 2206 1694 pra:
2243 1628 2494 1684 omnibus
2530 1639 2898 1702 regnaturum.
2927 1630 2985 1688 Si
3013 1643 3070 1688 tu
3101 1651 3155 1690 es
3178 1634 3438 1706 Christus,
3468 1640 3555 1696 die

1983 1717 2127 1772 nobis
2155 1719 2351 1789 palam.
2389 1721 2827 1782 Nonveritatem
2871 1726 3198 1797 desiderant,
3234 1731 3330 1786 sed
3361 1741 3556 1802 parant

297 1817 638 1874 necessarius
661 1824 716 1872 et
752 1816 1084 1872 tolerandus.
1115 1815 1226 1870 Fur
1263 1830 1389 1870 vero
1420 1829 1634 1886 semper
1661 1823 1746 1871 est
1777 1830 1869 1870 ca-
1899 1806 1950 1870 Β
1977 1807 2319 1878 calumniam.
2348 1820 2410 1867 ut
2426 1813 2472 1869 si
2499 1815 2693 1871 dixerit
2713 1831 2771 1872 se
2796 1831 3003 1888 regem,
3029 1828 3220 1875 contra
3246 1821 3550 1892 Augustum

298 1909 528 1963 rendus.
557 1907 839 1976 Praepositi
871 1921 1002 1962 vero
1027 1906 1118 1976 qui
1150 1905 1245 1961 ﬁlii
1278 1915 1434 1973 sunt,
1459 1915 1585 1962 sunt
1610 1916 1667 1962 et
1691 1915 1876 1978 pasto-

299 2015 410 2065 res,
440 2008 496 2054 et
518 2007 695 2054 tamen
734 2013 873 2054 unus
911 2005 994 2053 est
1027 2006 1245 2068 pastor,
1277 1998 1402 2068 quia
1438 1997 1516 2052 illi
1537 2013 1727 2054 omnes
1754 2007 1880 2054 sunt

298 2091 544 2148 membra
572 2090 716 2146 illius
735 2087 889 2159 cujus
912 2099 1039 2146 sunt
1066 2104 1194 2146 oves
1221 2090 1481 2162 propriae.
1500 2087 1571 2144 Et
1597 2089 1750 2162 lupus
1791 2107 1878 2145 ra-

296 2184 394 2258 uit.
429 2183 612 2254 Lupus
635 2190 719 2239 est
744 2183 829 2238 vel
858 2183 1129 2240 violentus
1163 2184 1254 2254 qui
1293 2184 1648 2254 corporaliter
1674 2192 1874 2251 vastat,

297 2276 386 2330 vel
412 2275 655 2332 diabolus
695 2276 787 2346 qui
826 2276 1176 2346 spiritualiter
1221 2277 1476 2346 dissipat,
1521 2276 1608 2332 cui
1639 2277 1730 2346 qui
1768 2293 1875 2332 non

296 2368 512 2424 animas
525 2368 730 2435 ovium,
745 2368 838 2424 sed
851 2385 948 2425 sua
967 2370 1178 2439 quaerit,
1203 2385 1308 2426 non
1327 2370 1562 2426 occurrit
1579 2371 1877 2427 resistemlo

298 2461 388 2517 vel
418 2462 556 2517 mala
581 2463 874 2534 arguendo,
899 2465 1042 2533 quod
1078 2472 1163 2519 est
1191 2462 1406 2535 fugere,
1436 2463 1561 2533 quia
1598 2463 1758 2517 timor
1794 2469 1878 2517 est

299 2553 426 2624 fuga
449 2555 614 2609 animi
647 2571 662 2610 :
695 2554 829 2625 fugit
854 2570 922 2610 ne
948 2556 1140 2626 perdat
1171 2558 1316 2626 quod
1344 2556 1550 2628 diligit,
1578 2556 1722 2611 unde
1751 2555 1874 2610 red-

299 2646 432 2702 dens
460 2661 680 2702 causam
709 2645 847 2716 fugae
881 2647 1062 2702 subdit
1090 2665 1103 2700 :
1139 2646 1280 2712 Quia
1308 2647 1662 2702 mercenarius
1692 2655 1790 2712 est,
1817 2653 1872 2702 et

299 2751 407 2790 non
437 2747 582 2790 amat
609 2751 758 2804 oves,
785 2737 882 2792 sed
911 2751 1008 2793 sua
1037 2750 1052 2790 :
1086 2745 1333 2807 pastores
1359 2744 1537 2793 autem
1560 2752 1666 2792 non
1693 2737 1878 2792 dicun-

300 2833 388 2881 tur
441 2826 625 2900 fugere
675 2827 723 2882 si
773 2827 968 2883 cedunt
1015 2827 1398 2897 persecutioni,
1445 2835 1502 2882 et
1550 2837 1768 2882 servant
1815 2842 1876 2882 se

295 2919 479 2973 ovium
505 2919 756 2985 utilitati,
779 2919 974 2989 quibus
1003 2921 1168 2975 etiam
1198 2935 1425 2992 corpore
1447 2919 1716 2988 absentes,
1748 2929 1874 2978 sunt

296 3009 490 3079 spiritu
518 3017 832 3079 praesentes.

368 3096 533 3152 Vens.
565 3097 652 3150 M.
673 3125 745 3135 —
772 3094 885 3166 Ego
920 3114 1036 3152 sum
1081 3109 1278 3168 pastor.
1320 3099 1449 3153 Post
1485 3099 1696 3168 culpam
1739 3099 1872 3166 ﬁcti,

1980 1897 2267 1958 facientem
2292 1906 2545 1973 potestati
2572 1907 2804 1962 tradant.
2833 1907 2940 1964 Sed
2961 1909 3222 1968 Dominus
3248 1912 3326 1968 sic
3352 1921 3556 1985 tempe—

1981 1996 2067 2043 rat
2095 2005 2434 2062 respousum,
2469 2003 2654 2052 utnec
2681 1997 2788 2054 illis
2813 1999 2883 2054 sit
2908 1999 3058 2056 locus
3084 2002 3389 2070 calumnim,
3412 2015 3468 2061 et
3494 2005 3557 2060 ﬁ-

1980 2082 2189 2139 delibus
2211 2094 2432 2155 propter
2451 2103 2587 2158 quos
2609 2089 2725 2145 haec
2746 2090 3055 2147 referuntur
3079 2095 3364 2152 manifeste
3390 2111 3558 2170 appa-

1979 2183 2098 2229 reat
2124 2176 2267 2244 quod
2303 2177 2417 2248 ipse
2453 2180 2524 2234 sit
2557 2178 2835 2248 Christus,
2867 2199 2974 2239 non
3003 2185 3164 2242 homo
3206 2195 3412 2244 tantum
3433 2229 3449 2256 ,
3496 2199 3562 2246 ut

1978 2263 2054 2319 illi
2089 2274 2300 2335 putant,
2324 2269 2418 2324 sed
2447 2269 2616 2326 Filius
2647 2274 2763 2328 Dei.

2046 2357 2210 2413 Vens.
2236 2359 2327 2414 29.
2351 2390 2422 2399 —
2441 2360 2510 2414 Et
2541 2379 2688 2418 nemo
2707 2373 2872 2434 potest
2895 2381 3074 2438 rapere
3097 2367 3162 2422 de
3186 2385 3347 2424 manu
3375 2366 3558 2427 Patris

1976 2451 2095 2506 mei.
2125 2451 2260 2517 Quia
2286 2466 2354 2507 ex
2378 2453 2482 2508 hoc
2512 2455 2655 2526 quod
2684 2472 2805 2512 sum
2829 2473 2897 2513 ex
2929 2459 3111 2525 Patre,
3142 2461 3317 2533 major
3343 2477 3464 2519 sum
3485 2464 3554 2520 ad

1975 2543 2386 2612 protegendum,
2413 2560 2578 2614 quam
2604 2546 2679 2601 illi
2706 2548 2775 2603 ad
2795 2548 3241 2620 impugnandum.

2050 2632 2212 2687 Vens.
2237 2633 2326 2687 50.
2353 2663 2424 2672 —
2447 2633 2562 2706 Ego
2591 2644 2638 2689 et
2658 2632 2822 2691 Pater
2841 2653 3004 2692 unum
3030 2655 3230 2695 sumus.
3257 2641 3352 2700 His
3375 2644 3557 2702 verbis

1976 2737 2083 2777 non
2106 2722 2280 2778 solum
2309 2722 2614 2780 Iudaeorum
2644 2727 2803 2785 solvit
2829 2730 3206 2799 quaestionem,
3235 2733 3330 2804 qui
3360 2745 3420 2791 ut
3441 2745 3557 2792 ten-

1978 2822 2156 2868 tarent
2180 2823 2559 2883 accesserunt,
2597 2819 2692 2874 sed
2726 2819 2893 2875 etiam
2933 2820 3238 2877 futurorum
3275 2825 3554 2883 haeretico-

1975 2922 2096 2961 rum
2120 2908 2336 2963 damnat
2359 2909 2642 2966 insaniam.

2047 2995 2209 3052 Vsns.
2259 2997 2346 3053 51.
2374 2998 2810 3058 ——Sustulerunt
2855 3019 2974 3074 ergo
3015 3004 3236 3077 lapides.
3283 3007 3396 3065 Hoc
3439 3009 3554 3081 jam

1978 3103 2083 3142 non
2108 3087 2288 3143 ferunt
2323 3091 2415 3159 qui
2452 3099 2647 3146 caetera
2678 3093 2948 3161 tulerunt,
2978 3095 3074 3151 sed
3107 3097 3225 3152 duri
3252 3099 3320 3154 ad
3351 3099 3556 3170 lapides

294 3188 496 3242 iterum
516 3186 747 3242 formam
770 3165 885 3241 veri
910 3165 1142 3256 pastoris
1167 3189 1407 3258 opponit.
1425 3187 1539 3260 Ego
1565 3165 1682 3244 sum
1695 3165 1876 3260 pastor
1902 3165 1946 3227 Ο
1977 3191 2217 3236 currunt.
2259 3182 2368 3238 Sed
2394 3185 2519 3254 quia
2560 3185 2717 3243 Iesus
2745 3203 2853 3244 non
2878 3190 3084 3260 patitur
3111 3191 3218 3248 nisi
3247 3194 3391 3264 quod
3404 3165 3551 3261 ivult,

297 3280 468 3333 bonus
506 3288 553 3333 et
591 3278 822 3332 animam
851 3294 986 3348 pono
1029 3293 1121 3348 pro
1163 3279 1362 3334 ovibus.
1414 3279 1566 3346 Quod
1606 3296 1712 3336 non
1763 3281 1878 3351 ipse

293 3385 440 3425 unus
477 3369 638 3434 fecit,
671 3369 774 3424 nisi
801 3371 943 3440 quod
977 3385 1165 3426 omnes
1199 3372 1279 3426 sui
1320 3379 1375 3427 et
1411 3371 1527 3443 ipse
1558 3388 1698 3428 unus
1729 3383 1873 3439 sunt,

292 3461 423 3532 quia
448 3461 562 3532 ipse
594 3461 710 3516 sine
740 3461 845 3517 illis
885 3463 986 3518 hoc
1009 3463 1218 3533 potuit,
1257 3462 1335 3518 illi
1373 3479 1481 3520 non
1521 3464 1638 3521 sine
1661 3479 1726 3520 eo
1760 3466 1877 3522 sine

292 3567 405 3623 quo
431 3551 566 3608 nihil
588 3560 831 3623 possunt.

368 3645 533 3700 Vsus.
559 3645 720 3700 15.-
749 3645 813 3698 Et
841 3662 953 3715 ego.
979 3645 1148 3703 Filius
1171 3661 1269 3718 per
1293 3661 1352 3702 se
1373 3647 1618 3718 agnoscit
1633 3646 1873 3716 Patrem,

293 3751 396 3792 nos
417 3751 514 3806 per
536 3734 684 3791 illum
706 3776 723 3803 ,
747 3735 887 3790 sicut
910 3735 1058 3802 alibi,
1092 3735 1258 3791 Deum
1286 3753 1436 3792 nemo
1459 3737 1587 3791 vidit
1620 3753 1869 3809 unquam,

295 3831 398 3885 nisi
426 3827 731 3900 Unigenitus
756 3829 845 3898 qui
881 3839 955 3884 est
987 3831 1042 3885 in
1069 3831 1189 3884 sinu
1214 3829 1393 3884 Patris
1414 3870 1429 3896 ,
1456 3831 1562 3897 ipse
1603 3847 1875 3886 enarrave-

297 3923 367 3975 rit
387 3921 598 3993 (Matth.
615 3923 713 3983 XI).
734 3921 865 3976 Item
886 3937 1034 3975 nemo
1060 3921 1198 3975 novit
1219 3919 1268 3973 F
1273 3920 1422 3975 ilium
1454 3922 1555 3976 nisi
1577 3919 1760 3984 Pater,
1784 3939 1876 3976 ne-

293 4031 396 4085 que
421 4013 631 4067 Patrem
651 4014 764 4085 quis
799 4013 936 4067 novit
963 4013 1062 4067 nisi
1084 4011 1280 4077 Filius,
1304 4022 1353 4066 et
1379 4013 1464 4065 cui
1501 4011 1674 4067 Filius
1695 4016 1872 4068 volue-

297 4106 368 4159 rit
401 4103 624 4160 revelare
658 4103 872 4175 (Matth.
906 4119 999 4169 xl;
1044 4102 1174 4158 Luc.
1212 4102 1291 4173 ι).
1332 4101 1400 4157 Et
1440 4104 1670 4158 animant
1705 4120 1871 4159 meam

293 4212 452 4266 pono.
488 4193 601 4249 Hoc
628 4203 710 4250 est
744 4195 992 4264 probatio
1021 4194 1328 4250 dilectionis
1362 4195 1428 4250 ad
1457 4193 1694 4261 Patrem,
1723 4205 1778 4250 et
1802 4196 1874 4250 ad

293 4305 444 4344 oves.
479 4287 571 4344 Sic
595 4295 650 4342 et
670 4287 862 4342 Petrus
888 4286 1047 4343 tertio
1068 4287 1330 4342 conﬁtens
1354 4302 1594 4342 amorem
1615 4327 1630 4352 ,
1651 4286 1874 4355 jubctur

292 4397 519 4452 pascere
536 4396 688 4447 oves,
717 4390 772 4436 et
792 4396 891 4451 pro
912 4382 990 4436 eis
1015 4382 1172 4437 mori.
1204 4379 1312 4435 Pro
1335 4381 1532 4436 ovibus.
1555 4381 1662 4436 Pro
1684 4381 1873 4438 ovibus

295 4475 490 4530 domus
517 4472 844 4572 Israel-quae
887 4473 1184 4572 perierant,
1233 4474 1870 4572 adquas-corporaliter
1899 4511 1947 4572 Β
2044 4513 2122 4569 VB

296 4567 528 4629 missus,
555 4575 585 4618 a
609 4565 802 4633 quibus
827 4579 937 4618 non
967 4573 1094 4620 sunt
1126 4563 1418 4620 dissimiles
1453 4565 1559 4620 illa:
1591 4581 1711 4637 quae
1743 4575 1870 4622 sunt

294 4656 363 4711 dc
393 4655 660 4724 gentibus,
690 4654 830 4709 unde
855 4654 987 4710 dicit
1014 4671 1028 4708 :

367 4749 534 4803 \‘was.
577 4746 662 4802 16.
688 4775 761 4786 --
787 4744 1002 4816 Oportet
1043 4762 1142 4800 me.
1171 4747 1428 4814 Quamvis
1444 4762 1540 4818 per
1563 4756 1718 4815 Suos,
1743 4749 1870 4821 quia

291 4839 347 4893 in
375 4837 478 4893 illis
501 4838 634 4907 ipse.
664 4834 730 4890 Et
757 4852 927 4890 vocem
948 4853 1134 4891 meam.
1162 4837 1277 4892 Non
1301 4837 1431 4892 dicit
1452 4853 1718 4907 meorum,
1744 4840 1871 4910 quia

289 4933 346 4989 in
380 4931 510 5002 ipsis
535 4929 623 4985 illc
657 4929 910 4998 loquitur.

367 5023 529 5079 Vens.
569 5023 654 5078 17.
681 5052 753 5062 -
775 5021 912 5088 Quia
933 5039 1047 5092 ego,
1070 5031 1176 5077 etc.
1205 5022 1384 5094 (Auc.)
1403 5021 1642 5078 Verbum
1673 5039 1737 5078 ex
1768 5038 1873 5093 quo

293 5115 536 5185 suscepit
557 5114 826 5168 hominem
849 5153 864 5179 ,
900 5113 954 5168 id
984 5121 1068 5169 est
1094 5128 1314 5170 carnem
1342 5122 1397 5168 et
1429 5115 1702 5182 animam,
1743 5125 1871 5183 etc.,

295 5219 458 5274 usque
485 5203 553 5256 ad
583 5218 690 5258 non
717 5210 983 5272 potestate
1006 5218 1104 5258 sua
1123 5244 1138 5269 ,
1168 5203 1261 5258 sed
1287 5211 1551 5270 potestate
1573 5205 1874 5264 inhabitan-

299 5296 369 5351 tis
392 5308 612 5350 carnem
639 5293 886 5360 Deitatis,
913 5294 1140 5349 scilicet.

369 5384 533 5439 Vens.
560 5385 651 5439 22.
686 5413 754 5423 —-
783 5381 955 5438 Facta
982 5393 1104 5438 sunt
1129 5395 1301 5439 autem
1323 5386 1556 5441 encaenia
1573 5427 1588 5453 ,
1613 5395 1718 5442 etc.
1751 5387 1868 5445 Ca:-

298 5491 406 5532 non
430 5517 444 5540 ,
477 5476 531 5530 id
571 5483 654 5530 est
685 5489 903 5530 novum.
944 5475 1069 5531 Inde
1111 5475 1346 5530 enczenia
1368 5516 1383 5542 ,
1419 5476 1474 5531 id
1507 5486 1592 5532 est
1633 5478 1866 5535 initiare.

299 5566 553 5622 Encaenia
591 5564 729 5620 festa
771 5564 1123 5620 dedicationis
1158 5566 1378 5635 templi,
1405 5582 1524 5636 quae
1554 5566 1694 5622 facta
1723 5577 1807 5626 est
1840 5585 1870 5624 a
1897 5561 1901 5563 ’

299 5656 439 5711 Iuda
473 5654 778 5710 Machabao
819 5663 1063 5725 tempore
1094 5655 1307 5711 hiemis.
1355 5654 1544 5712 Hiems
1575 5667 1754 5714 autem
1784 5659 1873 5732 hic

303 5753 792 5812 conmtentoratur,
830 5755 888 5802 ut
927 5744 1194 5816 signiﬁcet
1232 5744 1446 5803 Iudaeos
1478 5745 1738 5820 frigidos,
1777 5750 1869 5820 qui

1979 3277 2155 3332 adhuc
2183 3277 2439 3348 loquitur.

2049 3366 2211 3424 Vens.
2269 3369 2357 3424 55.
2409 3400 2480 3409 —
2520 3369 2680 3426 Facis
2723 3373 2962 3443 teipsum.
3021 3372 3405 3432 lntellexerunt
3446 3393 3555 3435 non

1975 3474 2135 3530 posse
2163 3459 2288 3514 dici.
2331 3459 2446 3530 Ego
2473 3470 2523 3515 et
2555 3458 2718 3516 Pater
2745 3478 2909 3517 unum
2945 3480 3148 3532 sumus,
3194 3466 3299 3522 nisi
3344 3467 3435 3522 ubi
3470 3478 3556 3526 est

1975 3551 2257 3622 inqualitas
2305 3551 2480 3608 Patris
2509 3561 2564 3608 et
2592 3553 2735 3621 Filii,
2763 3555 2906 3624 quod
2937 3556 3098 3611 Arius
3123 3571 3228 3613 non
3258 3557 3550 3628 intellexit;

1973 3643 2221 3701 Christus
2260 3652 2473 3712 autem,
2516 3646 2642 3716 quia
2692 3647 2827 3702 vidit
2866 3647 2986 3704 illos
3022 3648 3205 3704 tardos
3254 3665 3362 3706 non
3403 3650 3552 3710 ferre

1972 3736 2317 3806 splendorem
2339 3737 2606 3804 veritatis,
2631 3737 2952 3810 temperavit
2982 3755 3107 3796 eum
3133 3742 3188 3797 in
3219 3742 3305 3800 his
3331 3744 3509 3802 verbis
3534 3762 3550 3799 :

1977 3827 2167 3882 Nonne
2197 3829 2448 3898 scriptum
2473 3839 2570 3895 est,
2597 3841 2702 3886 etc.

2046 3915 2210 3973 Vens.
2237 3917 2328 3973 51.
2348 3948 2421 3958 ——-
2446 3919 2580 3984 Quia
2609 3937 2721 3990 ego.
2751 3921 2947 3978 Tribus
2975 3925 3150 3980 modis
3171 3925 3368 3982 dicitur
3385 3927 3550 3998 Deus,

1973 4018 2191 4072 natura,
2227 4008 2535 4078 adoptione,
2568 4019 2627 4064 ut
2647 4010 2762 4081 Ego
2779 4012 2934 4070 dixi:
2957 4013 3046 4068 Dii
3060 4014 3197 4072 falso
3214 4057 3229 4082 ,
3259 4025 3321 4072 ut
3349 4019 3552 4076 daemo-

1973 4118 2071 4158 nes
2101 4111 2158 4158 et
2182 4101 2343 4158 idola.

2049 4216 2211 4271 Vens.
2253 4215 2342 4270 35.
2364 4246 2436 4256 —
2463 4214 2525 4271 Si
2553 4215 2672 4272 illos
2711 4215 2848 4271 dixit
2873 4217 3018 4272 deos.
3042 4217 3103 4274 Si
3126 4233 3222 4289 per
3246 4234 3550 4278 sermonem

1974 4306 2069 4361 Dei
2092 4305 2466 4376 participando
2491 4304 2624 4360 ﬁunt
2659 4305 2905 4362 homines
2927 4307 3026 4374 dii,
3057 4311 3327 4379 quomodo
3342 4311 3430 4367 ille
3457 4314 3552 4384 qui

1973 4411 2071 4468 per
2097 4405 2344 4451 naturam
2365 4405 2450 4451 est
2466 4395 2635 4451 Filius
2649 4411 2756 4467 quo
2768 4397 3116 4469 participant,
3135 4415 3241 4456 non
3267 4410 3353 4457 est
3373 4401 3551 4459 Deus?

2127 4527 2210 4567 ns.
2241 4511 2329 4568 '58.
2369 4543 2439 4552 —
2481 4511 2738 4583 Operibus
2790 4514 3001 4568 credite.
3054 4513 3240 4571 Fidem
3299 4517 3552 4574 adhibete

1977 4605 2252 4676 operibus,
2279 4613 2339 4659 ut
2358 4603 2551 4658 merito
2581 4602 2703 4658 ﬁdei
2731 4603 2962 4672 amplius
2981 4606 3353 4674 cognoscendo
3368 4621 3547 4677 opera,

1979 4697 2204 4754 veniatis
2227 4696 2294 4752 ad
2325 4695 2480 4750 ﬁdem
2511 4694 2744 4749 deitatis.

2047 4811 2211 4866 Vens.
2243 4807 2328 4863 39.
2369 4836 2438 4845 —
2480 4803 2618 4871 Quia
2657 4803 2710 4858 in
2742 4821 2822 4858 me
2850 4815 2924 4859 est
2962 4803 3142 4860 Pater.
3183 4805 3346 4862 Pater
3378 4817 3462 4865 est
3496 4809 3551 4864 in

1978 4901 2144 4968 Filio,
2177 4900 2344 4955 Filius
2373 4900 2424 4953 in
2452 4900 2643 4965 Patre,
2679 4907 2738 4953 ut
2772 4897 2993 4967 aequalis
3021 4897 3074 4951 in
3116 4913 3180 4954 eo
3208 4899 3292 4954 cui
3329 4901 3552 4972 aequalis

1977 5005 2090 5063 est;
2123 4995 2264 5050 unde
2293 5003 2348 5050 et
2375 5001 2553 5064 potest
2581 4992 2761 5048 dicere
2793 5006 2807 5043 :
2842 4989 2954 5060 Ego
2985 4999 3035 5044 et
3071 4988 3233 5044 Pater
3266 5009 3428 5046 unum
3455 5009 3548 5048 su-

1974 5099 2110 5145 mus:
2149 5087 2218 5141 Et
2238 5087 2326 5157 qui
2355 5084 2487 5140 ridet
2510 5099 2622 5147 me,
2654 5083 2790 5136 videt
2826 5093 2873 5136 et
2903 5081 3147 5148 Patrem;
3177 5092 3232 5137 et
3254 5082 3355 5138 hoc
3378 5092 3464 5139 est
3497 5086 3550 5144 ei

1975 5176 2267 5247 proprium.
2301 5172 2493 5227 Munus
2514 5180 2694 5225 autem
2724 5178 2807 5225 est
2836 5170 3037 5225 homini
3064 5185 3160 5240 per
3179 5171 3552 5243 participatio-

1975 5281 2097 5323 nem
2132 5265 2274 5336 quod
2304 5263 2501 5319 dicitur
2529 5277 2649 5318 esse
2674 5261 2729 5316 in
2757 5260 2865 5316 Deo
2909 5261 3215 5316 continente
3243 5269 3298 5317 et
3326 5261 3469 5319 Deus
3495 5267 3550 5318 in

1975 5373 2057 5426 eo,
2085 5365 2145 5411 ut
2170 5356 2222 5410 in
2242 5370 2390 5410 vase.

2045 5471 2207 5526 Vens.
2236 5469 2330 5524 41.
2358 5499 2430 5510 —
2456 5468 2527 5523 Et
2553 5468 2701 5524 multi
2723 5477 2986 5523 venerunt.
3015 5467 3108 5524 Isti
3142 5468 3550 5539 apprehendunt

1973 5570 2410 5634 permanentem,
2455 5577 2562 5616 non
2610 5560 2879 5630 quomodo
2924 5559 3093 5628 iniqui
3149 5558 3547 5629 apprehendere

1972 5653 2225 5709 volebant
2255 5653 2640 5708 discedentem.
2672 5650 2812 5718 Quia
2833 5650 3092 5715 Joannes,
3118 5657 3223 5704 etc.
3250 5647 3462 5702 Nullum
3489 5648 3544 5702 in

1975 5745 2312 5804 Hierusalem
2340 5744 2469 5802 fecit
2492 5752 2552 5800 ut
2579 5743 2700 5811 iste,
2716 5752 2770 5798 et
2787 5740 3047 5813 quidquid
3071 5739 3280 5796 dicebat
3305 5736 3546 5794 testimo—
3599 5789 3608 5802 ,
