3958 6314
428 333 534 389 599

924 330 1314 386 WALAFRIDI
1353 327 1601 385 STRABI
1636 327 1840 385 FULD.
1883 326 2046 382 MON.
2089 323 2240 384 OPP.
2282 327 2464 383 PARS
2501 325 2543 381 1.
2584 357 2652 367 -
2691 325 3146 384 THEOLOGICA.

3581 329 3688 386 ιω

429 448 582 503 nium
612 446 739 502 hulc
765 443 1102 518 perhibebat,
1132 445 1285 515 quasi
1313 459 1411 516 per
1435 430 1710 500 lucernam
1732 443 2011 500 veniamus
2037 445 2086 504 Α
2115 444 2308 507 corde;
2352 445 2648 500 secundum
2692 445 2746 498 in
2775 455 2927 516 porta
2950 486 2965 512 ,
2994 445 3047 500 id
3072 455 3156 500 est
3194 444 3247 501 in
3289 459 3424 511 ore;
3465 447 3688 502 tertium

433 538 501 595 ad
527 538 690 595 diem.

649 640 652 642 η
1048 605 1274 662 CAPUT
1311 605 1403 661 XI.

504 724 672 780 Vens.
699 721 752 776 1.
773 749 846 762 -
875 718 1003 773 Erat
1042 727 1234 773 autem.
1273 719 1410 773 Dum
1434 727 1679 774 moratur
1707 724 1857 773 trans
1885 717 2010 772 Jor-

433 815 648 878 danem,
674 809 980 868 inﬁrmatur
1015 809 1274 873 Lazarus,
1303 817 1358 864 et
1385 810 1607 863 mittunt
1628 807 1692 863 ad
1716 823 1838 863 eum
1860 822 2012 863 soro-

435 920 523 960 res
561 902 858 959 illucslstte
885 916 1102 956 sorores
1134 899 1329 954 Lazari
1358 899 1526 970 ﬁgura
1553 907 1680 953 sunt
1703 896 2011 953 Iudaeorum

432 1000 486 1054 in
513 1007 716 1053 aeterna
736 995 1069 1052 beatitudine
1090 995 1200 1066 jam
1225 1003 1586 1064 receptarum,
1605 995 1817 1064 qttipro
1847 993 2013 1049 fratre

434 1089 705 1154 sanando,
736 1087 792 1142 id
818 1095 902 1142 est
935 1101 1036 1157 pro
1072 1085 1293 1155 reliquis
1328 1085 1382 1139 in
1418 1083 1659 1140 tenebris
1698 1083 2013 1153 ignorantiae

435 1182 611 1237 adhuc
648 1181 978 1244 errantibus,
1019 1179 1245 1234 Domino
1271 1176 1574 1247 supplicant
1613 1191 1682 1230 ex
1731 1177 2011 1242 notissima

434 1269 668 1328 actione.
708 1270 984 1341 Languent
1027 1268 1286 1323 Lazarus.
1325 1268 1566 1322 Lazarus
1596 1267 1767 1338 ﬁgura
1802 1277 1885 1322 est
1921 1267 2013 1324 Ju-

433 1366 672 1420 d:eorum
701 1362 793 1433 qui
820 1361 1018 1416 infirmi
1055 1369 1211 1415 erant
1242 1359 1295 1414 in
1320 1359 1422 1414 ﬁde
1441 1358 1643 1414 Christi
1678 1375 1692 1412 :
1726 1357 1934 1414 Martha
1959 1366 2015 1414 et

435 1451 606 1510 Maria
624 1455 932 1526 signiﬁcant
959 1451 1257 1507 doctrinam
1285 1452 1549 1506 bonorum
1574 1450 1903 1506 Iudaeorum.

506 1547 671 1601 Vens.
704 1548 756 1601 5.
782 1575 853 1585 -
879 1544 1010 1598 Ecce
1039 1560 1191 1616 quem
1235 1559 1406 1608 amas,
1455 1551 1561 1597 etc.
1612 1542 1876 1607 Lazarus,
1915 1557 2016 1613 per

436 1652 597 1710 quem
635 1645 884 1708 peccator
921 1633 1293 1706 signiﬁcatur,
1331 1633 1480 1703 quia
1509 1632 1738 1688 Domino
1777 1641 2012 1698 amatur,

437 1730 564 1800 quia
593 1743 700 1783 non
741 1727 886 1782 venit
913 1741 1109 1782 vocare
1131 1724 1330 1794 iustos,
1366 1724 1460 1780 sed
1488 1733 1820 1796 peccatores.
1850 1722 2014 1780 Soro-

2111 534 2165 589 in
2209 543 2592 600 monumento,
2641 534 2694 588 id
2741 544 2826 589 est
2877 534 2931 588 in
2982 549 3146 604 opere
3193 543 3248 590 et
3291 536 3688 592 consuetudine

2109 628 2389 698 peccandi.
2429 627 2596 682 Vivet.
2627 627 2698 682 Ut
2724 627 2857 681 vivit
2886 628 3160 682 Abraham
3179 669 3193 693 ,
3231 627 3382 684 Isaae
3412 636 3468 682 et
3496 627 3688 694 Jacob,

2111 733 2339 788 quorum
2371 720 2511 772 Deus
2543 718 2740 772 dicitur
2769 718 2909 772 sicut
2936 718 3202 772 vivorum.
3245 718 3484 774 Credens
3517 720 3687 775 etiam

2110 817 2354 864 mortuus
2392 809 2556 875 vivit,
2589 809 2728 864 sicut
2755 824 2862 864 non
2893 808 3121 864 credens
3147 809 3309 864 etiam
3337 813 3528 866 vivens
3549 826 3695 866 mor-

2111 910 2236 955 tuus
2258 907 2360 954 est.
2425 957 2447 965 ,

2182 991 2345 1047 Vens.
2375 991 2465 1046 28.
2503 1021 2574 1032 ——
2613 991 2856 1047 Silentia.
2913 991 3048 1060 Quia
3095 991 3142 1047 si
3192 992 3471 1047 audissent
3523 992 3695 1049 Judaei

2110 1099 2229 1140 eam
2271 1092 2517 1138 vocatam
2547 1082 2712 1138 fuisse
2747 1100 2779 1138 a
2816 1083 2941 1139 Jesu
2962 1123 2978 1148 ,
3006 1099 3113 1138 non
3158 1092 3499 1154 sequeretur,
3528 1095 3584 1140 et
3621 1085 3695 1139 ita

2110 1190 2220 1231 non
2262 1173 2509 1229 viderent
2538 1174 2880 1229 miraculum.
2923 1174 3030 1230 Sed
3061 1176 3188 1246 quia
3229 1184 3559 1246 putaverunt
3605 1191 3699 1231 eas

2111 1267 2177 1320 ad
2210 1266 2514 1336 sepulcrum
2534 1265 2720 1322 fratris
2748 1267 2948 1329 ituras,
2982 1269 3148 1324 secuti
3181 1278 3324 1323 sunt.
3351 1267 3416 1321 Et
3445 1279 3591 1322 vocat
3626 1280 3695 1324 te.

2111 1360 2286 1418 Causa
2317 1363 2598 1418 brevitatis
2618 1363 2668 1417 in
2700 1362 2882 1419 verbis
2905 1363 3128 1419 Marthae
3149 1363 3387 1420 ostendit
3413 1379 3522 1418 non
3544 1365 3701 1435 prius

2112 1453 2332 1516 dictum,
2375 1453 2428 1508 id
2459 1461 2542 1509 est
2570 1455 2713 1524 quod
2747 1454 3006 1510 Dominus
3033 1453 3256 1508 Mariam
3288 1454 3585 1509 vocaverit.

2182 1545 2350 1601 Vens.
2378 1547 2468 1602 5i.
2496 1577 2567 1586 —
2597 1546 2778 1603 δραιιί
2825 1557 2968 1602 sunt.
3016 1547 3144 1602 hzec
3193 1545 3313 1600 ideo
3365 1546 3699 1617 evangelista

2113 1651 2340 1692 narrare
2373 1639 2612 1700 curavit,
2645 1645 2705 1691 ut
2731 1636 3010 1692 videamus
3039 1651 3158 1707 qua:
3179 1636 3396 1691 occasio
3420 1635 3613 1691 fecerit
3644 1645 3702 1691 ut

2114 1729 2299 1802 plures
2321 1729 2543 1784 haberet
2570 1737 2737 1784 testes
2762 1729 3091 1784 resurrectio
3114 1727 3483 1798 quatriduaui.

438 1833 545 1885 res,
569 1817 872 1889 peccatoris
891 1825 1019 1872 sunt
1039 1817 1194 1872 bonas
1216 1815 1590 1889 cogitationes,
1621 1829 1742 1887 qua:
1769 1829 1866 1888 pro
1885 1829 2012 1888 pec-
2039 1799 2086 1861 Β
2116 1799 2132 1802 ’
2183 1819 2350 1875 Vens.
2379 1819 2469 1875 '55.
2495 1850 2569 1860 —
2595 1818 2875 1889 Infremuit
2901 1819 3109 1890 spiritu.
3149 1816 3284 1872 Nota
3316 1825 3649 1887 potestatem
3683 1836 3699 1871 :

437 1910 573 1966 catis
598 1910 954 1967 dissolvendis
977 1918 1153 1966 orant.

507 2001 650 2060 Vens
679 2002 732 2056 4.
761 2032 833 2043 -
861 2000 969 2056 Pro
1004 2001 1173 2072 gloria
1207 2000 1336 2068 Dei,
1370 2009 1476 2057 etc.
1504 1999 1560 2056 Id
1581 2007 1684 2067 est,
1721 2009 1782 2055 ut
1811 1999 2015 2070 gloriﬁ-

440 2106 592 2154 cetur
631 2097 800 2152 Filius
836 2097 958 2152 Dei.
1009 2096 1150 2151 Ecce
1180 2111 1238 2151 se
1271 2097 1436 2150 Deum
1467 2097 1629 2162 dicit,
1675 2103 1866 2151 contra
1898 2094 2018 2150 illos

424 2188 532 2258 qui
561 2187 746 2242 dicunt
775 2186 970 2242 Filium
1002 2186 1096 2240 Dei
1119 2202 1224 2240 non
1249 2201 1368 2241 esse
1399 2188 1591 2241 Deum.

510 2281 674 2336 Vens.
701 2280 753 2335 5.
782 2309 854 2322 —-
882 2279 1161 2350 Diligebat.
1194 2277 1457 2349 Diligebat
1494 2277 1863 2348 languentium
1903 2277 2020 2331 Sa‘l-

437 2382 598 2429 vator
634 2383 687 2428 et
723 2381 1059 2428 mortuorum
1098 2371 1392 2427 suscitator
1415 2369 1706 2434 Lazarum,
1735 2369 1861 2441 quia
1904 2368 2020 2423 lan-

437 2482 606 2540 guens
633 2475 686 2523 et
715 2475 977 2522 mortuus.

506 2560 671 2616 Vens.
702 2557 754 2613 6.
779 2588 848 2598 —
868 2557 1081 2612 Duobus
1107 2557 1309 2612 diebus.
1341 2555 1412 2612 Ut
1434 2552 1780 2626 quatriduum
1821 2551 2013 2622 impie-

438 2659 606 2706 retur.
629 2647 811 2705 Prima
841 2649 984 2703 enim
1008 2649 1094 2702 die
1114 2664 1220 2718 quo
1242 2647 1543 2702 nuntiatum
1570 2653 1654 2699 est
1673 2644 1745 2708 ei,
1773 2651 2020 2697 mortuus

439 2752 527 2798 est
549 2742 828 2814 languidus
850 2750 1000 2796 trans
1026 2741 1350 2807 Iordanem;
1381 2755 1480 2811 per
1502 2740 1636 2798 duos
1659 2738 1773 2793 dies
1797 2736 2017 2803 mansit,

439 2847 567 2889 ecce
593 2840 703 2888 tres
731 2851 744 2886 :
778 2840 972 2902 quarto
1003 2841 1181 2886 autem
1210 2831 1297 2886 die
1330 2831 1500 2885 venit.

509 2922 675 2977 Vens.
701 2922 754 2977 7.
787 2952 859 2962 —-
889 2922 1085 2976 Eamus
1102 2922 1156 2974 in
1174 2921 1438 2975 Juda’am.
1467 2916 2021 2991 Mystice:Signiﬁcat

436 3012 596 3069 ﬁdem
613 3013 904 3078 redituram
933 3013 998 3067 ad
1019 3010 1230 3067 Judaeos
1252 3011 1303 3065 in
1322 3011 1426 3066 ﬁne
1447 3026 1542 3081 per
1555 3010 1724 3064 Eliam
1745 3020 1796 3064 et
1815 3008 2014 3063 Enoch.

510 3106 675 3160 Vens.
709 3106 760 3160 8.
793 3135 862 3146 --
891 3103 1082 3158 Dicunt
1113 3105 1161 3158 ei
1198 3101 1460 3173 discipuli.
1506 3101 1736 3166 Territi,
1776 3100 2017 3155 volentes

439 3189 722 3252 consilium
747 3196 876 3251 dare
901 3197 1159 3267 magistro
1186 3209 1254 3249 nc
1278 3202 1580 3248 moreretur
1598 3234 1613 3257 ,
1645 3192 1786 3247 sicut
1806 3201 1859 3247 et
1889 3191 2014 3246 alibi

437 3287 672 3343 Petrus:
702 3287 847 3342 Absit
883 3305 916 3341 a
953 3297 1020 3350 te,
1056 3285 1298 3350 Domine,
1324 3301 1428 3340 non
1457 3285 1548 3338 ﬁet
1572 3283 1668 3338 tibi
1706 3283 1868 3339 istud.
1907 3279 2017 3338 Sed

439 3379 579 3434 sicut
603 3378 797 3434 Petrus
833 3378 1082 3432 laudatur
1114 3377 1180 3431 de
1218 3375 1393 3431 alieno
1422 3393 1436 3429 :
1468 3374 1663 3429 Beatus
1704 3391 1786 3437 es,
1833 3371 2016 3427 Simon

438 3470 699 3540 Barjona,
729 3472 853 3541 quia
890 3469 1051 3523 Pater
1081 3467 1319 3522 reuelauit
1350 3467 1474 3531 tibi,
1506 3465 1757 3534 culpatur
1785 3463 1850 3518 dc
1875 3479 1972 3518 suo
1999 3479 2012 3517 ;

441 3563 576 3617 Redi
606 3573 718 3632 post
750 3579 863 3623 me,
896 3559 1128 3625 Satana,
1161 3559 1285 3630 quia
1313 3559 1453 3629 sapis
1485 3573 1587 3611 non
1619 3573 1737 3627 qua:
1767 3554 1900 3619 Dei,
1927 3554 2016 3608 sed

440 3671 558 3727 qua:
581 3655 805 3708 hominis
829 3661 969 3706 sunt.
996 3652 1075 3706 Ita
1097 3661 1152 3732 et
1177 3652 1274 3706 hos
1302 3650 1564 3720 corripuit
1588 3649 1774 3703 dicens
1796 3661 1854 3701 se
1876 3646 2016 3702 diem

441 3746 496 3800 in
526 3761 633 3815 quo
653 3745 848 3799 debent
873 3741 1146 3796 ambulare
1175 3757 1243 3797 ne
1268 3739 1560 3804 offendant,
1588 3747 1643 3793 et
1669 3738 1786 3792 sine
1809 3752 1874 3792 eo
1905 3752 2018 3790 am-

444 3834 693 3890 bulantes
721 3831 1025 3897 oﬁ‘endant,
1055 3842 1116 3886 ut
1143 3831 1302 3886 modo
1333 3828 1577 3886 nolentes
1602 3843 1726 3883 eum
1757 3827 1896 3881 mori
1925 3825 2018 3896 qui

443 3940 543 3996 pro
564 3923 872 3979 hominibus
898 3923 1046 3977 venit
1065 3923 1220 3976 mori.
1252 3921 1376 3976 Illos
1413 3930 1594 3976 autem
1622 3919 1753 3974 dicit
1777 3933 1898 3973 esse
1920 3919 2020 3974 ho-

443 4030 534 4070 ras
560 4029 679 4084 quae
701 4013 842 4069 diem
873 4022 1198 4083 sequuntur,
1227 4026 1334 4066 non
1362 4011 1478 4067 dies
1501 4026 1614 4076 eas,
1644 4011 1740 4066 sed
1781 4010 1895 4065 dies
1928 4025 2022 4065 eas

445 4106 736 4162 illuminat.
777 4105 1069 4161 Duodecim
1095 4112 1178 4159 est
1203 4113 1449 4160 sacratus
1490 4117 1748 4158 numerus
1776 4103 1866 4173 qui
1899 4119 2024 4174 per-

444 4205 629 4253 manet
653 4197 843 4266 plenus
878 4209 893 4248 :
921 4196 1128 4265 dejecto
1153 4195 1298 4248 enim
1322 4193 1492 4261 Juda,
1535 4193 1629 4264 qui
1665 4208 1772 4248 non
1809 4193 2024 4250 lucebat

446 4291 592 4346 inter
613 4290 796 4353 horas,
831 4288 968 4342 alius
993 4288 1332 4356 subrogatur.

523 4379 683 4434 Vens.
717 4380 770 4433 9.
805 4408 877 4418 —
912 4377 1103 4432 Nonne
1139 4377 1410 4430 duodecim
1463 4385 1584 4429 sunt
1623 4376 1786 4430 horta.
1817 4373 2023 4447 (Ηιειι.)

446 4471 576 4526 Dies
604 4468 873 4534 Christus,
901 4476 956 4523 et
979 4467 1136 4522 aliter
1161 4469 1276 4522 dies
1296 4466 1544 4536 apostoli,
1587 4469 1854 4536 quomodo
1876 4465 2027 4522 Chri-

448 4570 595 4629 stus,
637 4569 768 4628 etc.,
830 4575 992 4632 usque
1039 4558 1109 4612 ad
1164 4558 1268 4630 ipsi
1318 4557 1693 4629 intelliguntur
1742 4558 2024 4614 duodecim

448 4652 694 4723 apostoli.

521 4742 685 4798 Vens.
711 4742 796 4800 l5.
824 4771 895 4784 --
916 4741 985 4800 Ut
1023 4741 1266 4797 credatis.
1298 4739 1416 4797 Non
1453 4741 1598 4813 quod
1635 4740 1795 4796 modo
1826 4740 2028 4811 incipe-

450 4841 573 4889 rent
615 4834 865 4899 credere,
912 4833 1004 4889 sed
1046 4841 1106 4890 ut
1148 4834 1422 4889 robustius
1462 4833 1770 4889 crederent.
1800 4831 2028 4902 Semper

449 4925 594 4980 enim
630 4923 762 4979 ﬁdes
797 4939 985 4980 eorum
1014 4924 1290 4982 miraculis
1313 4926 1628 4996 augebatur.

505 5014 687 5069 'Vens.
720 5014 807 5068 l7.
838 5045 904 5054 —
930 5014 995 5068 Et
1025 5016 1232 5071 invenit.
1261 5014 1442 5088 (Auc.)
1492 5014 1714 5087 Mystice
1744 5033 1757 5069 :
1786 5014 2028 5083 Quatuor

453 5116 580 5162 sunt
609 5107 722 5162 dies
744 5108 952 5162 mortis.
977 5106 1226 5163 Nascitur
1254 5111 1443 5174 homo,
1482 5119 1609 5176 etc.,
1640 5126 1801 5180 usque
1836 5112 1905 5165 ad
1934 5112 2028 5168 sed

455 5215 558 5255 nec
585 5199 719 5254 tales
742 5199 994 5269 relinquit
1022 5201 1408 5260 misericordia.

528 5290 690 5345 Vens.
727 5291 814 5347 22.
841 5322 913 5332 —
938 5291 1044 5347 Sed
1065 5305 1112 5347 et
1140 5311 1277 5348 nunc
1303 5295 1428 5350 scio.
1459 5294 1572 5352 hoc
1601 5295 1733 5361 scio,
1765 5295 1890 5366 quia
1925 5311 2025 5368 po-

455 5394 538 5441 tes
567 5384 824 5439 suscitare
848 5385 894 5439 si
929 5385 1009 5440 vis
1027 5425 1041 5449 ,
1073 5387 1215 5457 quod
1245 5396 1336 5440 tuo
1356 5385 1604 5458 relinquo
1633 5387 1884 5450 arbitrio,
1919 5403 2026 5444 non

456 5482 634 5531 autem
658 5491 945 5545 praesumo,
976 5492 1149 5546 neque
1180 5493 1311 5546 rogo
1335 5486 1392 5532 ut
1417 5479 1666 5545 suscites,
1695 5495 1813 5552 quae
1841 5479 2028 5536 nescio

458 5579 527 5622 au
555 5565 626 5620 sit
651 5565 794 5620 utilis
825 5567 942 5624 ﬁeri
979 5569 1324 5624 resurrectio.

529 5663 693 5720 Vens.
844 5695 914 5706 -ν-
942 5663 1119 5720 Etiam
1148 5665 1193 5720 si
1221 5676 1459 5721 mortou
1495 5665 1673 5736 fuerit.
1712 5664 1849 5722 Tres
1889 5681 2034 5722 mor-

459 5774 581 5824 tuos
626 5761 907 5819 suscitavit
952 5758 1133 5829 Iesus,
1177 5775 1342 5817 unum
1382 5760 1440 5818 in
1495 5759 1676 5826 domo,
1731 5758 1784 5815 id
1845 5769 1927 5816 cst
1976 5759 2030 5816 in

2113 1909 2234 1984 Ipse
2267 1909 2488 1966 fremuit
2509 1918 2564 1965 et
2600 1908 2835 1964 turbavit
2870 1925 2958 1975 se,
2991 1924 3148 1980 quem
3177 1908 3314 1963 alius
3341 1909 3563 1964 turbare
3588 1923 3699 1964 non

2114 2001 2305 2072 potuit,
2336 2000 2474 2055 sicut
2497 1999 2676 2054 omnia
2706 1997 3010 2068 hujusmodi
3043 1999 3303 2068 suscepit,
3337 1999 3464 2068 quia
3497 1998 3694 2053 voluit.

2118 2093 2398 2163 Signiﬁcat
2419 2101 2595 2147 autem
2619 2101 2876 2161 quantum
2905 2093 3066 2146 homo
3082 2091 3287 2145 turbari
3312 2091 3528 2154 debeat,
3549 2105 3702 2159 pres-

2118 2200 2210 2240 sus
2270 2193 2422 2238 tanta
2461 2182 2602 2238 mole
2652 2183 2883 2252 peccati.
2941 2181 3166 2249 Quando
3216 2189 3394 2235 autem
3448 2190 3703 2250 peccator

2118 2285 2436 2348 computans
2460 2293 2581 2347 qua:
2593 2278 2731 2331 bona
2758 2276 2854 2332 Dei
2875 2276 3103 2346 accepit,
3132 2291 3250 2345 qua:
3271 2274 3410 2329 mala
3442 2274 3698 2338 reddidit,

2117 2370 2301 2426 fremit
2330 2371 2383 2424 in
2424 2370 2614 2440 spiritu
2644 2377 2700 2425 et
2723 2370 2970 2424 turbatur
3010 2389 3023 2422 :
3057 2367 3306 2424 Christus
3335 2367 3516 2421 fremit
3551 2367 3608 2420 in
3634 2381 3701 2421 eo

2117 2476 2175 2522 et
2209 2465 2480 2530 turbatur,
2517 2465 2644 2534 quia
2675 2463 2806 2518 ﬁdes
2845 2463 2911 2518 de
2945 2462 3194 2526 Christo,
3241 2461 3489 2515 Christus
3528 2467 3614 2514 est
3646 2459 3698 2512 in

2117 2558 2300 2614 corde.
2328 2556 2536 2611 l‘remit
2566 2570 2695 2611 vero
2722 2553 2858 2610 ﬁdes
2890 2554 2944 2608 in
2968 2552 3185 2608 homine
3206 2552 3332 2607 dum
3363 2551 3430 2606 de
3462 2549 3702 2622 peccatis

2120 2649 2361 2717 increpat
2381 2661 2459 2702 se.

2190 2738 2356 2794 Vens.
2387 2738 2475 2792 54.
2503 2769 2574 2778 --
2595 2736 2697 2792 Ubi
2725 2736 2972 2808 posuistis
2999 2736 3158 2790 eum?
3185 2734 3285 2802 Qui
3323 2735 3520 2790 absens
3542 2733 3700 2790 scivit

2119 2842 2391 2889 mortuum
2411 2873 2425 2897 ,
2457 2831 2561 2888 scit
2585 2839 2641 2886 et
2663 2831 2753 2885 ubi
2777 2831 2847 2885 sit
2877 2829 3148 2900 sepultus,
3178 2828 3271 2883 sed
3296 2827 3375 2882 sic
3395 2827 3603 2890 dicens,
3643 2841 3701 2880 se

2121 2925 2274 2995 quasi
2304 2923 2513 2978 nescire
2537 2922 2805 2992 perditum
2837 2922 3110 2976 hominem
3135 2919 3432 2990 signiﬁcat;
3457 2919 3600 2972 unde
3620 2917 3702 2971 di-

2121 3018 2262 3073 citur
2290 3035 2302 3071 :
2335 3013 2459 3070 Non
2486 3015 2601 3070 nari
2629 3031 2718 3070 vos
2746 3002 2961 3087 (Matth.
2986 3014 3107 3084 v11).
3131 3014 3234 3069 Et:
3267 3011 3370 3067 Ubi
3389 3021 3464 3067 est
3498 3012 3657 3066 Adam
3679 3012 3705 3065 .’

2044 3152 2090 3216 C
2123 3107 2274 3216 (Gen.
2307 3105 2414 3216 111.2

2193 3197 2357 3253 Vens.
2385 3195 2473 3253 38.
2503 3229 2575 3237 —
2601 3197 2756 3252 Iesus
2793 3214 2935 3268 ergo,
2971 3204 3076 3252 etc.
3113 3193 3489 3251 Diﬂlcultatem
3518 3203 3703 3250 osten-

2119 3291 2195 3346 dit
2233 3289 2613 3345 viviﬁcationis
2655 3288 2779 3343 talis
2821 3287 3142 3359 peccatoris.
3190 3285 3322 3339 Erat
3369 3295 3549 3339 autem
3593 3301 3704 3354 spe—

2117 3380 2292 3435 lunca.
2322 3379 2627 3435 Moraliter:
2663 3379 3040 3448 Unusquisque
3069 3387 3322 3447 peccator
3347 3377 3489 3432 mole
3516 3392 3705 3448 pecca.

2118 3480 2295 3527 torum
2320 3487 2540 3542 pressus
2568 3481 2624 3526 et
2653 3487 2748 3526 sua
2780 3470 2896 3541 lege
2918 3479 3172 3541 gravatus
3192 3510 3205 3534 ,
3232 3478 3288 3524 et
3317 3469 3705 3524 consuetudine

2119 3577 2215 3618 sua
2245 3562 2386 3617 mala
2411 3561 2524 3632 jam
2547 3560 2753 3627 letens,
2785 3561 2921 3616 alios
2951 3560 3196 3630 exemplo
3229 3575 3327 3615 suo
3352 3560 3496 3614 malo
3525 3570 3706 3630 aperte

2119 3655 2417 3724 corrumpit
2477 3673 2491 3710 :
2559 3668 2804 3720 sorores,
2871 3653 3227 3725 cogitationes
3282 3653 3518 3724 aliquae,
3582 3653 3706 3724 quia

2121 3747 2441 3818 quandoque
2471 3745 2713 3816 cogitans
2741 3759 2798 3798 se
2827 3745 2966 3798 male
2995 3743 3208 3810 fecisse,
3242 3743 3407 3799 dolet.

2192 3837 2358 3893 Vens.
2387 3836 2474 3891 59.
2503 3865 2577 3876 —-
2611 3835 2856 3901 Domine,
2882 3835 3000 3905 jam
3041 3835 3181 3904 fetet.
3223 3834 3469 3890 Timebat
3500 3843 3705 3889 remoto

2121 3927 2294 3997 lapide
2341 3927 2518 3997 potius
2551 3924 2780 3981 fetorem
2829 3925 3080 3993 excitari,
3142 3941 3304 3996 quam
3351 3924 3587 3980 fratrem
3624 3939 3706 3981 re.

2123 4019 2396 4075 suscitari.

2193 4110 2360 4167 Vens.
2393 4110 2485 4166 42.
2511 4142 2582 4151 —
2608 4110 2712 4167 Sea
2738 4119 2946 4182 propter
2971 4125 3245 4181 popumm,
3271 4116 3376 4162 etc.
3405 4106 3505 4162 His
3526 4107 3706 4162 verbis

2124 4219 2184 4260 se
2213 4203 2440 4274 gloriam
2481 4203 2658 4258 Patris
2697 4216 2962 4272 quaerere,
3007 4201 3145 4255 sicut
3187 4200 3242 4254 in
3289 4199 3412 4253 aliis
3448 4199 3708 4269 cperibus

2125 4293 2381 4350 ostendit.
2410 4291 2546 4347 Nam
2583 4292 2710 4362 quia
2744 4291 3038 4347 secundum
3076 4289 3350 4345 hominem
3390 4289 3569 4343 minor
3592 4296 3709 4343 erat

2129 4385 2290 4439 Patre
2309 4427 2324 4450 ,
2348 4385 2417 4439 ab
2443 4399 2509 4440 eo
2541 4385 2676 4454 petit
2711 4383 3117 4438 suscitationem
3153 4380 3377 4446 Lazari,
3415 4388 3471 4434 et
3502 4381 3622 4436 ideo
3650 4394 3706 4434 se

2131 4476 2442 4533 exauditam
2473 4475 2622 4540 dicit,
2650 4483 2706 4529 et
2724 4475 2829 4530 hoc
2847 4482 3068 4546 propter
3087 4473 3520 4535 circumstantes,
3544 4480 3606 4526 ut
3632 4471 3706 4525 sic

2129 4567 2412 4622 crederent
2445 4565 2540 4619 Dei
2568 4563 2786 4618 Filium.

2203 4655 2364 4711 Vens.
2405 4654 2496 4708 45.
2525 4683 2597 4694 -
2633 4649 2771 4706 Voce
2797 4668 3009 4722 magna.
3043 4640 3286 4706 Fremuit
3307 4689 3322 4714 ,
3366 4648 3703 4719 lacrymavit,

2127 4748 2402 4811 clamavit,
2427 4746 2553 4815 quia
2581 4744 2798 4800 difﬁcile
2826 4743 2998 4814 surgit
3019 4757 3178 4814 quem
3208 4741 3377 4796 moles
3399 4741 3555 4796 malae
3579 4756 3706 4796 cou-

2127 4841 2428 4899 suetudinis
2459 4840 2692 4909 premit,
2725 4837 2819 4892 sed
2846 4845 3027 4893 tamen
3067 4843 3192 4906 post
3230 4849 3480 4905 magnam
3522 4848 3704 4888 vocem

2132 4934 2339 5004 surgit,
2372 4933 2423 4986 id
2463 4940 2567 4999 est,
2604 4946 2702 5002 per
2731 4944 2982 5000 magnam
3010 4928 3105 4984 Dei
3135 4927 3363 4997 gratiam
3403 4924 3705 4980 viv1ﬁcatur

2132 5025 2258 5079 dum
2282 5022 2526 5092 poenitet.

2205 5113 2370 5168 Vens.
2424 5111 2514 5166 44.
2557 5142 2627 5152 -
2665 5108 2736 5165 Et
2782 5113 2958 5165 statim
3004 5109 3216 5181 prodiit.
3264 5108 3402 5163 Dum
3453 5114 3704 5177 peccator

2139 5207 2463 5270 contemnit,
2490 5205 2731 5275 sepultus
2757 5203 2934 5274 jacet;
2965 5201 3182 5272 quando
3221 5201 3469 5270 poenitet,
3503 5198 3701 5267 surgit;

2134 5300 2349 5369 quando
2369 5296 2678 5361 conﬁtetur,
2711 5293 2908 5364 prodit,
2942 5291 3097 5361 quasi
3119 5291 3187 5345 de
3215 5290 3446 5345 occultis
3462 5289 3704 5344 exeundo

2133 5389 2472 5447 manifestus.
2500 5387 2695 5442 Soluite
2723 5401 2862 5438 eum.
2887 5382 3134 5438 Christus
3154 5396 3251 5451 per
3286 5395 3345 5435 se
3367 5379 3603 5434 viviﬁcat
3630 5380 3704 5431 in-

2139 5490 2246 5546 tus,
2272 5478 2535 5534 ministris
2559 5475 2748 5530 tribuit
2769 5480 3087 5544 potestatem
3110 5470 3374 5526 solvendi.

2208 5573 2372 5629 Vens.
2403 5569 2493 5625 48.
2514 5599 2588 5610 -
2614 5565 2835 5623 Credent
2863 5569 2917 5622 in
2943 5583 3082 5622 eum.
3124 5565 3194 5619 Et
3220 5565 3420 5619 venient
3463 5561 3703 5617 Romani.

2139 5663 2207 5720 Et
2236 5663 2362 5733 quia
2391 5661 2696 5717 sentiebant
2724 5658 3024 5714 doctrinam
3055 5656 3174 5726 ejus
3211 5669 3333 5710 esse
3362 5663 3551 5710 contra
3578 5662 3707 5708 tem—

2141 5757 2287 5830 plum
2319 5763 2374 5814 et
2399 5762 2657 5826 paternas
2678 5752 2842 5824 leges,
2860 5751 3126 5808 timebant
3153 5763 3220 5807 ne
3242 5748 3288 5805 si
3311 5762 3502 5805 omnes
3529 5744 3707 5803 crede
