3958 6314
246 385 349 443 ιοι

1205 385 1466 445 GLOSSA
1502 380 1897 442 ORMNARIA.
1938 409 2007 422 σ-
2046 379 2298 464 ΕἾΑΝΟ.
2338 381 2526 440 JOAN.

3383 386 3489 441 401

247 504 373 554 rent
400 497 456 552 in
495 493 769 552 Christum
789 538 802 561 ,
830 509 988 551 nemo
1015 507 1323 554 remaneret
1357 497 1450 568 qui
1489 503 1679 552 contra
1705 495 1814 549 Ro-
1840 499 1891 558 Α
1917 492 2121 550 euitare
2134 493 2217 547 vel
2243 508 2441 562 negare
2469 490 2988 560 miraculum,stulte
3010 491 3194 550 volunt
3217 492 3483 561 occidere,

246 605 440 645 manos
465 589 735 644 civitatem
761 587 854 642 Dei
885 596 938 643 et
981 586 1234 658 templum
1271 587 1601 642 defenderet.
1632 585 1700 639 Et
1730 601 1816 640 ve-

247 683 391 735 nient
414 679 658 734 Romam.
692 679 766 734 De
792 679 1173 749 temporalibus
1197 679 1408 743 timent,
1433 694 1537 733 non
1561 678 1626 732 de
1662 684 1817 732 teter-

245 771 365 835 nis,
397 778 450 823 et
497 777 722 839 utraque
762 770 1128 839 perdiderunt.
1169 769 1345 824 Locus
1373 776 1454 824 est
1483 767 1816 823 Hierusalem

245 877 408 932 quem
442 861 806 930 perdiderunt,
841 871 1052 932 gentem
1075 860 1818 930 suamperdideruut'ubique

243 953 499 1021 dispersi.

237 1034 245 1057 ’
319 1043 484 1096 Vens.
515 1041 602 1096 51'.
637 1073 705 1082 —
737 1041 852 1096 Hoc
893 1059 920 1096 τ
961 1042 1248 1111 semetipso.
1273 1041 1455 1113 (Auc.)
1487 1041 1624 1097 Nata
1652 1042 1817 1096 etiam

243 1134 418 1188 malos
441 1149 537 1204 per
557 1133 802 1204 Spiritum
819 1134 1112 1204 prophetia:
1139 1134 1433 1202 prmdicere
1463 1133 1665 1198 futura,
1682 1141 1815 1199 etc.,

244 1243 410 1297 usque
436 1225 504 1279 ad
525 1225 666 1296 quod
697 1242 803 1281 non
831 1225 956 1281 licet
993 1227 1096 1282 nisi
1127 1242 1339 1283 summo
1359 1229 1648 1294 sacerdoti,
1672 1237 1732 1284 ut
1753 1229 1818 1286 de

241 1317 508 1371 Zacharia
535 1317 750 1388 legitur.
1663 1364 1666 1368 .

321 1408 483 1463 Vsus.
508 1409 596 1464 52.
625 1440 696 1450 —
719 1407 827 1464 Pro
853 1420 1018 1480 gente.
1042 1409 1368 1478 Iudaeorum,
1408 1411 1616 1467 scilicet
1637 1411 1690 1466 in
1711 1425 1819 1481 qua

240 1512 400 1556 erant
443 1517 595 1567 oves,
640 1501 743 1557 hoc
786 1511 994 1557 tantum
1028 1503 1283 1574 Caiphas.
1307 1503 1413 1559 Sed
1442 1505 1568 1573 quia
1594 1511 1819 1558 noverat

241 1593 572 1663 evangelista
607 1609 726 1649 esse
745 1594 878 1649 alias
902 1611 1050 1660 oves,
1079 1597 1283 1650 addidit
1308 1614 1321 1650 :
1349 1595 1452 1650 Sed
1479 1605 1532 1650 ut
1560 1596 1700 1666 ﬁlios
1719 1596 1817 1651 Dei

239 1685 334 1756 qui
373 1695 522 1740 erant
550 1683 768 1756 dispersi
798 1703 1129 1757 congregare.
1164 1686 1282 1741 Filii
1325 1688 1814 1756 przedestinatione,

239 1777 387 1832 sicut
428 1785 482 1831 et
510 1792 638 1831 oves
667 1777 720 1831 in
754 1776 950 1844 Israel,
993 1778 1231 1833 nondum
1259 1778 1404 1833 enim
1453 1786 1641 1843 erant,
1692 1778 1818 1847 quia

243 1868 484 1924 nondum
511 1868 872 1923 crediderant.

313 1960 481 2016 Vens.
509 1960 598 2016 55.
627 1993 699 2002 —
723 1961 1031 2018 Proximum
1054 1972 1246 2017 autem.
1269 1961 1588 2018 imminente
1610 1960 1818 2018 Pascha

242 2053 456 2125 ﬁgurali
500 2053 552 2108 in
598 2070 705 2125 quo
743 2056 854 2126 jam
903 2071 1063 2112 verus
1107 2071 1276 2127 agnus
1313 2054 1672 2111 immolandus
1702 2063 1817 2122 est,

241 2143 530 2198 consilium
557 2155 671 2200 erat
699 2146 838 2200 inter
861 2145 1073 2202 J‘udmos
1102 2148 1166 2203 de
1195 2161 1260 2202 eo
1278 2146 1595 2214 occidendo,
1623 2157 1678 2204 et
1705 2149 1820 2220 ipse

239 2235 648 2308 appropinquat
670 2239 937 2309 passionis
961 2238 1101 2293 loco.

823 2382 1052 2443 CAPUT
1086 2382 1200 2441 XII.

320 2505 486 2567 Vens.
520 2509 571 2569 i.
602 2542 672 2555 --
706 2508 860 2570 Venit
890 2518 943 2571 in
973 2516 1305 2572 Bethaniam.
1357 2515 1482 2575 Ideo
1529 2518 1682 2590 prius
1722 2517 1824 2574 Bc-

245 2600 490 2657 thaniam
516 2606 684 2671 venit,
722 2614 781 2660 ut
822 2608 1164 2663 resuscitatio
1189 2608 1381 2663 Lazari
1421 2610 1584 2666 altius
1613 2625 1820 2666 memo-

247 2696 346 2750 rim
371 2699 608 2754 omnium
635 2701 956 2765 traderetur,
987 2711 1043 2757 et
1069 2702 1464 2758 inexcusabiles
1487 2701 1655 2759 Judaei
1687 2719 1820 2758 con-

249 2787 635 2858 funderentur,
665 2801 957 2848 tractantes
996 2793 1060 2849 de
1091 2803 1263 2849 morte
1294 2794 1426 2848 tanti
1455 2794 1816 2850 suscitatoris.

321 2881 486 2936 Vens.
516 2882 569 2937 3.
593 2913 657 2923 —-
691 2881 866 2938 Maria
897 2901 1038 2956 ergo.
1068 2883 1370 2940 Pretiosum
1405 2893 1735 2956 unguentum
1763 2883 1822 2939 ﬁt

251 2970 323 3025 de
351 2971 521 3025 nardo
547 2972 782 3028 maxime
807 2975 870 3029 de
894 2974 1076 3044 spicis,
1099 2975 1186 3029 hic
1217 2983 1393 3030 autem
1416 2975 1614 3029 dicitur
1642 2974 1819 3045 pistici

246 3074 281 3114 a
317 3061 436 3116 loco
476 3061 616 3116 unde
645 3069 784 3116 erat.
822 3062 891 3116 Et
933 3063 1316 3133 interpretatur
1346 3063 1552 3127 ﬁdelis,
1582 3079 1688 3117 non
1717 3063 1821 3116 alia

242 3151 584 3207 admixtione
606 3153 865 3222 corrupti.
903 3153 1043 3207 Dixit
1064 3172 1184 3226 ergo
1211 3173 1365 3210 unus.
1393 3156 1558 3212 ludas
1585 3156 1686 3209 etsi
1711 3171 1824 3209 ma-

244 3240 339 3296 lus
381 3249 560 3296 tamen
607 3243 746 3299 inter
771 3244 1042 3314 apostolos
1071 3253 1417 3311 numeratur,
1447 3253 1506 3300 ut
1535 3247 1826 3301 doceamur

244 3329 423 3385 malos
447 3331 700 3398 tolerare,
727 3348 794 3388 ne
820 3349 1016 3404 corpus
1041 3332 1240 3390 Christi
1269 3335 1590 3402 dividamus,
1630 3345 1683 3391 et
1708 3351 1826 3390 ma-

247 3423 335 3478 los
359 3413 515 3477 bonis
545 3439 649 3478 non
689 3424 901 3480 obesse.

323 3511 484 3566 Vens.
517 3513 568 3566 6.
597 3543 671 3553 —
694 3511 817 3568 Non
842 3516 966 3585 quia
984 3555 998 3581 ,
1027 3522 1132 3571 etc.
1156 3515 1428 3584 Quantum
1456 3518 1524 3573 ad
1558 3533 1710 3573 suam
1745 3504 1849 3572 in:

246 3601 548 3656 tentionem
577 3604 646 3658 ad
693 3619 818 3658 eum
866 3620 969 3659 non
1000 3607 1305 3677 pertinebat
1335 3607 1400 3662 de
1445 3609 1662 3680 egenis,
1699 3610 1824 3678 quia

251 3707 360 3747 non
397 3693 621 3748 curabat
645 3695 711 3750 de
742 3696 902 3766 ipsis,
934 3712 1041 3753 non
1069 3700 1192 3770 quia
1230 3700 1576 3757 commissum
1602 3712 1746 3758 esset
1773 3703 1827 3759 ei

247 3783 567 3855 dispensare
604 3785 948 3857 pauperibus.

327 3875 548 3932 Loculos
575 3878 792 3946 habens,
809 3890 918 3935 etc.
942 3879 1041 3936 Cui
1063 3882 1371 3938 ministrant
1391 3883 1588 3955 angeli,
1613 3885 1824 3940 loculos

247 3967 420 4025 habet
438 3969 490 4024 in
513 3981 758 4040 sumptus
777 3987 1094 4043 pauperum,
1114 3975 1551 4032 condescendens
1571 3977 1820 4032 inﬁrmis.

324 4055 490 4112 Vitas.
520 4059 663 4112 7.—
693 4057 859 4114 Sinite
908 4059 1076 4116 illam.
1125 4061 1282 4118 Novit
1327 4063 1535 4130 furem,
1582 4065 1679 4120 sed
1717 4081 1826 4121 non

245 4148 448 4219 prodit,
481 4149 680 4205 docens
725 4150 957 4208 tolerare
999 4151 1186 4208 malos.
1229 4152 1461 4210 Tantum
1507 4155 1825 4227 obsequium

247 4241 438 4297 Maria:
466 4245 825 4321 commendat,
857 4247 1146 4304 ostendens
1174 4249 1314 4319 quod
1340 4259 1483 4306 esset
1507 4251 1822 4317 moriturus,

247 4342 307 4390 et
337 4334 404 4388 ad
430 4334 793 4404 sepeliendum
815 4340 1146 4394 aromatibus
1173 4341 1470 4412 ungendus.
1497 4341 1621 4396 ideo
1644 4340 1826 4397 Mariae

252 4424 344 4478 cui
372 4440 476 4479 non
509 4425 660 4480 licuit
683 4437 953 4484 mortuum
972 4445 1206 4500 ungere,
1239 4431 1422 4486 datum
1447 4441 1532 4487 est
1552 4434 1826 4488 viventem

249 4515 430 4571 ofﬁcio
461 4515 666 4573 funeris
688 4519 909 4582 donare.
937 4521 1077 4575 unde
1101 4523 1394 4577 secundum
1426 4523 1666 4580 Marcum
1692 4526 1827 4581 dici-

249 4612 372 4669 tur,
405 4607 545 4675 quod
571 4607 789 4671 habuit,
821 4609 874 4662 id
912 4618 996 4664 est
1029 4611 1230 4680 potuit,
1274 4612 1377 4667 hoc
1398 4612 1556 4682 fecit,
1581 4617 1828 4685 praevenit

250 4714 448 4768 ungere
472 4715 658 4769 corpus
690 4717 861 4754 meum
883 4701 938 4754 in
963 4691 1310 4774 sepulturam.

325 4791 493 4847 Vens.
514 4791 569 4847 8.
595 4823 668 4833 —
690 4791 775 4846 Me
798 4802 971 4848 autem
1011 4811 1115 4848 non
1154 4811 1355 4866 semper
1374 4796 1592 4852 habetis.
1627 4797 1830 4868 Corpo-

251 4881 354 4938 rali
382 4883 688 4950 prtesentia.
711 4883 807 4938 Vel
831 4898 935 4938 non
963 4884 1252 4952 habebitis,
1281 4895 1335 4940 tu
1350 4884 1486 4941 Juda
1508 4899 1562 4943 et
1585 4889 1675 4958 qui
1701 4897 1829 4944 sunt

249 4969 594 5039 huiusmodi,
635 4973 761 5042 quia
811 4972 858 5028 si
893 4974 1018 5028 mali
1049 4973 1162 5042 jam
1207 4977 1606 5032 communicant
1649 4994 1830 5034 sacra-

254 5064 473 5127 mentis,
501 5073 687 5134 postea
719 5073 895 5119 tamen
917 5081 1022 5120 non
1049 5067 1249 5122 habent
1272 5067 1560 5125 Dominum
1590 5080 1650 5126 ut
1679 5073 1826 5129 boni.

327 5152 492 5207 Vens.
527 5152 580 5207 9.
608 5183 675 5192 —
697 5151 765 5206 Et
791 5165 1060 5210 venerunt.
1093 5155 1392 5214 Curiositas
1415 5159 1536 5226 hos,
1568 5177 1674 5216 non
1703 5164 1831 5218 cha-

253 5244 396 5300 ritas
430 5243 671 5298 adduxit.
704 5243 813 5300 Nos
854 5255 1107 5311 econtra,
1157 5248 1202 5302 si
1245 5252 1616 5318 cognoscimus
1645 5251 1826 5309 Jesum

251 5336 560 5392 obedientis
602 5337 794 5392 animae
823 5337 1039 5392 domum
1081 5341 1133 5394 in
1177 5355 1281 5409 qua
1310 5342 1515 5398 habitet
1538 5345 1824 5411 invenisse,

253 5428 539 5482 veniamus
578 5426 703 5482 illuc
739 5429 1224 5498 contemplatione,
1269 5447 1374 5486 non
1413 5442 1632 5504 prepter
1656 5435 1828 5490 homi-

252 5532 385 5572 nem
410 5525 615 5571 tantum
637 5532 796 5587 quem
823 5519 878 5572 in
901 5519 1081 5574 anima
1104 5521 1419 5576 suscitatum
1446 5523 1712 5589 videmus,
1735 5525 1830 5581 sed

251 5614 318 5660 ut
335 5606 532 5660 bonam
548 5606 713 5660 vitam
732 5605 1023 5675 imitemur,
1045 5616 1100 5664 et
1117 5624 1214 5680 per
1233 5609 1337 5667 hoc
1351 5611 1416 5668 ad
1430 5612 1692 5669 visionem
1707 5613 1834 5670 Iesu

252 5696 660 5769 perveniamus.

331 5785 494 5842 Vens.
523 5785 610 5842 10.
631 5817 704 5828 -
739 5786 1123 5861 Cogitaverunt.
1154 5791 1290 5860 Quia
1320 5809 1424 5850 non
1454 5802 1701 5864 poterant
1739 5810 1832 5853 oc-

1921 585 2076 656 quasi
2113 601 2219 640 non
2269 585 2438 655 possit
2483 585 2748 640 suscitare
2797 585 3044 642 occisum
3079 585 3180 658 qui‘
3207 587 3489 643 suscitavit
3550 579 3552 586 ’

1919 675 2250 732 defunctum.

1986 767 2152 823 Vsus.
2188 767 2275 822 η.
2298 799 2368 808 -
2408 767 2478 821 In
2517 768 2828 823 crastinum.
2870 768 3010 825 Ecce
3052 785 3180 826 oves
3219 785 3286 826 ex
3323 768 3496 825 lsrael‘

1916 856 2157 912 veniunt
2174 857 2239 912 ad
2260 864 2550 927 pastorem.
2592 858 2748 913 Rami
2768 869 2892 914 sunt
2920 859 3103 915 laudes
3125 859 3490 932 signiﬁcantes

1917 947 2202 1002 victoriam
2231 947 2532 1017 superaturi
2566 948 2835 1002 diabolum
2861 957 2914 1003 et
2936 961 3185 1005 mortem.

1987 1037 2154 1094 Vsus.
2185 1039 2273 1093 15.
2293 1069 2363 1079 -
2399 1037 2728 1093 Clamabunt.
2757 1038 2937 1111 (Auc.)
2969 1039 3180 1096 Osanna
3203 1056 3305 1096 vox
3329 1040 3480 1097 obse-

1918 1130 2123 1184 crantis
2146 1129 2318 1198 magis
2342 1129 2587 1184 indicans
2617 1129 2867 1185 allectum
2916 1147 3078 1201 quam
3107 1147 3219 1188 rem
3256 1131 3492 1204 aliquam

1919 1217 2253 1287 signiﬁcans,
2275 1219 2417 1274 sicut
2437 1217 2863 1286 interiectiones.

1991 1307 2105 1362 Rea:
2127 1305 2320 1362 Israel.
2359 1308 2475 1364 Rex
2521 1325 2627 1364 non
2661 1316 2875 1365 terreno
2921 1325 3104 1378 more,
3134 1313 3275 1382 quod
3297 1326 3486 1381 parum

1919 1407 2024 1466 est,
2051 1400 2144 1456 sed
2162 1402 2290 1471 quia
2331 1401 2489 1473 regit,
2521 1410 2576 1457 et
2597 1402 2668 1457 ad
2695 1412 2901 1459 mentes
2919 1444 2933 1469 ,
2963 1413 3017 1459 et
3044 1405 3110 1459 ad
3138 1420 3300 1475 regna
3328 1404 3491 1461 coelo-

1919 1509 2040 1548 rum
2070 1494 2237 1560 ducit,
2265 1502 2322 1550 et
2340 1503 2423 1550 est
2450 1495 2810 1550 miserationis
2831 1511 2938 1550 non
2970 1497 3370 1568 indignationis.

1994 1587 2158 1644 Vens.
2195 1591 2280 1645 15.
2304 1621 2379 1630 -
2406 1588 2535 1644 Noli
2573 1591 2772 1654 (interc,
2799 1590 2934 1660 ﬁlia.
2957 1591 3016 1645 in
3044 1592 3273 1662 reprobo
3297 1589 3492 1662 populo

1921 1691 2040 1739 erat
2071 1683 2180 1739 ﬁlia
2210 1685 2362 1751 Sion,
2409 1684 2463 1739 id
2491 1693 2595 1750 est,
2633 1684 2953 1751 Jerusalem,
2978 1686 3185 1740 scilicet
3214 1700 3342 1741 oves
3371 1700 3491 1754 qua:

1923 1775 2113 1830 devote
2137 1783 2431 1830 occurrunt
2455 1775 2712 1840 venienti,
2740 1775 2934 1844 quibus
2969 1776 3224 1833 divinitus
3251 1774 3448 1831 dicitur
3471 1791 3512 1830 :~

1735 1875 1743 1882 ’
1846 1855 1894 1914 Β
1920 1863 2210 1934 Agnoscite
2235 1880 2396 1934 quem
2420 1864 2669 1931 laudatis,
2698 1874 2752 1921 et
2775 1882 2844 1922 ne
2878 1867 3112 1922 timeatis
3140 1882 3262 1921 cum
3285 1865 3499 1940 patitur

1918 1960 2010 2030 qui
2074 1967 2180 2014 est.
2209 1966 2392 2016 vestra
2451 1960 2771 2031 redemptio.
2825 1959 3006 2014 Pullus
3066 1959 3120 2014 in
3177 1973 3284 2029 quo
3333 1970 3492 2012 nemo

1920 2049 2134 2105 sederat
2152 2092 2166 2118 ,
2195 2051 2424 2124 populus
2458 2057 2542 2106 est
2569 2051 2810 2121 gentium
2835 2049 2926 2120 qui
2951 2049 3124 2120 legem
3150 2049 3244 2104 Dei
3267 2063 3376 2105 non
3396 2063 3515 2103 ac--

1921 2150 2157 2216 ceperat.
2389 2127 2394 2136 ’

1993 2239 2156 2294 Vens.
2185 2236 2274 2293 l9.
2303 2266 2376 2277 ——
2403 2234 2539 2291 Ecce
2561 2243 2717 2290 totus.
2748 2233 2853 2290 Per
2879 2231 3190 2304 passionem
3218 2238 3495 2289 et-resur-

1921 2331 2216 2386 rectionem
2259 2336 2432 2384 totum
2478 2328 2738 2383 mundum
2775 2327 3034 2392 redemit,
3075 2333 3130 2380 et
3164 2331 3382 2381 secutus
3409 2335 3494 2378 est

1923 2435 2066 2476 cum.
2099 2419 2165 2473 Et
2185 2419 2315 2489 quid
2345 2419 2540 2474 mirum
2571 2418 2617 2473 si
2655 2417 2888 2473 mundus
2915 2424 3037 2487 post
3072 2430 3197 2471 eum
3226 2414 3373 2470 vadit
3396 2428 3494 2484 per

1924 2526 2084 2582 quem
2113 2509 2286 2566 factus
2303 2519 2390 2566 est
2415 2509 2684 2564 mundus?

1995 2601 2157 2657 Vens.
2182 2602 2273 2655 2!.
2300 2631 2371 2641 —
2401 2599 2474 2655 Hi
2500 2616 2620 2672 ergo
2659 2607 3002 2655 accesserunt.
3034 2595 3282 2655 Ostendit
3309 2601 3496 2668 gentes

1923 2712 2020 2769 per
2042 2695 2473 2767 praedicationem
2503 2693 2863 2766 apostolorum
2889 2705 3196 2748 conversas.

1992 2787 2157 2844 Vens.
2200 2787 2290 2843 23.
2318 2819 2389 2828 —
2424 2786 2580 2841 Iesus
2619 2796 2811 2840 autem.
2845 2785 2921 2840 De
2955 2783 3157 2848 Judzeis,
3183 2791 3373 2848 erant,
3402 2781 3495 2852 qui

1923 2880 2228 2936 clamabant
2253 2897 2266 2933 :
2298 2879 2606 2933 Benedictus
2635 2878 2726 2949 qui
2752 2877 2886 2931 venit
2924 2877 2980 2930 in
3006 2875 3211 2930 nomine
3241 2873 3453 2927 Domini
3476 2889 3500 2936 ξ

1924 2972 2083 3028 modo
2131 2970 2358 3042 gentiles
2402 2976 2651 3039 quaerunt
2698 2968 2914 3032 videre,
2960 2982 3088 3024 ecce
3123 2968 3226 3022 duo
3258 2966 3494 3037 parietes

1923 3071 2325 3118 concurrentes.
2354 3061 2498 3116 Dicit
2518 3062 2698 3131 itaque
2719 3060 2992 3161 angtklaris
3011 3060 3163 3131 lapis.
3193 3058 3342 3114 Venit
3364 3059 3493 3161 liora

1927 3160 1984 3204 ut
2008 3150 2347 3218 clariﬁcetur.
2373 3149 2499 3204 Haec
2520 3165 2624 3203 non
2645 3159 2729 3204 est
2749 3147 3065 3204 clariﬁcatio
3087 3150 3153 3204 de
3175 3149 3292 3204 istis
3313 3147 3494 3203 volen-

1932 3240 2074 3295 tibus
2087 3241 2269 3296 videre
2279 3241 2391 3306 ,sed
2405 3241 2692 3296 occasione
2705 3241 2898 3295 horum
2919 3241 3201 3294 annuntiat
3212 3247 3495 3294 venturam

1927 3332 2314 3404 plenitudinem
2328 3334 2566 3401 gentium
2580 3334 2712 3388 eoin
2735 3333 2887 3389 caelis
2902 3333 3213 3404 gloriﬁcato.
3235 3333 3340 3388 Sed
3356 3333 3498 3388 hanc

1872 3493 1880 3504 ι
1927 3425 2264 3482 altitudinem
2311 3425 2716 3496 gloriﬁcationis
2759 3427 3012 3496 praecedit
3051 3426 3326 3482 humilitas
3366 3441 3494 3496 pas-

1927 3519 2114 3583 sionis,
2136 3517 2304 3573 unde:
2328 3517 2678 3581 Amen,amen
2699 3517 2816 3570 dico
2841 3517 3000 3581 vobis,
3026 3523 3126 3571 etc.
3157 3514 3257 3572 Ubi
3283 3532 3341 3572 se
3366 3516 3497 3571 dicit

1926 3624 2154 3680 granum
2185 3605 2613 3663 mortiﬁcand'um
2637 3613 2691 3663 et
2722 3607 3181 3677 multiplicandum
3199 3646 3216 3673 ,
3244 3607 3310 3661 ad
3333 3621 3494 3678 quam

1923 3699 2234 3771 passionem
2256 3699 2368 3771 jam
2390 3698 2708 3756 exhortatus
2737 3699 2918 3755 sub‘dit
2943 3717 2956 3754 :
2983 3696 3086 3767 Qui
3106 3707 3246 3754 amat
3263 3699 3497 3753 animam

1924 3811 2094 3859 suam,
2122 3803 2228 3850 etc.

2001 3884 2124 3940 Nisi
2148 3902 2369 3957 granum
2399 3885 2664 3955 frumenti.
2693 3884 2875 3958 (AUG.)
2902 3883 3022 3956 Ipse
3047 3893 3133 3940 est
3166 3883 3496 3940 frumentum

1925 3993 2034 4048 quo
2061 3977 2242 4032 vivere
2261 3977 2419 4032 debet
2438 3975 2612 4032 ﬁdelis
2638 3975 2839 4031 anima.
2866 3975 3129 4039 Granum,
3157 3976 3225 4030 de
3247 3991 3356 4046 quo
3383 3975 3498 4045 spi-

1923 4069 2136 4126 ritualis
2173 4083 2325 4140 seges
2358 4069 2516 4138 debet
2544 4083 2786 4140 surgere.
2816 4066 2950 4123 Cum
2995 4068 3102 4123 sint
3126 4067 3290 4122 multa
3331 4082 3497 4138 grana

1927 4161 2227 4226 seminum,
2274 4159 2402 4214 nulli
2447 4175 2506 4216 se
2543 4167 2822 4230 comparat
2865 4159 2969 4214 nisi
3021 4159 3324 4224 frumento,
3353 4159 3499 4215 unde

1925 4271 2042 4311 mos
2067 4256 2229 4326 cmpit
2256 4253 2508 4311 Ecclesiae
2547 4253 2614 4310 de
2641 4253 2744 4310 hoc
2778 4252 2891 4309 solo
2932 4267 3100 4326 grano
3141 4251 3334 4309 conﬁci
3375 4267 3498 4308 cor-

1925 4362 2026 4418 pus
2055 4345 2287 4401 Domini.

1997 4437 2161 4494 Vens.
2186 4438 2276 4494 25.
2303 4469 2374 4480 —-
2412 4437 2517 4505 Qui
2559 4448 2719 4494 amat.
2754 4438 2935 4512 (Auo.)
2965 4438 3068 4508 Qui
3111 4449 3257 4496 amat
3302 4439 3357 4495 in
3400 4439 3502 4494 bac
3564 4466 3591 4482 ο

1930 4529 2061 4595 vita,
2091 4530 2269 4600 perdit
2311 4531 2366 4585 in
2408 4529 2591 4586 futuro
2617 4532 2760 4601 quod
2805 4532 2977 4602 magis
3027 4532 3306 4603 congruit,
3357 4531 3502 4585 unde

1931 4620 2151 4676 subdit:
2185 4619 2288 4687 Qui
2331 4621 2440 4675 odit
2469 4623 2732 4689 animam,
2760 4631 2866 4679 etc.
2892 4621 3008 4677 Non
3049 4629 3226 4687 amat,
3265 4621 3358 4677 sed
3389 4621 3505 4676 odit

1931 4712 2166 4768 animam
2198 4713 2251 4769 in
2276 4714 2378 4770 hoc
2406 4715 2629 4782 mundo,
2677 4715 2769 4785 qui
2801 4715 3072 4787 diligendo
3094 4714 3293 4780 Deum,
3325 4713 3504 4785 potius

1929 4819 2091 4876 quam
2119 4806 2171 4860 in
2198 4820 2320 4860 eum
2343 4815 2528 4877 peccet
2549 4807 2697 4878 eligit
2717 4807 2908 4862 occidi.
3381 4829 3383 4832 ⁴

2001 4893 2165 4948 Vens.
2191 4893 2282 4948 26.
2313 4925 2383 4934 —
2408 4893 2466 4950 Si
2495 4897 2610 4966 quis
2640 4895 2768 4948 mihi
2795 4894 3088 4948 ministrat.»
3107 4893 3344 4950 Pretium
3376 4908 3505 4965 ope-

1937 4983 2014 5038 ris
2039 4998 2148 5053 quo
2177 4983 2251 5038 illi
2294 4983 2634 5041 ministratur
2672 4991 2756 5038 est
2795 4998 2916 5039 esse
2947 4997 3070 5038 cum
3111 4983 3224 5049 illo,
3252 4983 3527 5052 sine-quo-

1935 5089 2201 5143 nusquam
2231 5074 2366 5129 bene
2393 5082 2476 5130 est
2503 5089 2654 5139 esse,
2684 5081 2739 5129 et
2771 5090 2894 5130 cum
2920 5088 3043 5144 quo
3069 5089 3334 5145 nusquam
3364 5074 3507 5130 male

1935 5173 2020 5218 est
2043 5178 2183 5228 esse,
2215 5163 2358 5219 unde
2398 5173 2453 5218 et
2497 5163 2736 5233 apertius
2763 5163 2974 5228 subdit,
3013 5164 3059 5217 si
3092 5164 3208 5234 quis
3248 5163 3376 5218 milii
3402 5165 3504 5217 mi-

1935 5255 2144 5307 nistrat.
2468 5299 2474 5311 ,

2007 5341 2172 5397 Vsus.
2201 5343 2290 5398 27.
2313 5375 2384 5385 -
2406 5344 2563 5398 Nunc
2589 5345 2768 5400 anima
2795 5361 2912 5400 mea
2936 5345 3145 5400 turbata
3167 5355 3262 5402 est.
3291 5347 3361 5402 Et
3381 5348 3528 5418 quid.

1933 5435 2135 5489 dicam?
2155 5435 2417 5491 Praedicta
2442 5437 2693 5507 passione
2709 5446 2764 5494 et
2781 5437 2849 5494 ad
2871 5453 2989 5496 eam
3016 5439 3499 5510 suppositaexhor-

1937 5524 2143 5581 tatione
2174 5526 2328 5596 quasi
2355 5525 2479 5582 data
2519 5541 2651 5583 voce
2675 5527 3005 5584 fortitudinis
3042 5543 3154 5584 suae
3179 5527 3512 5584 subditaﬁ‘e.

1937 5622 2083 5670 ctum
2115 5615 2442 5673 inﬁrmitatis
2466 5626 2669 5674 nostrae
2696 5620 3010 5690 quam‘vere
3030 5623 3287 5692 suscepit,
3318 5619 3417 5677 sed
3440 5634 3512 5676 ex

1937 5704 2212 5763 voluntate
2232 5721 2332 5777 pro
2345 5707 2498 5764 nobis
2512 5722 2580 5766 ne
2593 5711 2660 5766 de
2681 5712 2784 5767 hac
2805 5711 3117 5769 inﬁrmitate
3128 5709 3477 5783 desperemus
3491 5727 3506 5762 :
3529 5754 3534 5758 .

1939 5797 1992 5853 in
2027 5812 2130 5867 qua
2171 5798 2332 5855 ctiam
2381 5799 2537 5856 docet
2581 5801 2708 5871 quid
2734 5800 2915 5858 dicere
2941 5801 3231 5858 debeamus
3252 5842 3266 5867 .
3301 5810 3358 5858 et
3398 5815 3508 5872 quo
