3958 6314
495 351 602 407 405

991 349 1383 407 WALAFRIDI
1423 349 1670 407 STRABI
1709 351 1914 409 FULD.
1943 350 2122 408 MON.
2165 350 2315 409 OPP.
2358 353 2539 410 PARS
2578 353 2621 409 I.
2654 383 2727 394 —
2766 351 3220 410 THEOLOGICA.
3634 359 3726 415 ιω

495 463 806 533 confugere.
849 461 1012 530 Quasi
1042 463 1188 516 dicat
1221 478 1235 514 :
1267 461 1634 518 Conturbatur
1683 463 1865 518 anima
1917 479 2062 528 mea,
2095 469 2137 522 A
2171 459 2275 528 Qui
2295 465 2454 519 credit
2489 466 2541 519 in
2571 481 2670 522 me.
2705 463 2841 532 Quia
2875 465 3038 520 homo
3077 465 3401 536 apparebat,
3429 475 3483 521 et
3515 466 3650 525 Deus
3682 474 3726 528 in

495 555 623 627 quid
673 554 885 610 dicam?
934 569 1041 624 quo
1083 552 1424 624 confugiam?
1474 571 1634 626 quem
1683 557 1964 614 invocem?
2015 561 2071 616 in

494 662 652 716 quem
675 646 924 717 sperem?
951 646 1003 700 in
1035 645 1253 702 Patrem
1283 647 1375 716 qui
1405 647 1598 714 salvat,
1629 649 1714 704 cui
1741 649 2071 709 voluntatem

494 753 670 793 meam
702 753 940 808 propono
960 779 974 802 ,
1003 737 1130 808 quia
1166 747 1451 808 propterea
1477 747 1538 795 ut
1589 741 1704 797 hmc
1732 743 1911 812 patiar
1950 744 2072 799 veni

495 827 550 883 in
574 828 715 882 hanc
737 829 947 893 horam,
971 827 1111 883 unde
1136 836 1190 884 et
1222 829 1540 886 clariﬁcatio
1567 832 1698 887 mihi
1734 833 1814 888 sic
1841 833 1900 888 lit
1937 843 1989 888 et
2016 835 2070 890 in

493 919 751 975 membris
779 920 934 976 meis.

563 1013 727 1068 Vens.
751 1013 840 1068 28.
865 1014 1130 1084 —Pater,
1170 1015 1426 1086 clariﬁca.
1458 1015 1827 1074 Salvationem
1853 1033 2068 1089 quaaro,

492 1101 586 1157 sed
608 1103 914 1171 passionem
941 1121 1049 1162 non
1080 1122 1296 1173 recuso,
1321 1115 1546 1178 propter
1569 1123 1732 1178 quam
1762 1111 2070 1181 passionem

491 1192 728 1251 clariﬁca
750 1211 836 1252 me
865 1199 1009 1266 quod
1036 1207 1120 1254 est
1139 1198 1306 1271 gloria
1332 1200 1405 1254 tui
1428 1200 1686 1257 nominis.

560 1285 726 1342 Vens.
770 1287 860 1342 50.
891 1320 960 1328 —
994 1289 1119 1346 Non
1156 1301 1363 1362 propter
1387 1308 1468 1347 me
1505 1309 1622 1347 vox.
1654 1293 1904 1351 Ostendit
1930 1295 2072 1351 hanc

489 1391 677 1433 vocem
705 1393 811 1434 non
835 1380 938 1436 sibi
976 1380 1244 1439 indicasse
1271 1383 1414 1453 quod
1440 1384 1680 1451 sciebat,
1712 1385 1808 1442 sed
1831 1386 1910 1443 eis
1945 1387 2070 1456 qui-

489 1470 592 1526 bus
615 1471 841 1529 indicari
865 1475 1169 1544 oportebat.

561 1562 706 1620 Vens
755 1567 844 1622 3t.
875 1597 946 1607 ——
977 1567 1134 1624 Nunc
1153 1569 1417 1640 judicium
1439 1581 1535 1627 est.
1567 1571 1922 1630 Discretionis
1967 1575 2073 1631 sci-

488 1653 636 1722 licet,
666 1658 807 1726 quod
836 1668 1075 1715 est-ante
1104 1660 1352 1716 ultimum
1366 1663 1898 1736 damnationis,quia
1927 1682 2076 1722 nunc

488 1760 588 1814 per
617 1748 926 1817 passionem
963 1749 1090 1820 jure
1128 1752 1326 1808 diaboli
1363 1754 1641 1812 destructo
1680 1755 1834 1811 multi
1868 1756 2068 1812 libera-

2173 552 2394 623 homine
2425 554 2658 621 latebat,
2697 569 2766 609 ne
2808 563 3061 626 putarent
3088 570 3212 609 eum
3253 555 3353 610 hoc
3396 563 3595 612 tantum
3624 575 3728 618 esse

2173 644 2317 712 quod
2342 644 2616 712 videbant,
2645 645 2759 700 vult
2788 660 2848 701 se
2888 645 3035 701 credi
3063 645 3224 702 talem
3255 655 3312 703 et
3345 653 3551 704 tantum
3574 652 3730 720 qualis

2172 740 2228 788 et
2246 743 2482 803 quantus
2506 744 2661 806 pater
2691 745 2794 791 est.

2243 820 2408 879 Vens.
2443 825 2534 879 45.
2555 857 2627 865 —
2650 825 2720 880 Et
2739 825 2829 896 qui
2854 842 2934 880 me
2958 827 3114 894 videt,
3133 828 3268 882 videt
3295 838 3345 883 et
3369 845 3485 883 eum
3507 833 3612 902 qui,
3638 842 3729 888 etc.

2176 911 2357 984 Usque
2381 917 2514 971 adeo
2543 917 2678 972 nihil
2711 917 2879 973 distat
2906 918 3049 974 inter
3081 935 3170 975 me
3197 929 3252 975 et
3283 936 3407 976 eum
3427 962 3440 987 ,
3468 933 3526 977 ut
3553 927 3640 994 qui
3665 927 3730 979 vi-

2175 1003 2262 1060 det
2291 1019 2379 1060 me
2410 1007 2590 1063 videat
2622 1023 2766 1063 eum.
2801 1008 2927 1065 llaec
2948 1009 3086 1065 visio
3111 1026 3217 1067 non
3249 1013 3511 1079 carnalis,
3550 1017 3642 1071 sed
3667 1017 3732 1070 in-

2175 1097 2491 1155 tellectualis
2516 1111 2600 1156 est
2639 1102 2838 1156 munde
2871 1103 3058 1158 corde.
3095 1105 3198 1170 Qui
3233 1105 3368 1158 videt
3399 1122 3498 1160 me.
3528 1105 3638 1162 Non
3669 1109 3733 1163 ait

2173 1204 2281 1244 non
2308 1190 2455 1246 videt
2474 1207 2580 1257 me,
2611 1193 2706 1248 sed
2727 1207 2850 1247 eum
2873 1193 2964 1262 qui
2994 1209 3081 1248 me
3117 1194 3288 1261 misit,
3321 1195 3460 1250 sicut
3486 1197 3637 1264 dixit,
3658 1201 3732 1269 qui

2173 1282 2336 1335 credit
2357 1283 2412 1338 in
2442 1300 2554 1349 me,
2596 1300 2700 1338 non
2723 1284 2885 1338 credit
2911 1286 2964 1339 in
2998 1303 3114 1352 me,
3141 1289 3232 1341 sed
3263 1289 3318 1341 in
3350 1305 3468 1342 eum
3501 1291 3589 1361 qui
3614 1291 3732 1343 misit

2172 1388 2287 1438 me,
2329 1372 2457 1443 quia
2489 1372 2619 1429 illud
2650 1373 2819 1441 dixit,
2859 1391 2927 1430 ne
2955 1376 3096 1433 sicut
3127 1378 3413 1434 videbatur
3441 1382 3735 1436 crederetur

2175 1473 2381 1521 tantum
2410 1465 2577 1521 Filius
2603 1467 2870 1534 hominis;
2893 1467 2997 1524 hoc
3023 1478 3204 1526 autem
3237 1469 3394 1537 dixit,
3429 1480 3487 1527 ut
3508 1473 3736 1529 credere-

2174 1562 2264 1610 tur
2289 1556 2512 1627 aequalis
2539 1555 2710 1613 Patri.
2738 1557 2998 1614 Neutrum
3022 1561 3213 1616 horum
3240 1562 3446 1618 diceret
3464 1563 3604 1620 alius
3622 1565 3735 1620 mis-

2173 1660 2294 1714 sus,
2343 1648 2396 1703 id
2438 1652 2516 1704 est
2577 1649 2882 1719 apostolus,
2909 1651 3035 1721 quia
3083 1661 3294 1708 tantum
3325 1669 3536 1711 servus.
3575 1648 3736 1712 Potest

2175 1744 2357 1793 autem
2381 1737 2562 1795 dicere
2588 1739 2693 1794 alia
2718 1739 2856 1796 Filio
2883 1743 3191 1798 communia
3209 1784 3224 1809 ,
3262 1752 3321 1799 ut
3356 1746 3446 1815 qui
3485 1747 3634 1802 audit
3666 1749 3737 1803 vel

486 1837 690 1895 buntur
706 1879 722 1908 ,
747 1842 890 1898 unde
915 1819 1234 1914 exponendo
1255 1845 1570 1918 subiungit:
1605 1847 1791 1904 Patior
1807 1889 1822 1914 ,
1849 1850 2064 1916 turbor,

2180 1829 2366 1902 recipit
2396 1845 2484 1887 me
2511 1831 2662 1887 audit
2700 1846 2823 1887 eum
2864 1842 2919 1888 et
2956 1835 3147 1905 recipit
3175 1837 3270 1906 qui
3295 1853 3384 1893 me
3420 1837 3600 1906 misit,
3629 1841 3736 1910 quia

487 1937 544 1985 et
585 1947 684 2003 per
721 1933 859 2001 haec,
892 1943 998 1991 etc.
1025 1935 1302 2006 Ejicietur.
1331 1937 1373 1992 A
1423 1940 1718 2011 redemptis
1750 1939 2069 2010 expelletur,

484 2025 906 2095 praedicantibus
931 2029 1190 2098 apostolis
1231 2028 1388 2100 plene
1421 2030 1719 2100 expelletur
1759 2031 1851 2102 qui
1881 2031 2009 2087 olim
2040 2047 2071 2087 a

484 2120 676 2190 paucis
699 2121 810 2190 etsi
826 2127 980 2178 extra
1007 2130 1264 2190 tentetur,
1291 2139 1399 2180 non
1429 2123 1574 2180 laedit
1604 2126 1768 2182 intus.

559 2209 724 2265 Vens.
764 2209 854 2267 54.
885 2242 954 2250 -
984 2211 1056 2266 Et
1101 2213 1362 2283 quomodo
1401 2223 1492 2282 tu,
1532 2223 1638 2270 etc.
1687 2215 1970 2284 Quomodo
2016 2219 2068 2273 in

487 2317 651 2358 cruce
695 2303 992 2361 morietur?
1038 2304 1154 2362 Hoc
1205 2307 1352 2362 enim
1391 2323 1514 2364 eum
1566 2309 1768 2366 dixisse
1809 2311 2071 2381 putabant

487 2393 631 2464 quod
669 2392 854 2452 facere
897 2396 1230 2468 cogitabant.
1261 2398 1455 2454 Filium
1496 2399 1752 2457 hominis.
1795 2401 1931 2470 Quia
1967 2403 2071 2460 hoc

486 2483 802 2539 memoriter
817 2486 1092 2553 tenebant,
1119 2487 1262 2557 quod
1282 2503 1422 2559 saepe
1442 2489 1652 2546 dixerat
1673 2505 1732 2547 se
1755 2491 1951 2547 Filium
1972 2493 2071 2548 ho-

487 2574 665 2640 minis,
683 2591 789 2632 non
813 2577 956 2646 quod
981 2577 1071 2633 hic
1085 2577 1333 2646 dixisset,
1355 2581 1402 2634 si
1425 2581 1688 2637 exaltatus
1715 2583 1874 2651 fuerit
1896 2583 1944 2636 F
1946 2584 2068 2640 ilius

484 2665 730 2720 hominis.
768 2666 898 2733 Quis
926 2680 1000 2724 est
1025 2670 1122 2725 istc
1145 2669 1194 2723 F
1197 2671 1320 2726 ilius
1354 2672 1576 2729 hominis
1600 2675 1624 2728 ?
1653 2674 1710 2731 Si
1737 2676 1880 2732 enim
1909 2674 2066 2731 Chri-

485 2764 602 2812 stus
627 2769 742 2825 est,
777 2767 960 2816 manet
988 2760 1042 2816 in
1068 2769 1350 2818 aeternum.
1380 2764 1438 2819 Si
1477 2774 1662 2822 manet
1694 2766 1750 2821 in
1781 2775 2065 2832 aeternum,

486 2851 758 2920 quomodo
801 2851 1130 2909 exaltabitur
1178 2871 1210 2910 a
1254 2864 1435 2925 terra,
1475 2858 1530 2915 id
1570 2867 1677 2927 est,
1703 2861 1970 2918 morietur
2012 2862 2068 2918 in

487 2945 686 3000 cruce?
1025 3016 1035 3026 .

557 3033 720 3094 Vnus.
751 3037 840 3093 55.
877 3069 947 3079 —
970 3039 1268 3096 Ambulate.
1292 3041 1348 3097 ld
1375 3052 1479 3110 est,
1497 3052 1668 3100 totum
1689 3045 1990 3120 intelligite,
2014 3058 2070 3105 et

486 3127 810 3184 moriturum
839 3129 1117 3188 Christum
1147 3141 1207 3188 ut
1244 3135 1476 3190 redimat
1504 3137 1773 3214 victurum
1801 3139 1856 3194 in
1901 3150 2060 3198 teter.

483 3236 614 3276 num
644 3221 700 3278 in
737 3223 876 3281 cmlo
913 3240 1021 3296 quo
1058 3227 1335 3298 perducat.
1371 3227 1467 3285 Vel
1491 3229 1619 3285 dum
1662 3231 1940 3290 Christum
1969 3251 2063 3292 vo-

484 3310 695 3366 biscum
739 3313 952 3372 habetis
1000 3332 1071 3373 ne
1121 3318 1354 3375 tenebrae
1400 3319 1718 3392 ignorantiae
1769 3332 1824 3380 et
1871 3327 2065 3382 mortis

483 3410 758 3474 perpetua:
792 3420 888 3462 vos
914 3410 1391 3480 comprehendant.
1421 3411 1602 3468 Nescit
1629 3431 1732 3484 quo
1757 3417 1935 3470 vadat.
1961 3418 2064 3486 Qui

484 3506 594 3546 non
633 3495 806 3552 credit
838 3507 1070 3554 mortem
1114 3499 1356 3565 Christi,
1397 3504 1570 3560 nescit
1613 3520 1720 3575 quo
1757 3507 1937 3574 vadit,
1969 3509 2065 3565 sed

486 3583 774 3644 otienditin
787 3599 997 3661 petram
1021 3594 1282 3661 scandali,
1305 3596 1446 3665 quod
1473 3605 1557 3653 est
1577 3597 1845 3667 Christus,
1865 3599 2066 3657 Iudaeis

483 3684 956 3739 contemnentibus
980 3692 1034 3740 et
1057 3685 1408 3742 irridentibus
1430 3697 1721 3744 mortuum.

558 3770 721 3826 Vltns.
757 3772 846 3828 '56.
869 3804 940 3814 —
965 3773 1099 3829 Dum
1131 3774 1298 3830 lucem
1336 3777 1555 3833 habetis.
1587 3778 1644 3834 Id
1670 3789 1782 3846 est,
1811 3782 1940 3837 dum
1969 3783 2066 3839 ali-

484 3861 617 3931 quid
638 3863 750 3918 veri
773 3862 1078 3934 intelligitis
1101 3865 1167 3920 de
1192 3866 1499 3923 aeternitate
1521 3867 1744 3937 Christi,
1771 3872 1980 3929 credite
2010 3873 2062 3928 in

482 3951 771 4008 veritatem
801 3954 1047 4011 addendo
1069 3956 1136 4012 de
1168 3955 1494 4026 humilitate,
1526 3968 1585 4016 ut
1623 3963 1983 4019 renascamini
2011 3964 2064 4019 in

486 4043 736 4101 veritate.
761 4045 839 4101 Ab
868 4049 965 4103 eis.
997 4047 1114 4106 Non
1142 4049 1212 4106 ab
1241 4051 1327 4106 his
1348 4051 1442 4122 qui
1462 4051 1685 4110 credere
1706 4053 2063 4126 increperant,

483 4135 579 4190 sed
601 4135 670 4214 ab
695 4135 780 4192 his
805 4138 898 4208 qui
918 4139 1252 4196 invidebant.
1277 4139 1430 4209 Quod
1455 4142 1737 4200 abscondit
1758 4160 1838 4211 se,
1868 4153 2068 4202 nostrae

483 4229 792 4287 inﬁrmitati
813 4232 1103 4300 consuluit,
1136 4249 1242 4289 non
1274 4249 1384 4290 sua:
1409 4237 1666 4306 potestati
1695 4237 1991 4308 derogavit.

552 4324 720 4380 Vﬁns.
763 4324 852 4380 58.
883 4356 953 4365 —
997 4323 1063 4378 Ut
1099 4341 1268 4379 sermo
1321 4326 1483 4381 Isaia:
1530 4327 1853 4397 impleretur.
1894 4327 2065 4396 Quem

481 4417 734 4473 omnibus
759 4417 934 4473 modis
963 4416 1174 4486 impleri
1209 4431 1432 4474 necesse
1459 4426 1562 4486 est,
1605 4434 1713 4474 non
1751 4426 1932 4476 tamen
1975 4434 2069 4475 ne-

484 4511 738 4566 cessitate
768 4509 1106 4574 faciendum,
1140 4509 1235 4566 sed
1274 4509 1570 4577 voluntate,
1611 4511 1884 4581 praescivit
1919 4512 2063 4568 enim

483 4602 626 4660 Deus
651 4610 707 4661 et
731 4603 996 4674 praidixit,
1036 4619 1142 4659 non
1171 4603 1474 4660 credituros
1502 4613 1557 4658 et
1583 4613 1922 4675 peccaturos,
1954 4621 2060 4661 non

482 4705 665 4766 tamen
693 4695 872 4768 coegit
905 4695 974 4752 ad
1002 4695 1131 4762 hoc,
1161 4695 1256 4753 sed
1279 4704 1338 4752 ut
1365 4695 1426 4751 ﬁt
1447 4695 1529 4753 sic
1553 4697 1828 4768 praiscivit
1849 4705 1905 4754 et
1927 4713 2064 4768 prac-

483 4786 638 4842 dixit.

553 4883 720 4939 Vnns.
744 4882 833 4940 59.
857 4913 921 4923 -
953 4883 1080 4940 Non
1121 4894 1376 4954 poterant.
1407 4883 1593 4957 (Auc.)
1629 4883 1746 4939 Non
1781 4883 1924 4954 quod
1953 4898 2061 4939 non

479 4983 708 5048 possunt
735 4975 981 5032 homines
1003 4975 1198 5030 mutari
1225 4975 1279 5031 in
1303 4975 1522 5043 melius,
1547 4975 1642 5030 sed
1667 4974 1904 5044 quandiu
1931 4971 2062 5028 tales

483 5085 592 5126 non
612 5076 840 5139 possunt
861 5070 1103 5125 credere.

552 5161 720 5220 Vens.
749 5162 841 5218 4'5.
872 5193 940 5205 --
967 5160 1204 5218 Gloriam
1240 5161 1356 5216 Dei.
1417 5161 1541 5216 Ideo
1599 5176 1734 5216 crux
1775 5159 1828 5214 in
1883 5159 2060 5215 fronte

483 5255 842 5320 credentium,
868 5255 958 5311 ubi
989 5264 1073 5311 est
1107 5255 1262 5310 sedes
1293 5252 1651 5317 verecundiae,
1677 5251 1874 5322 ﬁgitur,
1906 5259 1968 5304 ut
1994 5251 2061 5306 de

449 5385 451 5390 ι
483 5349 703 5406 nomine
750 5347 950 5404 Christi
986 5347 1163 5404 nullus
1202 5346 1508 5411 erubescat,
1537 5353 1592 5400 et
1621 5343 1792 5414 magis
1830 5343 2058 5414 gloriam

485 5439 583 5500 Dei
602 5453 764 5508 quam
794 5437 1075 5493 hominum
1104 5442 1336 5507 quaerat.

448 5524 456 5560 ’
553 5531 720 5587 Vens.
741 5529 953 5584 44.—J
961 5546 1098 5584 esus.
1121 5527 1256 5582 Aliis
1279 5541 1386 5581 non
1400 5526 1768 5591 credentibus,
1789 5525 1911 5581 aliis
1931 5541 2060 5582 vero

478 5623 845 5688 credentibus,
869 5619 952 5676 vel
975 5619 1149 5690 palam
1165 5634 1285 5674 cum
1308 5617 1504 5688 palmis
1525 5627 1578 5674 et
1601 5616 1870 5683 laudibus,
1895 5617 1980 5672 vel
2006 5618 2059 5672 in

478 5714 692 5772 occulto
731 5713 843 5786 jam
892 5702 1356 5782 appropinquante
1409 5725 1506 5764 sua
1550 5707 1823 5778 passione,
1865 5706 2063 5762 clamat

481 5809 637 5874 Iesus
657 5806 746 5880 qui
769 5805 970 5862 latebat
990 5803 1223 5875 quandiu
1245 5804 1426 5876 passio
1451 5819 1556 5861 non
1579 5811 1697 5858 erat
1718 5800 2054 5874 complenda.

2173 1919 2432 1976 Dominus
2459 1922 2758 1978 honoratur
2787 1924 2842 1978 in
2869 1939 3028 1980 servo
3057 1934 3112 1982 et
3147 1925 3311 1983 Pater
3338 1928 3395 1982 in
3423 1927 3584 1983 Filio.

2241 2013 2407 2069 Vens.
2433 2012 2522 2068 46.
2546 2044 2614 2054 —
2641 2014 2754 2086 Ego
2799 2014 2913 2070 lux.
2958 2017 3036 2073 De
3076 2017 3182 2074 alio
3211 2033 3316 2074 non
3363 2019 3604 2074 dicitur:
3641 2018 3737 2076 Lux

2173 2104 2320 2160 venit
2349 2106 2406 2161 in
2435 2105 2727 2173 mundum,
2758 2108 2864 2164 nisi
2897 2108 2962 2164 de
2997 2125 3063 2165 co
3107 2110 3200 2180 qui
3234 2109 3539 2178 illuminat,
3577 2113 3738 2167 ceteri

2169 2203 2230 2250 ut
2257 2195 2542 2253 illuminati
2579 2207 2706 2254 sunt
2743 2199 2834 2254 lux
2856 2237 2874 2267 ,
2915 2199 3044 2270 quia
3087 2201 3196 2255 vita
3239 2215 3428 2256 eorum
3465 2201 3615 2257 lucet
3652 2203 3735 2257 ho-

2169 2286 2424 2343 minibus.

2241 2377 2425 2436 Sermo
2445 2397 2600 2453 quem
2639 2382 2841 2438 locutus
2867 2401 3004 2439 sum.
3034 2383 3320 2443 Manileste
3360 2387 3493 2444 dicit
3533 2403 3593 2444 se
3615 2387 3737 2457 judi-

2169 2481 2416 2528 caturum
2443 2475 2496 2529 in
2522 2475 2817 2532 novissimo
2837 2477 2948 2544 die,
2978 2479 3105 2548 quia
3129 2479 3243 2550 ipse
3263 2489 3350 2536 est
3373 2495 3560 2536 sermo
3581 2480 3735 2537 Patris

2168 2562 2261 2633 qui
2287 2563 2522 2634 seipsum
2547 2564 2760 2622 locutus
2790 2577 2894 2635 est,
2917 2568 3153 2638 seipsum
3179 2571 3543 2626 annuntiavit.

2240 2654 2405 2712 Vens.
2445 2657 2535 2713 49.
2568 2689 2638 2698 —
2667 2657 3002 2714 Mandatum.
3051 2659 3170 2715 Non
3220 2661 3370 2717 dedit
3410 2662 3576 2718 Pater
3619 2661 3737 2718 Filio

2170 2751 2485 2805 mandatum
2522 2765 2620 2823 per
2651 2751 2899 2823 angelum
2923 2753 3028 2808 'vel
3078 2754 3240 2809 aliam
3279 2764 3613 2812 creaturam.
3643 2756 3737 2813 Nec

2169 2848 2482 2904 mandatum
2509 2850 2653 2921 quod
2691 2850 2980 2922 aliquando
3005 2853 3271 2908 nescisset
3297 2871 3310 2906 :
3345 2854 3440 2910 sed
3466 2855 3597 2908 dum
3626 2868 3732 2908 ver—

2168 2942 2296 2998 bum
2335 2952 2391 2999 et
2432 2942 2752 3014 sapientiam
2798 2944 2852 2998 in
2896 2961 3002 3016 qua
3055 2954 3183 3001 sunt
3227 2947 3411 3002 omnia
3463 2948 3735 3011 mandata,

2171 3034 2375 3106 genuit,
2407 3036 2556 3092 dedit
2582 3055 2595 3091 :
2620 3037 2760 3093 sicut
2783 3037 2920 3093 Filio
2940 3038 3031 3109 qui
3055 3047 3138 3095 est
3169 3039 3302 3105 vita,
3323 3055 3390 3096 eo
3412 3039 3563 3096 dedit
3591 3041 3736 3096 vitam

2170 3141 2278 3196 quo
2303 3127 2491 3198 genuit
2515 3127 2718 3195 vitam,
2749 3129 2874 3199 quia
2903 3129 3172 3202 gignendo
3214 3128 3414 3198 vitam,
3458 3130 3613 3187 dedit
3636 3145 3739 3186 esse

2170 3220 2361 3286 vitam,
2391 3236 2512 3291 qum
2545 3222 2662 3278 sine
2691 3223 2823 3278 vitio
2852 3223 2972 3279 fuit.

2237 3311 2401 3369 Vens.
2429 3313 2518 3370 50.
2550 3345 2621 3355 —-
2649 3315 2720 3369 Et
2761 3317 2888 3370 scio.
2919 3314 3052 3372 Cum
3094 3316 3239 3372 dicat
3284 3315 3604 3371 mandatum
3635 3329 3739 3370 esse

2167 3405 2333 3460 vitam
2355 3414 2636 3472 aeternam,
2663 3415 2718 3463 et
2753 3407 2867 3478 ipse
2909 3407 2982 3462 sit
3006 3407 3116 3463 vita
3149 3415 3372 3470 aeterna,
3405 3415 3599 3477 aperte
3623 3405 3739 3460 dicit

2167 3510 2226 3552 se
2255 3497 2566 3554 mandatum
2601 3497 2717 3554 Dei.
2762 3497 2894 3564 Qua:
2929 3515 3050 3570 ergo
3093 3515 3184 3570 ego
3229 3498 3414 3570 loquor
3455 3499 3594 3553 sicut
3624 3497 3738 3552 dicit

2167 3589 2295 3643 mihi
2340 3587 2532 3656 Pater,
2565 3590 2640 3643 sic
2671 3589 2873 3662 loquor.
2917 3588 3342 3661 Intelligentibus
3367 3590 3662 3655 mentibus,
3688 3596 3740 3641 ut

2167 3690 2254 3736 est
2293 3690 2419 3736 nata
2449 3683 2650 3736 veritas
2675 3696 2742 3736 ex
2768 3681 2931 3737 Patre
2955 3723 2968 3746 ,
3017 3682 3110 3737 sed
3159 3682 3239 3738 sic
3279 3681 3519 3752 loquitur
3557 3683 3742 3737 veritas

2169 3771 2314 3826 intus
2345 3773 2462 3827 sine
2509 3787 2664 3838 sono,
2712 3772 2854 3827 sicut
2892 3772 3031 3827 dixit
3069 3772 3119 3827 ei
3159 3771 3323 3827 Pater
3364 3781 3424 3828 ut
3467 3773 3742 3829 crederent

2170 3863 2417 3920 homines
2463 3864 2606 3935 quod
2635 3864 2872 3920 nondum
2913 3875 3138 3935 possunt
3181 3865 3510 3938 intelligere,
3554 3883 3621 3922 ex
3659 3879 3742 3923 ore

2168 3957 2349 4013 carnis
2375 3957 2540 4013 verba
2571 3967 2901 4024 sonuerunt,
2941 3972 3061 4026 quae.
3099 3958 3309 4029 prolata
3354 3967 3410 4014 et
3451 3958 3652 4015 litteris
3678 3959 3743 4014 si-

2168 4055 2366 4119 gnata,
2399 4062 2498 4103 nos
2523 4047 2592 4103 ad
2620 4047 2794 4119 ipsam
2830 4048 3113 4104 veritatem
3141 4047 3485 4118 aliquatenus
3514 4051 3737 4122 erigunt.

2761 4187 2988 4246 CAPUT
3019 4188 3152 4245 XIII.

2246 4325 2406 4383 Vens.
2437 4328 2488 4382 l.
2513 4358 2583 4368 -—
2613 4325 2682 4382 Ut
2712 4336 2964 4383 transeat.
3000 4327 3392 4400 Interpretatur
3414 4327 3576 4385 nobis
3595 4343 3746 4385 evan.

2169 4419 2360 4487 gelista
2386 4435 2584 4492 nomen
2611 4419 2854 4490 pascha},
2901 4420 2955 4476 id
2987 4429 3072 4476 est
3100 4421 3361 4476 transitus
3399 4429 3454 4476 et
3490 4421 3747 4493 signiﬁca-

2172 4509 2406 4575 tionem,
2435 4510 2563 4582 quia
2601 4511 2742 4566 sicut
2773 4511 2848 4566 illi
2885 4511 2951 4566 de
2987 4510 3255 4582 Egypto,
3289 4512 3369 4567 sic
3393 4510 3647 4567 Christus
3685 4512 3745 4566 de

2173 4604 2393 4660 mundo.
2421 4602 2512 4661 Sic
2538 4613 2593 4660 et
2611 4620 2730 4671 nos,
2762 4605 3023 4676 sanguine
3047 4605 3184 4676 Agni
3227 4604 3490 4676 insigniti,
3514 4605 3586 4659 de
3609 4605 3746 4660 vitiis

2171 4696 2239 4752 ad
2266 4697 2526 4763 virtutes,
2558 4697 2624 4753 de
2667 4699 2868 4753 mundo
2897 4699 2966 4753 ad
3004 4697 3220 4753 coelum.
3253 4697 3316 4752 In
3347 4698 3509 4767 linem
3546 4699 3743 4752 dilexit.

2169 4784 2227 4840 In
2257 4784 2453 4850 linem,
2499 4785 2553 4840 id
2595 4795 2679 4840 est
2729 4785 2782 4840 in
2833 4783 3106 4842 Christum
3133 4789 3225 4858 qui
3246 4795 3332 4842 est
3356 4787 3480 4843 linis
3500 4803 3743 4843 consum-

2169 4891 2352 4941 mans,
2383 4875 2435 4930 id
2475 4884 2590 4940 est.
2620 4884 2678 4930 ut
2700 4877 2817 4947 ejus
2859 4877 3146 4933 dilectione
3174 4886 3456 4933 transeant
3497 4893 3606 4947 quo
3636 4879 3745 4946 ipse

2169 4967 2382 5023 transit.
2412 4965 2508 5022 Vel
2535 4967 2596 5021 in
2629 4966 2788 5022 linem
2809 5008 2824 5034 ,
2871 4968 2924 5023 id
2956 4977 3039 5024 est
3075 4968 3129 5023 in
3162 4978 3426 5051 mortem,
3465 4985 3576 5024 non
3605 4967 3742 5038 quod

2179 5069 2345 5117 morte
2375 5060 2694 5116 terminetur
2711 5058 2828 5129 ejus
2848 5060 3082 5125 dilectio,
3111 5061 3205 5116 sed
3234 5061 3288 5116 in
3319 5069 3530 5115 tantum
3561 5059 3744 5115 dilexit

2169 5152 2313 5219 quod
2339 5166 2511 5222 usque
2539 5150 2604 5206 ad
2630 5161 2859 5207 mortem
2881 5151 3096 5207 dilectio
3117 5168 3239 5207 eum
3265 5154 3538 5221 perduxit,
3564 5153 3617 5206 in
3643 5165 3742 5221 quo

2167 5241 2472 5312 exemplum
2494 5243 2640 5298 dedit
2662 5252 2722 5296 ut
2740 5258 2928 5298 omnes
2950 5242 3003 5297 in
3027 5241 3122 5297 Dei
3145 5244 3369 5298 veritate
3391 5250 3744 5313 permaneant

2167 5351 2338 5406 usque
2369 5337 2420 5390 in
2450 5337 2632 5392 linem.

2241 5425 2401 5483 Vens.
2431 5427 2484 5482 2.
2514 5458 2584 5469 —
2614 5427 2683 5481 Et
2729 5445 2872 5482 caena
2900 5428 3062 5497 facta.
3104 5427 3270 5484 Coena
3312 5427 3582 5499 signiﬁcat
3620 5441 3741 5496 pas-

2165 5519 2390 5576 sionem.
2422 5519 2574 5575 Sicut
2607 5521 2752 5576 enim
2796 5530 2916 5591 post
2944 5535 3154 5576 coenam
3193 5535 3299 5574 non
3335 5520 3396 5574 tit
3431 5519 3739 5590 prandium.

2164 5615 2243 5670 sic
2273 5623 2328 5670 et
2360 5613 2608 5669 Christus
2637 5622 2918 5684 postquam
2957 5615 3121 5670 semel
3152 5630 3344 5684 passus
3373 5621 3476 5679 est,
3509 5628 3612 5668 non
3642 5612 3744 5666 ite-

2166 5722 2284 5761 rum
2319 5705 2542 5775 patitur.
2573 5703 2762 5775 Surgit
2805 5720 2835 5759 a
2879 5721 3065 5771 coena,
3097 5715 3219 5776 post
3257 5705 3562 5775 passionem
3591 5703 3744 5772 ponit

2163 5799 2513 5867 vestimenta,
2567 5798 2863 5855 secundum
2894 5799 3128 5870 priorem
3171 5798 3538 5855 inﬁrmitatem
3576 5795 3744 5850 linteo
