3958 6314
219 388 329 445 405

1179 387 1445 446 GLOSSA
1486 387 1880 445 ORDINARIA.
1922 417 1993 427 —
2031 384 2286 440 EVANG.
2329 380 2526 440 JOAN.

2572 306 2607 370 ἡ

3395 383 3502 440 406

215 503 504 575 prtecinxit
551 515 639 566 se,
687 501 873 556 eadem
905 516 1069 556 carne
1109 503 1222 573 jam
1262 501 1588 568 immortali,
1631 500 1800 556 mittit
1827 509 1875 570 Α
1902 496 2148 568 exemplo
2182 513 2281 553 suo
2317 511 2412 552 eos
2445 491 2635 551 docuit
2684 484 3110 543 humiliationem
3164 498 3219 546 et
3263 491 3499 555 calcanei
3549 541 3555 547 .

212 609 416 664 aquam
447 593 498 648 in
522 592 739 664 pelvim,
759 593 810 648 id
834 602 915 649 est
938 594 1166 665 gratiam
1179 593 1449 664 baptismi,
1470 594 1613 647 lavat
1635 592 1800 665 pedes

208 698 270 742 et
297 688 460 759 tergit
488 703 517 742 a
559 687 795 758 peccatis
829 688 882 742 in
914 689 1211 758 baptismo,
1245 689 1438 759 accepit
1475 686 1796 750 vestimenta,

212 777 270 832 id
301 787 387 833 est
421 775 634 834 Judaeos
665 779 720 833 in
754 779 860 834 ﬁne
904 778 1116 845 saeculi,
1144 794 1279 849 quos
1311 777 1462 848 prius
1499 784 1800 833 excaecatos

210 869 489 939 deposuit.

207 973 216 1023 ι
289 956 456 1012 Vens.
499 957 550 1012 4.
581 988 651 998 -
681 955 860 1029 Surgit
885 975 918 1012 a
948 975 1110 1013 caena.
1148 959 1231 1014 Ab
1275 957 1362 1013 illa
1408 956 1617 1014 caelesti
1662 955 1802 1011 refe-

212 1049 420 1114 ctione,
449 1064 554 1120 qua
583 1065 704 1104 cum
751 1049 956 1121 angelis
983 1049 1353 1115 reﬁciebatur,
1378 1049 1599 1120 deponit
1635 1047 1801 1103 vesti-

215 1152 424 1209 menta,
449 1142 676 1214 gloriam
704 1151 920 1198 teternte
950 1143 1318 1199 beatitudinis.
1365 1141 1434 1196 Et
1468 1143 1613 1213 ponit
1652 1141 1803 1196 vesti-

215 1247 416 1292 menta.
456 1236 809 1293 Prtetermisit
851 1237 1208 1305 altitudinem,
1268 1237 1644 1309 suppositurus
1687 1233 1804 1304 ejus

217 1329 607 1399 humilitatem,
649 1339 710 1385 ut
764 1330 1000 1402 perfecte
1057 1333 1467 1386 commendetur
1526 1330 1804 1386 humilitas

216 1421 428 1477 homini
453 1437 578 1477 cum
609 1429 716 1476 tam
745 1422 886 1478 altus
916 1421 996 1478 sic
1027 1438 1085 1478 se
1107 1421 1495 1490 bumiliaverit,
1533 1429 1593 1478 ut
1637 1431 1692 1477 et
1711 1435 1805 1492 pe-

214 1513 316 1569 des
342 1513 620 1570 traditoris
655 1513 882 1570 lavaret.

291 1604 454 1660 Vens.
489 1605 542 1660 5.
567 1604 860 1660 —Deinde
887 1607 1062 1661 mittit.
1119 1605 1450 1678 Sanguinem
1500 1607 1556 1662 in
1600 1617 1803 1662 terram

214 1694 378 1762 fudit,
409 1704 470 1750 ut
503 1697 728 1768 vestigia
751 1697 1087 1753 credentium
1136 1699 1442 1765 mundaret,
1479 1714 1600 1769 qua:
1636 1707 1806 1756 terre-

214 1787 305 1842 nis
338 1786 574 1856 peccatis
602 1795 759 1842 erant
792 1785 1027 1842 sordida.

1898 588 2231 660 passionem,
2253 587 2508 656 supponit
2529 597 2639 654 quo
2655 575 2974 634 cansoletur
2993 591 3088 634 eos
3108 579 3332 650 honore,
3357 587 3501 656 quod

1901 680 2017 751 ipse
2043 687 2098 735 et
2123 679 2286 734 Pater
2315 679 2367 733 in
2391 677 2472 734 eis
2494 675 2782 745 recipitur.

1972 773 2135 828 Vens.
2177 772 2265 826 21.
2288 769 2490 826 —Cum
2525 771 2640 825 hwe
2671 763 3071 824 dixissetlesus
3128 767 3320 826 Nostra
3345 771 3500 828 inﬁr-
3541 812 3543 815 -

1902 865 2064 921 mitas
2092 866 2146 920 in
2167 880 2235 921 eo
2267 879 2394 920 vere
2423 864 2637 918 turbata
2662 870 2774 927 est,
2806 874 3044 918 non-sua
3071 868 3329 930 potestas,
3356 864 3500 920 sicut
3586 866 3593 880 ‘

1903 967 1960 1014 et
1988 975 2116 1015 vere
2146 974 2326 1030 passa.
2397 957 2712 1013 Votuntarie
2757 963 2942 1010 autem
2987 953 3500 1022 accepititurbatio-

1875 1067 2045 1117 -nem,
2074 1067 2141 1108 ne
2161 1052 2410 1124 desperet
2441 1066 2629 1107 servus
2659 1052 2912 1107 turbatus
2953 1048 3302 1106 necessitate;
3329 1049 3494 1118 Quod
3519 1089 3570 1121 μ,

1902 1153 2082 1200 autem
2117 1143 2365 1199 turbatur
2415 1142 2688 1214 signiﬁcat
2725 1139 3024 1199 turbandas
3075 1139 3386 1212 spirituales
3428 1157 3494 1198 ex

1903 1236 2192 1299 cbantate,
2217 1250 2344 1289 cum
2373 1247 2572 1305 urgens
2601 1249 2763 1290 causa
2785 1243 2840 1288 et
2865 1231 3076 1289 zizania
3108 1248 3138 1287 a
3170 1231 3513 1289 triticoante.

1904 1339 2136 1382 messem
2160 1325 2374 1397 cogitur
2396 1339 2671 1394 separare.

1973 1419 2136 1475 Vens.
2158 1419 2248 1474 26.
2273 1417 2430 1472 —Et
2465 1434 2584 1472 cum
2620 1419 2916 1473 intinxisset
2947 1434 3156 1490 panem.
3206 1415 3371 1472 Panis
3401 1417 3501 1472 ino-

1904 1511 2093 1567 tinctio
2114 1509 2382 1583 signiﬁcat
2423 1509 2695 1565 ﬁctionem
2723 1509 2893 1574 ludat,
2939 1509 3031 1580 qui
3075 1507 3235 1564 ﬁctus
3287 1506 3515 1563 amicus-

1904 1602 2056 1657 veuit
2089 1601 2158 1657 ad
2193 1616 2424 1657 ctenam.
2477 1597 2608 1668 Quae
2641 1601 2786 1655 enim
2827 1600 3130 1672 tinguntur,
3179 1614 3286 1654 non
3331 1615 3497 1655 mun~
3527 1637 3531 1640 ς

1905 1692 2125 1759 dantur,
2149 1693 2242 1749 sed
2265 1691 2597 1748 inﬁciuntur.
2638 1691 2694 1748 Si
2719 1702 2898 1748 autem
2923 1693 3122 1748 bonum
3169 1692 3370 1764 aliquid
3423 1693 3495 1750 si-

1907 1783 2125 1857 gniﬁcat
2150 1783 2418 1848 intinctio,
2449 1783 2625 1839 eidem
2653 1785 2797 1840 bono
2826 1784 3121 1856 ingratum,
3152 1799 3259 1840 non
3305 1783 3495 1839 imme-

289 1880 456 1935 Vens.
488 1879 540 1935 8.
585 1909 655 1921 —
691 1872 832 1934 Dicit
875 1880 924 1935 ei
961 1879 1172 1948 Petrus,
1216 1889 1319 1936 etc.
1365 1879 1472 1937 Pro
1523 1880 1802 1939 altitudine
1830 1870 1879 1933 B
1907 1877 2011 1932 rito
2039 1883 2225 1932 secuta
2246 1884 2330 1933 est
2350 1876 2646 1932 damnatio.
2687 1875 2844 1931 Dedit
2881 1875 3041 1932 Iuda:
3082 1875 3312 1932 Simonis
3359 1875 3491 1931 Sca-

215 1971 473 2042 promissi
531 1970 772 2043 mysterii
818 1969 1054 2026 nondum
1093 1973 1358 2042 permittit
1381 1973 1522 2040 ﬁeri,
1564 1975 1804 2029 nondum

216 2068 402 2134 potest
424 2062 692 2118 sustinere
730 2062 898 2118 Deum
953 2063 1022 2118 ad
1059 2064 1224 2134 pedes
1269 2063 1563 2132 humiliari,
1605 2079 1806 2136 pavore

216 2155 564 2226 perterritus.
608 2153 906 2227 Respondit.
930 2153 1035 2224 Qui
1069 2172 1174 2212 non
1215 2155 1424 2212 lavatur
1464 2172 1566 2228 per
1603 2158 1806 2229 baptis-

214 2261 370 2301 mum
398 2255 455 2302 et
487 2245 883 2302 confessionem
908 2246 1264 2317 paenitentiae.
1309 2263 1418 2304 non
1463 2247 1630 2304 habet
1674 2263 1804 2320 par-

217 2344 333 2392 tem
363 2352 486 2392 cum
508 2335 656 2394 Iesu.

290 2425 456 2482 Vens.
495 2429 547 2484 9.
577 2427 810 2484 —Dicit
825 2430 873 2484 ei
899 2427 1100 2484 Simon.
1137 2429 1304 2485 Error
1323 2428 1469 2486 Petri
1516 2429 1606 2486 hic
1649 2430 1804 2488 nobis

216 2515 442 2588 profuit.
471 2517 687 2573 Erravit
735 2520 881 2574 enim
928 2534 997 2575 ne
1035 2536 1136 2576 nos
1180 2535 1508 2577 erraremus.
1568 2521 1801 2589 Erravit,

217 2623 348 2664 cum
379 2623 439 2665 se
477 2617 651 2665 totum
698 2609 984 2667 lavandum
1040 2613 1152 2668 Deo
1194 2612 1409 2679 obtulit,
1457 2627 1618 2682 quem
1664 2614 1807 2670 Deus

215 2701 478 2766 correxit,
545 2702 834 2758 ostendens
899 2703 1068 2760 semel
1129 2703 1460 2776 baptizatum
1521 2721 1632 2762 non
1687 2721 1808 2764 esse

219 2790 630 2862 baptizandum.

295 2883 459 2939 Vens.
487 2885 573 2940 10.
607 2916 680 2928 -
708 2885 814 2952 Qui
840 2885 996 2943 lotus.
1021 2887 1102 2943 Ex
1130 2888 1216 2945 bis
1251 2888 1433 2946 verbis
1458 2888 1809 2962 intelligimus

216 2974 524 3046 baptizatos
579 2979 884 3049 apostolos,
944 2981 1048 3037 etsi
1120 2997 1227 3038 non
1284 2983 1513 3056 legimus
1565 2985 1657 3041 ubi
1687 2986 1811 3055 [vel

215 3071 458 3140 quando.
494 3071 598 3137 Qui
623 3071 777 3128 lotus.
815 3073 1090 3145 Baptismo
1113 3075 1256 3133 lotus
1284 3085 1368 3134 est
1394 3078 1644 3134 mundus.
1701 3077 1810 3134 Sed

215 3163 349 3233 quia
379 3164 577 3218 iterum
603 3164 824 3235 pulvere
851 3175 1078 3224 terrente
1099 3169 1448 3226 habitationis
1469 3171 1802 3240 inquinatur,

1906 1971 2110 2036 riotlu's,
2141 1980 2248 2027 etc.
2282 1969 2420 2038 Non,
2448 1977 2509 2025 ut
2537 1969 2756 2042 quidam
2782 1979 2995 2042 putant,
3018 1987 3163 2028 nunc
3185 1971 3350 2028 ludas
3370 1986 3493 2028 cor-

1902 2077 2004 2132 pus
2023 2060 2225 2117 Christi
2261 2062 2490 2132 accepit.
2521 2060 2810 2118 Sciendum
2857 2071 2944 2119 est
2977 2063 3144 2129 enim,
3197 2065 3341 2135 quod
3381 2053 3492 2134 jam

1902 2154 2153 2210 omnibus
2192 2154 2446 2211 Dominus
2473 2155 2823 2210 distribuerat
2846 2166 3249 2213 sacramentum
3299 2173 3495 2229 corpo-

1903 2246 1980 2302 ris
2000 2253 2054 2302 et
2089 2245 2386 2318 sanguinis,
2413 2245 2554 2300 inter
2576 2261 2712 2316 quos
2741 2254 2797 2301 et
2821 2245 2990 2302 Judas
3019 2246 3142 2314 fuit,
3173 2248 3367 2303 deinde
3388 2263 3486 2319 per

1902 2333 2200 2393 buccellam
2225 2337 2526 2403 intinctam,
2551 2337 2873 2408 exprimitur
2913 2339 3029 2410 ipse
3073 2339 3321 2405 traditor,
3381 2349 3489 2396 etc.

1974 2427 2139 2485 Vens.
2165 2428 2255 2483 27.
2279 2459 2351 2469 -
2381 2428 2534 2495 Quod
2563 2428 2716 2498 facis.
2749 2428 2866 2485 Non
2890 2431 3168 2502 praecepit,
3195 2431 3287 2487 sed
3301 2432 3497 2502 praedi-

1904 2519 1978 2576 cit
2003 2519 2156 2576 Judaa
2177 2519 2402 2586 malum,
2430 2519 2586 2575 nobis
2599 2519 2816 2586 bonum,
2843 2522 2968 2591 quia
2989 2522 3094 2578 hoc.
3126 2522 3240 2578 vult
3269 2523 3375 2580 cito
3403 2523 3497 2579 ile-

1907 2610 1977 2676 ri,
2001 2625 2106 2666 non
2132 2619 2241 2665 tam
2259 2610 2563 2666 festinando
2592 2611 2647 2665 in
2681 2609 2824 2667 illius
2858 2627 3074 2684 poenam
3115 2628 3282 2686 quam
3330 2615 3384 2670 in
3411 2630 3498 2672 sa-

1906 2704 2074 2762 lutem
2125 2706 2380 2762 ﬁdelium.

1979 2796 2146 2852 Vens.
2195 2797 2284 2854 ‘29.
2315 2797 2550 2866 —Quia
2604 2801 2804 2856 (oculos
2863 2798 3106 2855 habebat.
3163 2799 3222 2854 In
3297 2801 3498 2872 quibus

1908 2886 2087 2944 oblata
2123 2888 2508 2944 scrutabantur
2544 2905 2766 2946 suorum
2813 2889 3230 2945 necessitatibus
3277 2897 3334 2944 et
3376 2889 3499 2945 aliis

1910 2979 2295 3051 indigentibus.
2329 2979 2384 3034 ln
2413 2995 2520 3051 quo
2565 2981 2724 3036 datur
2758 2980 2933 3035 forma
2962 2979 3217 3045 Ecclesia
3245 2980 3498 3036 servandi

1911 3070 2254 3136 necessaria,
2285 3085 2404 3140 quae
2451 3069 2676 3139 jubetur
2707 3086 2815 3126 non
2845 3071 3086 3142 cogitare
3120 3071 3188 3126 de
3215 3072 3495 3136 crastino,

1913 3171 1982 3211 ne
2003 3173 2100 3227 pro
2126 3159 2354 3231 terrenis
2381 3160 2617 3226 serviat,
2661 3160 2746 3216 vel
2775 3161 2969 3217 timore
3007 3161 3203 3232 inepiae
3227 3161 3500 3230 justitiam

213 3231 424 3310 iterum
447 3270 582 3324 opus
601 3231 683 3312 est
709 3257 871 3328 pedes
922 3258 1126 3324 lavare,
1172 3275 1308 3331 quos
1359 3261 1509 3316 lavat
1543 3231 1811 3319 Dominus
1838 3231 1884 3294 ί)
1917 3245 2150 3300 deserat-

215 3343 574 3413 iuterpellans
599 3360 700 3416 pro
731 3347 905 3414 nobis,
934 3357 989 3404 et
1013 3366 1110 3406 nos
1131 3351 1235 3420 ipsi
1264 3353 1491 3407 orando.
1519 3350 1610 3408 Ille
1647 3353 1809 3408 etiam

215 3433 314 3502 qui
329 3433 385 3488 in
407 3435 520 3490 otio
538 3439 718 3494 studet
734 3438 971 3506 veritati,
995 3440 1121 3496 dum
1141 3441 1195 3496 in
1215 3441 1337 3498 aliis
1355 3442 1593 3513 pulsanti
1613 3457 1811 3512 sponso

214 3523 436 3593 aperire
457 3525 650 3598 pergit,
675 3527 839 3599 pedes
865 3529 1133 3600 inquinat,
1165 3531 1292 3603 quia
1337 3533 1540 3589 veritas
1587 3532 1808 3588 humili-

215 3623 309 3671 ter
339 3617 573 3685 auditur,
603 3621 698 3676 sed
723 3621 840 3677 sine
865 3622 1104 3692 periculo
1143 3641 1250 3680 non
1277 3633 1455 3696 potest
1502 3625 1807 3696 prtedicari,

216 3705 319 3762 sed
341 3707 440 3764 bos
465 3709 630 3781 pedes
662 3712 923 3768 Dominus
961 3714 1239 3784 discipulis
1279 3716 1446 3772 lavat.

297 3802 462 3858 Vens.
495 3804 582 3858 l2.
620 3836 691 3845 —
711 3805 779 3859 Et
805 3822 922 3859 cum
944 3807 1279 3874 recubuisset,
1313 3810 1503 3863 iterum
1535 3809 1672 3865 dixit
1694 3812 1768 3866 eis
1787 3825 1806 3864 :

221 3895 390 3953 Scitis
414 3894 538 3966 quid
569 3895 783 3964 fecerim
809 3895 947 3951 vobis
963 3897 990 3950 .9
1019 3895 1118 3952 Vos
1140 3899 1334 3953 vocatis
1357 3916 1457 3966 me,
1499 3908 1606 3955 etc.
1657 3899 1810 3957 Sicut

218 3986 379 4060 prius
406 3986 672 4058 exemplo,
719 3988 797 4042 sic
843 3988 1008 4042 etiam
1052 4004 1196 4044 nunc
1244 3990 1411 4045 verbo
1455 3991 1674 4046 instruit
1718 4008 1811 4049 eos

219 4078 489 4150 magister
516 4077 780 4134 veritatis.
817 4079 884 4134 Et
909 4079 1051 4149 quod
1095 4079 1225 4136 dicit
1249 4094 1442 4152 magna
1491 4081 1557 4136 de
1603 4097 1661 4137 se
1704 4095 1811 4137 non

216 4179 309 4228 est
346 4171 672 4243 arrogantia,
703 4171 798 4226 sed
822 4171 1023 4226 veritas
1041 4186 1162 4242 qua:
1181 4173 1402 4243 prodest
1451 4170 1808 4241 auditoribus,

217 4264 369 4320 sicut
401 4262 530 4320 facit
565 4272 620 4319 et
660 4263 877 4319 Paulus.

298 4351 516 4424 (Gnec.)
544 4353 748 4408 incauti
779 4361 904 4409 sunt
926 4353 1156 4409 humiles
1179 4354 1269 4425 qui
1303 4370 1361 4410 se
1388 4355 1671 4412 mendacio
1701 4356 1812 4412 illa-

219 4452 430 4516 queant
449 4444 576 4499 dum
603 4447 969 4518 arrogantiam
998 4448 1190 4513 vitant,
1229 4449 1352 4518 quia
1373 4458 1562 4504 contra
1612 4450 1812 4506 verita-

220 4545 336 4592 tem
362 4549 420 4592 se
439 4537 654 4608 erigunt
677 4553 836 4608 quam
869 4538 1194 4607 relinquunt.
1228 4538 1330 4606 Qui
1373 4540 1517 4594 enim
1569 4539 1809 4595 necessi-

220 4636 339 4683 tate
370 4637 594 4700 cogente
619 4643 744 4683 vera
771 4628 838 4683 de
872 4644 930 4684 se
966 4637 1022 4683 et
1058 4628 1196 4683 bona
1229 4629 1488 4698 loquitur,
1519 4637 1670 4684 tanto
1697 4645 1810 4686 ma-

219 4719 310 4792 gis
335 4719 620 4775 humilitati
637 4717 906 4790 jungitur,
933 4728 1136 4790 quanto
1161 4719 1377 4774 veritati
1423 4721 1682 4774 sociatur.

301 4811 464 4865 Vens.
494 4811 579 4867 18.
605 4842 676 4851 -
699 4809 820 4864 Non
842 4811 905 4864 de
934 4810 1195 4866 omnibus.
1224 4809 1340 4866 Non
1366 4825 1553 4865 omnes
1594 4810 1804 4868 facietis

221 4907 333 4962 hoc
363 4904 502 4959 unde
524 4903 665 4959 beati
704 4903 843 4969 sitis,
891 4904 985 4958 sed
1033 4903 1123 4973 qui
1165 4903 1452 4958 manducat
1483 4917 1660 4957 meum
1707 4919 1805 4974 pa-

224 5011 377 5062 nem,
414 5010 519 5051 non
566 4994 911 5066 utproﬁciat,
945 4993 1039 5050 sed
1065 5002 1123 5048 ut
1161 4994 1347 5058 lateat,
1397 4993 1582 5048 levabit
1623 5005 1804 5049 contra

225 5106 312 5144 me
354 5089 656 5143 calcaneum
716 5105 901 5154 suum,
959 5087 1014 5142 id
1055 5095 1139 5144 est
1164 5104 1248 5144 me
1290 5087 1558 5154 calcabit,
1601 5096 1658 5142 ut
1705 5088 1808 5142 im-

222 5181 440 5252 pleatur
478 5180 754 5250 Scriptura
793 5194 912 5250 quae
940 5179 1044 5234 hoc
1094 5179 1365 5250 prazdixit,
1408 5195 1512 5234 non
1539 5179 1683 5248 quod
1721 5195 1810 5235 co-

223 5283 342 5346 gat,
383 5271 477 5328 scd
525 5272 649 5342 quia
689 5272 830 5343 quod
870 5271 1107 5326 futurum
1130 5279 1248 5326 erat
1279 5286 1383 5325 non
1425 5271 1612 5326 tacuit.

303 5363 468 5419 Vens.
502 5364 588 5420 19.
617 5394 688 5404 -
719 5363 920 5418 Amodo
942 5363 1058 5418 dico
1082 5363 1243 5418 vobis.
1267 5363 1430 5430 Quasi
1458 5363 1602 5418 dicat
1627 5382 1638 5418 :
1667 5362 1810 5420 liue—

225 5473 403 5529 usque
446 5458 668 5513 toleravi
716 5465 770 5512 et
808 5457 968 5523 tacui,
1021 5457 1116 5512 sed
1145 5455 1258 5526 jam
1304 5465 1434 5511 noto
1476 5455 1806 5526 proditorem

225 5558 523 5620 antequam
563 5548 654 5603 ﬁat
681 5549 822 5619 quod
855 5562 977 5603 mox
998 5547 1301 5602 faciendum
1331 5555 1437 5613 est,
1474 5547 1550 5600 uti
1583 5562 1705 5601 cum
1731 5546 1809 5601 fa-

223 5654 379 5702 ctum
410 5642 571 5697 fuerit
621 5642 854 5696 credatis
884 5641 1008 5714 quia
1039 5656 1139 5712 ego
1170 5656 1287 5696 sum
1315 5640 1402 5694 ille
1443 5640 1509 5695 de
1538 5635 1643 5694 uno
1667 5638 1810 5694 Scri-

222 5745 389 5812 ptura
430 5736 516 5792 illa
538 5736 802 5807 praedixit.

301 5829 574 5886 Vens.20.
608 5861 676 5870 --
728 5829 911 5895 Amen,
957 5845 1105 5882 amen
1151 5828 1266 5882 (lico
1322 5827 1476 5881 vobis.
1516 5824 1806 5894 Postquam

1836 4589 1888 4647 D

1988 3337 2147 3392 Vens.
2166 3337 2255 3393 50.
2271 3369 2339 3379 —
2358 3338 2488 3393 Erat
2511 3349 2705 3395 autem.
2723 3340 2840 3396 Nox
2861 3342 3111 3414 congruit
3127 3341 3493 3398 sacramento.

1913 3425 2045 3482 Erat
2065 3428 2210 3484 enim
2239 3431 2333 3502 qui
2359 3431 2528 3486 exivit
2557 3430 2698 3488 ﬁlius
2727 3432 3073 3488 tenebrarum
3103 3434 3311 3490 faciens
3333 3448 3494 3505 opera

1912 3521 2280 3577 tenebrarum.

1981 3612 2142 3668 Nunc
2161 3613 2484 3684 clari/icatus
2505 3626 2579 3671 est
2594 3614 2645 3671 F
2648 3616 2768 3672 ilius
2789 3619 3032 3674 hominis.
3053 3619 3234 3692 (AUG.)
3251 3620 3493 3676 Exeunte

1908 3700 2044 3758 Juda
2065 3719 2164 3775 pro
2186 3720 2293 3775 quo
2313 3705 2627 3762 dicebatur:
2649 3708 2774 3764 Non
2795 3713 2918 3765 estis
2935 3711 3118 3764 mundi
3143 3727 3336 3776 omnes,
3364 3721 3492 3778 etc.,

1909 3813 2074 3868 usque
2113 3797 2184 3851 ad
2213 3799 2368 3868 quasi
2409 3799 2478 3855 sit
2504 3799 2707 3857 factum
2746 3803 2890 3872 quod
2928 3819 3050 3858 mox
3082 3813 3165 3859 est
3192 3803 3454 3861 futurum.

1979 3887 2146 3942 Vens.
2166 3888 2534 3946 35.—Filioli.
2561 3891 2683 3963 (lu.)
2704 3892 2838 3960 Quia
2855 3893 3066 3950 dixerat
3086 3897 3228 3964 quod
3249 3897 3392 3953 Deus
3413 3907 3497 3953 est

1909 3979 2018 4036 cito
2047 3979 2443 4037 clariﬁcaturus
2487 3998 2642 4050 eum,
2672 3992 2812 4050 etc.,
2855 4002 3015 4057 usque
3059 3986 3129 4039 ad
3175 4002 3282 4043 non
3319 3997 3496 4057 potest

1909 4070 2013 4127 hoc
2040 4071 2243 4143 accipi;
2275 4073 2400 4142 quia
2426 4089 2534 4130 non
2559 4075 2874 4130 conveniret
2900 4077 3045 4144 quod
3074 4077 3342 4146 sequitur.

1982 4162 2098 4229 Quo
2125 4180 2216 4235 ego
2253 4165 2384 4219 vado
2430 4182 2518 4220 vos
2562 4183 2664 4221 non
2709 4168 2922 4236 potestis
2954 4168 3147 4222 venire.
3195 4166 3348 4223 Nunc
3379 4183 3489 4225 non

1909 4264 2159 4326 poterant
2202 4257 2432 4327 apostoli
2475 4257 2714 4313 nondum
2745 4258 2940 4330 spiritu
2987 4257 3289 4315 conﬁrmati
3338 4261 3492 4331 sequi

1911 4350 2194 4406 Dominum
2215 4393 2229 4418 ,
2269 4351 2322 4406 id
2352 4360 2437 4408 est
2467 4352 2605 4408 mori
2652 4367 2751 4423 pro
2781 4352 3007 4407 Domino
3047 4360 3102 4408 et
3134 4352 3376 4424 iustitia,
3407 4352 3494 4408 vel

1913 4442 2099 4497 venire
2123 4443 2190 4498 ad
2216 4442 2382 4498 vitam
2412 4443 2774 4499 immortalem
2809 4445 2876 4500 ad
2904 4459 3063 4514 quam
3089 4443 3204 4516 ipse
3227 4444 3372 4510 ibat,
3403 4460 3495 4500 se-

1913 4532 2088 4586 cuturi
2119 4542 2299 4590 autem
2329 4543 2486 4589 erant
2521 4543 2728 4605 postea.
2775 4534 3056 4602 Quomodo
3085 4546 3265 4590 autem
3308 4535 3490 4592 idonei

1915 4621 2126 4692 possint
2153 4637 2273 4678 esse
2299 4631 2354 4678 et
2375 4638 2600 4694 pergere
2623 4638 2732 4694 quo
2753 4623 2844 4678 ille
2872 4624 3172 4689 antecedit,
3205 4624 3380 4679 docet.

1987 4712 2301 4768 Mandatum
2343 4731 2529 4769 novum
2559 4714 2647 4768 do.
2683 4714 2866 4785 (Auc.)
2899 4715 3016 4770 Non
3046 4716 3188 4785 quod
3236 4715 3339 4770 hoc
3383 4731 3491 4772 non

1913 4804 1984 4861 sit
2033 4805 2088 4858 in
2136 4805 2357 4876 antiqua
2397 4803 2546 4876 lege,
2589 4803 2788 4876 Diliges
2837 4805 3132 4875 proximum
3162 4814 3310 4858 tuum
3357 4806 3491 4860 sicut

1913 4899 2132 4970 teipsum
2153 4939 2166 4966 ,
2201 4907 2308 4954 etc.
2333 4938 2348 4966 ,
2378 4913 2540 4970 usque
2570 4898 2640 4951 ad
2669 4913 2789 4969 quae
2833 4895 3048 4953 dilectio
3074 4895 3206 4952 facit
3235 4897 3370 4952 mori
3397 4903 3492 4954 sa.»

1910 4993 2052 5048 culo.

1982 5086 2146 5141 Vens.
2174 5085 2263 5140 54.
2291 5116 2363 5126 -
2392 5082 2457 5138 Ut
2484 5082 2717 5155 diligatis
2754 5084 2974 5139 invicem
3011 5085 3146 5139 sicut
3175 5082 3338 5138 dilexi
3379 5100 3486 5138 vos.

1910 5179 2026 5235 Non
2054 5188 2272 5250 putetur
2318 5179 2430 5235 haec
2460 5178 2827 5248 przetermissa
2871 5176 3087 5233 dilectio
3127 5177 3219 5232 Dei
3261 5191 3380 5246 qua:
3407 5184 3491 5231 est

1911 5272 1966 5325 in
1991 5270 2277 5326 dilectione
2301 5268 2560 5340 proximi,
2584 5269 2637 5322 in
2657 5269 2903 5339 proximo
2923 5269 3066 5324 enim
3089 5285 3196 5323 non
3223 5269 3326 5323 nisi
3348 5268 3489 5323 Deus

1909 5363 2170 5434 diligitur,
2215 5361 2355 5417 sicut
2383 5370 2439 5416 et
2465 5359 2712 5415 Christus
2741 5359 2797 5415 in
2842 5361 2996 5416 nobis
3017 5360 3191 5430 diligit
3218 5361 3411 5425 Deum,
3434 5367 3490 5414 et

1911 5469 2017 5509 non
2046 5453 2187 5523 quod
2221 5454 2323 5508 hoc
2363 5451 2687 5517 habeamus,
2728 5453 2823 5508 sed
2868 5461 2927 5508 ut
2975 5453 3301 5508 haberemus
3345 5451 3487 5506 sicut

1911 5547 2152 5602 medicus
2183 5546 2236 5600 in
2276 5560 2452 5617 (egro,
2485 5559 2592 5600 non
2622 5545 2870 5602 morbum
2891 5587 2906 5614 ,
2943 5546 3037 5602 sed
3071 5545 3298 5602 salutem
3324 5557 3487 5614 quam

1910 5639 2058 5695 venit
2079 5639 2227 5694 dare.

1986 5732 2146 5787 Vens.
2179 5731 2267 5788 56.
2299 5763 2370 5774 --
2393 5732 2632 5799 Domme,
2661 5750 2763 5804 quo
2783 5774 2798 5798 ,
2826 5740 2931 5788 etc.
2978 5728 3206 5793 Audito,
3253 5741 3361 5798 quo
3388 5740 3489 5798 ego

1913 5825 2082 5888 vado,
2117 5831 2172 5879 ct
2203 5825 2474 5880 intellecta
2513 5827 2596 5880 via
2627 5841 2730 5880 oua
2764 5825 2924 5880 senui
2957 5827 3164 5877 potest.
3213 5818 3265 5875 id
3300 5819 3490 5876 estdiv
