3958 6314
497 324 600 381 δοῖ
622 300 627 305 ’

992 325 1388 383 WALAFRIDI
1424 326 1673 384 STRABI
1709 325 1914 386 FULD.
1955 324 2121 383 MON.
2163 324 2314 382 OPP.
2355 325 2538 382 PARS
2577 325 2618 384 1.
2659 354 2730 367 -—
2766 324 3226 384 THEOLOGICA.

3655 324 3761 380 108

494 440 728 498 lectione
747 481 762 507 ,
785 440 918 496 dicit
942 440 1136 498 Petrus
1155 450 1215 497 ut
1234 443 1387 513 sequi
1412 452 1650 514 paratus.
1678 444 1747 499 Et
1772 444 1899 516 quia
1928 444 2073 499 hunc
2102 445 2152 504 A
2177 440 2286 496 lum
2319 441 2505 496 venire
2534 441 2603 496 ad
2631 440 2846 496 Patrem
2866 480 2881 505 ,
2915 441 3016 495 nisi
3045 456 3145 511 per
3182 456 3242 496 se
3261 479 3277 505 ,
3303 439 3396 511 qui
3422 438 3762 510 estinsepa-

495 535 613 605 ejus
650 537 888 592 animum
935 538 1087 592 novit
1124 538 1416 604 Dominus,
1447 540 1584 596 dixit
1612 556 1719 596 non
1749 541 1909 597 modo
1950 555 2073 595 eum

496 642 687 699 posse,
714 628 770 682 in
817 644 924 697 quo
950 644 1056 684 non
1098 630 1322 685 abstulit
1349 646 1503 702 spem
1530 631 1730 700 futuri,
1761 635 1858 690 sed
1882 633 2078 690 conﬁr-

496 721 685 776 mavit.
716 720 956 793 Sequeris
985 731 1160 778 autem
1181 734 1363 793 postea

566 810 730 866 Vsus.
757 812 932 867 37.—
951 812 1199 869 Animam
1221 832 1411 869 meam.
1435 815 1658 872 Multum
1681 815 1956 888 praesumit
1980 818 2072 888 qui

494 905 728 961 animam
753 920 851 974 pro
879 919 944 962 eo
984 921 1187 976 ponere
1227 908 1530 976 promittit,
1555 909 1647 980 qui
1690 909 1929 966 nondum
1976 925 2074 980 pro

490 996 654 1052 Petro
674 995 908 1049 animam
938 995 1117 1063 dedit,
1148 998 1304 1066 quasi
1335 999 1528 1068 prmire
1561 1000 1751 1069 possit.

561 1084 743 1157 (Auc.)
776 1084 1119 1141 Voluntatem
1151 1103 1338 1153 suam,
1385 1089 1479 1143 sed
1522 1104 1630 1143 non
1659 1090 1804 1144 vires
1829 1104 1955 1145 suas
1977 1105 2072 1146 co-

491 1191 788 1248 gnoscens,
814 1185 875 1231 ut
899 1176 1146 1233 inﬁrmus
1190 1178 1522 1233 voluntatem
1562 1194 1715 1234 suam
1746 1178 1951 1250 jactat,
1979 1182 2076 1237 sed

491 1266 815 1337 inspiciebat
840 1267 1248 1323 invalitudinem
1275 1268 1537 1323 medicus.
1571 1269 1663 1324 Ille
1688 1270 2069 1339 promittebat,

493 1358 583 1414 ille
624 1358 1027 1430 praenoscebat,
1073 1367 1129 1415 et
1178 1360 1271 1430 qui
1323 1361 1602 1418 nesciebat
1637 1361 1922 1429 audiebat,
1977 1363 2072 1433 qui

493 1449 813 1520 praesciebat
840 1450 1095 1505 docebat.

567 1537 732 1595 Vsus.
756 1540 845 1595 '58.
868 1570 941 1581 -—
964 1539 1089 1595 Non
1110 1541 1341 1596 cantabit
1364 1542 1559 1612 gallus,
1589 1552 1694 1597 etc.
1723 1542 1918 1599 Petrus
1945 1551 2073 1599 ante

493 1630 726 1700 primum
752 1630 874 1702 galli
901 1640 1116 1687 cantum
1144 1633 1340 1689 trinam
1371 1635 1709 1706 negationem
1745 1636 1961 1706 incipit,
1991 1645 2074 1693 to-

496 1729 607 1776 tam
630 1728 810 1777 autem
847 1712 1058 1794 perficit
1083 1736 1207 1780 ante
1234 1727 1530 1781 secundum
1568 1727 1694 1799 galli
1719 1736 1961 1784 cantum.

481 1898 508 1913 ,q
1077 1838 1305 1895 CAPUT
1349 1838 1490 1895 xw.

563 1924 729 1983 Vens.
769 1927 820 1982 1.
844 1959 916 1968 —
941 1927 1066 1983 Non
1095 1930 1335 1984 turbetur
1360 1947 1453 1990 cor
1474 1939 1699 1986 vestrum
1717 1971 1732 1997 ,
1758 1940 1863 1987 etc.
1894 1931 2074 2005 (Auc.)

493 2019 573 2077 Ne
615 2030 797 2077 autem
849 2030 1079 2078 mortem
1131 2030 1391 2093 tanquam
1427 2023 1663 2079 hominis
1707 2024 1993 2091 timerent,
2022 2032 2076 2080 et

495 2114 617 2171 ideo
645 2115 1012 2180 turbarentur,
1044 2123 1176 2180 etc.,
1207 2131 1371 2186 usque
1410 2114 1480 2168 ad
1520 2114 1625 2169 alia
1655 2113 1872 2172 claritas
1898 2115 2074 2183 lunae,

494 2204 600 2262 alia
622 2205 841 2261 claritas
863 2206 1164 2261 stellarum.

566 2295 733 2351 Vsus.
771 2297 827 2351 2.
854 2328 924 2339 ——
945 2297 1013 2353 1η
1042 2298 1231 2362 domo,
1264 2307 1370 2353 etc.
1416 2297 1617 2354 Domus
1647 2298 1775 2366 Dei,
1816 2299 2072 2372 templum

493 2387 624 2452 Dei,
665 2402 889 2458 regnum
919 2387 1034 2442 Dei.
1067 2387 1312 2460 Regnum
1351 2388 1609 2442 ccelorum
1630 2428 1645 2453 ,
1672 2397 1800 2444 sunt
1826 2389 2073 2445 homines

486 2476 657 2548 justi,
688 2477 741 2532 in
775 2478 971 2549 quibus
1007 2488 1134 2534 sunt
1169 2478 1351 2533 multae
1375 2477 1695 2533 dili'erentite
1714 2478 1858 2534 inter
1884 2494 1964 2535 se.
2004 2480 2074 2535 Et

493 2570 577 2626 hae
601 2578 725 2627 sunt
750 2569 1057 2626 mansiones
1087 2570 1256 2640 ipsius
1282 2569 1497 2625 domus.

563 2661 745 2733 (Avc.)
774 2659 928 2715 Modo
949 2659 1081 2732 justi
1107 2669 1229 2716 sunt
1262 2676 1487 2731 regnum
1511 2660 1606 2714 Dei
1628 2668 1683 2716 et
1708 2675 1933 2732 regnum
1963 2676 2073 2718 ete-

489 2754 665 2808 lorum
683 2792 698 2816 ,
731 2759 862 2817 etc.,
893 2768 1054 2822 usque
1074 2751 1142 2806 ad
1166 2751 1309 2821 quod
1329 2751 1497 2806 eratis
1532 2751 1585 2805 in
1610 2767 1737 2822 spe,
1761 2753 1882 2808 silis
1907 2754 1961 2807 in
1988 2768 2066 2826 re.

561 2842 619 2898 Si
642 2860 744 2914 quo
787 2843 995 2908 minus,
1018 2850 1123 2898 etc.
1153 2842 1211 2896 ld
1240 2852 1356 2908 est,
1390 2843 1435 2898 si
1460 2859 1565 2897 non
1597 2845 2069 2915 przedestinassem

490 2936 857 3003 mansionem,
906 2937 1051 3007 quod
1108 2944 1192 2991 est
1248 2936 1632 2991 inconveniens
1684 2946 1945 3007 quantum
2004 2940 2072 2994 ad

490 3031 660 3086 Deum
702 3028 794 3100 qui
812 3028 993 3084 omnia
1016 3028 1155 3083 bona
1176 3036 1301 3082 ante
1322 3028 1503 3083 omnia
1528 3040 1769 3100 tempora
1791 3030 2072 3099 prsedesti-

491 3120 672 3187 navit,
711 3128 840 3175 tunc
884 3119 1043 3175 modo
1084 3134 1478 3191 praepararem,
1505 3119 1559 3174 id
1585 3127 1697 3186 est,
1720 3121 2071 3191 praedestina-

488 3228 635 3278 rem,
684 3214 829 3284 quod
870 3212 1067 3268 iterum
1106 3219 1190 3269 est
1235 3211 1652 3280 inconveniens,
1696 3222 1959 3283 quantum
2001 3214 2069 3271 ad

485 3302 658 3362 Deum
686 3304 1098 3375 praesentialiter
1132 3303 1335 3375 aliquid
1360 3304 1770 3375 praedestinare.

557 3396 681 3470 (11).)
712 3396 1009 3453 Conﬁrmat
1033 3411 1152 3453 esse
1173 3436 1189 3463 ,
1221 3396 1346 3466 quia
1366 3396 1413 3451 si
1444 3412 1549 3451 non
1593 3406 1777 3453 essent
1808 3397 2066 3465 dixisset,

487 3493 579 3550 ibo
623 3499 677 3547 et
722 3493 958 3561 parabo,
1005 3498 1139 3556 etc.,
1198 3505 1360 3560 usque
1405 3488 1475 3543 ad
1521 3498 1577 3544 et
1614 3488 1731 3545 haec
1784 3490 2069 3547 multitudo

488 3582 830 3638 mansionum
854 3588 956 3636 est.

558 3670 723 3727 Vsus.
754 3671 807 3725 5.
833 3702 905 3712 -
927 3670 994 3724 Et
1037 3670 1083 3724 si
1115 3669 1312 3732 abiero.
1345 3667 1467 3740 (Ιο.)
1503 3666 1650 3724 Abiit
1679 3668 1932 3736 latendo,
1976 3685 2069 3726 ve-

488 3764 568 3819 nit
589 3762 926 3833 apparendo,
975 3761 1069 3817 sed
1113 3768 1299 3815 manet
1322 3759 1592 3830 regendo,
1634 3768 1695 3816 ut
1721 3762 2068 3833 proﬁciamus

485 3858 623 3915 bene
650 3856 912 3921 vivendo,
943 3863 999 3911 et
1024 3855 1106 3910 sic
1129 3860 1357 3924 paratur
1394 3852 1566 3909 locus.

557 3944 680 4017 (Ιυ.)
695 3944 853 4001 Fides
867 3960 986 4015 quae
998 3959 1106 4000 non
1124 3943 1267 3999 videt
1279 3942 1472 4008 credit,
1491 3958 1620 4000 nam
1632 3944 1679 4001 si
1692 3944 1914 4013 videret,
1931 3952 2063 4014 etc.,

486 4053 648 4109 usque
694 4036 765 4092 ad
822 4034 1148 4093 desiderium
1201 4033 1543 4103 dilectionis,
1597 4036 1923 4108 praeparatio
1980 4044 2068 4094 est

486 4129 800 4190 mansionis.

554 4222 720 4278 Vsus.
774 4219 830 4276 4.
855 4217 1016 4272 -Ει
1042 4234 1143 4289 quo
1175 4233 1268 4289 ego
1305 4203 1457 4273 vado.
1485 4216 1599 4273 Hoc
1638 4215 1841 4273 dictum
1874 4227 1958 4273 est
1980 4233 2064 4274 se-

482 4314 719 4370 cundum
744 4311 1006 4381 quosdam
1028 4310 1120 4381 qui
1151 4310 1397 4365 sciebant
1433 4318 1487 4365 et
1518 4309 1712 4365 Filium
1739 4319 1794 4365 et
1822 4310 2060 4368 Patrem.

485 4403 724 4459 Thomas
753 4416 882 4456 vero
922 4400 1025 4455 etsi
1068 4406 1286 4469 putaret
1328 4415 1387 4454 se
1431 4400 1676 4464 nescire,
1722 4401 2065 4458 convincitur

2178 531 2423 587 rabiliter
2445 531 2585 586 idem
2624 548 2749 587 cum
2795 531 2991 597 Patre,
3039 546 3109 587 ne
3159 540 3468 601 quazrerent
3516 532 3643 602 quis
3679 542 3767 588 est

2175 624 2357 687 Pater,
2387 626 2623 680 ostendit
2646 641 2713 680 ex
2742 640 2801 681 se
2824 636 2954 680 noto
2983 627 3131 681 nosci
3165 625 3407 691 Patrem,
3433 626 3579 696 quod
3622 641 3764 683 non-

2174 717 2302 772 dum
2330 719 2546 787 quidam
2590 729 2987 790 cognoverant,
3029 735 3164 788 quos
3204 720 3384 790 arguit
3433 720 3624 775 dicens
3656 738 3669 771 :
3698 719 3764 776 Si

2175 811 2569 878 cognovissetis,
2613 819 2719 867 etc.
2772 809 2840 865 Et
2893 810 3091 866 vidistis
3153 828 3291 865 eum.
3326 811 3396 868 Ut
3443 812 3511 867 de
3550 812 3764 867 duobus

2175 901 2395 955 omnino
2443 901 2709 956 similibus
2755 901 2957 956 dicitur
2992 920 3008 956 :
3045 900 3105 956 Si
3150 905 3314 956 istum
3348 902 3569 967 vidisti,
3612 902 3761 957 illum

2175 991 2387 1058 vidisti;
2429 994 2679 1050 viderant
2703 1009 2833 1065 ergo
2858 1008 3018 1064 quam
3045 993 3377 1048 simillimum
3412 993 3639 1059 Filium,
3668 993 3763 1049 sed

2174 1087 2425 1142 monendi
2446 1095 2628 1151 erant,
2657 1097 2716 1142 ut
2742 1087 2904 1142 talem
2928 1087 3092 1142 etiam
3126 1086 3344 1143 Patrem
3371 1087 3764 1158 intelligerent,

2174 1186 2228 1233 et
2266 1193 2374 1233 non
2409 1177 2748 1233 dissimilem.

2244 1267 2409 1323 Vens.
2456 1269 2509 1324 9.
2535 1300 2607 1309 —
2630 1266 2907 1335 Quomodo
2938 1276 2994 1321 tu
3018 1266 3171 1322 dicis.
3196 1267 3262 1323 Et
3290 1284 3411 1323 eum
3436 1269 3663 1324 omnino
3686 1270 3761 1325 si-

2173 1358 2337 1415 milis.
2372 1358 2646 1425 Quomodo
2673 1369 2729 1414 tu
2759 1359 2890 1413 dicis
2911 1398 2927 1424 ,
2953 1368 3057 1414 etc.
3093 1359 3255 1425 Quasi
3281 1358 3488 1415 diceret
3523 1374 3540 1414 :
3587 1360 3759 1415 Video

2173 1465 2282 1521 quo
2321 1450 2502 1506 animo
2564 1450 2741 1516 dicas,
2789 1464 2896 1504 non
2947 1449 3147 1521 quaeris
3191 1449 3422 1505 alterum
3486 1450 3757 1518 similem,

2175 1542 2271 1597 sed
2315 1549 2475 1610 putas
2510 1540 2812 1597 meliorem.
2865 1541 2910 1594 Α
2952 1542 3168 1612 meipso.
3222 1540 3359 1608 Quia
3407 1558 3518 1598 non
3566 1560 3688 1599 sum
3727 1559 3759 1598 a

2174 1632 2382 1702 meipso
2424 1633 2516 1702 qui
2564 1631 2757 1703 loquor
2790 1653 2802 1687 :
2837 1633 2887 1688 ei
2929 1633 3118 1688 tribuit
3149 1633 3293 1704 quod
3333 1631 3500 1701 facit,
3540 1634 3608 1690 de
3654 1650 3759 1706 quo

2176 1735 2260 1782 est
2284 1725 2400 1795 ipse
2429 1727 2523 1796 qui
2550 1726 2699 1782 facit.

2104 1805 2154 1867 Β
2252 1814 2416 1870 Vens.
2444 1816 2530 1871 12.
2558 1847 2625 1858 -
2655 1816 2759 1883 Qui
2788 1817 2949 1872 credit
2974 1819 3028 1872 in
3053 1834 3155 1873 me.
3183 1817 3297 1890 Ego
3331 1803 3396 1875 et
3412 1818 3579 1875 Pater
3605 1820 3760 1877 indif-

2175 1910 2417 1967 ferenter
2456 1926 2763 1980 operamur.
2798 1910 2867 1965 Et
2910 1910 3218 1980 quicunque
3248 1911 3423 1967 credit
3454 1912 3509 1967 in
3541 1927 3629 1968 me
3671 1915 3757 1984 (ne

2177 2006 2244 2062 de
2289 2005 2418 2061 solis
2445 2005 2704 2075 apostolis
2753 2006 2856 2060 hoc
2899 2006 3260 2078 acciperetur)
3304 2021 3469 2077 opera
3498 2022 3621 2077 qua:
3660 2022 3756 2075 ego

2175 2095 2315 2151 facio
2343 2112 2441 2167 per
2468 2113 2586 2161 me,
2620 2095 2735 2167 ipse
2762 2096 2925 2153 faciet
2943 2139 2959 2163 ,
2988 2099 3041 2154 id
3065 2107 3179 2163 est,
3215 2115 3315 2171 ego
3338 2100 3479 2155 facio
3506 2100 3562 2155 in
3589 2116 3658 2155 eo
3676 2100 3755 2154 vel

2173 2202 2271 2258 per
2290 2204 2413 2242 eum
2432 2229 2447 2253 ,
2470 2196 2527 2243 et
2554 2188 2721 2242 etiam
2749 2187 2976 2258 majora.
3007 2188 3177 2261 Opera
3200 2208 3317 2263 qua:
3336 2208 3429 2262 ego
3456 2172 3617 2246 facio.
3641 2191 3755 2246 Non

2176 2289 2358 2336 tamen
2388 2296 2454 2335 ex
2483 2297 2574 2347 se,
2618 2280 2711 2336 sed
2757 2295 2826 2336 ex
2871 2298 2975 2337 me.
3013 2283 3137 2337 Non
3161 2294 3236 2339 est
3259 2302 3434 2339 servus
3465 2284 3642 2354 major
3668 2285 3755 2338 do-

2173 2375 2335 2429 mino.
2372 2372 2490 2442 Ipse
2519 2374 2664 2429 enim
2708 2375 2825 2431 sine
2870 2375 2951 2431 eis
2993 2375 3193 2443 multa,
3239 2376 3315 2431 illi
3350 2376 3469 2432 sine
3498 2392 3567 2432 eo
3594 2377 3753 2443 nihil,

2173 2465 2276 2519 nisi
2308 2473 2609 2534 peccatum.

2247 2554 2461 2624 Majora
2521 2557 2733 2625 horum.
2792 2557 2976 2629 (Avc.)
3027 2556 3165 2625 Quia
3221 2558 3270 2614 si
3330 2557 3446 2629 ipse
3510 2558 3753 2623 fimbria,

2170 2647 2366 2704 Petrus
2395 2649 2588 2705 umbra
2620 2652 2848 2733 sanavit.
2881 2650 2979 2706 Vel
3001 2667 3135 2723 opus
3161 2652 3279 2723 ejus
3303 2692 3319 2718 ,
3350 2661 3484 2717 etc.,
3508 2669 3670 2724 usque
3690 2653 3755 2706 ad

2172 2740 2299 2811 quia
2329 2741 2374 2794 si
2402 2747 2693 2812 utrumque
2717 2743 2939 2814 aequalis
2963 2744 3219 2815 potentiae
3238 2784 3253 2810 ,
3282 2743 3384 2799 hoc
3409 2753 3496 2800 est
3538 2744 3758 2812 majoris

2173 2831 2582 2887 misericordiae.

2245 2924 2407 2980 Vens.
2442 2925 2527 2980 l5.
2552 2925 2702 2981 —Si
2722 2926 2942 2999 diligitis
2984 2944 3083 2981 me.
3121 2926 3403 2995 Quomodo
3425 2936 3612 2982 monet
3637 2928 3759 2982 dili-

2173 3030 2300 3087 gere
2324 3025 2377 3071 et
2399 3019 2905 3090 servaremandata,
2926 3026 2982 3073 ut
3004 3018 3271 3089 accipiant
3294 3018 3569 3088 spiritum,
3594 3034 3751 3087 quem

2174 3106 2275 3162 nisi
2301 3107 2538 3162 habeant
2583 3124 2693 3163 non
2736 3119 2962 3179 possunt
3004 3111 3226 3182 diligere
3268 3122 3323 3169 et
3367 3116 3623 3170 servare?
3650 3113 3756 3170 Sed

2171 3199 2315 3268 quod
2347 3200 2620 3255 habebant
2658 3201 2838 3257 minus
2862 3203 3106 3269 occulte,
3139 3206 3417 3276 accepturi
3456 3215 3613 3261 erant
3642 3222 3760 3262 am-

2171 3290 2313 3361 plius
2338 3291 2645 3358 manifeste,
2676 3303 2735 3347 ut
2758 3292 2838 3349 eis
2867 3295 3230 3351 iunotesceret
3253 3297 3397 3366 quod
3422 3296 3713 3353 habebant.

2243 3383 2406 3439 Vens.
2436 3385 2521 3439 16.
2549 3417 2619 3426 -
2643 3385 2712 3440 Et
2734 3403 2826 3457 ego
2853 3388 3042 3453 rogabo
3073 3387 3307 3443 Patrem.
3332 3389 3621 3462 (Tm-orn.)
3648 3389 3751 3446 Bo-

2171 3475 2307 3548 gabo
2326 3516 2340 3541 ,
2372 3476 2473 3531 hoc
2496 3486 2580 3531 est
2602 3518 2618 3543 ,
2647 3478 2947 3533 obsecrabo
2984 3478 3198 3535 Patrem
3228 3490 3283 3535 et
3322 3481 3486 3537 alium
3512 3482 3752 3537 Paracle-

2173 3574 2283 3619 tum
2311 3565 2487 3620 mittet
2516 3568 2691 3634 vobis,
2717 3577 2844 3634 etc.,
2873 3585 3034 3640 usque
3060 3570 3128 3623 ad
3156 3571 3298 3640 quod
3322 3572 3545 3626 omnino
3569 3587 3755 3642 super-

2172 3660 2351 3714 veniat
2377 3661 2457 3715 eis
2483 3659 2717 3732 Spiritus
2755 3662 3063 3732 paracletus
3098 3662 3321 3735 ejusque
3350 3664 3527 3738 gratia
3567 3664 3755 3722 conde-

2168 3751 2450 3817 scendens,
2480 3752 2585 3809 illis
2614 3753 2747 3810 dicit
2774 3770 2787 3808 :
2817 3752 3031 3825 Rogabo
3056 3752 3295 3811 Patrem.

2238 3863 2403 3921 Vsus.
2440 3864 2524 3920 l7.
2546 3895 2618 3905 —
2637 3863 2775 3933 Quia
2799 3882 2902 3920 non
2929 3866 3062 3921 videt
3082 3906 3098 3932 ,
3123 3874 3230 3922 etc.
3262 3866 3379 3922 Non
3413 3866 3619 3922 habent
3644 3866 3751 3937 spi-

2167 3957 2389 4014 rituales
2450 3955 2640 4014 oculos
2699 3957 2888 4013 mundi
2925 3966 3198 4014 amatores
3240 3958 3437 4029 quibus
3490 3957 3750 4027 Spiritum

2165 4058 2409 4105 sanctum
2429 4047 2669 4104 videant.
2713 4046 2823 4103 Nec
2853 4063 2982 4104 vero
3010 4048 3316 4113 carnalibus
3335 4048 3510 4105 oculis
3530 4058 3754 4121 possunt

2163 4140 2378 4205 videre,
2406 4140 2533 4211 quia
2562 4139 2805 4210 Spiritus
2828 4149 3052 4196 sanctus
3095 4154 3205 4194 non
3246 4141 3502 4210 apparuit
3531 4141 3749 4195 indutus

2163 4233 2518 4289 humanitate.
2550 4231 2618 4287 Et
2647 4235 2702 4288 in
2726 4233 2886 4289 vobis.
2922 4233 3038 4288 Erit
3061 4232 3114 4287 in
3140 4233 3323 4300 vobis,
3360 4248 3468 4289 non
3510 4234 3749 4289 manebit

2163 4336 2224 4384 ut
2248 4329 2349 4395 sit,
2379 4328 2504 4399 quia
2527 4330 2681 4399 prius
2705 4338 2790 4385 est
2818 4344 2939 4385 esse
2964 4328 3163 4384 alicubi
3206 4344 3369 4398 quam
3399 4346 3642 4386 manere.
3670 4328 3746 4384 Ne

2164 4419 2288 4489 quis
2316 4435 2445 4490 ergo
2485 4428 2639 4491 putet
2663 4421 2743 4476 sic
2771 4435 3028 4486 manere,
3077 4428 3135 4475 ut
3180 4420 3376 4491 hospes
3402 4422 3545 4492 apud
3581 4421 3742 4476 alium

484 4504 581 4566 per
608 4493 710 4549 hoc
733 4491 877 4562 quod
905 4491 1079 4561 ipsum
1107 4490 1257 4545 novit
1275 4531 1291 4557 ,
1317 4498 1374 4546 et
1401 4491 1545 4545 viam
1572 4489 1716 4546 scire
1758 4499 1814 4547 et
1858 4493 2026 4548 vitam
2043 4534 2059 4560 ,

2181 4489 2607 4566 tisiliiliter.sed
2646 4510 2701 4566 in
2737 4511 2819 4567 eis
2854 4512 3103 4582 cognosci
3130 4520 3343 4582 potest,
3368 4527 3478 4566 non
3513 4512 3582 4567 ab
3604 4511 3739 4566 aliis.

482 4587 539 4644 id
565 4596 680 4655 est,
708 4580 904 4642 Filium
941 4592 998 4639 et
1029 4582 1266 4639 Patrem.
1297 4583 1372 4638 De
1405 4583 1523 4638 istis
1552 4583 1849 4640 scientibus
1880 4587 2061 4642 subdi-

481 4688 610 4737 tur:
641 4676 851 4735 Amodo
886 4676 1223 4748 cognoscetis
1261 4690 1385 4731 eum
1430 4689 1527 4745 per
1555 4690 1642 4731 me
1666 4677 1941 4747 cognitum
1964 4719 1977 4744 ,
2007 4687 2064 4735 et

481 4769 694 4826 vidistis
735 4783 858 4824 eum
897 4767 953 4823 in
981 4766 1145 4822 corde
1165 4806 1180 4833 ,
1206 4767 1336 4822 dum
1360 4778 1449 4821 me
1473 4779 1573 4837 per
1615 4767 1798 4822 omnia
1826 4768 2059 4824 similem

479 4863 531 4919 ei
545 4845 788 4917 vidistis.

553 4948 715 5005 Vsus.
760 4947 814 5003 5.
845 4979 917 4989 —
945 4948 1083 5002 Dicit
1127 4948 1175 5003 ei
1221 4947 1479 5013 Thomas,
1524 4953 1631 5003 etc.
1679 4946 1798 5015 Quo
1849 4955 1904 5003 et
1951 4962 2058 5018 qua

478 5044 609 5109 itur,
637 5040 775 5097 dixit
811 5055 904 5097 eos
930 5040 1070 5096 scire
1095 5040 1184 5110 qui
1211 5057 1318 5097 non
1354 5040 1635 5106 mentitur,
1684 5041 1780 5096 sed
1822 5042 2061 5098 Thomas

478 5138 612 5195 dicit
635 5151 729 5193 eos
751 5144 1042 5204 utrumque
1070 5133 1281 5189 nescire
1298 5174 1313 5198 ,
1341 5133 1592 5189 nesciens
1617 5147 1712 5187 eos
1747 5132 1887 5188 scire
1906 5173 1921 5197 ,
1964 5132 2061 5189 sed

477 5226 729 5284 Christus
761 5224 1034 5281 convincit
1060 5238 1154 5281 eos
1192 5223 1361 5289 scire,
1405 5223 1530 5294 quia
1557 5223 1601 5277 si
1628 5237 1752 5277 eum
1775 5222 2055 5289 sciebant,

474 5328 532 5378 et
555 5320 668 5390 ipse
692 5326 777 5374 est
804 5316 919 5381 via,
949 5317 1091 5372 viam
1113 5316 1390 5381 sciebant,
1416 5327 1473 5371 et
1497 5315 1545 5369 si
1568 5315 1743 5385 ipsum
1772 5314 2053 5384 sciebant,

475 5416 531 5469 et
560 5409 672 5480 ipse
695 5416 776 5464 est
800 5408 1004 5464 veritas
1026 5414 1082 5462 et
1107 5407 1217 5463 vita
1234 5447 1249 5473 ,
1274 5414 1401 5462 tunc
1426 5406 1672 5462 sciebant
1693 5405 1974 5461 veritatem
1998 5416 2054 5463 et

474 5502 640 5557 vitam
670 5499 738 5555 ad
765 5514 924 5571 quam
954 5498 1102 5554 vadit
1126 5517 1137 5551 :
1171 5498 1287 5568 ipse
1312 5511 1441 5568 ergo
1468 5510 1564 5569 per
1606 5510 1665 5551 se
1693 5495 1867 5563 viam,
1895 5496 1964 5551 ad
1992 5512 2053 5554 se

470 5591 756 5649 veritatem
798 5597 855 5645 et
881 5589 1046 5644 vitam
1089 5596 1143 5645 et
1172 5591 1240 5645 ad
1269 5588 1486 5643 Patrem
1508 5629 1523 5653 ,
1566 5588 1693 5658 quia
1734 5601 1859 5643 cum
1889 5587 2050 5644 Patre

472 5696 639 5739 unum
660 5688 770 5743 est,
800 5679 966 5735 vadit.

544 5771 703 5828 Vsus.
730 5771 780 5829 7.
809 5804 874 5813 —
897 5770 955 5829 Si
976 5770 1339 5846 coguovissetis
1368 5786 1466 5826 me.
1497 5769 1632 5841 Quia
1654 5770 1895 5841 dixerat,
1924 5772 2042 5830 nul-

2243 4625 2403 4681 Vstts.
2439 4626 2526 4681 18.
2549 4658 2622 4668 —
2643 4628 2763 4681 Non
2791 4626 3100 4696 relinquam.
3132 4627 3246 4682 Non
3274 4628 3347 4681 ita
3375 4627 3591 4681 dabitur
3620 4626 3738 4697 Spi-

2168 4719 2306 4773 ritus
2326 4733 2423 4786 pro
2449 4732 2568 4783 me,
2597 4726 2657 4772 ut
2676 4732 2778 4787 ego
2820 4718 2983 4772 etiam
3015 4734 3121 4774 non
3151 4718 3252 4774 sim
3296 4720 3593 4775 vobiscum.
3638 4719 3738 4776 0r-

2166 4807 2329 4878 phaui
2374 4806 2593 4872 Graece,
2622 4808 2808 4879 pupilli
2835 4808 3022 4864 Latine
3052 4820 3157 4866 est.

2238 4923 2401 4978 Vsus.
2456 4923 2840 4979 l9.—Adhuc
2897 4925 3158 4980 modicum
3215 4938 3264 4982 et
3325 4929 3575 4983 mundus.
3634 4926 3735 4983 Sed

2163 5016 2408 5071 mundus-
2419 5014 2510 5084 qui
2534 5014 2697 5068 modo
2718 5014 2863 5069 videt
2889 5015 3060 5071 oculis
3082 5017 3262 5071 carnis
3278 5057 3292 5081 ,
3322 5027 3446 5087 post
3471 5018 3734 5073 modicum

2161 5123 2267 5161 non
2303 5104 2537 5169 videbit,
2567 5105 2692 5173 quia
2737 5108 3089 5162 resuscitatus
3129 5123 3188 5163 se
3213 5108 3293 5164 eis
3335 5125 3442 5163 non
3469 5110 3732 5169 ostendit.

2160 5198 2253 5253 sed
2285 5205 2453 5253 totum
2481 5205 2690 5267 tempus
2717 5197 2985 5253 modicum
3008 5206 3112 5264 est,
3147 5215 3255 5270 quo
3285 5199 3439 5256 ﬁnito
3464 5200 3733 5257 auferetur

2160 5290 2358 5359 impius
2412 5303 2481 5344 ne
2506 5289 2689 5343 videat
2710 5288 2934 5359 gloriam
2962 5289 3091 5354 Dei,
3121 5305 3284 5361 quam
3303 5290 3436 5359 justi
3459 5293 3727 5348 videbunt.

2161 5381 2300 5447 Quia
2361 5397 2453 5451 ego
2509 5381 2655 5446 vivo,
2710 5390 2759 5434 et
2821 5397 2909 5435 vos
2977 5382 3175 5436 vivatis.
3238 5382 3500 5438 Prmsenti
3568 5385 3728 5437 utitur

2158 5475 2281 5545 quia
2314 5488 2437 5528 mox
2466 5472 2644 5528 futura
2665 5479 2747 5529 est
2773 5471 2891 5541 ejus
2919 5474 3265 5529 resurrectio.
3294 5475 3376 5529 Ad
3404 5475 3525 5530 illos
3566 5476 3728 5529 utitur

2157 5566 2340 5622 futuro
2362 5547 2590 5636 quorum
2618 5565 2672 5619 in
2697 5563 2801 5619 ﬁne
2827 5564 3004 5620 futura
3032 5567 3377 5622 resurrectio.

2226 5682 2387 5736 Vsus.
2419 5679 2509 5734 20.
2542 5709 2612 5720 -—
2638 5674 2706 5731 Et
2756 5693 2843 5732 vos
2887 5678 2943 5733 in
2987 5695 3068 5734 me
3109 5690 3159 5734 et
3177 5697 3271 5751 ego
3317 5681 3372 5735 in
3418 5680 3579 5736 vobis.
3620 5678 3723 5733 Hoc

2156 5772 2316 5831 modo
2368 5780 2471 5839 est,
2517 5779 2571 5829 et
2612 5770 2953 5843 cognoscitur
2986 5771 3385 5845 quodammodo
3407 5786 3505 5845 per
3532 5772 3718 5837 ﬁdem;
