3958 6314
221 345 333 401 δυο

1193 334 1460 393 GLOSSA
1492 331 1892 392 ORDINARIA.
1931 361 2001 373 -—
2038 330 2295 390 EVANG.
2330 329 2529 389 JOAN.
2659 323 2670 335 ’
2792 349 2811 377 ι

3393 330 3491 386 ιιι)

220 455 321 512 sed
349 461 478 508 tunc
497 455 852 521 cognoscetur
884 462 983 520 per
1004 447 1259 519 speciem,
1299 448 1517 519 quando
1538 447 1654 503 haec
1672 459 1805 501 con-
1833 449 1884 510 Α
1910 445 2199 512 credimus,
2249 447 2373 517 quia
2421 453 2525 512 est,
2580 451 2639 501 et
2674 459 2798 501 eum
2838 442 3138 501 videbimus
3187 443 3349 501 sicuti
3380 454 3488 500 est.

218 542 430 615 iunctio
460 539 770 612 perﬁcietur
791 555 912 610 qua:
938 539 1100 594 modo
1124 538 1447 594 inchoatur..

293 635 464 690 Vens.
494 634 585 688 2|.
611 663 681 677 σ-
704 633 807 698 Qui
829 632 1000 694 habet,
1045 639 1151 686 etc.
1200 630 1319 686 Non
1347 629 1521 685 solum
1554 643 1650 684 vos
1670 642 1802 699 apo-

218 725 349 779 stoli
378 724 572 779 vivetis
610 729 666 778 et
709 722 1066 790 cognoscetis,
1104 721 1196 776 sed
1219 730 1275 776 et
1296 720 1602 791 quicunque
1640 718 1805 773 habet

219 818 277 871 in
311 818 573 872 memoria
604 824 659 872 et
710 824 892 872 servat
934 817 990 870 in
1031 817 1160 871 vita.
1188 814 1305 879 Vel,
1336 814 1502 868 habet
1530 814 1799 880 faciendo,

218 918 410 966 servat
453 909 869 980 perseverando.
904 908 998 964 Vel
1043 908 1137 978 qui
1170 908 1333 962 habet
1379 908 1434 961 in
1462 906 1804 961 sermonibus

218 1008 406 1055 servat
436 1001 487 1054 in
538 1000 798 1054 moribus.
842 999 960 1063 Vel,
989 999 1152 1053 habet
1191 997 1485 1061 audiendo,
1515 1005 1697 1053 servat
1718 995 1800 1050 fa-

217 1091 435 1147 ciendo.
467 1087 535 1142 Et
558 1106 650 1161 ego
673 1089 889 1159 diligam
908 1105 1047 1143 eum.
1073 1088 1156 1143 Ad
1183 1088 1287 1143 hoc
1312 1088 1554 1159 diligam,
1587 1096 1648 1141 ut
1688 1102 1807 1141 ma-

218 1179 497 1243 nifestem,
527 1180 652 1246 quia
678 1188 733 1234 et
760 1193 902 1233 nunc
937 1178 1126 1247 diligit.
1180 1177 1272 1234 sed
1322 1193 1429 1233 non
1467 1179 1535 1232 ad
1562 1178 1684 1242 hoc,
1708 1178 1805 1232 sed

217 1270 403 1341 potius
430 1277 488 1322 ut
508 1268 794 1323 credamus
829 1275 885 1322 et
905 1265 1157 1321 mandata
1182 1279 1483 1331 servemus,
1507 1274 1567 1320 ut
1596 1280 1806 1321 merca-

219 1376 350 1415 mur
373 1360 514 1430 quod
530 1368 652 1430 post
676 1358 971 1428 capiamus.
1009 1356 1077 1411 Et
1097 1356 1446 1427 manifestabo
1476 1359 1546 1413 ei.
1571 1357 1673 1424 Qui
1704 1358 1802 1411 ha-

218 1450 316 1505 bet
345 1464 524 1503 meum
549 1449 882 1513 mandatum,
923 1447 1014 1503 ille
1044 1462 1132 1504 me
1156 1449 1461 1518 cognoscit,
1500 1457 1556 1503 et
1576 1448 1680 1504 hoc
1719 1457 1807 1504 est

218 1540 296 1596 ibi
336 1556 350 1593 :
378 1539 727 1609 Manifestabo
752 1540 798 1595 ei
825 1540 1099 1611 meipsum.
1133 1539 1241 1594 Sed
1272 1540 1553 1610 praemittit
1581 1556 1805 1596 causam

216 1635 485 1700 mandati,
538 1636 664 1705 quia
707 1634 881 1704 diligit
926 1650 1033 1699 me,
1061 1643 1116 1688 et
1140 1635 1234 1704 qui
1274 1649 1364 1689 me
1397 1633 1590 1702 diligit,
1644 1632 1806 1689 Pater

215 1740 377 1780 meus
406 1725 592 1796 diliget
618 1740 766 1790 eum,
794 1734 850 1779 et
872 1725 997 1794 quia
1044 1724 1225 1792 Pater,
1273 1733 1401 1781 tunc
1437 1739 1539 1796 ego
1579 1724 1800 1796 diligam

213 1831 366 1881 eum,
394 1824 453 1871 et
480 1815 604 1871 inde
629 1824 714 1871 est
734 1816 1117 1871 manifestatio.

290 1909 458 1965 Vens.
485 1908 573 1963 22.
628 1938 701 1949 —
743 1908 882 1963 Dicit
931 1912 981 1964 ei
1021 1910 1213 1975 ludas,
1262 1918 1365 1966 etc.
1408 1910 1608 1966 Audito
1651 1911 1797 1981 quod

214 2004 456 2057 mundus
477 2003 637 2057 modo
683 2003 890 2058 videbit
933 2018 1081 2067 eum,
1130 2004 1226 2058 sed
1263 2004 1365 2073 ipsi
1391 2004 1672 2069 videbunt,
1700 2018 1800 2074 pro

213 2095 470 2148 omnibus
497 2094 821 2163 quaesiturus
842 2095 1038 2164 quaerit
1064 2092 1233 2149 ludas
1250 2110 1470 2149 causam
1498 2093 1657 2162 hujus
1690 2094 1802 2148 dis—

213 2186 499 2245 cretionis.
552 2186 678 2242 Haec
701 2195 881 2242 autem
924 2201 1089 2242 causa
1128 2194 1213 2241 est
1246 2186 1538 2242 secundum
1572 2200 1797 2255 respon-

214 2260 424 2333 sionem
458 2277 695 2344 Domini,
722 2278 960 2342 dilectio,
983 2292 1081 2349 per
1106 2292 1268 2348 quam
1298 2277 1467 2333 solam
1494 2286 1677 2332 etnon
1702 2290 1801 2349 per

213 2368 380 2423 aliam
409 2369 736 2425 discernitur
757 2384 890 2441 gens
917 2378 1105 2424 sancta
1134 2386 1164 2423 a
1188 2385 1295 2424 non
1325 2370 1532 2425 sanc’ta.

289 2462 452 2517 Vens.
477 2462 567 2517 25.
592 2492 660 2504 --
680 2462 762 2516 Ad
783 2478 900 2517 eum
921 2463 1208 2517 veniemus.
1242 2463 1404 2519 Venit
1431 2462 1571 2517 Deus
1607 2461 1675 2517 ad
1702 2461 1801 2516 ho—

213 2553 439 2619 minem,
472 2555 598 2608 dum
626 2554 787 2609 homo
813 2554 965 2609 venit
987 2554 1055 2607 ad
1078 2553 1267 2608 Deum.
1300 2554 1462 2608 Venit
1500 2554 1663 2607 homo
1689 2564 1802 2608 cre-

212 2645 415 2712 dendo,
443 2645 761 2710 obediendo,
809 2645 1095 2711 intuendo,
1119 2645 1412 2715 capiendo;
1469 2644 1612 2699 Deus
1652 2644 1800 2699 venit

212 2735 600 2799 subveniendo,
659 2736 1032 2801 illuminanda,
1084 2735 1376 2807 implendo.
1434 2734 1504 2789 Et
1562 2731 1794 2790 mansio-

211 2842 355 2892 nem,
414 2836 514 2883 etc.
548 2827 798 2883 Charitas
836 2828 967 2883 facit
1011 2826 1261 2882 habitare
1311 2827 1367 2881 in
1398 2825 1561 2883 domo
1602 2827 1656 2880 in
1691 2841 1796 2896 qua

210 2915 378 2972 Pater
401 2926 455 2973 et
482 2918 650 2974 Filius
676 2919 805 2974 facit
834 2919 1188 2984 mansionem,
1212 2918 1355 2974 unde
1381 2918 1599 2975 etdabit
1624 2917 1798 2972 mani-

207 3007 556 3064 festationem
592 3009 658 3064 de
692 3025 798 3078 qua
825 3010 911 3065 ille
930 3010 1236 3079 quaesierat.

284 3100 559 3155 “33.25.
591 3129 664 3141 —
691 3099 817 3153 nec
845 3101 1049 3154 locutus
1064 3117 1181 3154 sum
1210 3082 1371 3156 vobis.
1392 3100 1521 3156 nmo
1542 3100 1609 3154 de
1636 3114 1798 3153 man-

204 3190 368 3245 sione
394 3189 448 3242 in
480 3187 829 3243 dilectoribus
848 3188 960 3243 suis
984 3189 1038 3243 in
1062 3203 1169 3257 quo
1191 3188 1525 3258 signiﬁcatur
1546 3185 1792 3241 Ecclesia
1822 3161 1866 3222 (ἶ

206 3280 396 3335 futura
436 3279 756 3349 spiritualis,
784 3281 838 3333 in
869 3294 976 3349 qua
1008 3279 1175 3344 beati,
1208 3294 1240 3333 a
1270 3280 1466 3348 quibus
1501 3294 1607 3333 non
1638 3290 1793 3332 rece-

205 3373 311 3427 dit.
357 3371 512 3440 Apud
548 3388 635 3426 vos
663 3388 897 3443 manens.
932 3371 1032 3427 Hic
1062 3371 1304 3427 Ecclesia
1333 3385 1574 3440 praesens
1605 3383 1797 3439 corpo-

210 3464 347 3520 ralis
380 3464 435 3519 in
465 3480 570 3534 qua
604 3464 788 3518 visitat
817 3463 1118 3529 liberando,
1149 3472 1205 3518 et
1233 3462 1392 3518 redit.

285 3554 447 3609 Vsus.
480 3553 571 3608 26.
617 3584 687 3593 -
716 3552 1046 3608 Paracletus.
1077 3552 1358 3609 Consolari
1394 3567 1518 3607 cum
1547 3550 1618 3607 sit
1656 3566 1792 3622 opus

206 3646 518 3711 Trinitatis,
542 3646 611 3700 ad
633 3661 919 3717 personam
943 3655 1122 3700 tamen
1149 3645 1384 3699 maxime
1414 3644 1648 3714 Spiritus
1665 3658 1791 3698 san-

202 3737 285 3793 cti
332 3736 586 3806 pertinet,
640 3736 766 3806 quia
820 3736 877 3790 in
927 3735 1209 3805 Scriptura
1264 3735 1481 3789 nomine
1536 3733 1794 3789 bonitatis

207 3825 451 3898 Spiritus
504 3835 726 3883 sanctus
773 3827 1131 3897 designatur:
1166 3841 1262 3897 per
1311 3825 1611 3881 bonitatem
1661 3840 1791 3895 ergo

205 3922 353 3978 Deus
378 3936 478 3976 nos
507 3920 838 3985 consolatur,
882 3935 981 3990 per
1027 3934 1147 3974 eam
1178 3919 1358 3974 omnia
1402 3920 1541 3974 bona
1570 3934 1666 3973 sua
1696 3933 1793 3973 no-

204 4014 298 4069 bis
328 4013 535 4067 tribuit.

280 4103 384 4159 Ille
411 4121 517 4159 vos.
558 4104 692 4171 Quia
713 4103 815 4159 etsi
837 4102 1008 4157 Filius
1034 4101 1225 4157 doceat
1249 4117 1348 4156 nos
1371 4109 1425 4156 et
1464 4100 1666 4156 revelet
1693 4100 1791 4154 Pa-

204 4205 375 4259 trem,
415 4196 517 4250 hoc
550 4206 720 4250 totum
769 4192 899 4249 facit
924 4207 1020 4263 per
1042 4208 1194 4247 suam
1222 4192 1541 4247 bonitatem.
1575 4190 1675 4245 Ille
1704 4207 1791 4245 vos

202 4288 410 4342 docebit
432 4288 629 4341 omnia.
665 4286 887 4341 Docebit
926 4300 1046 4355 qua:
1076 4285 1286 4348 dixero,
1327 4300 1431 4339 non
1459 4283 1603 4353 quod
1646 4283 1791 4338 dicat

200 4381 383 4436 Filius
410 4389 465 4435 et
506 4379 740 4449 Spiritus
783 4380 994 4443 doceat,
1023 4380 1148 4449 quia
1173 4379 1316 4448 quod
1350 4377 1478 4433 dicit
1520 4387 1576 4432 et
1612 4377 1788 4444 docet,

202 4482 264 4528 et
291 4473 403 4542 ipsa
435 4471 674 4526 Trinitas
697 4471 825 4525 dicit
852 4478 907 4524 et
933 4471 1109 4525 docet.
1137 4470 1241 4524 Sed
1270 4470 1395 4539 quia
1417 4469 1655 4523 Trinitas
1684 4476 1786 4533 est,

202 4539 424 4635 Oportet
450 4562 689 4633 singulas
713 4577 972 4632 personas
1000 4560 1285 4624 insinuari,
1317 4576 1453 4629 quos
1482 4576 1582 4627 nos
1603 4560 1790 4615 distin-
1818 4539 1868 4597 Ῑ)

203 4664 298 4710 cte
334 4654 544 4719 audire,
576 4652 1322 4723 inseparabiliterintelligere
1345 4653 1625 4707 debemus.
1653 4653 1788 4708 Cum

204 4760 343 4817 ergo
368 4745 617 4809 dicimus,
641 4743 804 4799 Pater
817 4752 871 4798 et
888 4742 1056 4796 Filius
1075 4751 1129 4797 et
1155 4740 1389 4810 Spiritus
1411 4752 1653 4807 sanctus,
1681 4757 1788 4798 non

203 4850 306 4891 eos
335 4834 495 4888 simul
520 4834 771 4898 dicimus,
797 4847 919 4887 cum
948 4847 1054 4885 non
1082 4832 1290 4902 possint
1328 4848 1450 4888 esse
1475 4848 1580 4889 non
1603 4832 1785 4887 simul.

285 4927 446 4983 Vsus.
474 4927 563 4979 27.
590 4956 663 4966 --
692 4923 883 4978 Pacem
916 4923 1149 4993 relinquo
1182 4924 1342 4979 vobis.
1375 4924 1551 4979 lturus
1580 4924 1648 4979 ad
1689 4923 1789 4978 Pa-

203 5027 371 5075 trem.
428 5016 642 5083 Parem,
691 5026 795 5072 etc.
836 5016 903 5071 Et
952 5025 1204 5085 repetens
1236 5016 1304 5071 de
1346 5016 1557 5072 eodem.
1592 5014 1787 5070 Pacem

202 5125 379 5163 meam
409 5108 495 5161 do.
527 5107 595 5162 Et
622 5108 722 5161 hoc
766 5113 849 5160 est
893 5104 1037 5174 quod
1083 5105 1355 5176 Propheta
1387 5106 1527 5161 dicit
1552 5125 1565 5159 :
1594 5104 1787 5160 Pacem

203 5214 369 5267 super
396 5214 574 5267 pacem
604 5196 739 5268 (lsa.
770 5196 961 5265 xxvn).
990 5194 1102 5249 Pax
1127 5204 1211 5251 est
1239 5196 1291 5250 in
1322 5196 1425 5251 hoc
1468 5195 1687 5262 saeculo,
1731 5196 1787 5251 in

203 5305 319 5359 qua
349 5297 629 5345 manentes
651 5289 861 5344 hostem
890 5288 1175 5351 vincimus,
1218 5289 1450 5344 invicem
1492 5289 1785 5361 diligimus,

201 5390 265 5439 et
292 5382 358 5436 de
380 5382 606 5437 occultis
633 5381 862 5436 invicem
888 5397 994 5435 non
1011 5381 1334 5452 iudicamus.
1358 5381 1470 5436 Pax
1493 5382 1597 5436 erit
1626 5381 1679 5436 in
1702 5380 1786 5436 fu-

206 5485 335 5533 turo
360 5491 482 5531 cum
511 5477 628 5531 sine
658 5476 810 5530 hoste
844 5476 1207 5546 regnabimus,
1241 5476 1331 5531 ubi
1361 5476 1499 5532 alter
1521 5475 1591 5530 ab
1614 5475 1786 5532 altero

203 5583 317 5624 non
341 5567 539 5637 poterit
561 5567 866 5632 dissentire,
896 5567 986 5621 ubi
1013 5568 1188 5621 omnia
1236 5577 1416 5638 aperta
1447 5577 1494 5623 et
1518 5567 1635 5622 laus
1667 5567 1786 5622 uni-

199 5660 394 5729 cuique
419 5658 471 5729 (Ι
496 5657 617 5714 Cor.
641 5658 735 5729 ιν).
753 5659 811 5714 In
833 5659 924 5715 illo
943 5668 1123 5716 autem
1149 5669 1207 5716 et
1229 5661 1299 5717 ab
1324 5661 1415 5717 illo
1443 5670 1529 5718 est
1554 5670 1782 5731 utraque

199 5767 332 5823 pax.
366 5750 484 5823 Ipse
518 5753 656 5809 enim
692 5762 766 5810 est
807 5769 914 5825 pax
958 5763 1136 5809 nostra
1187 5752 1398 5827 (Ephes.
1444 5756 1531 5830 ιι).
1562 5766 1616 5816 et
1655 5773 1778 5816 eum

1906 538 2058 596 Unde
2085 540 2232 610 quod
2252 540 2383 595 dicit
2415 555 2616 604 meam,
2645 555 2675 595 a
2701 540 3011 611 posteriori,
3041 540 3207 595 etiam
3236 540 3315 611 ad.
3336 542 3488 611 prius

1903 631 2329 686 subaudiendum
2357 639 2458 686 est.
2492 629 2589 686 Vel
2613 647 2713 701 pax
2732 632 2786 686 in
2807 632 2912 687 hoc
2930 632 3129 688 sacculo
3157 640 3243 687 est
3280 640 3487 697 nostra,

1903 737 2024 793 quae
2053 732 2136 778 est
2158 722 2336 793 aliqua
2363 732 2545 778 etnon
2581 723 2760 793 plena,
2790 733 2848 779 et
2888 725 3071 780 abillo
3103 726 3155 780 in
3181 725 3364 780 futuro
3386 739 3489 782 sua

1903 819 1986 867 est
2011 828 2114 882 pax
2141 812 2229 866 ubi
2260 813 2391 867 nihil
2421 823 2685 885 repugnat
2706 814 2936 884 qualiter
2958 816 3071 885 ipse
3092 816 3270 871 habet.

1976 902 2101 957 Aron
2136 903 2390 957 turbetur.
2416 902 2551 970 Quia
2582 906 2634 981 in
2657 920 2789 974 pace
2819 919 2917 983 vos
2947 905 3213 976 relinquo,
3241 922 3349 961 non
3375 914 3487 961 tur-

1902 992 2065 1048 betur
2090 1010 2186 1049 cor
2215 1004 2453 1049 vestrum
2484 996 2552 1050 de
2578 1009 2642 1049 co
2671 996 2812 1066 quod
2838 996 2971 1061 dixi,
3005 995 3173 1061 Vado,
3210 999 3363 1068 quasi
3393 1012 3519 1068 pa-‘

1903 1080 2067 1140 storis
2094 1087 2335 1141 absentia
2362 1086 2521 1156 lupus
2549 1086 2777 1154 invadit,
2802 1088 2931 1156 quia
2957 1088 3119 1143 sicuti
3147 1090 3310 1145 homo
3327 1092 3486 1155 vado,

1904 1182 1964 1230 ut
1986 1175 2128 1229 Deus
2147 1189 2386 1245 prmsens
2415 1190 2559 1230 sum.

1974 1264 2137 1321 Vens.
2166 1266 2256 1321 28.
2278 1296 2351 1307 -
2380 1265 2441 1323 Si
2467 1266 2770 1338 ditigeretis.
2805 1266 2989 1339 (Auc.)
3020 1267 3133 1324 Hoc
3153 1278 3270 1324 crat
3308 1270 3390 1326 ire
3416 1272 3488 1327 ad

1904 1372 2049 1421 eum,
2086 1365 2142 1412 et
2163 1358 2417 1413 recedere
2448 1375 2478 1413 a
2499 1360 2675 1424 nobis,
2708 1367 2793 1415 etc
2822 1400 2837 1425 ,
2882 1376 3045 1430 usque
3084 1360 3155 1414 ad
3213 1370 3272 1416 ut
3308 1361 3489 1417 incur-

1904 1448 2173 1518 ruptibilis
2204 1449 2379 1519 pulvis
2407 1451 2622 1506 sederet
2649 1452 2715 1506 ad
2745 1451 3020 1508 dexteram
3046 1450 3243 1509 Patris.

1974 1540 2309 1609 Gauderetis,
2360 1552 2465 1598 etc.
2518 1542 2654 1611 Quia
2682 1543 2930 1599 humanae
2959 1553 3166 1600 natura:
3192 1554 3484 1616 congratu-

1902 1632 2120 1689 landum
2148 1643 2256 1701 est,
2283 1650 2405 1706 qua:
2431 1635 2641 1691 levatur
2662 1637 2729 1692 ad
2757 1636 3036 1692 dexteram
3064 1636 3263 1703 Patris,
3290 1637 3344 1693 in
3375 1653 3488 1709 quo

1903 1724 2046 1780 idem
2074 1725 2173 1780 sibi
2196 1734 2416 1795 sperant
2447 1726 2651 1782 caeteri.
2992 1709 3003 1720 ’

1825 1805 1877 1866 Β
1973 1818 2134 1873 Vsus.
2168 1818 2258 1875 28.
2283 1849 2354 1859 -
2379 1818 2637 1874 Credatis.
2667 1818 2784 1875 Non
2812 1820 2956 1890 quod
3004 1820 3204 1875 factum
3238 1819 3483 1875 videritis

1898 1908 2023 1979 quia
2049 1924 2156 1964 non
2181 1919 2266 1965 est
2286 1910 2401 1966 laus
2427 1911 2508 1966 vel
2532 1911 2784 1966 meritum
2807 1911 2954 1978 ﬁdei,
2978 1912 3087 1966 imo
3107 1926 3205 1967 nec
3237 1912 3371 1968 ﬁdes
3402 1921 3488 1967 est

1899 2000 1966 2056 de
1986 2014 2052 2055 eo
2080 2001 2472 2071 quod,videtur,
2498 2003 2592 2058 sed
2622 2003 2688 2058 de
2728 2019 2795 2057 eo
2823 2003 2966 2073 quod
2988 2019 3093 2058 non
3116 2003 3350 2057 videtur.
3374 2002 3485 2059 Sed

1900 2092 2135 2147 credatis
2173 2109 2258 2147 me
2288 2093 2480 2148 Filium
2512 2094 2629 2160 Dei,
2666 2110 2773 2150 non
2804 2110 2941 2149 nova
2979 2095 3109 2160 ﬁde,
3145 2096 3272 2165 quia
3319 2096 3485 2150 etiam

1898 2185 2049 2256 prius
2085 2186 2447 2250 crediderant,
2485 2187 2578 2241 sed
2599 2196 2756 2241 aucta
2784 2185 2890 2242 ﬁde
2914 2196 2970 2241 et
3006 2186 3231 2251 refecta,
3277 2186 3405 2255 quia
3429 2192 3489 2241 et

1900 2276 2060 2330 modo
2099 2291 2222 2330 cum
2270 2276 2386 2331 iith
2414 2276 2619 2333 diceret
2645 2292 2814 2348 parva
2834 2286 2973 2344 erat,
2995 2285 3051 2333 et
3091 2292 3215 2333 cum
3249 2290 3487 2332 morere—

1904 2375 2008 2429 tur,
2041 2366 2212 2420 nulla.
2316 2395 2323 2405 -

1970 2455 2133 2511 Vens.
2168 2457 2259 2523 50,
2289 2458 2378 2513 51.
2406 2488 2480 2499 ——
2508 2457 2577 2513 Et
2608 2460 2664 2514 in
2708 2476 2813 2526 me,
2851 2468 2959 2515 etc.
2995 2458 3178 2513 Noluit
3222 2456 3486 2513 Dominus

1900 2548 2102 2604 habere
2146 2550 2287 2619 quod
2347 2551 2630 2619 perderet;
2697 2566 2902 2622 pauper
2937 2551 3088 2606 venit
3131 2564 3201 2605 ne
3249 2549 3482 2605 haberet

1899 2638 2144 2696 diabolus
2164 2641 2308 2711 quod
2343 2641 2603 2696 auferret.

2490 2756 2716 2812 CAPUT
2775 2755 2892 2812 XV.

1972 2844 2132 2901 Vens.
2162 2845 2212 2900 ι.
2241 2877 2313 2886 -
2342 2845 2454 2916 Ego
2475 2862 2591 2900 sum
2618 2847 2737 2901 vitis
2768 2863 2908 2901 vera.
2945 2845 3013 2901 Et
3056 2859 3144 2901 me
3172 2844 3484 2917 praeceden-

1898 2946 2007 2994 tem
2060 2937 2125 2991 ad
2179 2937 2485 3008 passionem
2543 2937 2749 2992 debetis
2798 2936 2973 3008 sequi,
3017 2936 3144 3008 quia
3190 2951 3292 3007 ego
3360 2950 3483 2990 sum

1898 3028 2043 3092 vitis,
2084 3026 2138 3081 id
2174 3036 2259 3081 est
2291 3033 2451 3096 caput
2492 3036 2736 3081 vestrum
2775 3025 3013 3094 ejusdem
3051 3034 3261 3080 natura:
3304 3023 3484 3079 vobis-

1901 3133 2049 3182 cum,
2074 3126 2133 3171 ut
2171 3118 2225 3171 in
2281 3133 2367 3172 me
2412 3118 2584 3186 possit
2620 3117 2948 3172 fructiﬁcare
2987 3118 3221 3172 humana
3263 3125 3479 3171 natura.

1898 3208 1967 3261 Et
1999 3204 2175 3273 Pater,
2227 3216 2334 3263 etc.
2362 3208 2475 3277 Ego
2500 3208 2663 3263 etiam
2695 3209 2927 3279 agricola
2960 3224 3082 3264 cum
3123 3208 3309 3273 Patre,
3353 3208 3483 3277 quia

1898 3315 2017 3354 sum
2046 3300 2335 3353 mundator
2363 3300 2665 3368 palmitum,
2696 3303 2839 3370 quod
2860 3308 2944 3355 est
2972 3301 3240 3372 agricolae,
3259 3316 3365 3355 non
3393 3299 3482 3354 vi-

1897 3392 1969 3446 tis
1992 3389 2241 3452 cilicium,
2286 3391 2378 3461 qui
2419 3392 2583 3446 etiam
2612 3391 2865 3461 palmites
2881 3392 3161 3462 operarios
3182 3391 3331 3456 facit,
3357 3390 3485 3447 licet

1896 3498 2003 3538 non
2032 3482 2099 3535 de
2134 3496 2252 3547 suo,
2285 3496 2387 3535 nec
2418 3496 2516 3551 per
2544 3480 2710 3551 ipsos,
2749 3484 2840 3537 sed
2861 3497 2957 3552 per
2981 3482 3265 3553 meipsum.

1968 3573 2132 3629 Vens.
2157 3573 2211 3627 5.
2238 3605 2309 3614 —
2338 3571 2562 3644 Propter
2581 3591 2897 3640 sermonem,
2921 3583 3024 3630 etc.
3058 3572 3177 3629 Non
3206 3574 3280 3629 ait
3312 3591 3325 3627 :
3351 3587 3481 3645 pro-

1894 3673 2017 3735 pter
2064 3679 2260 3735 aquam
2306 3664 2586 3735 baptismi,
2640 3664 2766 3735 quia
2810 3673 2865 3721 et
2906 3665 3020 3736 ipsa
3050 3666 3168 3720 sine
3198 3664 3362 3721 verbo
3390 3673 3480 3720 est

1894 3758 2065 3813 solum
2097 3774 2259 3829 aqua,
2287 3774 2385 3828 per
2406 3758 2629 3813 verbum
2654 3757 2714 3811 ﬁt
2736 3766 3159 3813 sacramentum.

1966 3849 2129 3904 Vens.
2156 3849 2208 3904 5.
2242 3880 2312 3889 —
2362 3848 2475 3919 Ego
2503 3866 2639 3914 sum,
2667 3858 2774 3905 etc.
2801 3849 2903 3916 Qui
2946 3864 3004 3905 se
3043 3865 3074 3905 a
3106 3864 3166 3907 se
3199 3848 3344 3906 ferre
3363 3849 3480 3906 fru-

1894 3949 2038 3997 ctum
2074 3941 2372 4005 existimat,
2397 3956 2501 3995 non
2534 3949 2616 3996 est
2644 3941 2698 3995 in
2742 3942 2870 3996 vite.
2904 3941 3059 3997 Unde
3099 3957 3222 3995 cum
3279 3941 3471 4010 repeti

1894 4034 2039 4089 tione
2054 4040 2108 4087 et
2136 4032 2473 4101 superiorum
2500 4031 2878 4100 explanatione
2901 4032 3155 4101 supponit
3181 4050 3194 4085 :
3220 4030 3349 4103 Ego-
3360 4049 3479 4087 sum

1892 4124 2031 4188 vilis,
2060 4139 2145 4177 vos
2168 4120 2427 4191 palmites.
2475 4121 2601 4175 Mihi
2643 4122 2798 4191 quasi
2843 4122 2938 4175 viti
2985 4123 3342 4178 adhaerentes.
3371 4122 3479 4188 Qui

1893 4222 2065 4267 manet
2089 4213 2142 4265 in
2170 4228 2270 4266 me.
2301 4211 2368 4265 Et
2395 4211 2517 4265 ideo
2542 4194 2847 4282 quicunque
2872 4211 2997 4282 (non
3026 4211 3197 4266 solum
3219 4210 3337 4284 vos)
3364 4225 3478 4264 ma-

1894 4310 1983 4357 net
2014 4303 2066 4356 in
2101 4317 2186 4357 me
2227 4301 2521 4365 credendo,
2570 4301 2892 4367 obediendo,
2939 4299 3355 4372 perseverando.
3406 4300 3477 4354 Et

1893 4408 1985 4463 ego
2011 4393 2063 4445 in
2084 4408 2165 4445 eo.
2192 4390 2570 4456 lllnminando,
2601 4390 2990 4457 subveniendo,
3015 4391 3475 4461 perseverantiam

1894 4484 2090 4540 dando.
2134 4482 2237 4536 Hic
2261 4483 2383 4553 fert.
2432 4482 2499 4537 Et
2527 4481 2574 4537 si
2609 4483 2901 4538 secundum
2926 4483 3199 4537 hominem
3224 4482 3476 4537 Christus

1893 4585 1977 4632 cst
2003 4576 2148 4631 vitis.
2182 4583 2360 4630 tamen
2388 4576 2527 4631 hanc
2554 4577 2783 4647 gratiam
2814 4576 3124 4646 palmitibus
3152 4592 3258 4632 non
3289 4576 3467 4642 daret,

1895 4669 1997 4724 nisi
2025 4668 2189 4723 etiam
2227 4669 2369 4724 Deus
2391 4675 2554 4723 esset.

1965 4760 2130 4815 Vsus.
2165 4760 2216 4814 6.
2244 4790 2317 4800 —-
2342 4759 2403 4815 Si
2429 4759 2564 4830 quis.
2600 4758 2887 4814 Sarmenta
2912 4758 3136 4829 praecisa
3171 4757 3379 4814 czeteris
3408 4757 3473 4813 li-

1895 4854 2015 4924 gnis
2052 4860 2178 4907 sunt
2208 4851 2419 4915 viliora,
2446 4851 2571 4921 quia
2603 4849 2763 4905 nullis
2787 4850 2973 4905 usibus
2993 4850 3341 4921 deputantur,
3371 4852 3485 4906 sed.

1895 4942 2025 5013 igni,
2052 4941 2134 4995 vel
2163 4941 2216 4996 in
2242 4942 2350 4995 vite
2376 4948 2502 4994 sunt
2531 4940 2615 4994 vel
2646 4940 2698 4993 in
2725 4940 2863 5009 igne.

1965 5031 2127 5086 Vens.
2181 5030 2233 5083 7.
2266 5061 2336 5071 —
2363 5027 2433 5082 Et
2480 5031 2651 5083 verba.
2700 5029 2876 5084 Verba
2920 5030 3011 5084 Dei
3049 5037 3175 5085 tunc
3217 5029 3472 5085 dicuntur

1891 5137 2112 5177 manere
2147 5123 2202 5176 in
2250 5122 2424 5182 nobis,
2456 5121 2671 5190 quando
2710 5120 2935 5175 facimus
2972 5137 3092 5191 quae
3129 5120 3372 5191 praecipit
3414 5129 3472 5175 et

1890 5216 2161 5286 diligimus
2186 5230 2306 5284 quae
2335 5213 2623 5284 promittit.
2656 5212 2758 5281 Qui
2785 5222 2964 5269 autem
3018 5215 3121 5269 hoc
3162 5230 3266 5270 non
3316 5213 3465 5281 facit,

1891 5307 2083 5375 tangit,
2123 5321 2228 5360 non
2252 5305 2508 5368 cohaeret,
2537 5312 2593 5359 et
2620 5303 2742 5360 idco
2774 5321 2881 5359 non
2922 5314 3050 5360 sunt
3078 5305 3128 5360 ei
3175 5305 3229 5361 in
3258 5306 3465 5362 beneﬁ-

1891 5397 2034 5452 cium
2075 5397 2170 5452 sed
2223 5397 2275 5451 in
2330 5397 2698 5453 testimonium
2743 5396 3126 5454 damnationis.
3161 5398 3376 5453 Petetis.
3404 5400 3463 5454 Si

1890 5489 2017 5559 quid
2043 5490 2178 5560 petit
2214 5488 2386 5545 ﬁdelis
2414 5498 2469 5545 et
2493 5504 2596 5545 non
2623 5489 2701 5551 ﬁt.
2732 5505 2839 5545 non
2876 5492 3010 5560 petit
3054 5492 3158 5548 hoc
3192 5492 3336 5562 quod
3366 5492 3466 5547 hac

1888 5580 1979 5636 bet
2005 5581 2213 5641 mansio
2254 5581 2307 5635 in
2350 5597 2438 5649 eo,
2464 5566 2584 5638 nec
2620 5582 2762 5653 quod
2790 5582 2952 5638 habet
2978 5583 3141 5639 verba
3182 5581 3298 5651 ejus
3341 5597 3493 5652 qut:-

1886 5680 2016 5728 sunt
2056 5672 2109 5727 in
2135 5688 2219 5741 eo,
2255 5673 2349 5729 sed
2377 5673 2518 5744 quod
2565 5673 2726 5729 habet
2763 5673 3033 5745 cupiditas
3073 5682 3128 5730 et
3170 5671 3465 5729 infirmitas

1887 5779 2085 5820 carnis.
