3958 6314
511 362 611 418 411

1011 358 1398 415 WALAFRIDI
1442 355 1687 411 STRABI
1729 355 1930 411 FULD.
1970 353 2134 409 MON.
2177 351 2328 407 OPP.
2372 350 2550 406 PARS
2589 351 2632 405 1.
2674 381 2744 390 -
2784 345 3242 405 THEOLOGICA.

3655 351 3752 405 “'2

587 471 744 526 Vens.
775 470 828 524 8.
866 497 937 508 ——
962 466 1028 532 ιη
1052 467 1147 519 hoc
1172 465 1522 534 clariﬁcatus,
1552 475 1656 519 etc.
1687 463 1788 531 Qui
1817 473 1998 517 manet
2026 462 2080 516 in
2108 470 2159 529 Α
2184 464 2288 518 hoc
2344 463 2486 532 quod
2532 463 2587 516 in
2627 461 2902 518 Christum
2953 476 3061 516 non
3106 458 3456 516 crediderint.
3508 458 3578 514 Hi
3633 476 3752 517 vero

511 578 600 619 me
626 563 860 617 fructum
891 558 1114 613 multum
1145 555 1272 622 fert,
1313 557 1454 624 quod
1481 564 1566 610 est
1587 570 1652 610 ex
1683 555 1854 626 gratia
1884 553 2001 619 Dei,
2027 561 2084 608 et

511 655 588 710 ita
614 663 700 709 est
733 651 902 723 gloria
943 649 1059 720 ejus
1089 663 1196 702 non
1227 647 1483 713 hominis,
1510 657 1564 702 et
1589 648 1691 702 hoc
1716 653 1802 700 est
1827 663 1838 699 :
1861 645 1926 699 In
1960 645 2080 709 hoc,

509 751 616 800 etc.
661 739 726 795 Ut
760 740 985 810 fructum
1012 737 1318 808 plurimum.
1371 737 1523 790 Sicut
1565 752 1671 790 non
1719 735 2081 806 aequalitatem

509 831 748 888 ostendit
776 838 975 884 nostrae
1001 835 1208 882 natura:
1232 837 1286 881 et
1308 842 1437 890 suae,
1479 826 1572 880 sed
1596 825 1824 896 gratiam
1847 839 1949 893 qua
1975 822 2084 876 Me-

510 921 685 977 diator
715 929 814 983 est,
844 934 967 974 nam
1009 917 1169 972 Pater
1193 917 1365 988 diligit
1386 931 1504 981 nos,
1534 917 1627 970 sed
1663 915 1714 968 in
1752 914 1906 968 Filio.
1945 912 2084 981 Efﬁ-

509 1013 744 1067 ciamini.
777 1009 1091 1078 Quomodo?
1121 1008 1176 1064 Si
1206 1023 1291 1063 me
1315 1007 1632 1063 dilexeritis.
1683 1007 1763 1061 Ex
1807 1015 1912 1076 qua
1951 1004 2084 1060 dile-

507 1103 721 1158 ctione?
746 1118 811 1158 ex
837 1109 1226 1172 praeceptorum
1251 1100 1647 1187 observatione.
1679 1097 1736 1153 Si
1766 1112 1853 1152 me
1884 1096 2083 1152 dilexe-

509 1195 628 1250 ritis
653 1195 794 1250 sicut
826 1193 1014 1248 dilexit
1040 1207 1125 1246 me
1153 1191 1329 1254 Pater,
1361 1186 1467 1244 nun
1496 1197 1777 1259 quantum.
1801 1186 1914 1242 Non
1937 1186 2082 1240 enim

509 1295 728 1342 notatur
755 1285 1052 1357 aequalitas,
1087 1284 1179 1340 sed
1206 1282 1500 1338 similitudo
1538 1281 1671 1336 dans
1700 1280 1779 1335 eis
1823 1287 2082 1334 aeternam

508 1378 892 1433 aeternitatem.

579 1469 742 1525 Vens.
771 1469 858 1522 11.
893 1499 964 1509 -
989 1466 1053 1521 Ut
1080 1466 1349 1538 gaudium.
1406 1464 1674 1520 Gaudium
1704 1461 1802 1518 Dei
1826 1459 1893 1517 de
1926 1459 2084 1516 nobis

508 1562 598 1632 qui
621 1559 892 1631 praescivit
916 1567 971 1614 et
989 1557 1394 1629 praedestinavit
1420 1569 1635 1626 semper
1660 1562 1740 1608 est
1763 1552 2003 1623 plenum,
2028 1550 2081 1604 in

511 1652 666 1707 nobis
688 1651 871 1721 incipit
895 1665 962 1706 ex
992 1649 1119 1717 ﬁde,
1150 1648 1348 1704 crescit
1383 1647 1493 1702 imo
1511 1653 1566 1702 et
1585 1644 1896 1717 perﬁcietur
1925 1643 1978 1698 in
1999 1657 2082 1697 reo

508 1741 866 1796 surrectione.

2182 554 2377 624 quibus
2413 554 2467 608 in
2505 555 2762 624 apostolis
2789 554 2933 608 venit
2961 560 3017 607 et
3047 551 3258 607 locutus
3285 558 3396 614 est,
3443 567 3550 606 non
3592 566 3750 620 excu-

2184 654 2391 700 santur.
2440 645 2655 701 Priores
2682 661 2810 700 vero
2836 645 2926 716 qui
2953 644 3066 697 sine
3093 642 3204 714 lege
3229 653 3566 713 peccaverunt
3585 685 3603 710 ,
3650 645 3752 699 sine

2183 733 2293 804 lege
2311 735 2547 804 peribunt
2567 734 2737 806 (Rom.
2755 734 2840 806 ιι).
2871 733 2949 788 De
2971 743 3202 804 peccato.
3232 733 3383 802 Quod
3406 749 3509 789 non
3532 735 3752 790 credunt

2185 838 2271 878 me
2299 823 2392 878 sed
2429 824 2690 890 oderunt,
2733 831 2790 879 et
2827 833 3220 894 persequentur
3275 824 3328 878 in
3357 824 3564 893 meipso
3609 833 3666 879 et
3701 825 3749 880 in

2185 914 2350 976 meis,
2391 915 2485 970 sed
2515 915 2618 970 hoc
2644 922 2924 984 peccatum
2965 913 3018 968 in
3058 928 3176 978 me,
3216 913 3380 968 etiam
3410 914 3678 968 redundat
3703 914 3750 968 in

2185 1003 2422 1071 Patrem,
2449 1006 2575 1076 quia
2605 1006 2697 1076 qui
2729 1020 2815 1061 me
2841 1005 2956 1061 odit
2983 1012 3039 1062 et
3082 1005 3298 1060 Patrem
3329 1020 3507 1060 meum
3527 1005 3666 1060 odit.
3693 1006 3750 1060 Et

2185 1101 2328 1172 quod
2356 1108 2440 1155 est
2463 1099 2840 1171 gravissimum
2866 1140 2881 1164 ,
2931 1113 3039 1154 non
3086 1098 3259 1153 solum
3287 1098 3410 1153 veni
3453 1105 3508 1153 et
3555 1098 3751 1152 locutus

2186 1206 2328 1257 sum,
2355 1190 2448 1246 sed
2480 1206 2643 1262 opera
2673 1190 2798 1255 feci,
2827 1205 2946 1260 qua:
2974 1188 3219 1243 videntes
3245 1188 3474 1244 oderunt
3505 1195 3564 1242 et
3593 1202 3677 1242 me
3704 1197 3751 1244 et

2183 1283 2418 1339 Patrem.

2255 1373 2419 1430 Vens.
2449 1373 2538 1428 24.
2563 1404 2634 1414 -
2662 1372 2794 1441 Quae
2823 1390 2993 1440 nemo,
3021 1382 3128 1429 etc.
3180 1373 3365 1447 (Auc.)
3415 1371 3572 1440 Quod
3619 1373 3752 1443 pavit

2184 1471 2264 1518 tot
2303 1463 2469 1518 millia
2508 1463 2576 1524 de
2612 1464 2823 1533 paucis,
2857 1463 3000 1534 quod
3050 1479 3212 1535 super
3257 1478 3428 1534 aquas
3474 1463 3601 1528 ivit,
3633 1470 3748 1528 etc.,

2185 1570 2347 1625 usque
2395 1553 2464 1608 ad
2515 1561 2570 1608 et
2621 1553 2747 1626 quia
2797 1554 2913 1625 ipse
2962 1569 3060 1625 per
3105 1555 3341 1626 seipsum
3391 1553 3554 1621 fecit,
3608 1567 3750 1608 nemo

2185 1645 2301 1701 sine
2325 1660 2410 1700 eo.

2257 1735 2514 1805 Oderunt,
2547 1745 2651 1794 etc.
2700 1737 2871 1796 Judaei
2907 1739 3095 1795 dicunt
3123 1753 3183 1796 se
3234 1739 3458 1811 diligere
3487 1740 3660 1795 Deum
3705 1749 3752 1794 et

525 1879 530 1882 .
583 1831 746 1888 Vens.
775 1832 860 1888 l2.
885 1863 956 1873 —
981 1831 1096 1888 Hoc
1127 1841 1200 1888 est
1237 1839 1574 1903 praeceptum,
1601 1836 1705 1886 etc.
1739 1827 1808 1884 Et
1831 1843 1994 1899 supra
2015 1826 2080 1882 de
2109 1817 2157 1877 B
2184 1833 2366 1882 tamen
2389 1828 2692 1884 nescientes
2717 1829 2967 1897 oderunt,
3013 1830 3138 1900 quia
3165 1829 3256 1899 qui
3281 1829 3469 1885 volunt
3491 1843 3616 1885 esse
3639 1828 3750 1882 mali

512 1914 798 1985 dilectione
823 1928 1074 1999 proximi,
1104 1927 1199 1984 sed
1227 1926 1476 1996 repetitio
1503 1933 1587 1980 est
1603 1921 1941 1980 conﬁrmatio
1970 1939 1984 1974 :
2007 1920 2082 1976 ibi

510 2027 688 2075 tamen
713 2019 845 2075 dicit
871 2037 887 2076 :
906 2019 1214 2074 Mandatum
1236 2018 1326 2083 do,
1341 2016 1495 2086 quasi
1511 2032 1619 2070 non
1633 2025 1756 2069 ante
1777 2012 1968 2078 fuerit;
1994 2011 2084 2067 hic

511 2118 716 2176 autem,
742 2110 844 2165 hoc
888 2117 973 2164 est
1011 2109 1166 2179 quasi
1201 2122 1308 2162 non
1337 2107 1480 2162 aliud
1517 2106 1606 2160 sit.
1648 2105 1726 2159 lbi
1756 2103 1988 2169 Novum,
2017 2117 2086 2158 ne

510 2204 565 2256 in
611 2211 875 2257 vetustate
911 2215 1304 2264 remaneamus,
1348 2199 1460 2265 hic,
1495 2197 1695 2265 Meum,
1719 2210 1789 2253 ne
1837 2203 2081 2252 contem-

509 2302 691 2349 natur.

579 2383 744 2440 Vens.
786 2385 872 2440 15.
903 2415 973 2424 -
1000 2385 1260 2455 Majorem
1290 2387 1409 2437 hac.
1448 2381 1651 2437 Diﬂinit
1698 2379 2083 2452 plenitudinem

508 2482 709 2530 mutuae
739 2475 1039 2530 dileCtionis
1062 2489 1221 2545 quam
1248 2474 1449 2529 habere
1472 2471 1736 2543 prmcipit.

575 2563 740 2620 Vens.
774 2565 861 2619 15.
902 2595 973 2604 -
1006 2564 1132 2619 Ιαηι
1161 2581 1267 2621 ηοη
1289 2565 1482 2619 dicam.
1531 2563 1919 2618 Commendata
1947 2560 2082 2616 dile-

507 2657 687 2713 ctione
735 2657 882 2713 addit
928 2657 1071 2727 quod
1113 2656 1441 2729 dignationis
1477 2665 1580 2723 est,
1611 2665 1672 2710 ut
1699 2656 1870 2710 bonos
1898 2667 2084 2710 servos

508 2747 624 2819 (qui
657 2749 836 2803 sciunt
868 2747 1117 2803 faciendo
1142 2763 1264 2819 quae
1307 2746 1571 2820 prmeipit)
1606 2746 1751 2801 dicat
1775 2745 1998 2809 amicos,
2029 2751 2084 2797 et

507 2841 587 2894 eis
621 2840 759 2895 tollit
781 2856 973 2895 nomen
1001 2841 1164 2905 servi,
1187 2840 1280 2910 qui
1316 2847 1398 2894 est
1427 2854 1494 2894 ex
1533 2838 1726 2893 timore
1772 2835 1919 2891 foras
1960 2834 2084 2888 mit—

509 2931 692 2996 tendo,
719 2931 810 3000 qui
841 2931 1014 2985 nescit
1042 2931 1172 3000 quid
1192 2929 1358 2984 faciat
1378 2928 1658 2984 Dominus.
1683 2926 1820 2994 Quia
1841 2940 1965 2979 cum
1986 2922 2083 2977 ali-

507 3021 636 3092 quid
661 3021 807 3086 iaeit,
839 3020 919 3076 sic
943 3020 1218 3076 extollitur
1238 3019 1395 3090 quasi
1422 3019 1538 3090 ipse
1559 3016 1745 3083 faciat,
1781 3031 1888 3071 non
1910 3013 2081 3070 domi-

506 3130 627 3169 nus.

2186 1918 2376 1974 nolunt
2401 1933 2521 1975 esse
2549 1919 2833 1974 veritatem
2861 1934 2968 1990 qua
2998 1921 3341 1976 damnantur.
3373 1921 3443 1976 Et
3467 1920 3614 1975 sicut
3639 1919 3749 1974 ode-

2185 2017 2316 2064 runt
2344 2025 2496 2065 suam
2526 2024 2772 2080 ptenam,
2810 2011 3041 2066 oderunt
3067 2012 3355 2068 veritatem
3393 2027 3517 2083 quae
3567 2013 3751 2083 irrogat

2185 2114 2422 2169 poenam,
2455 2102 2760 2159 nescientes
2787 2117 2912 2158 eum
2941 2115 3063 2160 esse
3089 2103 3394 2159 veritatem.
3446 2104 3518 2159 Et
3559 2105 3606 2159 si
3639 2105 3748 2159 ode-

2185 2199 2312 2246 runt
2341 2192 2655 2258 veritatem,
2697 2194 2926 2248 oderunt
2959 2207 3080 2247 eum
3113 2193 3182 2248 de
3209 2208 3318 2264 quo
3352 2203 3482 2249 nata
3519 2188 3604 2249 est
3627 2195 3747 2247 veri-

2184 2292 2290 2354 tas,
2325 2291 2380 2338 et
2407 2285 2483 2340 ita
2511 2284 2727 2342 Patrem
2755 2285 3059 2342 nescientes
3087 2286 3153 2341 de
3179 2301 3245 2343 eo
3269 2294 3454 2342 natam
3484 2286 3748 2342 veritatem

2184 2374 2434 2430 oderunt.

2256 2465 2418 2522 Vens.
2449 2465 2541 2521 25.
2565 2496 2637 2510 -—
2667 2465 2806 2534 Quia
2835 2468 2977 2523 odio.
3029 2468 3212 2525 Gratis
3239 2470 3386 2534 odit,
3429 2470 3526 2539 qui
3570 2467 3746 2523 nullum

2187 2571 2255 2610 ex
2295 2554 2423 2612 odio
2451 2559 2795 2614 commodum
2824 2559 3016 2628 quaerit
3053 2561 3137 2616 vel
3175 2560 3584 2617 incommodum
3613 2558 3746 2631 fugit.

2186 2647 2277 2704 Sic
2303 2649 2455 2720 impii
2475 2651 2708 2706 oderunt
2724 2641 3018 2708 Christum.
3052 2651 3144 2709 Sic
3165 2654 3298 2724 justi
3321 2653 3559 2725 diligunt
3580 2653 3747 2725 gratis,

2184 2754 2290 2795 non
2315 2750 2538 2812 propter
2559 2741 2705 2796 aliud
2731 2743 2826 2798 sed
2852 2755 3072 2814 propter
3101 2745 3298 2814 ipsum.

2255 2852 2418 2910 Vens.
2440 2853 2530 2910 26.
2546 2887 2615 2896 —
2637 2853 2769 2910 Cum
2791 2866 2986 2911 autem.
3013 2857 3168 2915 Nunc
3189 2860 3435 2916 videntes
3455 2876 3625 2932 opera
3643 2861 3748 2916 ode-

2182 2954 2310 3002 runt
2335 2948 2506 3020 gratis
2538 2955 2595 3003 et
2619 2963 2706 3004 me
2733 2955 2786 3004 et
2813 2947 3047 3004 Patrem.
3075 2950 3181 3006 Sed
3211 2966 3334 3006 cum
3361 2953 3579 3007 venerit
3603 2952 3745 3006 Para-

2182 3037 2392 3105 cletus,
2441 3038 2814 3104 manifestiore
2861 3041 3170 3098 testimonio
3219 3044 3507 3099 convincet
3547 3061 3639 3101 eos
3671 3045 3747 3115 qui

2182 3127 2434 3183 viderunt
2469 3137 2525 3184 et
2561 3131 2836 3198 oderunt,
2868 3133 2962 3187 sed
3005 3141 3060 3188 et
3099 3135 3364 3204 quosdam
3391 3149 3590 3191 eorum
3616 3153 3745 3192 com-

574 3204 738 3259 Vens.
782 3202 867 3258 17.
891 3232 965 3244 -
994 3201 1125 3257 ch
1154 3216 1368 3267 manao,
1399 3209 1503 3256 etc.
1548 3197 1648 3255 Hic
1686 3197 1921 3255 ostendit
1959 3197 2081 3268 quis

2194 3228 2412 3290 punctos
2433 3221 2499 3276 de
2521 3229 2670 3276 tanto
2689 3221 2894 3278 scelere
2914 3186 3214 3278 converiet.
3239 3224 3404 3290 Quem
3424 3243 3521 3297 ego
3547 3229 3743 3281 mittam.

505 3292 578 3346 sit
601 3290 807 3347 fructus
829 3306 986 3363 quem
1006 3291 1236 3356 dixerat,
1261 3305 1360 3362 pro
1380 3304 1488 3360 quo
1509 3298 1564 3345 et
1584 3289 1733 3345 dabit
1758 3288 1918 3343 Pater
1938 3287 2084 3358 quod

501 3385 756 3457 petimus,
787 3385 878 3455 qui
910 3393 964 3438 et
991 3384 1093 3439 hoc
1119 3383 1288 3450 dedit,
1316 3391 1376 3437 ut
1401 3382 1706 3452 diligamus.

578 3473 648 3528 Ut
674 3474 925 3545 diligatis.
957 3473 1138 3545 (Αυῡ.)
1171 3471 1365 3527 Merito
1393 3487 1536 3542 saepe
1567 3469 1910 3526 dilectionem
1938 3485 2083 3525 eom-

506 3566 744 3630 mendat,
763 3565 916 3634 quasi
944 3565 1054 3619 sola
1083 3563 1442 3634 praecipienda
1469 3563 1540 3618 sit
1561 3562 1678 3616 sine
1698 3577 1803 3631 qua
1825 3578 1932 3624 non
1958 3576 2084 3631 pos-

505 3666 629 3711 sunt
650 3663 866 3722 caetera,
896 3671 1015 3726 quae
1036 3656 1154 3710 sine
1182 3655 1392 3710 caeteris
1421 3669 1528 3708 non
1555 3653 1958 3724 potesthaberi.
1976 3653 2082 3709 Pro

505 3748 608 3802 hac
636 3758 816 3800 autem
857 3747 1124 3818 patienter
1164 3747 1420 3802 debemus
1454 3746 1722 3802 sustinere
1755 3746 1918 3802 etiam
1962 3761 2081 3802 om-

506 3839 594 3892 nia
633 3838 862 3892 adversa
906 3839 1111 3892 mundi.
1143 3838 1292 3893 Unde
1315 3838 1494 3893 subdit
1527 3855 1541 3892 :

579 3929 739 3985 Vens.
761 3929 846 3985 18.
877 3959 946 3968 --
972 3927 1030 3982 Si
1059 3927 1305 3982 mundus.
1332 3927 1560 3982 Nomine
1585 3929 1771 3984 mundi
1797 3927 2085 3999 aliquando

504 4020 653 4085 boni,
685 4019 974 4089 aliquando
1021 4019 1149 4073 mali
1178 4018 1546 4089 designantur,
1592 4020 1718 4091 quia
1763 4036 1870 4076 una
1905 4035 2085 4076 massa

504 4123 584 4167 est
623 4128 742 4183 quae
775 4121 883 4167 tota
907 4112 961 4166 in
991 4111 1160 4165 Adam
1186 4111 1439 4180 periit,de
1460 4127 1566 4182 qua
1591 4121 1716 4168 sunt
1745 4112 1845 4167 alia
1871 4126 1999 4167 vasa
2027 4111 2082 4166 in

504 4205 784 4270 honorem,
816 4203 922 4258 alia
953 4203 1007 4257 in
1045 4202 1447 4258 contumeliam.

577 4298 738 4351 Vens.
776 4296 860 4350 l9.
906 4325 975 4334 -—
1004 4294 1236 4349 Mundus
1277 4295 1415 4365 quod
1452 4311 1626 4348 suum.
1653 4294 1710 4350 Si
1759 4295 1932 4351 malus
1979 4312 2083 4366 pu-

505 4389 586 4442 nit
615 4387 794 4442 scelus
822 4386 968 4451 mali,
1019 4401 1084 4440 ex
1121 4393 1276 4454 parte
1309 4386 1421 4441 odit
1469 4387 1700 4441 mundus
1736 4387 1878 4457 quod
1922 4403 2080 4444 suum

506 4489 634 4544 est;
684 4479 808 4533 dum
834 4478 988 4548 punit
1031 4494 1093 4532 ex
1137 4486 1288 4549 parte
1321 4486 1490 4543 amat,
1538 4478 1665 4550 quia
1710 4479 1885 4536 malus
1938 4479 2084 4536 favet

509 4571 684 4625 malis.

576 4673 737 4727 Vens.
766 4673 856 4728 ΞΟ.
880 4703 951 4712 -—
975 4671 1240 4726 Sermonis
1268 4673 1388 4726 ntei.
1422 4672 1535 4728 Hoc
1560 4673 1766 4730 scilicet
1789 4693 1802 4729 :
1835 4672 1959 4730 Non
1981 4686 2077 4730 est.

504 4763 570 4818 Et
607 4765 749 4819 illius
787 4765 1118 4835 superioris:
1160 4763 1374 4832 Scitote,
1401 4767 1524 4836 quia
1562 4783 1642 4821 me
1676 4769 1900 4838 priorem
1939 4768 2078 4822 vobis

505 4854 624 4906 odio
650 4853 850 4906 habuit.
902 4854 969 4907 Et
999 4853 1177 4908 subdit
1204 4870 1424 4909 causam
1459 4872 1472 4910 :
1501 4856 1623 4910 Non
1657 4865 1732 4910 est
1759 4873 1934 4911 servus
1963 4873 2080 4910 ma-

499 4946 608 5015 jor,
639 4955 742 4999 etc.
794 4945 927 5011 Quia
973 4946 1216 5016 exemplo
1258 4946 1339 5001 sui
1380 4947 1509 5019 (quo
1552 4948 1696 5002 aliud
1735 4949 1927 5003 melius
1967 4963 2074 5002 non

505 5039 607 5110 est)
640 5039 846 5092 monuit
889 5038 956 5092 ad
1001 5038 1220 5093 ferenda
1267 5040 1387 5096 odia
1436 5041 1650 5105 mundi,
1697 5041 1876 5096 subdit
1911 5055 2079 5110 quare

505 5131 738 5186 debeant
766 5145 888 5186 eum
917 5130 972 5185 in
1001 5131 1103 5185 hoc
1133 5131 1352 5196 imitari,
1387 5133 1511 5202 quia
1548 5132 1659 5200 ipse
1688 5131 1965 5197 Dominus,
2003 5130 2078 5186 illi

505 5223 668 5278 servi.

589 5313 743 5367 v'ens.
771 5313 862 5367 22.
885 5343 961 5359 —
987 5311 1046 5368 Si
1073 5332 1175 5369 non
1202 5315 1470 5369 venissem.
1525 5313 1624 5369 llic
1651 5316 1957 5386 expressius
1985 5315 2074 5371 Ju-

507 5405 652 5460 daeos
677 5405 931 5470 ostendit,
962 5405 1030 5461 ad
1057 5421 1192 5475 quos
1220 5407 1388 5470 venit,
1421 5405 1488 5460 de
1517 5407 1710 5476 quibus
1737 5408 1837 5462 sub
1862 5409 2079 5464 nomine

508 5495 694 5549 mundi
725 5496 1003 5566 superiora
1031 5490 1264 5550 dixerat.
1309 5496 1376 5550 Et
1399 5497 1522 5565 quia
1553 5497 1618 5551 ad
1645 5512 1738 5552 eos
1763 5499 1940 5563 venit,
1993 5500 2081 5555 hic

508 5586 900 5642 inexcusabiles
937 5588 1004 5642 de
1043 5586 1294 5641 omnibus
1337 5587 1492 5642 malis
1534 5588 1787 5643 ostendit.
1837 5589 2080 5645 Excusa-

507 5680 724 5744 tionem,
752 5685 858 5733 etc.
907 5677 986 5732 llli
1017 5678 1212 5748 quibus
1243 5693 1350 5733 non
1403 5680 1551 5734 venit
1596 5694 1696 5735 nec
1730 5679 1938 5737 locutus
1966 5691 2081 5749 est,

509 5768 709 5825 habent
731 5767 1134 5824 excusationem
1163 5782 1269 5824 non
1305 5767 1370 5824 de
1410 5768 1555 5824 omni
1595 5779 1836 5839 peccato,
1880 5772 1974 5830 sed
2018 5773 2084 5830 de

2182 3311 2280 3367 Die
2315 3311 2663 3370 Pentecostes
2703 3315 2852 3370 venit
2901 3316 3134 3386 Spiritus
3182 3327 3401 3374 sanctus
3445 3320 3499 3374 in
3556 3331 3745 3376 centum

2181 3404 2372 3473 viginti
2403 3405 2650 3462 homines
2679 3418 3052 3478 congregatos,
3086 3423 3209 3464 eum
3241 3411 3436 3479 quibus
3462 3424 3623 3467 erant
3650 3429 3744 3468 om-

2182 3511 2280 3552 nes
2308 3499 2536 3567 apostoli
2571 3499 2626 3553 in
2655 3499 2814 3555 domo
2843 3500 2936 3555 ubi
2964 3514 3120 3556 coena
3145 3501 3344 3557 fuerat.
3388 3503 3492 3569 Qui
3523 3523 3560 3559 a
3588 3503 3746 3560 Patre.

2185 3587 2420 3659 Spiritus
2454 3591 2698 3660 procedit
2727 3606 2759 3645 a
2787 3590 2948 3647 Patre
2974 3601 3029 3648 et
3056 3593 3213 3662 Filio,
3247 3596 3340 3652 sed
3371 3596 3547 3673 Filius
3576 3599 3748 3655 dicitur

2187 3698 2217 3738 a
2246 3683 2408 3740 Patre
2438 3687 2749 3756 procedere,
2781 3688 2909 3758 quia
2959 3689 3024 3743 ad
3056 3691 3270 3746 Patrem
3290 3692 3420 3747 solet
3451 3693 3678 3760 referre,
3704 3702 3747 3746 et

2185 3777 2327 3848 quod
2358 3778 2526 3848 ipsius
2552 3788 2635 3834 est
2664 3780 2729 3834 de
2757 3796 2863 3851 quo
2893 3783 3005 3851 ipse
3033 3791 3136 3838 est.
3170 3784 3215 3838 A
3242 3801 3347 3855 quo
3369 3801 3494 3856 ergo
3524 3787 3682 3842 habet
3702 3794 3749 3840 ut

2185 3868 2276 3936 sit,
2305 3871 2372 3925 ab
2397 3870 2488 3926 illo
2515 3870 2678 3927 habet
2701 3880 2762 3928 ut
2789 3874 2855 3929 de
2880 3874 2972 3930 illo
2998 3877 3256 3945 procedat
3283 3877 3545 3948 Spiritus.

2771 4007 2995 4066 CAPUT
3035 4011 3172 4067 XVI.

2257 4121 2418 4178 Vens.
2446 4122 2726 4178 1.-Ηιεε
2749 4123 2953 4180 locutus
2976 4143 3113 4192 sum,
3130 4135 3237 4184 etc.
3267 4127 3566 4199 Postquam
3589 4145 3746 4186 extan-

2184 4216 2274 4287 plo
2304 4231 2401 4272 suo
2433 4216 2617 4272 docuit
2647 4216 2789 4272 terre
2825 4218 2948 4274 odia
2977 4219 3032 4272 in
3058 4235 3164 4289 quo
3187 4221 3364 4276 sciunt
3385 4221 3513 4292 quid
3539 4223 3748 4278 debeant

2185 4309 2383 4376 facere,
2435 4311 2530 4366 sed
2577 4325 2685 4366 non
2732 4321 2958 4382 possunt
2993 4321 3277 4383 postquam
3317 4315 3478 4369 etiam
3517 4315 3750 4385 promisit

2187 4403 2452 4474 Spiritum
2482 4419 2590 4474 quo
2613 4413 2871 4475 poterunt
2898 4406 3184 4472 resistere,
3216 4409 3379 4462 etiam
3407 4408 3566 4463 addit
3591 4424 3606 4462 :
3639 4406 3747 4460 Hec

2187 4497 2391 4552 locutus
2419 4514 2555 4564 sum,
2578 4505 2682 4553 etc.
2717 4497 2868 4564 Quod
2898 4509 2980 4554 est
3007 4501 3312 4570 exemplum
3341 4502 3406 4556 de
3435 4502 3644 4572 Spiritu
3671 4500 3746 4570 qui

2189 4588 2674 4655 conﬁrmabit,ut,
2727 4589 2800 4643 ita
2849 4589 3115 4645 charitate
3167 4590 3359 4646 diﬂ‘usa
3409 4592 3463 4645 in
3511 4591 3748 4646 cordibus

2187 4677 2406 4744 vestris,
2437 4678 2509 4732 sit
2534 4677 2690 4734 vobis
2719 4677 2885 4733 multa
2915 4695 3018 4748 pax
3047 4688 3102 4734 et
3127 4696 3232 4735 non
3259 4682 3598 4737 scandalum.

2255 4769 2421 4824 Vens.
2451 4769 2504 4823 2.
2525 4800 2597 4810 -—
2629 4769 2735 4826 Sed
2761 4771 2894 4825 venit
2927 4772 3077 4825 liora.
3123 4772 3288 4840 Quasi
3316 4773 3460 4828 dicat
3488 4792 3501 4828 :
3540 4774 3598 4828 Si
3625 4769 3742 4843 pulsi

2183 4858 2252 4913 ab
2278 4860 2357 4914 eis
2399 4867 2478 4914 tot
2519 4861 2812 4930 acquiretis
2853 4861 2986 4916 mihi
3021 4863 3182 4933 (unde
3211 4863 3363 4918 vobis
3393 4860 3740 4934 gaudendum)

2182 4957 2242 5003 ut
2272 4965 2375 5004 non
2408 4949 2542 5004 satis
2577 4950 2648 5004 sit
2681 4949 2760 5004 eis
2786 4965 2883 5005 vos
2917 4950 3138 5022 pellere.
3188 4950 3294 5007 Sed
3330 4969 3435 5008 non
3468 4955 3647 5009 sinant
3676 4954 3742 5005 vi-

2185 5053 2334 5103 vere,
2367 5053 2432 5092 ne
2460 5053 2650 5093 onmes
2678 5039 2994 5108 acquiratis,
3028 5050 3088 5095 ut
3115 5056 3145 5096 a
3173 5040 3452 5098 Judaismo
3483 5042 3740 5103 avertatis,

2187 5127 2240 5182 in
2269 5143 2374 5196 quo
2403 5127 2569 5183 Deum
2597 5127 2761 5183 Israel
2787 5129 3014 5184 credunt
3035 5131 3212 5186 deseri
3241 5141 3297 5187 et
3321 5141 3506 5187 sancta
3533 5149 3646 5187 sua.

2259 5221 2420 5274 Vens.
2455 5221 2506 5273 tl.
2528 5250 2599 5260 ——
2628 5220 2758 5275 Ha’c
2799 5233 2992 5276 autem.
3042 5223 3336 5295 Postquam
3375 5225 3514 5280 dixit
3548 5224 3741 5281 futuras

2186 5329 2372 5369 eorum
2401 5314 2681 5385 passiones
2709 5324 2761 5370 et
2789 5315 3182 5372 consolatorem
3213 5317 3472 5388 Spiritum
3503 5320 3582 5374 eis
3637 5331 3740 5373 esse

2187 5407 2441 5473 dandum,
2471 5408 2652 5463 subdit
2677 5427 2688 5462 :
2726 5408 2854 5464 Hau:
2884 5427 2987 5464 non
3014 5411 3144 5476 dixi,
3161 5419 3268 5467 etc.
3297 5413 3449 5480 Quod
3473 5414 3517 5469 si
3544 5414 3611 5468 de
3633 5426 3741 5484 pas-

2185 5496 2428 5552 sionibus
2479 5499 2798 5568 accipimus,
2850 5515 2956 5554 non
3005 5501 3338 5557 solummodo
3383 5512 3503 5574 post
3544 5516 3738 5558 castram

2185 5589 2280 5644 sed
2311 5598 2364 5645 et
2391 5597 2516 5644 ante
2543 5590 2846 5660 proximum
2874 5591 3103 5658 Pascha,
3128 5601 3184 5647 et
3210 5593 3278 5648 ab
3309 5594 3461 5648 initio
3491 5592 3740 5648 missionis

2187 5684 2469 5740 duodecim
2499 5683 2860 5755 apostolorum
2896 5686 3253 5755 praedixerat;
3293 5687 3387 5742 sed
3417 5687 3484 5743 de
3510 5683 3738 5741 consola-

2189 5775 2334 5832 tione
2364 5774 2599 5845 Spiritus
2627 5774 2705 5832 eis
2728 5783 2953 5839 ventura
2978 5791 3084 5833 non
3109 5777 3463 5847 prtedixerat,
3496 5776 3612 5848 quia
3641 5775 3741 5845 ipsc
