3958 6314
146 367 239 427 413

1105 352 1374 413 GLOSSA
1411 348 1810 410 ORDINARIA.
1849 379 1921 391 —
1954 347 2215 408 EVANG.
2258 350 2454 411 JOAN.

3283 348 3390 407 414-

146 501 253 549 ωπ,
275 482 350 539 εἰς
375 475 638 549 corporali
661 472 946 548 praesentia
974 472 1266 527 advocatus
1286 469 1369 524 vel
1392 466 1697 524 consolator
1722 467 1776 527 Α
1870 463 2032 520 Vens.
2066 464 2152 519 15.
2176 495 2247 505 -
2275 463 2490 531 Omnia,
2521 471 2627 521 etc.
2679 462 2864 537 (Auc.)
2911 460 2987 520 De
3015 438 3221 536 Spiritu
3251 461 3389 523 dicit

145 586 280 644 erat;
324 572 416 632 sed
449 570 575 642 quia
608 568 723 641 jam
750 567 927 624 iturus
953 573 1075 632 est,
1120 578 1256 635 Opus
1302 569 1422 618 erat
1453 567 1512 615 ut
1546 557 1698 615 illum
1798 554 2068 612 Christus.
2116 553 2345 627 Spiritus
2374 554 2576 623 Patris,
2607 563 2739 621 etc.,
2773 572 2940 627 usque
2968 554 3039 610 ad
3081 556 3158 612 ita
3198 565 3389 628 aperte

145 673 331 729 diceret
361 672 641 720 venturum
685 660 777 733 qui
821 657 1175 716 conﬁrmaret
1206 669 1300 711 eos
1330 660 1524 709 contra
1556 649 1696 720 abji-
1799 646 2103 703 ostenditur
2125 646 2304 701 Patris
2331 653 2386 702 et
2409 645 2533 701 Filii
2562 660 2682 703 esse
2712 645 2969 716 Spiritus.

145 765 330 820 cientes
353 766 406 813 et
431 753 838 812 interﬁcientcs.

205 855 359 910 Vens.
391 850 443 906 5.
467 879 539 890 —
570 846 721 904 Vada
752 846 821 900 ad
850 861 989 900 eum.
1020 843 1101 899 Ita
1127 842 1307 912 palam
1336 845 1399 895 ut
1425 850 1587 892 nemo
1617 835 1700 890 in-

143 950 362 1016 terroget
388 939 532 1011 quod
562 937 680 993 visu
719 935 988 1008 corporali
1021 941 1245 998 cernat,
1289 930 1541 986 viderunt
1575 941 1700 982 eum

143 1038 190 1093 in
214 1034 346 1089 nube
370 1028 750 1085 ascendentem
781 1025 917 1082 certi
964 1024 1031 1079 de
1056 1022 1227 1095 gloria
1259 1020 1353 1091 qui
1378 1018 1533 1090 prius
1562 1030 1702 1087 pree-

142 1126 264 1182 dicta
290 1120 538 1193 passione
564 1116 896 1189 quaesieram
926 1131 939 1168 :
968 1113 1210 1178 Domine,
1240 1125 1342 1183 quo
1368 1107 1516 1164 vadis
1533 1107 1561 1162 3’

201 1215 352 1270 Vens.
376 1208 515 1263 7.—
536 1206 598 1264 Si
620 1206 781 1271 enim,
798 1211 904 1260 etc.
936 1201 1055 1257 Non
1077 1199 1221 1271 quod
1242 1196 1451 1268 positus
1475 1194 1532 1249 in
1556 1200 1703 1248 terra

141 1323 232 1365 non
258 1310 435 1377 posset
461 1301 621 1365 dare,
663 1296 759 1355 sed
786 1295 914 1367 quia
939 1286 1018 1350 illi
1048 1307 1158 1348 non
1186 1298 1315 1347 sunt
1340 1285 1518 1344 idonei
1551 1283 1701 1341 acci-

139 1414 268 1472 pere,
295 1395 395 1452 nisi
422 1410 547 1451 eum
574 1391 868 1448 secundum
894 1401 1115 1445 carnem
1143 1384 1408 1442 desistant
1430 1395 1608 1436 nosse.

199 1490 256 1546 Si
277 1492 470 1542 autem.
504 1482 774 1539 Mentibus
801 1478 1002 1536 vestris
1031 1477 1112 1534 sic
1164 1475 1335 1548 raptis
1362 1473 1431 1531 ad
1459 1469 1704 1529 caelestia

137 1584 288 1643 aderit
305 1579 544 1653 Spiritus
565 1575 725 1633 simul
746 1573 909 1629 Pater
926 1579 983 1628 et
1000 1570 1190 1627 Filius.
1217 1564 1539 1638 Spirituales
1558 1562 1705 1618 enim

137 1694 195 1734 ex
218 1670 520 1731 carnalibus
547 1667 696 1732 facti,
730 1664 986 1738 capacius
1014 1662 1231 1719 fuerant
1251 1657 1578 1715 Trinitatem
1607 1654 1708 1708 ha-

135 1768 303 1833 bituri,
330 1764 476 1822 sicut
499 1760 829 1834 promissum
854 1762 997 1814 erat.

1876 737 2039 796 Vens.
2081 739 2168 795 16.
2204 771 2275 780 —-—
2315 738 2608 796 Modicum.
2643 739 2701 794 ld
2746 749 2851 805 est,
2898 754 3127 810 parvum
3177 747 3391 810 tempus

1804 839 1974 888 restat
2010 846 2181 903 usque
2221 831 2287 886 ad
2326 830 2431 886 hoc
2460 829 2604 901 quod
2633 830 2810 901 patiar
2842 838 2900 885 et
2926 830 3150 886 claudar
3206 830 3388 901 sepul-

1802 938 1917 990 cro,
1940 932 1995 979 et
2025 923 2218 978 iterum
2243 936 2467 993 parvum
2498 930 2712 992 tempus
2735 936 3017 992 usquequo
3048 937 3134 976 me
3160 921 3392 977 videatis

1803 1014 2205 1071 resuscitatum.
2255 1011 2353 1068 Vel
2386 1027 2612 1083 parvum
2653 1022 2864 1082 tempus
2903 1022 3022 1077 est,
3064 1012 3119 1066 id
3159 1019 3244 1068 est
3288 1011 3391 1066 tri-

1804 1104 1971 1162 duum
2002 1120 2110 1176 quo
2141 1104 2357 1161 clausus
2383 1118 2489 1159 non
2520 1100 2732 1159 videbo.
2790 1102 2857 1157 Et
2892 1102 3088 1157 iterum
3120 1116 3349 1173 parvum
3375 1141 3389 1163 ,

1806 1196 1862 1252 id
1897 1203 1982 1252 est
2024 1194 2379 1267 quadraginta
2410 1192 2559 1260 dies,
2604 1207 2710 1264 quo
2750 1192 3104 1248 resuscitatus
3143 1192 3389 1248 videbor.

1808 1288 1948 1356 Quia
1969 1288 2122 1343 vado.
2138 1285 2253 1344 Hoc
2276 1294 2360 1343 est
2381 1287 2509 1357 quia
2531 1293 2744 1357 tempus
2764 1292 2848 1341 est
2872 1293 2954 1351 ut,
2989 1286 3233 1356 deposita
3250 1300 3394 1341 mor-

1808 1379 2034 1446 talitate,
2063 1378 2355 1434 humanam
2385 1385 2634 1433 naturam
2661 1376 2814 1433 cmlis
2843 1375 3095 1431 inferam.

1878 1470 2044 1528 Vens.
2075 1471 2167 1526 20.
2194 1502 2264 1511 —
2292 1469 2433 1539 Quia
2462 1471 2755 1542 plorabitis.
2807 1468 2891 1526 Me
2926 1469 3124 1534 occiso,
3177 1470 3244 1525 de
3286 1484 3396 1540 quo

1809 1563 2014 1619 inimici
2043 1563 2371 1636 gaudebunt.
2420 1560 2683 1619 Similiter
2706 1562 2922 1634 plorant
2949 1575 3140 1616 omnes
3165 1544 3294 1617 boni
3338 1561 3392 1615 in

1808 1659 2062 1714 aerumnis
2086 1655 2247 1726 hujus
2267 1656 2478 1723 saeculi;
2502 1655 2597 1711 sed
2625 1656 2810 1711 mundi
2832 1664 3104 1710 amatores
3130 1653 3390 1723 gaudent.

1809 1751 1945 1809 Boni
1989 1759 2170 1807 autem
2218 1757 2604 1820 comparantur
2646 1747 2879 1818 parienti
2930 1760 3053 1817 quae
3108 1745 3295 1818 genuit
3338 1744 3395 1799 in

193 1820 350 1913 Vens.
372 1855 429 1912 8.
457 1820 531 1894 -λ-
557 1850 659 1907 Ille
686 1858 890 1922 arguet.
937 1846 1058 1903 Non
1105 1842 1250 1917 quod
1277 1841 1448 1898 Filius
1477 1855 1585 1897 non
1614 1853 1702 1893 ar—
1729 1820 1779 1882 Β
1804 1851 1996 1916 partu;
2031 1841 2125 1899 sed
2155 1840 2371 1897 laetatur
2397 1840 2464 1895 de
2496 1838 2697 1905 fructu,
2735 1844 2792 1893 et
2818 1838 2941 1909 plus
2972 1835 3173 1908 gaudet
3194 1835 3260 1891 de
3301 1833 3398 1889 ad-

131 1959 263 2023 guat,
282 1948 375 2006 sed
402 1947 537 2021 quia
563 1943 800 2017 Spiritus
819 1940 971 1999 dabit
994 1940 1076 1996 eis
1097 1936 1418 1995 charitatem
1462 1942 1519 1990 et
1539 1931 1705 2004 pellet

132 2042 385 2108 timorem,
410 2047 480 2095 ut
503 2036 574 2093 sit
602 2036 683 2092 eis
708 2033 935 2091 libertas
960 2030 1244 2104 arguendi.

192 2128 368 2203 (Δυα.)
407 2126 676 2197 Arguitur
711 2122 781 2180 de
819 2131 1044 2195 peccato
1075 2120 1167 2191 qui
1200 2118 1258 2174 in
1283 2115 1561 2174 Christum
1592 2128 1701 2170 non

132 2219 304 2277 credit.
335 2218 624 2290 Arguitur,
647 2221 778 2281 etc.,
806 2229 969 2285 usque
995 2210 1063 2266 a'd
1092 2225 1161 2266 ne
1190 2223 1314 2265 cum
1338 2205 1526 2263 mundi
1554 2203 1705 2275 prin-

129 2312 233 2386 cipe
249 2310 571 2382 iudicentur
594 2322 754 2381 quem
778 2305 1079 2378 judicatum
1107 2301 1407 2359 imitantur.

190 2400 255 2457 Et
283 2402 347 2457 de
365 2400 608 2472 justitia.
662 2396 781 2453 Non
828 2397 895 2453 de
943 2410 1075 2460 sua,
1125 2392 1222 2449 sed
1260 2392 1326 2448 de
1369 2388 1705 2471 credentium

124 2492 317 2564 iustitia
379 2491 622 2549 mundus
676 2486 957 2559 arguitur,
1018 2498 1247 2557 quorum
1302 2468 1709 2551 comparatione

129 2588 424 2644 damnatur.
470 2584 627 2641 Unde
664 2598 771 2638 non
801 2580 914 2637 ait:
952 2578 1071 2635 Non
1102 2574 1306 2632 videbit
1334 2587 1422 2628 me
1450 2570 1713 2651 mundus,

128 2679 213 2736 sed
241 2678 366 2734 Non
392 2675 631 2734 videbitis
659 2690 760 2739 me,
794 2686 893 2728 vos
922 2665 1173 2741 apostoli.
1224 2657 1708 2721 Contra‘inﬁdeles

127 2771 209 2842 qui
237 2770 426 2827 dicunt
444 2810 461 2836 ,
492 2766 773 2837 Quomodo
803 2763 1089 2822 credemus
1114 2759 1256 2831 quod
1290 2772 1397 2813 non
1422 2753 1709 2854 vide'mus?

128 2861 215 2918 Est
239 2865 369 2919 vera
413 2860 624 2933 iustitia
659 2858 883 2915 credere
918 2855 1061 2928 quod
1093 2868 1202 2909 non
1229 2849 1469 2916 videtur,
1512 2845 1574 2903 u't
1615 2845 1706 2917 qui

127 2952 375 3008 viderunt
426 2951 699 3007 hominem
750 2946 1100 3004 crediderunt
1124 2941 1314 2997 Deum.
1362 2938 1582 2994 Etcum
1610 2950 1711 3007 per

126 3041 499 3099 ascensionem
534 3038 707 3095 forma
744 3034 982 3092 hominis
1027 3033 1306 3098 subtracta
1350 3036 1436 3085 est
1476 3027 1706 3091 visibus,

124 3139 242 3188 tunc
264 3147 336 3188 ex
357 3130 510 3186 omni
533 3136 688 3198 parte
709 3125 988 3196 impletum
1010 3130 1093 3178 est
1110 3136 1124 3173 :
1141 3121 1328 3177 Justus
1354 3134 1419 3173 ea:
1442 3117 1547 3187 ﬁde
1566 3116 1704 3170 vivit.

181 3219 361 3276 Vens.
396 3218 486 3273 10.
508 3247 579 3257 —-
604 3213 673 3270 Et
693 3215 832 3286 jam,
864 3221 970 3268 etc.
1021 3211 1079 3267 id
1110 3218 1211 3276 est,
1244 3220 1521 3276 nunquam
1553 3202 1709 3259 vide-

121 3312 242 3369 bitis
280 3325 374 3367 me
407 3309 573 3365 talem
605 3317 665 3363 ut
700 3307 892 3372 modo,
937 3306 991 3361 id
1031 3311 1116 3360 est
1157 3301 1441 3358 mortalem
1463 3297 1711 3367 judican-

125 3404 276 3472 dum,
321 3400 422 3460 sed
462 3399 821 3474 gloriﬁcatum
852 3397 1112 3468 iudicem.
1167 3394 1237 3449 Et
1264 3393 1369 3448 hoc
1396 3398 1479 3447 est
1499 3388 1713 3459 iustitia

126 3490 283 3559 ﬁdei,
335 3493 409 3550 de
459 3505 565 3562 qua
607 3488 937 3560 Apostolus:
972 3485 1043 3541 Et
1086 3486 1133 3541 si
1174 3484 1412 3539 novimus
1441 3480 1713 3538 Christum

127 3583 410 3639 secundum
441 3596 675 3647 carnem,
706 3578 798 3635 sed
820 3578 935 3650 jam
964 3594 1067 3632 non
1101 3575 1335 3631 novimus
1367 3571 1453 3645 (II
1481 3569 1607 3626 Cor.
1630 3570 1709 3645 v),

128 3691 281 3746 quam
324 3675 460 3747 quia
498 3672 734 3730 mundus
771 3671 841 3728 ab
876 3669 997 3726 istis
1034 3683 1141 3725 non
1177 3667 1293 3721 vult
1332 3664 1582 3735 accipere
1625 3679 1714 3718 ar-

195 3766 322 3821 itur.

197 3780 322 3821 itur.

128 3780 360 3913 8“Vens.
395 3856 489 3912 11.
515 3886 588 3896 --
615 3853 694 3909 De
714 3854 943 3925 judicio.
987 3851 1122 3920 Quia
1151 3850 1196 3905 si
1224 3849 1534 3904 damnatum
1562 3844 1714 3901 illum

132 3959 434 4021 sequuntur
469 3963 597 4005 cum
650 3963 717 4003 eo
751 3947 1101 4010 damnantur,
1151 3951 1206 3999 et
1243 3956 1311 3997 ne
1349 3938 1451 3995 sibi
1489 3939 1716 3994 credant

129 4044 269 4115 parci
297 4049 582 4100 terrentur
606 4040 867 4112 supplicio
894 4038 1035 4094 illius
1062 4035 1302 4107 superbi.

200 4136 358 4193 Vens.
389 4136 481 4193 l3.
501 4164 570 4176 -—
590 4132 812 4189 Omnem
832 4133 1120 4196 veritatem,
1143 4136 1250 4184 etc.
1276 4124 1554 4181 Promittit
1574 4122 1715 4193 quod

132 4235 293 4283 totum
332 4227 585 4284 facturus
613 4231 697 4280 est
723 4221 991 4293 Spiritus,
1037 4234 1148 4275 non
1188 4217 1330 4289 quod
1373 4217 1428 4272 in
1464 4216 1572 4272 hac
1606 4215 1717 4271 vita

136 4330 301 4377 totum
330 4318 699 4389 compleatur.

198 4411 241 4467 Α
274 4412 586 4480 semetipso,
615 4414 722 4464 etc.
771 4403 955 4478 (Αυο.)
990 4403 1127 4471 Quia
1170 4415 1276 4457 non
1318 4407 1403 4456 est
1445 4413 1478 4454 a
1518 4398 1715 4469 seipse,

134 4503 253 4573 quia
272 4503 434 4597 solus
462 4501 658 4595 Pater,
678 4505 810 4564 etc.,
851 4490 1014 4569 usque
1044 4494 1113 4548 ad
1143 4507 1357 4563 semper
1383 4491 1573 4557 scivit,
1613 4490 1720 4547 scit
1746 4537 1800 4597 Β

167 4600 185 4646 t
210 4594 363 4648 sciet.

167 4602 185 4646 ι
271 4602 283 4605 ⁷
350 4634 363 4648 .
631 4603 639 4609 ’

135 4607 163 4647 e
197 4602 364 4739 ἓξὲξ.
399 4682 494 4739 14.
516 4708 590 4723 --
618 4678 720 4735 Ille
754 4694 836 4732 me
872 4673 1202 4744 clariﬁcabit.
1240 4670 1376 4740 Quia
1407 4670 1721 4742 spirituales

137 4776 383 4835 faciendo
437 4790 540 4833 vos
577 4771 874 4831 declarabit
919 4765 1189 4841 quomodo
1234 4766 1382 4821 Patri
1422 4764 1592 4821 Filius
1638 4772 1724 4821 est

137 4872 355 4944 aequalis
398 4884 566 4943 quem
596 4865 891 4923 secundum
918 4875 1137 4918 carnem
1166 4866 1227 4914 ut
1254 4857 1530 4914 hominem
1560 4871 1726 4911 nove-

138 4969 276 5029 rant,
306 4961 393 5018 vel
428 4961 681 5017 timorem
713 4955 948 5012 tollendo
978 4952 1141 5009 faciet
1163 4959 1261 5008 v‘os
1290 4949 1515 5022 gloriam
1546 4963 1723 5003 meam

141 5053 464 5109 annuntiare
487 5050 584 5107 toti
607 5047 827 5114 mundo,
845 5060 966 5117 quae
985 5059 1094 5099 non
1117 5041 1272 5109 mihi,
1293 5040 1389 5097 sed
1411 5039 1722 5094 hominibus

176 5144 327 5199 rosit.

176 5159 233 5199 ro
286 5159 327 5199 t.

141 5159 175 5215 Ρ
207 5161 287 5290 1:;
314 5250 455 5289 meo.
502 5231 619 5287 Non
651 5228 793 5301 quod
823 5225 1060 5297 Spiritus
1097 5225 1171 5278 sit
1203 5224 1384 5277 minor
1408 5219 1567 5275 Filio.
1618 5219 1730 5274 Cur

143 5334 320 5382 autem
352 5328 464 5382 hoc
491 5324 648 5388 dixit,
680 5320 971 5392 explanat:
1005 5316 1199 5373 Omnia
1228 5330 1551 5387 qumcunque
1577 5312 1729 5366 habet

153 5413 310 5472 Pater
337 5433 462 5472 mea
492 5425 633 5470 sunt.
658 5412 969 5482 Propterea
1001 5408 1109 5465 dixi
1139 5406 1263 5477 quia
1296 5406 1363 5461 de
1409 5418 1529 5460 meo
1581 5402 1727 5457 acci-

144 5506 273 5576 piet.
327 5507 477 5578 Ergo
514 5505 581 5561 de
616 5503 778 5558 Patre
808 5500 1007 5571 accipit
1056 5498 1329 5569 Spiritus,
1359 5495 1502 5549 unde
1536 5492 1733 5562 accipit

147 5595 333 5664 Filius,
362 5596 493 5666 quia
512 5597 564 5651 in
586 5597 688 5650 hac
713 5592 973 5648 Trinitate
995 5591 1062 5647 de
1080 5588 1242 5645 Patre
1263 5596 1422 5643 natus
1437 5594 1520 5642 est
1538 5585 1729 5650 Filius,

147 5692 212 5747 de
232 5692 402 5748 Patre
433 5689 677 5761 procedit
703 5687 956 5759 Spiritus.
987 5684 1088 5752 Qui
1113 5692 1292 5738 autem
1317 5683 1382 5738 de
1405 5679 1551 5736 nullo
1576 5685 1731 5735 natus

147 5790 225 5838 est
251 5783 316 5840 de
341 5781 491 5838 nullo
511 5780 770 5853 procedit,
801 5776 960 5835 Pater
985 5784 1069 5832 est
1095 5775 1259 5832 solus.

1804 1943 1968 1991 ventu
2008 1934 2205 1990 futura:
2243 1932 2411 2005 prolis
2453 1946 2618 2003 quam
2664 1930 2838 1986 tristis
2879 1936 2964 1985 est
3002 1927 3070 1984 de
3138 1926 3397 1998 praesenti

1812 2027 2012 2085 dolore.

1876 2118 2040 2174 Vens.
2071 2117 2164 2172 23.
2186 2147 2260 2158 —
2287 2115 2349 2172 Si
2374 2115 2502 2188 quid
2526 2113 2797 2187 petieritis.
2833 2111 3014 2185 (Auu.)
3049 2111 3125 2166 ita
3160 2126 3291 2167 sane
3318 2110 3400 2165 in-

1807 2212 2153 2284 telligendum
2177 2218 2281 2276 est,
2308 2210 2455 2282 quod
2475 2209 2574 2275 ait,
2598 2207 2748 2263 dabit
2766 2205 2943 2271 vobis,
2965 2211 3026 2260 ut
3046 2218 3109 2261 ea
3132 2201 3399 2259 beneﬁcia

1808 2303 2110 2375 signiﬁcata
2152 2301 2394 2357 sciantur
2422 2314 2543 2370 qua:
2576 2298 2645 2353 ad
2678 2312 2773 2353 eos
2813 2295 2907 2368 qui
2950 2302 3143 2366 petunt
3179 2291 3402 2364 proprie

1808 2394 2102 2467 pertinent.
2133 2392 2514 2448 Exaudiuntur
2539 2389 2682 2445 enim
2715 2387 2891 2444 sancti
2915 2402 3017 2458 pro
3050 2385 3263 2457 seipsis,
3289 2398 3400 2440 non

1810 2483 1990 2543 autem
2017 2500 2118 2556 pro
2145 2486 2397 2542 omnibus
2424 2480 2546 2539 aliis
2566 2480 2763 2557 amicis
2788 2479 2874 2537 vel
2903 2478 3162 2534 inimicis.

1880 2577 2041 2632 Dabit
2074 2576 2236 2632 vobis.
2283 2574 2343 2631 In
2385 2573 2566 2630 futuro
2607 2588 2715 2629 non
2764 2569 3057 2643 rogabitis,
3100 2569 3196 2625 sed
3240 2566 3403 2623 modo

1808 2668 1980 2741 petite
2025 2676 2082 2723 et
2112 2666 2331 2723 dabitur
2356 2664 2511 2722 vobis
2552 2663 2697 2735 quod
2736 2663 2806 2718 ad
2834 2676 2934 2717 vos
2959 2659 3226 2732 pertinet,
3265 2665 3322 2713 et
3354 2655 3402 2712 si

1810 2775 1921 2815 non
1969 2757 2223 2815 omnibus
2271 2755 2378 2813 illis
2427 2754 2623 2827 quibus
2669 2752 2876 2825 petitis,
2924 2760 2980 2808 et
3032 2749 3156 2805 ideo
3204 2747 3406 2804 dicitur

1811 2854 1985 2910 vobis.

1882 2967 2045 3024 Vens.
2076 2965 2168 3020 25.
2197 2994 2267 3006 —
2314 2961 2447 3019 Hcce
2489 2963 2547 3018 in
2585 2959 2891 3034 proverbiis.
2945 2957 3077 3026 Quae
3122 2956 3404 3024 hucusque

1812 3060 1923 3116 dixi
1953 3059 2108 3129 quasi
2140 3058 2193 3113 in
2220 3056 2524 3128 proverbiis
2569 3056 2714 3128 (quae
2739 3053 2916 3111 solent
2940 3049 3190 3107 homines
3216 3046 3408 3103 audire

1737 3178 1782 3241 Ο
1814 3149 2048 3241 scdhnon
2079 3146 2402 3219 intelligere)
2439 3145 2581 3223 dixi,
2623 3144 2749 3213 quia
2778 3139 3042 3198 animales
3072 3138 3226 3194 estis.
3274 3136 3408 3191 Ani-

1815 3239 1973 3294 malis
2002 3246 2179 3293 autem
2213 3237 2303 3309 qui
2347 3252 2451 3290 non
2491 3235 2707 3307 percipit
2746 3246 2864 3303 qute
2904 3240 3026 3286 sunt
3049 3228 3280 3302 Spiritus
3308 3225 3407 3282 Dei

1814 3329 1867 3404 (Ι
1894 3328 2054 3385 Joan.
2090 3327 2153 3399 ι).
2203 3326 2546 3395 Quaecunque
2583 3324 2837 3379 dicuntur
2877 3320 2943 3376 de
2988 3320 3309 3388 incorporea
3351 3323 3411 3371 et

1815 3419 2140 3476 immutabili
2171 3417 2509 3482 substantia,
2554 3415 2714 3471 habet
2741 3412 2897 3484 quasi
2938 3409 3244 3484 proverbia.
3295 3403 3407 3464 Sed

1816 3511 1949 3565 venit
1980 3511 2131 3565 liora.
2179 3508 2295 3578 Qua
2326 3508 2455 3564 dato
2486 3506 2690 3579 Spiritu
2722 3505 2915 3561 faciam
2944 3518 3042 3559 vos
3072 3498 3408 3572 spirituales,

1818 3607 1876 3654 ut
1903 3599 2208 3655 certissima
2252 3596 2607 3668 intelligentia
2653 3594 2851 3650 mentis
2903 3591 3027 3665 (etsi
3096 3605 3204 3645 non
3252 3596 3311 3644 ut
3350 3587 3408 3645 in

1815 3690 2017 3763 futuro)
2052 3691 2219 3745 Deum
2252 3688 2497 3755 videatis,
2535 3695 2590 3742 et
2612 3694 2740 3743 tunc
2772 3684 2951 3757 palam
2980 3684 3046 3739 de
3074 3680 3236 3737 Patre
3264 3695 3408 3736 nun-

1816 3785 1982 3849 tiabo,
2007 3792 2065 3839 ut
2089 3784 2265 3854 ipsum
2287 3790 2342 3836 ct
2364 3796 2451 3838 me
2469 3780 2706 3850 ejusdem
2731 3776 3049 3835 substantia:
3068 3772 3405 3846 intelligetis,

1816 3882 1871 3930 et
1913 3882 2076 3940 tunc,
2125 3872 2193 3928 In
2223 3873 2431 3928 nomine
2457 3888 2570 3926 meo
2611 3871 2789 3944 petite.
2843 3869 2980 3937 Quia
3014 3877 3141 3922 tunc
3165 3881 3294 3923 vere
3317 3877 3411 3920 co-

1818 3968 2090 4040 gnoscetis
2118 3974 2175 4021 et
2199 3967 2382 4022 scietis
2407 3964 2551 4035 quod
2580 3965 2625 4020 si
2655 3974 2717 4018 ut
2745 3962 2909 4018 homo
2934 3975 3064 4031 rogo
3087 3959 3327 4022 Patrem,
3350 3962 3415 4010 ut

1819 4057 1961 4114 Deus
1999 4056 2231 4113 exaudio
2273 4070 2399 4110 cum
2440 4054 2635 4119 Patre;
2676 4052 2821 4109 unde
2856 4050 3025 4106 dicit:
3060 4045 3128 4101 Et
3160 4064 3264 4102 non
3291 4044 3410 4098 dico

1818 4148 1983 4213 vobis,
2013 4145 2259 4219 quoniam
2290 4161 2382 4216 ego
2414 4142 2605 4214 rogabo
2637 4138 2872 4196 Patrem.

1891 4257 2057 4313 Vens.
2099 4257 2191 4312 27.
2242 4287 2313 4297 --
2356 4254 2478 4326 Ipse
2519 4255 2679 4310 enim.
2730 4253 2893 4308 Amat
2935 4264 3036 4305 nos
3082 4247 3247 4303 Pater
3283 4244 3412 4318 quia

1821 4364 2069 4405 amamus
2094 4347 2324 4414 Filium,
2367 4361 2490 4401 cum
2522 4362 2553 4400 a
2580 4343 2743 4399 Patre
2769 4349 2826 4397 et
2848 4339 2985 4397 Fiiio
3016 4336 3325 4409 accepimus
3353 4349 3413 4390 ιι·

1822 4459 2065 4500 amemus
2099 4442 2314 4498 Patrem
2355 4448 2411 4496 et
2444 4439 2679 4495 Filium:
2717 4438 2843 4493 data
2873 4433 3138 4490 charitate
3166 4445 3266 4505 per
3293 4426 3414 4500 Spi-

1903 4553 2014 4602 um,
2047 4548 2209 4607 quem
2240 4540 2296 4588 et
2327 4532 2501 4602 ipsum
2534 4542 2779 4585 amamus
2812 4540 2935 4581 cum
2968 4523 3130 4579 Patre
3164 4530 3222 4578 et
3255 4520 3411 4587 Filio,

1822 4629 1972 4701 prior
2000 4639 2189 4681 amans
2214 4622 2347 4679 facit
2375 4623 2430 4677 iu
2457 4619 2614 4675 nobis
2638 4617 2780 4688 quod
2806 4623 3040 4670 ametur.

1897 4738 2063 4795 Vens.
2094 4736 2184 4792 28.
2213 4765 2279 4777 —
2325 4733 2527 4788 Iterum
2570 4729 2804 4801 relinquo
2846 4728 3122 4781 mundum.
3176 4719 3416 4790 Reliquit

1828 4832 2083 4889 mundum
2112 4825 2381 4898 corporali
2406 4822 2716 4896 praesentia.
2748 4818 2907 4877 Vadit
2932 4818 3001 4874 ad
3024 4815 3263 4880 Patrem,
3285 4813 3417 4884 quia

1829 4921 2221 4980 humanitatem
2261 4916 2330 4972 ad
2367 4912 2657 4970 invisibilia
2704 4920 2941 4980 paternae
2985 4904 3288 4978 maiestatis
3333 4903 3417 4959 in-

1829 5013 2000 5072 duxit.
2036 5008 2273 5079 Reliquit
2303 5005 2587 5069 mundum,
2612 5001 2739 5072 quia
2768 5000 2836 5055 ab
2863 5005 3082 5068 aspectu
3110 5003 3420 5051 amatorum

1829 5104 2014 5163 mundi
2065 5100 2209 5171 quod
2239 5099 2488 5155 viderant
2543 5091 2783 5149 abstulit.
2832 5088 2992 5144 Redit
3035 5088 3102 5143 ad
3148 5084 3421 5158 patriam,

1829 5194 1954 5267 quia
1990 5189 2323 5247 amatoribus
2351 5188 2466 5243 suis
2496 5199 2555 5240 se
2581 5181 2842 5253 aequalem
2873 5177 3199 5235 credendum
3232 5175 3419 5232 docuit

1829 5283 2001 5341 Patri.

1903 5396 2067 5452 Vens.
2091 5392 2181 5447 29.
2196 5419 2261 5431 —
2286 5389 2479 5443 Dicunt
2506 5388 2557 5443 ei
2580 5384 2824 5456 discipuli
2850 5383 2985 5454 ejus.
3017 5380 3153 5438 Cum
3176 5378 3416 5439 nondum

1830 5489 2069 5544 venisset
2112 5486 2246 5541 hora
2302 5497 2465 5553 quam
2529 5479 2821 5551 promisit:
2874 5476 3011 5531 Ecce
3044 5490 3196 5529 nunc
3238 5470 3421 5542 palam

1833 5582 2080 5655 loquitur.
2128 5577 2220 5633 Illa
2248 5592 2368 5649 quae
2404 5572 2663 5632 Dominus
2703 5573 2807 5629 scit
2832 5586 2954 5626 non
2995 5563 3427 5635 intelligentibus

1833 5686 1956 5729 esse
1983 5668 2269 5742 proverbia
2296 5685 2309 5722 :
2341 5666 2416 5722 illi
2446 5681 2614 5736 usque
2643 5665 2779 5720 adeo
2810 5661 2969 5718 nobis
3002 5656 3326 5725 intelligunt,
3356 5658 3419 5706 ut

1836 5769 1936 5823 nc‘c
1983 5762 2176 5820 saltem
2217 5775 2276 5817 se
2315 5777 2422 5816 non
2471 5758 2773 5829 intelligere
2817 5752 3137 5820 intelligant.
3191 5746 3268 5802 De
3312 5760 3426 5814 qua
