3958 6314
547 365 652 422 H5

1047 359 1442 415 WALAFRIDI
1483 357 1732 414 STRABI
1769 357 1972 415 FULD.
2018 355 2182 413 MON.
2220 355 2373 413 OPP.
2414 357 2597 414 PARS
2633 358 2674 414 l.
2717 389 2785 402 —-
2818 357 3280 416 THEOLOGICA.

3711 361 3808 418 Uti

547 494 734 536 eorum
760 483 1076 536 inﬁrmitate
1104 477 1402 532 admonens
1431 475 1709 544 respondit
1733 491 1746 527 :
1777 473 1937 528 Modo
1961 473 2128 528 credi-
2154 473 2208 535 Α
2232 471 2360 538 ritu,
2389 473 2481 542 qui
2520 480 2604 528 est
2633 475 2936 540 amborum,
2958 488 3079 530 esse
3126 489 3293 528 unum
3321 481 3377 529 et
3419 474 3592 531 solum
3621 491 3810 531 verum

548 572 637 636 tis,
665 579 770 626 etc.

618 662 778 716 νεεδ.
813 659 900 714 30.
918 689 991 700 —-
1014 658 1172 714 Nunc
1197 660 1390 714 scimus
1417 658 1541 728 quia
1568 658 1669 710 scis
1697 656 1895 710 omnia.
1929 655 2129 725 Aperte

544 754 854 815 ostendunt,
887 752 1012 822 quia
1043 752 1268 820 loquens
1293 752 1361 805 de
1394 752 1494 814 eis,
1521 750 1590 804 ad
1613 765 1706 804 eos
1735 751 1968 803 maxime
1999 762 2125 818 age-

542 842 638 897 bat
667 858 785 911 quae
818 841 936 897 illos
963 841 1303 896 delectabant
1329 841 1515 894 audire
1541 859 1552 893 :
1593 851 1648 894 et
1675 854 1795 908 qua:
1825 838 1926 907 ipsi
1958 839 2126 892 inter-

544 950 732 1003 rogate
757 934 1038 998 volebant,
1072 935 1187 988 haec
1217 933 1330 1002 ipse
1357 932 1691 1001 praeveniens
1717 930 1857 984 ultro
1881 928 2126 1000 profere-

540 1027 655 1092 bat,
680 1037 734 1082 et
768 1028 888 1082 ideo
915 1027 1084 1092 illum,
1117 1027 1242 1096 quia
1270 1026 1626 1096 cogitationes
1655 1032 1913 1088 noverat,
1954 1023 2122 1077 conli-

539 1125 722 1171 tentur
749 1117 891 1173 seire
922 1119 1103 1171 omnia
1134 1116 1291 1186 quasi
1336 1116 1504 1169 Deum
1548 1123 1602 1168 et
1643 1113 1736 1167 Dei
1778 1112 1994 1166 Filium.
2049 1109 2122 1164 Et

539 1225 643 1262 non
668 1225 795 1277 opus
821 1219 893 1261 est
921 1208 1033 1272 tibi,
1059 1217 1164 1263 etc.
1195 1207 1327 1261 Cum
1354 1207 1497 1260 scias
1521 1205 1720 1269 omnia,
1747 1219 1850 1258 non
1880 1212 1963 1257 est
1986 1218 2121 1272 opus

537 1305 596 1350 ut
625 1298 928 1367 interroges
954 1298 1186 1368 aliquem
1213 1313 1243 1351 a
1270 1312 1376 1366 quo
1401 1297 1602 1364 aliquid
1633 1295 1795 1350 scias.
1828 1294 1925 1347 Vel
1955 1295 2119 1348 etiam

537 1388 888 1458 interrogeris
928 1390 996 1443 ab
1040 1387 1218 1456 aliquo
1256 1386 1549 1456 prmsciens
1578 1384 1706 1453 quid
1737 1383 1825 1438 ille
1855 1383 2005 1437 velit.
2058 1383 2118 1438 Si

537 1486 716 1531 autem
757 1477 1045 1546 aliquando
1088 1476 1442 1546 interrogavit
1472 1474 1557 1528 vel
1600 1475 1966 1545 interrogatus
1995 1483 2113 1541 est,

537 1585 643 1623 non
673 1571 771 1633 eis,
799 1570 892 1624 sed
919 1570 1040 1624 aliis
1064 1586 1198 1639 opus
1225 1569 1347 1623 fuit.

609 1660 769 1716 Vens.
790 1661 953 1716 5 1.-
976 1661 1133 1714 Modo
1155 1660 1383 1714 creditis.
1415 1659 1484 1714 Ut
1507 1658 1738 1728 parvuli,
1753 1659 1947 1728 quibus
1972 1674 2116 1728 quae-

534 1768 748 1821 cunque
772 1751 878 1807 alta
901 1752 1077 1806 adhuc
1101 1751 1388 1820 proverbia
1411 1759 1556 1815 sunt,
1581 1750 1824 1815 creditis,
1847 1751 1942 1805 scd
1969 1750 2114 1805 venit

2232 564 2419 619 Deum.
2463 563 2520 620 Si
2549 579 2678 636 ergo
2702 581 2768 622 eo
2793 568 2953 622 modo
2984 575 3038 622 te
3065 565 3332 644 clariticat
3357 566 3524 622 Filius
3551 568 3702 624 sicut
3726 569 3810 623 de-

2230 655 2355 710 disti
2389 656 2438 710 ei
2476 665 2799 726 potestatem
2846 657 3021 711 omnis
3054 666 3352 723 creatum,
3392 667 3461 732 Aet
3481 659 3559 714 sic
3587 659 3810 722 dedisti,

2229 753 2285 796 ut
2314 762 2462 798 omne
2485 747 2622 816 quod
2654 747 2845 800 dedisti
2885 746 2933 800 ei
2976 746 3059 800 det
3104 748 3178 800 eis
3212 747 3370 802 vitam
3390 731 3657 803 'wternam
3685 765 3707 803 :
3753 750 3812 804 Et

2225 837 2336 890 htec
2373 848 2447 890 est
2481 838 2585 890 vita
2631 849 2826 892 a'terna
2853 878 2868 903 ,
2901 849 2956 892 ut
2997 848 3306 909 cognoscant
3351 848 3419 892 te.
3479 839 3569 894 Sic
3597 849 3655 893 te
3688 856 3808 912 ergo

2224 925 2394 980 Filius
2413 927 2697 993 clariﬁcat,
2728 937 2788 982 ut
2813 929 3064 991 omnibws
3088 945 3226 999 quos
3250 929 3443 984 dedisti
3467 931 3514 985 ei
3543 939 3594 985 te
3630 933 3810 1000 cogni-

2224 1023 2338 1069 tum
2367 1015 2544 1071 faciat.
2581 1015 2647 1071 Ut
2679 1031 2990 1089 cognoscant
3017 1029 3084 1073 te.
3119 1011 3271 1085 Quod
3302 1019 3390 1074 hic
3419 1028 3591 1076 estex
3620 1022 3807 1085 Patre,

2223 1104 2278 1160 in
2302 1105 2484 1161 futuro
2517 1108 2622 1162 erit
2649 1108 2823 1178 plene.
2848 1107 2949 1174 Qui
2980 1123 3108 1179 ergo
3136 1108 3350 1178 proiicit
3382 1110 3435 1163 in
3466 1112 3800 1177 cognitione,

2222 1197 2396 1265 magis
2423 1198 2604 1252 vivere
2626 1199 2814 1253 tendit.
2845 1199 3075 1266 Quando
3095 1209 3276 1254 autem
3304 1201 3408 1254 erit
3438 1200 3591 1271 plena
3619 1205 3808 1273 cogni-

2221 1287 2318 1352 tio,
2354 1287 2460 1342 erit
2486 1287 2605 1342 sine
2629 1289 2734 1343 line
2761 1288 3018 1344 laudatio.
3062 1289 3127 1343 Et
3157 1290 3272 1344 haec
3300 1298 3382 1343 est
3412 1289 3500 1343 illa
3530 1290 3802 1347 clariﬁca-

2219 1378 2316 1444 tio,
2359 1379 2451 1434 sed
2478 1379 2629 1448 prius
2658 1380 2746 1435 hic
2771 1380 3102 1436 clariﬁcatur
3128 1381 3254 1435 dum
3302 1381 3589 1437 innotescit
3630 1385 3804 1439 lideli-

2215 1471 2356 1536 bus;
2386 1473 2527 1528 unde
2544 1489 2566 1542 ,ε
2610 1472 2722 1542 Ego
2766 1483 2815 1527 te
2853 1473 3140 1543 clariﬁcavi
3169 1492 3325 1544 super
3349 1486 3560 1531 terram.

2287 1562 2450 1618 Vens.
2480 1562 2535 1616 4.
2585 1594 2656 1604 -—
2682 1563 2827 1634 Opus
2875 1567 3254 1620 consummavi.
3297 1566 3354 1620 Id
3386 1575 3498 1632 est,
3537 1569 3582 1622 si
3611 1579 3801 1639 aperte

2215 1653 2453 1710 futurum
2483 1656 2706 1720 diceret,
2752 1655 3081 1723 clariﬁcabo,
3134 1659 3392 1729 gentibus
3431 1661 3796 1729 praedicando.

2215 1747 2362 1818 Opus
2415 1750 2820 1812 consummabo,
2874 1751 3000 1819 quia
3036 1751 3150 1820 jam
3197 1749 3396 1805 factum
3444 1752 3799 1820 prmdestina-

535 1842 665 1895 liora
694 1841 981 1912 passionis,
1011 1851 1066 1896 et
1087 1841 1198 1910 jam
1230 1855 1397 1910 prope
1425 1849 1538 1906 est,
1575 1840 1628 1893 in
1659 1854 1764 1908 qua
1795 1840 1868 1893 ita
1899 1848 2116 1909 pertur-
2144 1830 2190 1888 Β
2221 1844 2395 1909 tione;
2425 1851 2480 1898 et
2518 1859 2617 1913 pro
2639 1843 2750 1912 jam
2778 1842 2922 1897 facto
2947 1855 3031 1897 est
3060 1843 3396 1907 habendum,
3437 1846 3578 1914 quod
3607 1847 3800 1900 certis-

532 1933 754 1998 bemini,
773 1935 991 2002 utquod
1015 1935 1174 1989 modo
1196 1934 1437 1997 creditis,
1458 1931 1800 2002 relinquatis,
1823 1948 1929 1987 non
1952 1933 2111 1988 modo

532 2037 781 2092 corpore.
811 2027 903 2077 sed
932 2025 1093 2077 etiam
1127 2025 1323 2078 mentis
1355 2024 1488 2088 fide;
1518 2023 1660 2077 unde
1707 2040 1720 2076 :
1760 2021 2110 2093 Sperabamus

529 2115 668 2183 quod
697 2115 1054 2185 redempturus
1081 2126 1210 2169 esset
1238 2115 1430 2169 Israel.

605 2203 764 2259 Vsus.
799 2207 888 2259 59..
912 2238 979 2246 —
1007 2205 1077 2261 Et
1109 2225 1210 2261 non
1236 2225 1375 2270 sum,
1407 2216 1513 2263 etc.
1557 2208 1698 2263 Ecce
1727 2209 2107 2280 profecerunt,

528 2297 623 2351 sed
652 2297 718 2350 ad
750 2297 922 2366 majus
949 2300 1061 2353 vult
1092 2314 1184 2354 eos
1223 2301 1462 2364 extendi,
1496 2308 1554 2353 ut
1585 2316 1706 2354 cum
1749 2301 2022 2356 dixerint:
2063 2301 2108 2355 A

530 2387 638 2442 Deo
669 2389 840 2454 existi,
873 2391 1052 2445 dicat:
1095 2390 1256 2446 Pater
1283 2409 1483 2446 mecum
1516 2403 1624 2458 est,
1665 2409 1766 2448 nec
1803 2394 1882 2448 sic
1917 2403 2108 2464 putent

530 2496 560 2534 a
588 2480 697 2535 Deo
723 2482 920 2548 exisse,
950 2491 1221 2553 utputent
1250 2484 1411 2538 etiam
1439 2485 1748 2539 recessisse.
1784 2483 1921 2548 Quia
1946 2483 2109 2538 Pater

527 2586 727 2623 mecum
775 2581 869 2624 est.
922 2571 1146 2627 Dixerat
1176 2557 1427 2643 Relinqito
1468 2574 1721 2627 mundum
1764 2583 1812 2627 et
1857 2575 1991 2628 vado
2038 2574 2107 2628 ad

528 2661 764 2727 Patrem,
797 2680 938 2719 nunc
969 2666 1094 2720 dicit
1120 2684 1132 2719 :
1170 2665 1333 2720 Pater
1358 2684 1556 2720 mecum
1583 2676 1688 2730 est,
1730 2667 1871 2735 quod
1903 2668 2105 2722 intelli-

527 2756 669 2823 genti
694 2766 778 2810 est
798 2759 1041 2822 verbum,
1067 2775 1171 2813 non
1195 2760 1512 2830 intelligeuti
1542 2761 1906 2829 proverbium.
1938 2760 2034 2816 Cui
2058 2761 2106 2815 si

527 2861 634 2899 non
658 2855 741 2899 est
762 2847 934 2910 cibus,
953 2857 1128 2902 tamen
1153 2849 1306 2904 lactis
1327 2859 1412 2904 est
1430 2851 1849 2906 alimentum.Ex
1869 2865 1977 2920 quo
1998 2859 2101 2917 est,

527 2935 668 3005 quod
697 2935 937 2990 sciebant
967 2953 1088 2992 eum
1116 2954 1275 2994 nosse
1301 2939 1502 2993 omnia.

1100 3090 1325 3148 CAPUT
1361 3091 1516 3148 XVII.

593 3199 758 3256 Vsus.
793 3201 843 3255 i.
870 3233 938 3243 —
964 3200 1092 3258 Ilwc
1130 3204 1336 3260 locutus
1371 3184 1466 3260 est.
1511 3204 1626 3261 Non
1670 3205 1840 3262 solum
1885 3223 2002 3278 quae
2042 3209 2097 3263 in

522 3306 696 3355 caena,
729 3291 824 3346 sed
849 3293 1013 3347 etiam
1045 3310 1163 3364 qum
1195 3297 1262 3351 ab
1293 3297 1466 3352 initio.
1507 3295 1613 3352 Sed
1641 3299 1872 3353 maxime
1901 3314 2019 3368 qum
2043 3299 2096 3354 in

519 3397 674 3437 etena
703 3385 801 3439 hac
833 3384 898 3438 de
924 3400 1088 3439 causa
1115 3387 1246 3440 dicit
1273 3387 1436 3453 dicta,
1469 3396 1527 3442 ut
1562 3388 1614 3442 in
1644 3387 1734 3443 illo
1781 3404 1970 3458 pacem
2001 3390 2098 3444 ha-

519 3475 726 3530 berent.
767 3476 894 3532 Haec
930 3493 1036 3547 pax
1067 3485 1151 3533 est
1180 3495 1276 3548 pro
1305 3495 1407 3548 qua
1437 3479 1727 3533 Christiani
1759 3496 1964 3543 sumus,
1995 3495 2096 3549 pro

519 3585 624 3639 qua
653 3572 1005 3625 sacramentis
1035 3571 1344 3637 imbuimur,
1373 3588 1471 3642 pro
1493 3588 1596 3641 qua
1621 3573 1942 3628 omnimodis
1971 3589 2096 3628 eru-

523 3660 726 3724 dimur,
758 3676 856 3730 pro
887 3675 992 3730 qua
1023 3659 1285 3729 Spiritum
1331 3663 1383 3716 in
1408 3663 1600 3733 pignus
1626 3664 1928 3733 accepimus
1951 3705 1964 3729 ,
1996 3680 2095 3736 pro

519 3770 624 3824 qua
661 3755 867 3809 incum
912 3755 1184 3810 credimus
1231 3765 1285 3809 et
1327 3772 1606 3826 speramus
1652 3765 1706 3811 et
1749 3773 1933 3813 amore
1978 3758 2095 3830 ejus

516 3846 883 3901 accendimur.
914 3846 1037 3902 Haec
1075 3855 1160 3902 est
1201 3848 1471 3919 pressuris
1509 3847 1808 3904 consolatio
1852 3859 1907 3906 et
1957 3851 2092 3907 libe-

517 3940 677 3994 ratio.
713 3937 895 4004 Pater,
923 3941 1056 3994 venit
1085 3941 1235 3995 hora.
1268 3941 1448 3997 Potuit
1471 3956 1628 3997 orare
1651 3943 1896 4010 silentio,
1925 3946 2017 4000 sed
2039 3945 2091 4000 in

515 4033 722 4087 orando
758 4039 842 4086 est
870 4033 1031 4086 etiam
1061 4033 1270 4098 doctor,
1317 4042 1371 4088 et
1409 4042 1588 4088 notam
1618 4033 1745 4089 facit
1791 4035 2092 4092 orationem

515 4139 637 4194 quae
669 4131 723 4178 et
758 4124 1102 4192 prtesentium
1147 4133 1202 4181 et
1245 4123 1545 4180 futurorum
1577 4124 1879 4180 aedificatio.
1937 4109 2102 4181 Venit'

514 4217 666 4269 liora.
718 4215 834 4269 Non
884 4225 1106 4286 urgente
1139 4214 1265 4280 fato,
1324 4217 1416 4271 sed
1463 4217 1778 4285 disponente
1807 4217 1952 4283 Deo,
1998 4217 2091 4287 qui

514 4306 631 4361 sine
685 4315 922 4375 tempore
969 4307 1237 4360 ordinavit
1286 4306 1464 4360 omnia
1503 4321 1622 4375 quae
1662 4307 1793 4360 fiant
1821 4323 1920 4377 per
1949 4315 2088 4361 tem-

514 4416 647 4471 pora
684 4401 871 4455 ordine
898 4415 1152 4468 congruo.
1194 4395 1439 4466 Clariﬁca
1465 4397 1683 4451 Filium.
1719 4397 2003 4454 Humilitas
2033 4400 2088 4453 in

515 4491 784 4562 passione,
813 4488 1029 4543 claritas
1061 4489 1112 4542 in
1142 4487 1535 4542 resurrectione
1557 4488 1742 4557 C(Bpit.
1771 4485 1930 4542 Venit
1951 4487 2085 4541 hora

513 4583 779 4653 passionis
802 4623 816 4647 ,
850 4581 1176 4636 semiuanda:
1206 4579 1543 4645 humilitatis,
1590 4596 1697 4635 non
1723 4579 1940 4635 diil‘eras
1966 4579 2082 4651 glo-
2111 4554 2162 4614 D

513 4678 650 4732 riam
698 4673 1127 4737 resurrectionis,
1178 4683 1232 4726 ut
1280 4671 1328 4724 F
1333 4671 1455 4727 ilius
1486 4682 1606 4726 tuus
1631 4671 1882 4742 clariﬁcet
1911 4683 1979 4727 te.
2024 4673 2088 4727 Et

513 4770 592 4825 sic
621 4770 838 4824 claritas
891 4766 1068 4821 Patris
1115 4781 1215 4820 nec
1260 4766 1440 4836 augeri
1485 4781 1586 4820 nec
1631 4765 1794 4820 minui
1827 4773 2003 4835 potest
2031 4765 2084 4820 in

519 4879 598 4919 se.
629 4861 781 4931 Apud
830 4851 1074 4915 homities
1112 4859 1288 4913 minor
1330 4869 1448 4913 erat
1498 4860 1623 4912 dum
1673 4859 1726 4912 in
1758 4857 1941 4913 Judaza
1973 4857 2086 4912 sola

514 4967 692 5020 notus,
724 4955 813 5010 sed
841 4969 938 5023 per
969 4953 1420 5008 resurrectionem
1462 4951 1579 5005 Filii
1608 4951 1808 5019 ubique
1832 4950 2082 5004 innotuit.

516 5048 582 5103 Ut
606 5047 777 5101 Filius
808 5057 924 5099 tuus
954 5045 1200 5114 clari/icet
1251 5057 1316 5099 te.
1348 5045 1407 5099 lu
1439 5042 1741 5112 cognitione
1782 5043 2078 5107 hominum,

511 5143 647 5198 sicut
679 5138 891 5202 dedisti,
922 5153 1089 5208 usque
1120 5147 1173 5189 ut
1195 5144 1505 5206 cognoscant
1529 5144 1596 5187 te.
1626 5143 1672 5187 et
1693 5150 1843 5195 quem
1870 5117 2080 5188 misisti.

512 5234 626 5288 Non
655 5233 793 5286 enim
826 5240 1002 5301 potest
1027 5229 1332 5300 cognitione
1359 5227 1630 5282 hominem
1662 5227 1949 5282 clarificari
1979 5227 2082 5282 Pa-

511 5336 614 5389 ter,
647 5325 747 5379 nisi
781 5324 867 5379 ille
896 5331 1251 5394 cognoscatur
1287 5334 1384 5390 per
1410 5334 1569 5388 quem
1617 5319 1975 5383 clarificatur,
2027 5320 2082 5375 id

509 5428 592 5474 est
619 5418 844 5490 papulus
891 5418 1214 5478 innotescat,
1241 5421 1298 5466 et
1345 5411 1459 5466 haec
1502 5419 1586 5467 est
1631 5411 1947 5467 elariiicatio
1976 5412 2080 5467 Pa-

510 5512 626 5577 tris,
660 5527 778 5582 quae
803 5525 906 5565 nou
939 5509 1082 5563 circa
1123 5505 1265 5560 solos
1310 5503 1580 5574 apostolos
1616 5505 1709 5560 sed
1747 5505 1907 5560 etiam
1937 5506 2081 5562 circa

507 5603 1002 5661 omncs‘credentes
1030 5600 1119 5655 sit.

580 5695 738 5752 Vens.
769 5695 822 5749 5.
852 5723 922 5735 -ο
949 5691 1079 5746 licet:
1105 5699 1179 5744 est
1209 5697 1408 5754 autem,
1442 5697 1555 5743 etc.
1587 5687 1761 5755 Ordo,
1799 5687 1862 5742 Ut
1892 5706 2080 5762 cogno-

507 5802 656 5848 scunt
692 5800 761 5855 te,
801 5787 1024 5858 et-quem
1049 5784 1258 5850 misisti,
1289 5783 1342 5838 id
1395 5791 1476 5839 est
1499 5782 1771 5838 Christum
1803 5797 1924 5839 cum
1951 5783 2098 5853 Spir

2215 1935 2349 1989 sime
2378 1942 2461 1988 est
2504 1933 2763 1988 futurum.
2815 1933 2969 1987 Hanc
3010 1933 3535 2003 prtedestinationem
3593 1935 3646 1988 in
3704 1953 3796 1991 sua

2213 2025 2596 2080 clariﬁcatione
2619 2022 2958 2079 manifestius
2987 2024 3192 2094 aperit,
3221 2025 3408 2080 dicens
3435 2041 3449 2078 :
3503 2023 3679 2090 Quam
3706 2028 3796 2081 ha-

2213 2115 2301 2170 bui
2333 2114 2472 2185 apud
2511 2125 2560 2169 te
2594 2116 2901 2185 priusquam
2937 2114 3162 2168 mundus
3207 2125 3337 2168 esset
3355 2132 3381 2179 ;.
3400 2115 3452 2168 id
3498 2125 3602 2180 est,
3654 2117 3796 2172 sicut

2214 2215 2340 2261 tunc
2364 2206 2418 2260 in
2441 2206 2910 2276 praedestinatione
2939 2207 3099 2262 habui
3121 2208 3262 2276 apud
3290 2219 3342 2262 te
3371 2215 3496 2261 ante
3528 2217 3791 2278 tempora,

2213 2303 2287 2356 ita
2323 2317 2466 2356 nunc
2508 2302 2563 2357 in
2607 2316 2666 2356 re
2712 2301 2798 2356 fac
2846 2301 2900 2355 iu
2949 2302 3150 2356 mundo
3186 2301 3241 2355 in
3275 2310 3536 2371 tempore.
3591 2301 3794 2357 Dedisti

2211 2394 2360 2453 mihi.
2389 2405 2493 2448 etc.
2543 2392 2602 2447 In
2634 2409 2742 2463 quo
2770 2400 2987 2448 notatur
3033 2393 3227 2463 gratia.
3276 2390 3422 2446 Nihil
3455 2391 3603 2446 enim
3635 2392 3792 2447 habet

2211 2483 2266 2538 in
2294 2483 2512 2537 homine
2541 2484 2682 2552 quod
2715 2498 2818 2537 non
2848 2481 3074 2552 accepit.

2282 2576 2444 2631 Vens.
2480 2575 2533 2629 5.
2573 2605 2644 2614 —
2669 2573 3006 2628 Hominibus.
3058 2572 3291 2627 Possunt
3328 2572 3444 2627 haec
3473 2571 3657 2627 omnia
3687 2571 3789 2626 dici

2211 2667 2275 2723 de
2303 2668 2554 2723 omnibus
2580 2666 2824 2722 ﬁdelibus
2873 2665 3085 2721 futuris.
3124 2666 3190 2720 Et
3216 2673 3299 2720 est
3327 2665 3441 2720 hazc
3471 2665 3788 2720 clariﬁcatio

2208 2773 2313 2827 qua
2360 2757 2687 2811 clarificatus
2734 2756 2901 2810 Filius
2931 2755 3190 2810 clariﬁcat
3219 2753 3434 2810 Patrem
3467 2773 3633 2826 super
3675 2765 3784 2813 ter-
3825 2744 3832 2749 ’

2207 2863 2342 2911 ram,
2371 2846 2663 2902 secundum
2693 2849 2836 2916 quod
2863 2857 2944 2902 est
2966 2847 3298 2917 praeteritum
3326 2863 3425 2918 pro
3451 2847 3657 2904 futuro.

2277 2929 2449 2991 Vens.
2482 2936 2534 2990 6.
2561 2967 2632 2976 -
2665 2935 2761 2991 Tui
2791 2947 2960 2992 erant.
2997 2936 3174 3010 (Αυο.)
3197 2936 3371 2993 Patris
3407 2947 3568 2993 erant
3607 2941 3658 2994 hi
3689 2941 3788 2997 sic-

2205 3039 2265 3085 ut
2291 3031 2491 3094 omnia,
2524 3039 2654 3096 etc.,
2687 3047 2846 3101 usque
2883 3031 2952 3083 ad
2977 3030 3102 3100 quia
3133 3031 3367 3085 nondum
3401 3040 3521 3086 erat
3541 3033 3726 3089 homo.

2274 3121 2439 3176 Vsus.
2473 3123 2521 3176 7.
2555 3153 2626 3161 —
2663 3110 3041 3192 Co'gnoverunt.
3084 3123 3162 3178 Ne
3214 3132 3498 3194 putaretur
3557 3127 3787 3199 cognitio

2126 3193 2170 3256 (ἶ
2195 3213 2308 3284 jam
2328 3215 2466 3270 facta
2491 3230 2586 3286 per
2610 3215 2864 3285 speciem,
2889 3216 3039 3270 addit
3062 3233 3076 3269 :
3109 3193 3468 3272 Crediderunt
3493 3193 3654 3283 vere;
3685 3235 3783 3274 non

2198 3323 2264 3364 eo
2289 3308 2570 3377 modoquo
2598 3323 2721 3362 cum
2743 3308 2913 3362 dixit:
2942 3307 3096 3362 Modo
3120 3309 3362 3373 creditis,
3391 3309 3542 3364 venit
3563 3312 3700 3365 hora
3730 3321 3786 3365 ut

2197 3398 2599 3469 dispergamini.
2631 3397 2738 3452 Sed
2773 3412 2874 3452 nec
2904 3397 3079 3452 adhuc
3124 3397 3260 3452 tales
3293 3409 3470 3464 erant,
3505 3400 3607 3454 sed
3652 3415 3785 3469 prm-

2195 3490 2407 3546 nuntiat
2448 3489 2635 3560 quales
2683 3489 2792 3544 sint
2817 3489 2984 3545 futuri
3007 3501 3228 3561 accepto
3265 3491 3496 3561 Spiritu,
3534 3492 3656 3548 sine
3682 3508 3796 3562 quo

2195 3597 2297 3636 nec
2323 3588 2673 3636 servaverunt
2695 3596 2997 3638 sermonem
3032 3596 3192 3651 quem
3215 3582 3446 3636 dixerat.

2269 3674 2434 3729 Vsus.
2467 3675 2518 3728 9.
2547 3704 2617 3714 —
2646 3673 2758 3744 Ego
2781 3691 2874 3744 pro
2913 3676 2988 3729 eis
3021 3691 3163 3745 rogo.
3195 3673 3377 3730 Prima
3404 3676 3581 3732 oratio
3635 3676 3737 3731 fuit
3769 3694 3782 3730 2

2193 3764 2442 3834 Clariﬁca
2458 3762 2677 3830 Filium,
2700 3775 2756 3818 ut
2782 3764 2955 3819 Filius
2969 3765 3220 3835 clari/icet
3247 3776 3315 3831 te,
3341 3775 3395 3821 et
3417 3767 3483 3822 de
3511 3768 3599 3822 his
3625 3784 3784 3824 exse.

2192 3865 2350 3912 cutus
2378 3863 2464 3910 est
2505 3863 2559 3909 et
2593 3855 2856 3911 conclusit
2896 3857 2950 3912 in
2983 3857 3086 3913 lide
3120 3859 3475 3914 credentium.
3529 3859 3656 3916 Jam
3688 3877 3783 3932 pro

2191 3951 2270 4006 eis
2307 3957 2459 4022 rogat
2480 3958 2540 4004 ut
2565 3948 2730 4006 Pater
2767 3961 2948 4008 servet
2969 3967 3065 4009 eos
3108 3968 3244 4024 quos
3285 3953 3400 4024 ipse
3426 3969 3662 4024 corpore
3705 3969 3786 4010 ne-

2191 4041 2366 4112 liquit.

2266 4135 2425 4191 Vtms.
2460 4133 2546 4189 {0.
2570 4166 2646 4176 —
2668 4133 2740 4189 Et
2767 4151 2882 4190 mea
2929 4136 3124 4190 omnia.
3176 4135 3292 4191 Non
3317 4135 3462 4191 enim
3489 4137 3620 4207 quia
3649 4137 3783 4192 Filio

2192 4225 2338 4280 dedit
2383 4223 2545 4280 Pater
2575 4225 2790 4291 amisit,
2837 4241 2960 4280 cum
2991 4226 3160 4282 Filius
3207 4227 3384 4282 adhuc
3411 4226 3576 4281 addat
3607 4245 3622 4284 :
3664 4228 3781 4282 Mea

2191 4320 2366 4374 omnia
2393 4329 2484 4373 tua
2504 4329 2552 4373 et
2573 4329 2664 4373 tua
2695 4338 2809 4374 mea
2837 4332 2977 4375 sunt.
3010 4321 3280 4394 Uuigcniti
3304 4321 3422 4376 Filii
3447 4333 3576 4378 sunt
3597 4325 3780 4378 omnia

2190 4426 2311 4480 qua:
2338 4409 2536 4473 Patris.
2569 4427 2668 4481 per
2692 4412 2796 4466 hoc
2822 4412 2964 4482 quod
2987 4412 3150 4467 etiam
3175 4413 3318 4468 Deus
3341 4422 3424 4468 est
3454 4414 3591 4483 ipse,
3619 4415 3782 4469 etiam

2191 4501 2258 4555 de
2282 4500 2443 4556 Patre
2467 4513 2642 4566 natus,
2669 4502 2814 4557 Patri
2830 4512 2911 4558 est
2940 4503 3183 4574 aequalis.

2260 4595 2424 4649 Vsus.
2455 4593 2541 4647 il.
2573 4624 2644 4634 -—-
2673 4593 2833 4648 Serva
2877 4611 2983 4649 eos.
3039 4595 3108 4650 Ut
3137 4595 3248 4649 sint
3291 4610 3456 4649 unum
3486 4595 3542 4650 in
3582 4607 3782 4652 natura

2187 4699 2306 4749 sua,
2331 4684 2472 4739 sicut
2493 4692 2546 4738 et
2567 4699 2667 4740 nos
2697 4685 2750 4738 in
2772 4692 2958 4740 nostra
2984 4701 3168 4740 sumus
3197 4701 3395 4750 unum;
3427 4694 3484 4739 et
3523 4687 3648 4742 ideo
3673 4705 3778 4742 non

2188 4775 2282 4836 ait,
2309 4783 2368 4827 ut
2392 4773 2500 4828 sint
2526 4789 2692 4828 unum
2721 4775 3018 4837 uobiscum,
3053 4783 3146 4828 aut
3172 4783 3231 4828 ut
3262 4776 3432 4830 simus
3470 4792 3644 4831 unum
3678 4778 3782 4848 ipsi

2187 4874 2244 4920 et
2264 4880 2362 4920 nos
2390 4865 2531 4920 sicut
2557 4881 2656 4920 nos
2681 4882 2846 4920 unum
2878 4882 3082 4931 sumus,
3106 4867 3228 4936 quia
3261 4882 3366 4922 non
3385 4878 3514 4923 sunt
3533 4871 3776 4939 ejusdem

2188 4963 2395 5008 naturae
2422 4970 2544 5008 cum
2572 4955 2702 5022 Deo,
2735 4957 2873 5010 sicut
2899 4956 3084 5023 Filius,
3100 4957 3398 5012 secundum
3429 4961 3578 5029 quod
3611 4961 3774 5022 Deus,

2188 5063 2352 5101 unum
2377 5056 2460 5102 est
2488 5062 2609 5102 cum
2640 5047 2818 5104 Patre.

2259 5138 2422 5194 Vsus.
2460 5139 2770 5194 12.—Cum
2799 5157 2981 5194 essem.
3021 5139 3136 5193 Non
3163 5138 3418 5194 debemus
3445 5138 3772 5212 intelligere,

2188 5231 2330 5300 quod
2359 5230 2519 5284 Pater
2545 5240 2596 5284 et
2627 5230 2794 5285 Filius
2821 5231 3126 5285 alternatim
3170 5237 3390 5284 servent
3434 5234 3590 5301 quasi
3633 5233 3772 5288 alter

2187 5331 2310 5392 post
2335 5322 2583 5376 alterum.
2618 5321 2790 5376 Simul
2815 5323 2956 5377 enim
2992 5330 3207 5376 servant
3235 5321 3397 5375 Pater
3417 5333 3472 5376 et
3499 5322 3538 5375 F
3547 5324 3673 5378 ilius
3719 5335 3772 5377 et

2189 5413 2424 5484 Spiritus
2453 5422 2671 5468 sanctus
2716 5415 2804 5484 qui
2834 5421 2916 5468 est
2954 5429 3090 5467 unus
3135 5413 3296 5467 Deus.
3349 5413 3458 5467 Sed
3486 5414 3772 5483 Scriptura

2183 5522 2282 5561 nos
2325 5520 2431 5559 non
2467 5503 2626 5570 levat,
2677 5505 2778 5558 nisi
2810 5505 2877 5558 ad
2923 5520 3018 5561 uos
3065 5504 3376 5559 descendat.
3410 5502 3547 5559 Cum
3582 5505 3656 5559 ita
3688 5505 3764 5558 lo-

2182 5601 2384 5671 quitur,
2414 5599 2771 5670 intelligamus
2797 5597 3123 5668 distinguere
3144 5612 3404 5668 personas
3423 5638 3440 5663 ,
3471 5613 3580 5652 non
3611 5611 3772 5668 sepa—

2182 5707 2302 5748 rare
2327 5700 2594 5746 naturam.
2619 5689 2884 5746 Gaudium
2907 5689 3046 5759 quod
3073 5705 3235 5759 supra
3253 5689 3543 5760 expressit,
3575 5697 3634 5743 ut
3655 5689 3767 5743 sint

2181 5802 2344 5841 unum
2383 5785 2516 5840 sicut
2543 5795 2594 5839 et
2663 5798 2744 5849 (ς,
2789 5785 2903 5840 haec
2933 5791 3016 5839 est
3045 5798 3144 5853 pax
3180 5781 3266 5836 illa
3295 5790 3348 5837 et
3397 5781 3678 5837 beatitudo
3709 5782 3763 5836 in
