3958 6314
167 336 257 392 417

1103 329 1369 389 GLOSSA
1403 331 1801 390 ORDINABIA.
1841 362 1914 377 --
1949 335 2200 393 EVANG.
2240 338 2429 396 JOAN.

3285 353 3390 409 418

175 446 335 499 futuro
367 438 595 504 seculo,
646 449 868 512 propter
890 457 1052 514 quam
1079 446 1262 501 omnia
1296 446 1450 514 fiunt,
1497 457 1717 518 propter
1741 451 1796 511 Α
1889 446 2052 504 Vens.
2081 448 2172 504 26.
2203 480 2274 499 -γ-
2299 449 2368 505 Ut
2393 452 2621 508 dilectio.
2654 453 2878 510 Dilectio
2901 470 3006 525 qua
3034 457 3196 514 Pater
3223 461 3397 534 diligit

176 551 320 606 quam
344 549 399 588 se
427 547 543 588 esse
572 531 808 588 locutum
833 535 962 590 dicit
983 536 1037 590 in
1063 539 1281 593 mundo.

237 625 385 679 Vens.
415 625 498 677 17.
521 654 592 663 -
619 623 926 694 Sanctiﬁca.
961 627 1112 681 Sicut
1143 641 1206 681 ex
1236 629 1408 698 gratia
1439 637 1529 684 tua
1559 629 1720 685 inca:-

171 730 250 789 pta
286 728 364 772 est
409 716 766 771 sanctificatio
813 733 910 788 per
965 734 1126 788 quam
1167 718 1280 787 jam
1324 736 1432 775 non
1482 730 1607 775 sunt
1653 722 1719 777 de

172 811 371 871 mundo,
408 810 592 862 eadem
621 810 790 876 gratia
814 809 901 864 fac
929 811 1248 877 sanctiores,
1295 821 1354 866 ut
1376 819 1720 881 perseverent

171 903 217 957 in
246 901 478 964 veritate,
506 901 660 970 cujus
696 902 887 956 umbra
915 901 1134 958 fuerunt
1161 913 1372 959 veteres
1417 905 1720 960 sanctifica-

171 994 349 1058 tiones;
375 992 424 1046 id
451 1000 556 1058 est,
584 993 638 1047 in
664 1009 749 1048 me
769 994 860 1063 qui
886 1011 1004 1049 sum
1028 995 1253 1059 veritas,
1275 997 1417 1064 quod
1443 996 1720 1050 subdendo

169 1093 355 1154 aperit:
410 1082 594 1137 Sermo
647 1093 766 1138 tuus
795 1086 982 1138 veritas
1011 1094 1085 1138 est
1109 1125 1124 1147 ,
1157 1083 1300 1154 quod
1326 1094 1436 1146 est,
1469 1101 1570 1156 ego
1601 1100 1721 1161 sum

167 1173 364 1227 veritas.
389 1171 574 1226 Grazee
599 1173 760 1246 λόγος,
791 1171 984 1228 Latine
1011 1173 1236 1227 verbum
1265 1171 1350 1227 vel
1375 1187 1553 1228 sermo
1576 1213 1592 1241 ,
1629 1173 1721 1244 qui

166 1273 237 1318 est
261 1261 555 1333 unigé‘nitus
576 1262 771 1318 Patris.

228 1355 373 1410 Vens.
393 1354 480 1408 I9.
494 1354 633 1408 —Et
651 1373 744 1425 pro
762 1357 834 1410 eis
847 1372 938 1427 ego
956 1357 1242 1426 sanctiﬁco.
1266 1356 1322 1411 Id
1337 1367 1440 1424 est,
1457 1365 1516 1412 ut
1532 1374 1628 1428 pro
1641 1358 1720 1414 eis

165 1445 330 1515 prosit,
347 1460 443 1514 ego
461 1461 546 1500 me
564 1445 833 1502 hominem
851 1448 1198 1504 sanetilicabo
1212 1450 1263 1504 in
1278 1466 1364 1504 me
1384 1448 1556 1511 Verbo
1577 1450 1718 1521 quod

162 1546 234 1591 est
244 1536 306 1590 ab
327 1536 480 1590 initio
493 1536 882 1594 Inearnationis
907 1554 1016 1593 suae
1029 1541 1245 1609 quando
1258 1541 1488 1596 Verbum
1516 1540 1718 1596 factum

161 1633 234 1680 est
252 1641 389 1681 caro.
418 1624 506 1680 Ita
532 1635 710 1681 autem
739 1627 844 1683 illis
867 1629 1106 1698 prodest,
1151 1631 1277 1699 quia
1315 1638 1371 1685 et
1412 1631 1576 1700 ipsos,
1627 1630 1720 1700 qui

162 1724 270 1771 sunt
295 1731 411 1788 ego,
452 1718 584 1787 quia
618 1728 777 1788 caput
817 1729 873 1774 et
893 1735 1090 1790 corpus
1116 1728 1242 1775 sunt
1268 1736 1407 1776 unus
1448 1721 1718 1786 Christus,

160 1807 414 1863 sanctiﬁeo
457 1808 515 1862 in
547 1809 771 1879 meipso,
813 1811 955 1864 unde
985 1810 1134 1865 addit
1159 1829 1174 1865 :
1204 1821 1260 1864 ut
1281 1810 1382 1866 sint
1403 1820 1453 1866 et
1479 1811 1576 1882 ipsi
1605 1813 1713 1868 sic-

160 1910 209 1956 ut
232 1916 343 1971 ego,
372 1901 691 1970 sanctiﬁcati
735 1904 789 1956 in
830 1905 1042 1958 veritate
1067 1912 1122 1960 et
1149 1904 1202 1958 in
1233 1921 1339 1960 me.

219 1993 368 2048 Vens.
399 1992 494 2047 20.
524 2024 596 2033 —
621 1991 745 2049 Non
782 2012 876 2064 pro
901 1997 992 2051 eis.
1025 1996 1144 2052 Jam
1175 2013 1281 2052 non
1309 1998 1376 2053 de
1419 1999 1548 2055 solis
1583 2015 1714 2069 apo-

157 2084 309 2148 stolis,
352 2085 432 2139 vel
482 2085 548 2140 de
589 2087 801 2141 caeteris
829 2089 1084 2144 membris
1113 2090 1339 2158 incipit:
1392 2090 1509 2145 Non
1535 2100 1715 2146 autem

157 2184 260 2228 orat
281 2190 373 2244 pro
408 2175 499 2230 his
527 2176 614 2244 qui
638 2174 752 2244 jam
789 2187 914 2232 sunt
943 2178 994 2231 in
1040 2179 1142 2233 lide
1170 2178 1287 2247 ejus
1314 2179 1574 2246 defuncti,
1619 2184 1716 2238 sed

155 2280 240 2333 pro
267 2267 347 2320 his
375 2267 467 2335 qui
494 2275 618 2320 sunt
643 2267 695 2320 in
729 2268 1130 2324 tentationibus.
1165 2269 1270 2325 Sed
1299 2280 1346 2324 et
1367 2288 1461 2340 pro
1483 2272 1556 2326 eis
1604 2275 1712 2343 qui.

157 2356 320 2426 Usque
347 2360 398 2412 in
431 2359 596 2414 tinem
637 2360 860 2426 mundi,
907 2362 993 2416 vel
1016 2361 1130 2431 jam
1158 2356 1386 2418 credunt
1412 2364 1716 2435 ubicunque

156 2455 286 2511 sunt,
312 2463 416 2503 nou
447 2459 627 2504 tamen
657 2458 761 2504 tam
787 2449 1044 2518 perfecte,
1083 2461 1143 2506 ut
1168 2461 1288 2520 post
1315 2454 1569 2508 credituri
1594 2464 1718 2509 sunt

153 2547 260 2606 post
285 2541 758 2595 resurrectionem.
785 2540 884 2596 Per
913 2544 1140 2596 verbum.
1169 2543 1275 2597 Per
1307 2544 1528 2599 verbum
1546 2547 1717 2600 Evan-

154 2628 283 2697 gelii,
316 2631 461 2699 quod
489 2639 574 2686 est
599 2646 808 2697 eorum,
850 2648 956 2686 non
983 2633 1124 2702 quod
1154 2649 1251 2702 per
1277 2649 1370 2689 eos
1413 2644 1616 2689 tantum
1648 2636 1719 2690 sit

150 2724 491 2790 [medicatum
516 2765 530 2790 ,
573 2725 667 2780 sed
692 2734 749 2779 et
789 2741 886 2796 per
912 2725 1138 2780 Paulum
1165 2736 1219 2780 et
1257 2726 1391 2782 alios
1425 2728 1715 2797 quoslibet,

151 2814 233 2867 sed
263 2816 516 2890 quia‘eis
542 2818 715 2885 primo
757 2827 812 2871 et
857 2818 1228 2888 principaliter
1269 2821 1615 2875 commissum
1647 2823 1720 2876 sit

150 2907 208 2958 ad
234 2907 655 2975 prmdieandum.
686 2907 799 2963 Hoc
823 2918 907 2964 est
927 2911 1148 2964 verbum
1174 2910 1320 2976 ﬁdei,
1349 2912 1572 2966 verbum
1599 2913 1714 2980 Dei,

147 3013 232 3066 per
256 2999 402 3068 quod
433 3001 659 3054 credidit
696 3000 852 3067 latro,
883 3001 1109 3057 credidit
1136 3002 1352 3069 Paulus,
1397 3012 1452 3058 et
1486 3005 1714 3073 quicun-

145 3105 239 3159 que
270 3090 485 3144 credit..
1207 3079 1221 3095 '

209 3181 376 3235 Vens.
409 3178 502 3232 2|.
531 3206 602 3220 —-
625 3176 691 3232 Ut
715 3195 890 3233 omnes
911 3196 1071 3232 unum
1096 3181 1219 3234 sint.
1245 3180 1360 3235 Non
1390 3182 1486 3245 ait,
1517 3181 1718 3237 Omnes

145 3285 302 3324 unum
333 3284 544 3335 sumus,
601 3269 694 3323 sed
722 3277 781 3322 ut
810 3269 884 3322 illi
908 3285 1096 3323 omnes
1140 3286 1305 3323 unum
1343 3274 1470 3334 sint,
1500 3271 1636 3326 sicut
1665 3282 1719 3326 tu

144 3360 296 3416 Pater
336 3360 391 3414 in
445 3375 530 3414 me
557 3368 612 3413 et
641 3375 741 3430 ego
769 3360 823 3413 in
853 3368 925 3424 te,
953 3360 1178 3414 subaudi
1209 3376 1372 3414 unum
1399 3376 1615 3415 sumus:
1640 3361 1719 3416 Ita

145 3462 192 3508 et
226 3452 392 3508 Pater
438 3452 492 3506 iu
542 3451 676 3506 Filio
725 3462 780 3505 et
812 3451 981 3506 Filius
1018 3453 1070 3507 iu
1102 3452 1282 3517 Patre,
1314 3463 1372 3507 ut
1396 3469 1559 3508 unum
1587 3456 1715 3521 sint,

146 3545 262 3612 quia
294 3543 460 3597 unius
500 3543 834 3597 substantiae.
887 3540 996 3596 Nos
1031 3557 1158 3596 vero
1188 3557 1472 3610 possumus
1499 3558 1620 3598 esse
1664 3545 1718 3598 in

145 3632 298 3688 Patre
330 3643 387 3689 et
415 3633 550 3688 Filio
577 3641 631 3687 et
669 3631 870 3702 Spiritu
915 3641 1122 3687 sancto.
1156 3631 1250 3686 Vel
1283 3632 1444 3686 Pater
1464 3641 1518 3687 et
1551 3634 1718 3688 Filius

147 3737 198 3781 et
216 3727 454 3797 Spiritus
483 3735 705 3781 sanctus
732 3726 786 3780 in
830 3725 985 3781 nobis
1009 3741 1130 3780 esse
1157 3736 1400 3794 possunt,
1442 3742 1605 3780 unum
1633 3736 1732 3782 ta-.

150 3833 262 3872 men
289 3835 412 3874 cum
444 3818 554 3871 Deo
588 3832 710 3872 esse
738 3833 844 3872 non
890 3831 1205 3886 possumus,
1247 3816 1372 3885 quia
1413 3832 1519 3871 non
1563 3819 1720 3872 unius

147 3909 477 3963 substantiae.
511 3907 650 3962 Deus
673 3923 798 3962 vero
833 3907 888 3961 in
914 3906 1068 3962 nobis
1105 3915 1187 3961 est
1216 3914 1274 3960 ut
1299 3906 1350 3959 in
1379 3906 1596 3976 templo,
1622 3923 1719 3962 nos

150 4001 197 4054 in
221 4003 307 4059 illo
331 4015 390 4060 ut
416 4013 670 4060 creatura
701 4004 752 4058 in
795 4002 1068 4059 Creatore.
1121 4001 1190 4056 Ut
1232 4012 1282 4057 et
1322 4003 1440 4072 ipsi.
1482 4003 1538 4057 In
1568 4005 1720 4060 nobis

149 4094 290 4159 dicit,
331 4105 390 4150 ut
435 4096 582 4167 quod
613 4111 778 4150 unum
815 4104 941 4150 sunt
985 4094 1088 4149 [ide
1115 4103 1170 4150 et
1203 4095 1488 4160 charitate,
1534 4096 1721 4165 gratia:

149 4185 234 4241 Dei
259 4189 524 4252 tribuant,
552 4197 611 4242 ut
639 4203 779 4242 nunc
801 4193 976 4240 autem
1015 4186 1103 4240 lux
1134 4185 1189 4240 in
1224 4185 1470 4241 Domino.

212 4276 274 4331 Ut
325 4280 580 4333 mundus.
636 4277 864 4333 Mundus
914 4277 1002 4332 hic
1039 4277 1300 4347 accipitur
1327 4291 1426 4347 pro
1471 4277 1721 4333 omnibus

150 4367 244 4423 illis
266 4371 356 4440 qui
385 4384 556 4424 unum
591 4377 736 4424 sunt.
769 4367 879 4423 Nec
896 4368 998 4423 hoc
1027 4368 1169 4438 quod
1199 4375 1325 4422 sunt
1350 4366 1477 4423 facit
1501 4383 1720 4423 causam

148 4467 201 4511 ut
222 4461 468 4526 credant,
511 4458 637 4528 quia
673 4458 852 4528 potius
874 4458 1140 4513 credendo
1181 4473 1345 4511 unum
1371 4465 1498 4513 sunt
1529 4473 1718 4528 quam-

146 4551 222 4605 vis
244 4569 408 4607 unum
432 4561 619 4608 essent
645 4559 859 4616 natura,
890 4551 1255 4606 dissentiendo
1304 4561 1482 4607 tamen
1513 4553 1581 4606 ab
1611 4568 1715 4606 uno

147 4655 244 4696 non
269 4653 431 4698 erant
463 4659 655 4709 unum,
703 4644 796 4698 sed
821 4643 1028 4698 orando
1057 4643 1194 4697 dixit
1240 4651 1300 4696 ut
1340 4644 1573 4698 mundus
1601 4659 1718 4698 ere-

147 4732 248 4798 dat,
287 4737 431 4790 sicut
460 4733 666 4790 orando
689 4734 825 4789 dixit
863 4743 924 4788 ut
965 4750 1154 4790 omnes
1191 4749 1356 4789 unum
1404 4735 1554 4801 sint,
1607 4735 1717 4790 acsi

151 4827 297 4882 tertio
335 4827 712 4891 subaudiatur,
753 4843 883 4898 rogo
909 4835 967 4881 ut
997 4827 1227 4882 mundus
1254 4827 1456 4882 credat.

211 4920 370 4978 Vens.
408 4924 505 4979 24.
530 4954 601 4964 —
628 4922 770 4989 Quos
790 4923 998 4977 dedisti.
1031 4922 1087 4977 Id
1110 4931 1214 4988 est,
1257 4923 1466 4978 traxisti
1497 4923 1561 4978 ad
1609 4938 1716 4989 me,

150 5009 223 5066 sic
249 5022 302 5067 et
331 5030 432 5085 ego
457 5014 592 5084 elegi
624 5029 717 5069 eos
739 5015 803 5068 de
833 5013 1030 5068 mundo
1054 5030 1067 5065 :
1119 5013 1206 5067 alii
1235 5029 1340 5068 non
1366 5023 1489 5068 sunt
1512 5015 1621 5068 dati
1649 5013 1720 5080 ei,

149 5115 246 5154 non
290 5113 417 5157 sunt
477 5103 582 5166 sui,
619 5103 721 5158 etsi
764 5112 1003 5172 potestas
1052 5103 1122 5157 sit
1161 5103 1209 5157 ei
1255 5105 1516 5157 omnium.
1572 5103 1720 5159 Volo.

149 5189 257 5247 Non
289 5204 469 5264 potest
503 5210 608 5248 non
641 5195 755 5248 fieri
780 5194 921 5264 quod
947 5193 1062 5247 vult
1107 5193 1472 5262 Omnipotens,
1510 5196 1603 5249 sed
1632 5195 1719 5248 illa

150 5286 392 5342 voluntas
411 5296 496 5342 est
542 5288 794 5351 hominis,
844 5288 908 5342 de
949 5303 1054 5357 qua
1101 5288 1271 5342 dicit:
1309 5285 1429 5340 Non
1452 5290 1588 5342 sicut
1629 5305 1720 5358 ego

153 5377 258 5431 rolo
285 5379 504 5450 (Matth.
529 5377 699 5449 xxvr).
743 5375 978 5432 Videant.
1003 5377 1135 5433 Cum
1169 5379 1220 5432 in
1252 5378 1422 5433 forma
1451 5379 1594 5434 servi
1618 5373 1724 5433 ela-

153 5466 355 5522 rilicata
400 5469 638 5523 viderint
676 5467 1004 5536 iudicantem
1038 5469 1232 5522 bonum
1277 5477 1332 5522 et
1367 5469 1586 5533 malum,
1618 5469 1723 5524 tol-

153 5554 287 5612 letur
314 5559 511 5629 impius
555 5574 622 5615 ne
653 5559 833 5614 videat
859 5558 1162 5615 claritatem
1197 5559 1290 5614 Dei
1313 5575 1419 5630 qua
1447 5561 1588 5616 Deus
1617 5569 1721 5627 est,

153 5662 308 5717 quam
337 5651 439 5707 soli
469 5652 651 5709 mundi
693 5654 856 5709 corde
892 5651 1149 5709 videbunt
1177 5653 1320 5724 quod
1361 5654 1466 5711 erit
1508 5654 1590 5710 eis
1610 5654 1722 5709 vita

155 5752 373 5798 eterna.
1640 5783 1674 5816 ο

1743 3155 1790 3215 C.

1821 541 2016 596 Filium
2065 553 2149 597 est
2196 543 2250 597 in
2301 545 2554 601 omnibus
2592 545 2790 614 justis,
2832 551 2958 618 quia
3005 553 3247 609 membra
3277 555 3430 624 ejus'

1819 642 1944 689 sunt
1991 641 2046 688 et
2085 635 2380 704 diliguntur
2417 638 2468 690 in
2518 637 2608 692 illo
2656 640 2748 708 qui
2792 649 2933 696 totus
2961 643 3232 714 diligitur,
3275 647 3394 702 ideo

1817 725 2035 779 subdit:
2079 724 2146 778 Et
2176 743 2267 796 ego
2304 728 2357 780 in
2389 728 2515 797 ipsis
2555 747 2690 783 sum.
2740 731 2900 798 Quasi
2925 734 3067 788 dicat
3095 751 3110 790 :
3135 737 3268 803 Quia
3297 754 3396 809 ego

1820 827 1940 868 sum
1973 815 2024 868 in
2058 815 2208 884 ipsis,
2237 817 2397 872 aliter
2430 828 2513 873 est
2542 819 2593 873 in
2622 821 2776 875 nobis
2809 831 2863 875 ut
2891 824 2943 877 in
2969 826 3183 896 templo,
3214 844 3311 883 nos
3335 831 3389 885 in

1818 901 1910 956 illo
1936 902 2120 968 aliter;
2152 905 2277 974 quia
2310 921 2406 961 nos
2452 921 2639 962 sumus
2667 909 2774 974 ille,
2804 926 2929 966 cum
2971 916 3264 970 secundum
3295 919 3393 974 ho-

1819 993 2021 1049 minem
2047 993 2164 1064 ejus
2185 997 2378 1066 capitis
2406 1013 2591 1053 sumus
2618 1015 2834 1070 corpus.

2397 1151 2622 1210 CAPUT
2661 1155 2842 1211 XVIII.

1893 1277 2060 1334 Vens.
2089 1281 2140 1334 1.
2167 1313 2239 1321 —
2267 1279 2366 1336 Ubi
2389 1293 2520 1338 erat.
2561 1284 2617 1339 In
2664 1287 2822 1342 horto
2861 1292 3073 1360 capitur
3104 1304 3163 1348 ut
3193 1297 3394 1353 deleret

1819 1377 2098 1438 peccatum
2125 1373 2470 1426 commissum
2502 1374 2555 1428 in
2603 1375 2760 1431 horto
2789 1378 3122 1447 deliciarum,
3155 1385 3207 1438 in
3235 1400 3395 1454 quem

1821 1457 1981 1528 hujus
2020 1461 2202 1515 saeculi
2243 1471 2535 1518 torrentem
2582 1467 2849 1524 transiens
2891 1471 3180 1543 discipulos
3226 1475 3396 1531 intro-

1821 1548 1992 1603 duxit.

1899 1638 2058 1696 Vens.
2095 1639 2556 1700 5.—Cohortem.
2602 1646 2718 1704 Non
2747 1649 3071 1717 Judaeorum,
3123 1654 3217 1710 sed
3255 1655 3396 1711 mili-

1824 1735 1937 1784 tum
1963 1745 1993 1784 a
2015 1732 2242 1800 praeside
2267 1744 2482 1791 servato
2516 1739 2704 1793 ordine
2730 1739 2981 1810 legitimae
3008 1747 3304 1813 potestatis,
3335 1753 3395 1800 ut

1817 1820 1923 1876 illis
1943 1825 2244 1880 tenentibus
2267 1827 2443 1883 nullus
2476 1831 2697 1886 auderet
2727 1834 2979 1890 resistere
3003 1852 3018 1900 ;
3051 1837 3133 1891 vel
3158 1839 3318 1892 etiam
3346 1839 3393 1894 si

1818 1912 1940 1980 quis
1985 1913 2242 1981 auderet,
2297 1927 2486 1972 contra
2525 1927 2602 1974 tot
2647 1936 2752 1975 non
2800 1932 3000 1992 posset.
3061 1923 3205 1979 Venit
3245 1927 3390 1981 illuc.

1818 2002 1982 2059 Nocte
2021 2008 2270 2074 traditur,
2297 2022 2354 2064 ut
2374 2014 2490 2068 sine
2517 2015 2707 2084 turbis,
2739 2033 2858 2086 qua:
2887 2019 2941 2073 in
2969 2021 3056 2076 die
3082 2020 3391 2093 frequentes

1817 2095 2062 2159 aderant,
2095 2098 2444 2156 inveniretur.

1887 2186 2054 2242 Vens.
2083 2189 2136 2243 5.
2165 2220 2239 2230 —
2260 2191 2372 2262 Ego
2396 2212 2529 2248 sum.
2564 2196 2677 2252 Ilac
2703 2214 2809 2253 una
2835 2214 2966 2256 voce
3001 2210 3076 2256 tot
3097 2203 3305 2260 feroces
3337 2215 3394 2261 et

1817 2277 1986 2334 fortes
2009 2282 2305 2338 moriturus
2332 2289 2622 2354 prostravit
2649 2290 2852 2346 virtute
2879 2293 3095 2350 latentis
3132 2297 3354 2354 Deitatis
3377 2316 3391 2354 :

1819 2371 1944 2438 quia
1983 2373 2198 2426 volebat
2244 2376 2461 2444 quidem
2511 2383 2932 2450 comprehendi,
2999 2386 3092 2440 sed
3139 2402 3245 2442 non
3288 2388 3393 2444 nisi

1819 2463 2032 2531 quando
2065 2465 2254 2519 voluit.
2569 2530 2596 2550 -

1889 2552 2051 2609 Vsus.
2097 2555 2250 2632 6η-
2277 2558 2530 2614 Abierant
2577 2572 2858 2617 retrorsum
2909 2576 2956 2618 et
3003 2567 3296 2621 ceciderunt
3338 2569 3394 2622 in

1819 2653 2032 2699 terram.
2067 2646 2157 2703 Sic
2181 2651 2356 2713 modo,
2374 2667 2472 2721 per
2497 2654 2842 2725 Evangelium
2873 2657 3066 2726 ubique
3093 2661 3224 2715 dicit
3245 2661 3398 2716 Chri-

1818 2742 1953 2799 stus,
1984 2735 2097 2806 Ego
2120 2753 2263 2800 sum,
2305 2739 2551 2795 etJadazi
2589 2753 2963 2811 exspectantes
3002 2747 3393 2806 Antichristum

1817 2836 1965 2882 retro
1993 2828 2190 2883 abeunt
2215 2840 2270 2884 et
2298 2831 2349 2884 in
2375 2841 2609 2898 terrena,
2639 2851 2758 2904 quae
2783 2845 2984 2900 amant,
3016 2839 3234 2894 cadunt.

1889 2922 2053 2978 Vens.
2082 2923 2134 2978 8.
2165 2955 2234 2964 —
2262 2924 2429 2980 Sinite
2456 2928 2550 2980 ltos
2593 2929 2753 2981 abire.
2789 2928 2969 3000 (Λυο.)
3005 2931 3230 2987 Faciunt
3254 2935 3394 3004 quod

1810 3013 1984 3082 jubet,
2018 3017 2201 3070 sinunt
2242 3031 2337 3073 eos
2386 3017 2534 3072 abire
2565 3034 2700 3087 quos
2752 3036 2856 3073 non
2887 3021 2997 3075 vult
3044 3024 3240 3093 perire,
3288 3041 3395 3080 non

1820 3106 1948 3172 quin
1975 3114 2096 3174 post
2121 3107 2230 3160 sint
2253 3109 2520 3171 morituri,
2560 3110 2653 3163 sed
2682 3112 2805 3179 quia
2835 3113 2913 3165 sic
2944 3116 3180 3168 nondum
3209 3117 3398 3170 crede-

1822 3195 1952 3248 bant
2001 3192 2266 3263 quomodo
2295 3199 2521 3252 credunt
2545 3201 2634 3268 qui
2667 3217 2771 3255 non
2804 3213 3047 3270 pereunt.

1892 3285 2055 3339 Vens.
2086 3286 2171 3338 11.
2203 3317 2268 3325 -
2304 3287 2470 3341 Mitte.
2507 3290 2625 3343 Acsi
2672 3291 2875 3346 diceret
2922 3307 2936 3345 :
2991 3295 3244 3360 Quicscat
3274 3297 3395 3350 vin-

1822 3371 1986 3426 dicta.
2029 3372 2236 3426 Aliter:
2278 3374 2542 3431 Converte
2572 3377 2804 3447 gladium
2837 3383 2886 3434 in
2919 3381 3092 3436 locum
3136 3399 3310 3447 suum,
3343 3385 3396 3439 id

1823 3475 1905 3520 est
1937 3467 2158 3521 verbum
2203 3469 2602 3537 prmdicationis
2651 3481 2904 3527 converte
2952 3475 3016 3527 ad
3067 3484 3268 3544 gentes.
3307 3477 3397 3531 ubi

1821 3562 2113 3614 secundum
2138 3560 2362 3616 Paulum
2405 3564 2603 3618 ostium
2643 3576 2887 3636 apertum
2929 3578 2982 3622 et
3027 3569 3214 3639 ingens
3243 3569 3394 3625 iuve-

1821 3650 2021 3705 niatur.
2045 3651 2237 3717 Aliter,
2262 3663 2545 3724 postquam
2573 3658 2848 3726 plenitudo
2885 3660 3286 3726 subintraverit,
3317 3662 3399 3716 di-

1820 3740 1892 3794 cit
1920 3741 2096 3807 Petro,
2139 3759 2234 3814 per
2261 3762 2422 3815 quem
2471 3755 2612 3803 totus
2653 3750 2786 3804 ordo
2811 3751 3220 3820 prmdicalorum
3252 3752 3396 3807 desi-

1821 3843 2050 3902 gnatur:
2083 3835 2232 3888 Mitte
2255 3837 2475 3891 verbum
2519 3840 2917 3908 przedicationis
2948 3841 3012 3893 ad
3055 3841 3235 3895 Israel.
3266 3839 3396 3895 0m-

1822 3939 1910 3979 nes
1958 3927 2094 3979 enim
2152 3928 2240 3995 qui
2296 3928 2530 3996 gladium
2593 3931 2881 3998 acceperint
2933 3930 3107 4000 gladio
3160 3930 3428 4002 peribunt

1825 4013 2036 4084 (Matth.
2065 4014 2234 4084 xxvi).
2285 4015 2402 4080 Quo
2445 4016 2663 4084 gladio?
2715 4015 2808 4071 Illo
2844 4019 2934 4086 qui
2965 4021 3150 4089 igneus
3177 4023 3402 4074 vertitur

1823 4113 1947 4158 ante
1970 4105 2310 4174 paradisum:
2340 4114 2394 4160 et
2421 4106 2596 4173 gladio
2621 4107 2866 4175 spiritus,
2894 4109 2985 4177 qui
3008 4110 3061 4162 in
3089 4109 3183 4163 Dei
3209 4109 3401 4164 scribi-

1826 4206 1910 4253 tur
1940 4206 2234 4252 armatura.

1893 4311 2056 4366 Vrzns.
2110 4309 2197 4364 12.
2229 4340 2300 4350 -
2324 4309 2520 4364 Cohors
2543 4322 2734 4364 autem.
2769 4309 2884 4364 Mos
2928 4319 3045 4364 erat
3081 4308 3300 4375 Judmis,
3337 4319 3400 4366 ut

1825 4421 1983 4475 quem
2009 4413 2181 4459 morte
2209 4403 2425 4474 dignum
2449 4402 2754 4473 judicarent
2784 4403 3020 4458 vinctum
3050 4404 3264 4473 praesidi
3292 4414 3399 4460 tra-

1745 4507 1796 4567 1)
1822 4497 2026 4552 derent.

1894 4607 2057 4662 Vens.
2102 4607 2189 4660 15.
2233 4637 2301 4646 -
2329 4606 2398 4660 Et
2421 4597 2769 4661 adduxerunt
2801 4623 2940 4660 eum.
2971 4607 3139 4661 Erant
3164 4622 3230 4662 eo
3271 4617 3404 4662 tem-

1822 4713 1953 4770 pore
1980 4699 2084 4752 duo
2113 4698 2453 4754 sacerdotum
2483 4698 2754 4769 principes
2779 4696 2861 4766 (ut
2887 4697 3059 4752 Lucas
3083 4697 3202 4766 ait),
3220 4697 3404 4754 Anuas

1823 4799 1877 4844 et
1915 4789 2179 4858 Caiphas,
2231 4790 2324 4859 qui
2351 4791 2586 4844 vicissim
2623 4805 2796 4844 annos
2836 4805 2961 4844 suos
2996 4790 3242 4860 agebant.
3296 4789 3402 4844 Sed

1825 4891 1954 4938 tunc
1980 4892 2102 4937 erat
2128 4890 2300 4938 annus
2328 4884 2546 4954 Caiphae
2570 4926 2583 4950 ,
2620 4893 2675 4938 et
2701 4884 2976 4966 voluntate
3017 4885 3132 4954 ejus
3168 4886 3399 4954 primum

1826 4976 2020 5031 ductus
2066 4984 2148 5030 est
2175 4975 2332 5030 Iesus
2357 4978 2422 5030 ad
2451 4977 2694 5041 Annam,
2749 4994 2854 5031 non
2895 4977 3020 5046 quia
3067 4977 3269 5048 collega
3308 4979 3402 5033 sed

1825 5067 1948 5135 quia
1975 5081 2130 5120 socer
2151 5065 2262 5134 ejus
2288 5076 2426 5121 erat.
2479 5067 2575 5122 Vel
2597 5067 2789 5122 domus
2819 5069 2895 5122 sic
2926 5076 3081 5122 erant
3105 5069 3314 5136 positae,
3343 5075 3404 5122 ut

1823 5173 1930 5213 non
1961 5158 2181 5213 deberet
2214 5158 2398 5214 Annas
2427 5174 2458 5213 a
2491 5159 2890 5214 transeuntibus
2918 5160 3204 5230 praeteriri.

1896 5269 2058 5324 Vnus.
2097 5269 2184 5324 15.
2216 5300 2288 5311 —-
2331 5269 2402 5323 Et
2444 5270 2580 5324 alius
2623 5271 2930 5340 discipulus.
2991 5272 3123 5339 Quis
3159 5272 3228 5326 sit
3276 5273 3398 5340 iste,

1825 5361 1950 5431 quia
1979 5361 2065 5414 hic
2095 5368 2320 5423 tacetur,
2347 5375 2452 5414 non
2492 5369 2692 5415 temere
2719 5363 3024 5417 definiatur.
3053 5361 3202 5418 Solet
3224 5371 3403 5420 tamen

1825 5449 1926 5504 iste
1948 5449 2185 5503 Joannes
2214 5449 2294 5503 sic
2322 5463 2379 5503 se
2409 5449 2736 5519 significare.

1895 5559 2059 5615 Vens.
2085 5559 2170 5612 I7.
2198 5589 2271 5598 —
2296 5558 2433 5614 Dicit
2465 5561 2552 5616 ille
2573 5579 2592 5618 :
2623 5561 2745 5618 Non
2769 5581 2905 5620 sum.
2938 5563 3122 5637 (Auc.)
3167 5562 3281 5618 Non
3315 5578 3402 5618 so-

1824 5655 1936 5709 lum
1961 5662 2124 5723 negat
2165 5653 2441 5710 Christum
2493 5658 2585 5728 qui
2627 5658 2761 5714 dicit
2807 5674 2930 5715 eum
2968 5675 3075 5714 non
3105 5672 3224 5713 esse
3247 5656 3405 5712 Chri-

1825 5754 1991 5812 stum,
2036 5745 2130 5804 sed
2145 5745 2249 5816 'qui
2274 5745 2438 5804 etiam
2477 5757 2638 5821 negat
2683 5765 2741 5807 se
2767 5767 2889 5815 esse
2929 5747 3320 5808 Christianum.
3349 5755 3408 5803 et
