3958 6314
569 342 675 397 419

1069 332 1458 390 WALAFRIDI
1497 333 1744 390 STRABI
1777 333 1980 390 FULD.
2021 331 2186 388 MON.
2227 330 2374 388 OPP.
2417 330 2594 387 PARS
2630 329 2672 385 Ι.
2727 359 2781 370 -
2817 327 3272 387 THEOLOGICA.

3709 327 3812 384 ὂὶθ

560 459 638 513 ita
663 457 767 512 hoc
793 454 1042 524 impletur
1081 450 1225 520 quod
1253 449 1511 504 Dominus
1535 448 1673 505 dixit
1704 466 1718 502 :
1750 446 1851 503 Ter
1872 463 1952 502 me
1975 462 2132 517 nega-
2163 450 2208 512 Α
2238 442 2377 498 forte
2421 442 2530 497 alia
2573 442 2861 512 quaerenda
2895 448 3071 508 esset;
3103 441 3260 512 quasi
3286 459 3298 495 :
3338 439 3602 497 conﬁrma
3627 439 3677 496 si
3702 440 3814 496 haec

561 548 636 602 bis
666 545 875 617 (Matth.
911 543 1081 610 xxvr).

632 639 796 692 Vens.
841 631 1187 696 2L—Quid
1233 647 1314 685 me
1359 629 1692 699 interrogas?
1734 628 1790 684 ld
1811 636 1919 693 est,
1973 643 2003 682 a
2031 643 2138 697 quo

563 731 848 784 veritatem
871 725 1058 780 audire
1084 737 1190 778 non
1221 722 1516 777 desideras.
1540 722 1815 790 Interroga
1844 720 2016 788 magis
2043 734 2138 773 eos

565 825 632 878 dc
667 835 896 890 quorum
922 817 1078 872 dictis
1105 831 1212 871 non
1240 814 1442 868 habeas
1467 813 1741 867 invidiam.
1778 811 1854 866 lta
1877 817 2139 880 temperat

564 913 996 983 responsionem,
1026 915 1086 962 ut
1110 921 1209 961 nec
1236 906 1520 959 veritatem
1551 911 1791 968 taceret,
1822 917 1923 956 nec
1952 899 2138 956 defen-

565 1008 691 1061 dere
717 1020 775 1059 se
804 1003 1098 1057 videretur.

638 1096 799 1150 Vens.
826 1092 916 1145 22.
940 1119 1009 1130 —
1039 1087 1167 1142 Hrec
1195 1095 1387 1140 autem.
1416 1084 1698 1153 Objicitur,
1739 1097 1837 1138 cur
1864 1095 1970 1135 non
1998 1079 2141 1134 fece-

562 1185 798 1256 ritquod
825 1182 1026 1237 docuit.
1079 1179 1270 1233 Debuit
1317 1193 1422 1231 non
1455 1177 1533 1230 sic
1567 1173 1912 1243 respondere,
1947 1170 2041 1226 sed
2067 1169 2142 1223 al-

566 1285 738 1331 teram
790 1270 1064 1328 maxillam
1109 1266 1368 1336 praabere.
1429 1264 1537 1319 Sed
1586 1261 1854 1318 veraciter
1897 1268 1954 1314 et
1989 1272 2142 1312 man-

569 1371 720 1420 suete
751 1371 801 1415 et
822 1361 963 1431 juste
1002 1356 1295 1426 respondit,
1317 1362 1374 1408 et
1397 1368 1505 1409 non
1534 1352 1692 1407 modo
1719 1349 2008 1413 maxillam,
2047 1346 2141 1404 sed

567 1465 739 1512 totum
769 1467 964 1522 corpus
993 1449 1207 1505 ferienti
1244 1447 1471 1518 paravit.
1517 1446 1583 1500 Et
1611 1445 1736 1499 hinc
1765 1443 1941 1513 potius
1961 1449 2143 1497 osten-

569 1549 647 1604 dit
660 1554 926 1617 praecepta
943 1540 1232 1612 patientiae,
1258 1555 1362 1594 non
1378 1536 1736 1592 ostentatione
1758 1534 2019 1604 corporis,
2047 1532 2144 1589 sed

568 1638 746 1694 cordis
777 1633 1167 1706 praeparatione
1192 1629 1456 1694 facienda,
1500 1636 1675 1698 potest
1699 1626 1842 1681 enim
1877 1625 1997 1695 quis
2025 1639 2141 1679 ma-

567 1727 750 1783 xillam
778 1723 1057 1780 visibiliter
1083 1721 1324 1791 praebere
1346 1719 1533 1773 iratus.
1563 1717 1752 1772 Melius
1776 1730 1904 1786 ergo
1927 1729 2142 1784 respon-

2243 546 2408 587 causa
2436 540 2518 587 est
2545 548 2666 602 quae
2690 530 2956 600 obiicitur,
2983 531 3204 586 an'alia.

2312 621 2475 676 Vens.
2505 619 2595 675 56.
2640 651 2710 660 —
2753 619 3010 691 Regnum.
3057 620 3169 677 Hoc
3204 628 3289 676 est
3333 619 3477 692 quod
3527 634 3636 676 nos
3675 621 3816 678 scire

2241 712 2434 779 voluit,
2471 713 2564 768 sed
2590 713 2741 783 prius
2768 712 3007 767 vicissim
3032 712 3415 783 interrogando
3435 711 3606 768 voluit
3631 721 3818 767 osten-

2240 804 2368 860 dere
2405 819 2524 875 quae
2545 814 2689 859 esset
2731 804 2798 858 de
2843 817 3010 874 regno
3040 817 3138 857 suo
3179 802 3455 857 hominum
3479 802 3693 873 Opinio,
3724 801 3815 857 Ju-

2240 897 2478 951 daeorum
2511 897 2593 952 vel
2636 896 2936 967 gentilium,
2963 911 3071 965 qua
3106 903 3322 950 ostensa
3358 896 3603 965 utrisque
3639 897 3818 966 aptius

2243 987 2531 1056 respondet
2577 1001 2591 1040 :
2643 987 2880 1057 Regnum
2906 1003 3078 1040 meum
3127 1003 3230 1040 non
3261 996 3334 1040 est
3366 986 3430 1040 de
3465 986 3562 1039 hoc
3590 986 3816 1040 mundo.

2241 1076 2426 1144 Quasi,
2454 1077 2662 1146 decepti
2697 1077 2862 1143 estis;
2909 1076 3196 1131 non-enim
3239 1077 3473 1147 impedio
3492 1077 3820 1131 dominatio-

2239 1182 2362 1222 nem
2413 1175 2649 1222 vestram
2700 1167 2754 1222 in
2803 1169 2907 1224 hoc
2951 1168 3173 1234 mundo,
3214 1183 3283 1226 ne
3330 1183 3467 1222 vane
3493 1169 3744 1223 timeatis
3770 1179 3822 1223 et

2241 1257 2490 1344 se'rviatis
2514 1297 2530 1323 ,
2583 1257 2681 1312 sed
2727 1257 2795 1313 ad
2854 1273 3080 1329 regnum
3130 1257 3354 1313 coaleste
3402 1258 3682 1314 credendo
3730 1273 3819 1314 ve-

2241 1349 2380 1405 nire.

2317 1440 2479 1496 Vens.
2509 1440 2598 1496 57.
2637 1471 2708 1482 -
2745 1439 2826 1494 Tu
2860 1440 3014 1495 dicis.
3055 1439 3172 1496 Non
3205 1454 3264 1495 se
3298 1453 3477 1509 regem
3510 1438 3673 1494 timet
3697 1454 3820 1494 con-

2241 1533 2405 1600 ﬁteri,
2451 1533 2547 1588 sed
2591 1531 2667 1587 ita
2703 1531 2992 1588 liberatum
3032 1539 3134 1598 est,
3180 1538 3242 1584 ut
3293 1545 3468 1600 neque
3523 1544 3582 1584 se
3636 1544 3819 1600 regem

2241 1634 2424 1698 neget,
2458 1641 2559 1682 nec
2583 1627 2649 1683 de
2687 1628 2887 1682 mundo
2927 1640 2986 1681 se
3014 1626 3247 1682 fateatur
3275 1639 3418 1690 esse,
3457 1633 3515 1680 ut
3560 1624 3657 1679 ille
3701 1640 3821 1681 sen-

2244 1725 2416 1779 tiebat
2443 1725 2536 1794 qui
2565 1723 2703 1778 dixit
2744 1741 2757 1776 :
2806 1721 2948 1793 Ergo
2981 1738 3074 1778 rea:
3100 1738 3153 1776 es
3196 1721 3290 1774 tu?
3333 1719 3432 1775 Cui
3476 1719 3818 1789 respondit:

569 1818 659 1872 det
685 1831 810 1871 vere
842 1813 1103 1884 placatus,
1130 1819 1184 1866 et
1211 1809 1277 1864 ad
1305 1807 1524 1864 ferenda
1564 1807 1812 1878 graviora
1852 1805 2138 1874 tranquillo
2167 1803 2214 1862 Β
2245 1815 2324 1869 Tu
2369 1815 2524 1881 dicis,
2569 1816 2693 1885 quia
2722 1829 2815 1869 rex
2861 1830 2979 1869 sum
3017 1829 3132 1885 ego.
3165 1812 3330 1880 Quasi
3371 1811 3533 1876 dicat,
3581 1810 3820 1865 carnalis

569 1909 751 1964 animo
778 1913 1018 1977 paratus.

640 2020 802 2074 Vens.
833 2017 923 2071 23.
955 2046 1026 2054 —
1069 2013 1131 2071 Si
1172 2013 1308 2067 male
1352 2013 1575 2067 locutus.
1611 2011 1746 2066 Male
1774 2009 2012 2079 loquitur
2047 2009 2140 2079 qui

573 2119 762 2166 contra
791 2110 1075 2163 veritatem
1101 2105 1357 2174 loquitur.
1391 2103 1450 2158 Si
1489 2103 1628 2158 male
1667 2103 1878 2158 locutus
1901 2117 2040 2169 sum,
2074 2102 2142 2156 da

574 2201 939 2258 testimonium
963 2212 1072 2268 quo
1103 2197 1300 2266 probes
1326 2195 1660 2250 mendacem.

643 2313 807 2369 Vens.
852 2310 945 2365 25.
993 2339 1066 2351 -
1106 2305 1232 2360 Erat
1279 2317 1471 2360 autem.
1533 2305 1712 2377 (Auc.)
1759 2305 1946 2371 Dicto,
1999 2307 2143 2376 quod

573 2404 758 2457 Annas
811 2401 958 2456 misit
1002 2398 1186 2454 Jesum
1238 2397 1304 2451 ad
1352 2396 1631 2464 Caipham,
1678 2395 1819 2450 redit
1863 2395 1930 2450 ad
1967 2395 2144 2450 locum

571 2491 902 2548 narrationis
950 2489 1039 2543 ubi
1072 2487 1372 2556 reliquerat
1403 2486 1646 2552 Petrum,
1675 2495 1733 2541 ut
1758 2487 1987 2557 explicet
2014 2489 2143 2558 quid

572 2586 626 2640 in
681 2585 838 2639 domo
889 2582 1056 2638 Anna:
1111 2580 1177 2634 de
1223 2580 1362 2634 trina
1425 2579 1572 2635 Petri
1627 2581 1915 2651 negatione
1972 2582 2143 2637 conti-

571 2684 744 2748 gerat.

640 2787 917 2845 Vsns.28.
957 2817 1026 2825 —
1069 2783 1136 2838 In
1183 2781 1508 2854 prcetorium.
1554 2781 1614 2837 Id
1662 2790 1766 2849 est,
1805 2783 1895 2838 ubi
1943 2798 2144 2853 prmscs

570 2881 776 2946 Pilatus
805 2876 1104 2934 habitabat.
1150 2873 1258 2930 Sed
1302 2873 1347 2928 si
1384 2874 1450 2928 ad
1481 2872 1761 2943 Caipham,
1793 2875 2062 2944 quomodo
2090 2876 2143 2930 in

571 2970 914 3045 praetorium?
937 2968 1184 3032 forsitan,
1216 2965 1396 3036 aliqua
1429 2981 1593 3021 causa
1621 2975 1866 3037 urgente,
1897 2967 1963 3021 de
1987 2967 2144 3023 domo

571 3063 740 3118 Annre
792 3062 859 3115 ad
915 3059 1238 3113 audiendum
1303 3057 1485 3113 Jesum
1541 3058 1699 3112 ambo
1757 3071 2138 3114 convenerant.

2243 1907 2534 1962 carnaliter
2563 1907 2718 1962 dicis.

2313 1993 2477 2050 Vens.
2503 1995 2592 2051 58.
2618 2025 2691 2036 —-
2712 1994 2934 2050 lterum.
2980 1993 3098 2050 Non
3139 2000 3421 2064 exspectat
3472 2006 3818 2060 responsum,

2242 2099 2311 2140 ne
2339 2098 2462 2138 cum
2507 2081 2667 2139 vellet
2712 2083 2987 2138 dimittere
3029 2097 3184 2138 mora
3228 2080 3406 2147 ﬁeret,
3445 2081 3626 2136 subito
3678 2080 3820 2136 enim

2242 2174 2390 2230 venit
2413 2174 2467 2229 in
2500 2183 2736 2230 mentem
2771 2173 3100 2230 consuetudo
3125 2189 3230 2245 qua
3266 2181 3450 2244 posset
3473 2188 3574 2244 per
3605 2172 3824 2230 Pasch

2241 2266 2460 2322 dimitti.

2313 2356 2475 2413 Vens.
2504 2359 2594 2414 59.
2628 2388 2699 2399 ——
2737 2357 2834 2412 Est
2859 2367 3052 2412 autem.
3082 2356 3218 2425 Quia
3256 2357 3311 2411 in
3344 2356 3553 2410 Pascha
3587 2371 3617 2409 a
3647 2356 3818 2410 servi-

2244 2457 2358 2506 tute
2395 2450 2606 2506 liberati
2631 2456 2778 2517 sunt,
2808 2451 2862 2505 in
2885 2450 3092 2506 Pascha
3132 2451 3246 2506 haec
3273 2447 3611 2504 consuetudo
3635 2447 3819 2503 dimit-

2245 2542 2388 2598 tendi
2421 2543 2501 2598 eis
2530 2541 2650 2597 fuit.
3208 2525 3212 2529 ξ

2316 2633 2477 2689 Vens.
2506 2635 2596 2689 40.
2629 2663 2700 2675 --
2728 2632 2859 2687 Erat
2891 2642 3063 2688 autem
3113 2630 3386 2685 Barabbas
3431 2629 3591 2683 latro.
3644 2629 3708 2685 Id
3741 2637 3818 2685 est

2244 2726 2387 2781 ﬁlius
2432 2727 2700 2798 magistri,
2754 2727 2806 2780 id
2837 2735 2922 2780 est
2961 2724 3182 2790 diaboli,
3230 2725 3320 2794 qui
3368 2723 3567 2778 latroni
3616 2723 3673 2776 in
3724 2739 3816 2778 suo
3879 2785 3886 2793 _

2243 2818 2445 2873 scelere
2478 2817 2677 2873 Iudaeis
2704 2817 2757 2871 in
2785 2817 3008 2886 perﬁdia
3036 2816 3294 2888 magister
3331 2814 3453 2869 fuit.
3485 2814 3582 2878 Vel
3619 2815 3815 2870 Barabo

2242 2909 2363 2976 bas,
2396 2909 2451 2964 id
2477 2916 2560 2964 est
2585 2908 2728 2964 ﬁlius
2765 2909 2954 2980 patris,
2982 2908 3036 2962 id
3065 2916 3150 2963 est
3183 2906 3402 2963 diaboli.

2831 3061 3057 3118 CAPUT
3088 3060 3229 3116 XIX.

572 3155 804 3227 Cziiphas
840 3153 1077 3243 perrexit
1115 3153 1181 3243 ad
1219 3150 1529 3243 praetorium
1554 3151 1913 3243 praesidis,7et
1951 3167 2140 3209 socero
2168 3147 2212 3208 C
2314 3175 2476 3231 “ms.
2507 3175 2652 3228 1.,-
2681 3172 2824 3228 Tum:
2867 3190 3010 3243 ergo.
3033 3171 3148 3227 Hoc
3193 3170 3324 3227 fecit
3349 3170 3588 3237 pilatus,
3636 3172 3691 3226 id
3717 3182 3815 3236 est,

573 3262 671 3302 suo
720 3244 905 3300 Jesum
955 3241 1173 3312 reliquit
1223 3242 1289 3296 ad
1335 3241 1703 3306 audiendum;
1761 3242 1846 3295 vel
1892 3242 1944 3296 in
1986 3243 2143 3299 domo

573 3336 790 3407 Caipha:
818 3334 1024 3390 Pilatus
1060 3341 1341 3401 acceperat
1380 3332 1710 3402 prmtorium,
1753 3340 1806 3388 et
1844 3340 1990 3387 tanta
2028 3342 2145 3388 erat

574 3429 796 3490 domus,
837 3433 897 3478 ut
940 3439 1184 3478 seorsum
1247 3423 1520 3476 habitaret
1583 3423 1851 3488 dominus,
1903 3438 2144 3479 seorsum

575 3517 798 3573 Pilatus.
825 3513 893 3568 Ut
923 3532 1026 3567 non
1056 3515 1558 3567 contaminarentur.
1602 3514 1736 3580 Quia
1780 3515 1970 3570 diebus
2015 3531 2142 3587 azy-

577 3627 812 3676 morum,
841 3608 1228 3664 contaminatio
1255 3617 1374 3663 erat
1416 3609 1524 3664 illis
1563 3609 1618 3664 in
1649 3609 1960 3682 alienigena:
1993 3612 2147 3667 habi-

575 3700 809 3755 taculum
845 3700 1065 3754 intrare.

646 3804 808 3860 Vens.
837 3805 925 3859 51.
958 3836 1026 3844 -
1056 3804 1222 3860 Nobis
1260 3823 1384 3872 non,
1434 3816 1539 3862 etc.
1579 3807 1694 3864 Hoc
1723 3810 1904 3866 dicunt
1928 3819 2147 3882 propter

579 3896 686 3951 diei
714 3895 839 3950 festi
885 3896 1246 3952 sanctitatem.
1290 3895 1401 3951 Lex
1433 3900 1576 3953 enim
1615 3902 1878 3971 prmcipit,
1930 3918 1999 3957 ne
2026 3918 2146 3972 par-

578 3996 703 4040 cant
745 3985 1202 4052 malefactoribus,
1234 3988 1533 4056 praesertim
1563 3990 1943 4045 seducentibus
1970 4006 2001 4044 a
2033 3992 2144 4046 Deo

574 4093 691 4142 suo,
718 4077 930 4146 qualem
961 4077 1123 4131 istum
1164 4077 1417 4133 dicebant
1451 4093 1572 4134 esse
1597 4096 1609 4145 ;
1639 4090 1692 4134 et
1723 4091 1910 4136 contra
1935 4082 2144 4152 seipsos

571 4169 784 4232 dicunt,
841 4167 967 4238 quia
1029 4168 1423 4223 interﬁciebant
1489 4186 1651 4239 quem
1710 4172 2143 4229 interﬁciendum

572 4252 897 4323 offerebant,
945 4259 1085 4313 sicut
1131 4269 1186 4314 et
1228 4259 1430 4316 Pilatus
1471 4261 1757 4329 interfecit,
1810 4279 1916 4318 non
1967 4275 2145 4321 tamen

576 4352 828 4404 manibus
880 4351 1012 4404 suis.
1063 4350 1196 4405 Cum
1245 4352 1449 4408 Pilatus
1493 4355 1651 4409 vellet
1695 4355 1877 4411 Jesum
1931 4360 2143 4414 tradere

575 4441 793 4506 Judaeis,
836 4453 894 4495 ut
939 4443 1229 4497 secundum
1279 4443 1451 4514 legem
1486 4461 1637 4499 suam
1663 4444 1969 4513 judicarent
1996 4465 2140 4516 eum,

2243 3267 2441 3321 milites
2486 3264 2666 3321 facere
2710 3264 2994 3335 permisit,
3037 3278 3121 3318 ve.
3155 3263 3318 3319 etiam
3359 3261 3523 3331 jussit
3561 3273 3625 3318 ut
3652 3261 3818 3318 ειυάεί

2244 3361 2427 3416 satiati
2454 3361 2519 3415 de
2548 3359 2724 3430 pmnis
2759 3374 2789 3414 a
2817 3365 2990 3414 morte
3015 3357 3356 3414 desisterent.

2318 3453 2478 3507 Vens.
2527 3451 2582 3505 2.
2630 3481 2701 3490 -
2741 3447 3000 3504 Coronam
3045 3449 3110 3503 de
3144 3449 3308 3518 spinis
3340 3447 3729 3517 imposuerunt.
3764 3445 3818 3502 In

2245 3542 2431 3610 spinea
2457 3556 2656 3597 corona
2681 3548 2988 3596 nostrorum
3025 3548 3246 3593 notatur
3273 3539 3546 3608 susceptio
3576 3547 3821 3608 peccato-

2245 3646 2388 3697 rum,
2415 3645 2511 3700 pro
2536 3645 2642 3700 qua
2668 3628 2910 3684 mortalis
2930 3627 3050 3682 ﬁeri
3070 3627 3259 3683 voluit.
3297 3627 3445 3683 Unde
3470 3642 3816 3696 przecursor:

2245 3721 2382 3775 Ecce
2421 3721 2600 3792 Agnus
2663 3719 2783 3785 Dei,
2848 3734 2964 3773 ecce
3025 3719 3113 3788 qui
3166 3717 3298 3772 tollit
3345 3726 3561 3788 peccata
3618 3717 3816 3771 mundi.

2247 3809 2426 3879 Spinze
2474 3823 2710 3879 namque
2763 3808 2818 3863 in
2871 3816 3220 3878 peccatorum
3279 3805 3684 3878 signiﬁcatione
3728 3822 3819 3878 po-

2245 3910 2469 3955 nuntur.
2510 3901 2661 3956 Unde.
2684 3899 2944 3954 Dominus
2981 3919 2995 3954 :
3027 3899 3188 3954 Terra
3217 3909 3309 3954 tua
3330 3899 3510 3969 spinas
3533 3908 3585 3953 et
3608 3898 3821 3954 tribulos

2244 3989 2552 4061 germinabit
2600 3987 2754 4059 (Gen.
2788 3988 2892 4060 Ill).
2939 3989 2996 4044 ld
3031 3996 3138 4055 est,
3189 3988 3519 4044 conscientia
3563 3997 3821 4058 tua.pnn«

2246 4081 2474 4148 ctiones,
2523 4089 2580 4136 et
2625 4079 2842 4136 aculeos
2886 4080 3148 4135 vitiorum.
3185 4093 3476 4148 procreare
3525 4094 3638 4134 non
3687 4080 3823 4135 desi-

2245 4180 2368 4226 stet.

2318 4264 2482 4318 Vens.
2510 4261 2843 4317 4.-—Ea:ivit
2869 4279 3011 4332 ergo.
3040 4261 3180 4318 Ecce
3206 4261 3502 4332 implentur
3528 4277 3654 4333 qua:
3679 4263 3743 4317 de
3766 4278 3822 4316 se

2246 4356 2567 4426 praedixerat
2609 4353 2768 4411 Jesus
2815 4353 3028 4410 occulta
3079 4355 3351 4425 potentia,
3411 4356 3821 4412 commendatur

2249 4448 2509 4517 patientia
2542 4464 2648 4516 qua
2680 4446 3042 4503 informantur
3074 4458 3357 4520 martyres.

782 4499 791 4506 ,
1333 4499 1362 4514 υ
2002 4499 2140 4516 -___-,
2551 4499 2647 4516 τη
3074 4499 3356 4520 -ψτπ,

578 4531 865 4586 noluerunt
896 4533 1154 4602 recipere,
1189 4534 1432 4590 dicentes
1470 4554 1482 4588 :
1530 4536 1695 4591 Nobis
1719 4555 1822 4592 non
1849 4538 1964 4593 licet
1994 4542 2146 4593 inter-
2173 4499 2223 4559 D
2322 4539 2484 4596 Vens.
2525 4541 2578 4596 5.
2621 4571 2689 4580 —
2726 4539 2795 4594 Et
2845 4541 2972 4594 dicit
3011 4542 3105 4596 eis.
3147 4542 3246 4596 Hic
3282 4549 3507 4611 apparet
3538 4558 3650 4597 non
3679 4543 3820 4613 ignoo

572 4621 728 4689 ﬁcere
749 4639 1058 4693 quamquam
1084 4639 1102 4686 ;
1144 4633 1197 4678 et
1224 4625 1301 4680 sic
1347 4625 1600 4696 impletur
1633 4643 1811 4683 sermo
1833 4629 1958 4684 Jesu
1986 4646 2145 4700 quem

575 4715 640 4768 de
682 4729 776 4769 sua
827 4725 1000 4770 morte
1029 4718 1296 4786 praedixit,
1348 4728 1408 4773 ut
1434 4735 1556 4774 eum
1598 4736 1627 4773 a
1665 4720 1862 4776 Judmis
1890 4723 2142 4776 traditum

573 4819 758 4878 gentes
783 4809 1168 4873 interﬁcerent,
1209 4809 1361 4877 quasi
1393 4809 1471 4865 sic
1493 4819 1673 4864 essent
1699 4811 1858 4865 alieni
1882 4827 1911 4864 a
1941 4813 2143 4868 scelere

574 4902 663 4971 qui
696 4901 866 4968 magis
916 4911 1161 4969 peccant,
1199 4903 1249 4955 in
1278 4917 1384 4971 quo
1429 4918 1536 4957 non
1585 4917 1771 4957 eorum
1811 4903 2137 4971 innocentia,

574 4992 669 5048 sed
698 4991 967 5047 dementia
995 5001 1347 5047 monstratur.

645 5082 806 5139 Vries.
832 5081 928 5142 3t.
949 5113 1016 5121 —
1048 5082 1087 5134 Α
1119 5084 1383 5154 temetipso
1411 5085 1508 5137 hoc
1534 5083 1682 5149 dicis,
1712 5092 1817 5139 etc.
1851 5083 1965 5140 Scit
1986 5084 2140 5142 Jesus

571 5177 698 5246 quid
734 5176 848 5246 ipse
898 5175 1198 5247 interrogat
1253 5185 1308 5231 et
1361 5176 1490 5244 quid
1532 5175 1618 5230 ille
1657 5192 2010 5247 responsurus
2037 5186 2138 5244 est,

571 5268 665 5322 sed
706 5275 886 5322 tamen
919 5269 1027 5323 dici
1068 5270 1238 5323 voluit
1283 5284 1389 5323 non
1422 5277 1483 5323 ut
1511 5270 1697 5337 sciret,
1734 5270 1828 5325 sed
1853 5278 1911 5325 ut
1940 5272 2141 5326 scribe-

572 5369 721 5414 retur
749 5362 892 5429 quod
923 5362 1066 5416 scire
1092 5362 1277 5416 voluit.

640 5453 802 5506 Vsns.
836 5452 924 5507 55.
958 5483 1027 5491 —
1056 5451 1196 5516 Quid
1237 5453 1420 5522 fecisti.
1465 5456 1629 5521 Quasi
1673 5474 1684 5510 :
1735 5456 1791 5512 Si
1832 5457 1946 5512 haec
1984 5458 2137 5528 culpa

571 5558 678 5598 non
709 5550 813 5608 est,
845 5543 985 5611 quod
1033 5550 1085 5595 te
1133 5557 1312 5613 regem
1341 5543 1565 5610 dixeris,
1595 5546 1722 5615 quid
1753 5546 1896 5602 aliud
1926 5545 2140 5602 iecisti?

571 5632 738 5698 Quasi
779 5648 886 5686 non
935 5639 1018 5687 est
1067 5633 1263 5688 mirum
1304 5635 1345 5689 si
1369 5635 1538 5705 judici
1571 5637 1797 5694 traderis
1839 5638 2142 5707 puniendus

569 5723 661 5792 qui
687 5732 738 5780 te
767 5738 948 5795 regem
972 5723 1126 5782 dicus.
1161 5725 1264 5782 Sed
1288 5727 1333 5783 si
1361 5727 1474 5783 haec
1500 5743 1660 5784 causa
1689 5744 1795 5784 non
1821 5737 1986 5796 esset,
2013 5738 2141 5786 tunc

2247 4641 2402 4688 rante
2431 4633 2603 4688 Pilato
2628 4635 2743 4689 haec
2765 4648 2798 4688 a
2821 4633 3080 4689 militibus
3104 4649 3225 4690 esse
3251 4633 3413 4700 facta,
3439 4635 3558 4689 sive
3578 4634 3816 4703 jusserit,

2250 4724 2364 4779 sive
2393 4724 2725 4794 permiserit,
2760 4733 2818 4778 ut
2858 4725 3066 4779 satiatis
3111 4723 3310 4779 Judaais
3352 4725 3468 4780 haec
3493 4726 3815 4788 sufﬁcerent,

2247 4815 2343 4869 sed
2376 4816 2546 4886 magis
2577 4815 2926 4871 inardescunt
2971 4826 3026 4871 et
3066 4815 3302 4870 clamant
3332 4835 3343 4870 :
3377 4815 3665 4878 Cruci‘iae.
3705 4834 3818 4871 cnt—

2241 4905 2412 4975 ciﬁge.

2313 4997 2478 5054 Vens.
2506 4997 2706 5053 7.—F
2711 4998 2858 5052 ilium
2883 4998 3000 5053 Dei.
3033 4999 3174 5054 Ecce
3198 4999 3369 5054 altera
3393 4998 3570 5068 major
3595 5001 3815 5060 invidia.

2241 5090 2370 5160 quia
2409 5104 2576 5160 parva
2628 5089 2911 5144 videbatur
2965 5089 3153 5145 illicita
3202 5087 3472 5144 aﬁ‘ectatio
3526 5093 3710 5162 regni,
3763 5100 3817 5144 et

2251 5190 2432 5237 tamen
2463 5190 2751 5250 utrumque
2785 5195 2911 5236 vere
2935 5190 3054 5236 erat
3082 5181 3346 5245 Christus,
3373 5189 3429 5235 et
3459 5197 3556 5236 rex
3579 5193 3636 5239 et
3657 5183 3817 5237 Filius

2248 5271 2365 5326 Dei.

2323 5365 2484 5420 Vens.
2529 5366 2582 5421 9.
2624 5396 2693 5405 -—
2730 5366 2885 5421 Iesus
2935 5376 3127 5422 autem.
3170 5367 3268 5422 Hic
3310 5376 3366 5422 ct
3413 5368 3468 5423 in
3518 5370 3643 5424 aliis
3693 5366 3818 5424 locis

2248 5455 2446 5526 legitur
2501 5456 2713 5513 siluisse
2761 5456 3007 5513 Christus
3048 5468 3108 5513 ut
3154 5461 3436 5530 prophetia
3477 5461 3764 5531 impleatur
3800 5476 3814 5510 :

2249 5546 2394 5602 Sicut
2427 5565 2594 5618 agnus
2625 5565 2802 5602 coram
2825 5549 3066 5603 tondente
3093 5551 3204 5604 sine
3227 5569 3364 5616 race,
3387 5553 3465 5606 sic
3488 5569 3594 5609 non
3621 5551 3818 5622 aper-tit

2248 5656 2304 5693 os
2351 5655 2504 5693 suum
2541 5638 2674 5710 (Isa.
2723 5639 2861 5709 LIII).
2901 5639 3032 5706 Qua:
3072 5642 3367 5698 similitudo
3409 5646 3476 5700 de
3517 5658 3662 5714 agno
3697 5643 3819 5697 data

2247 5741 2351 5810 est,
2384 5740 2438 5786 ut
2467 5732 2518 5786 in
2570 5748 2668 5789 suo
2693 5733 2909 5789 silentio
2935 5749 3041 5789 non
3065 5751 3190 5790 reus
3219 5736 3314 5791 scd
3342 5737 3600 5793 innocens
3625 5735 3817 5793 habet
