3958 6314
179 348 267 404 tet
1125 334 1390 394 cressa
1429 331 1828 393 onnmsnra.
1867 359 1933 373 -
1971 306 2222 386 avsus.
2262 329 2456 387 JOAN.

3332 327 3432 386 £22

191 472 285 516 tur.
317 454 429 511 Non
454 452 598 508 enim
627 458 688 507 ut
711 451 962 508 conscius
985 449 1348 517 convincitur,
1379 449 1474 506 sed
1498 459 1559 504 ut
1586 462 1740 504 man-
1768 457 1818 518 Α
1844 443 2043 514 lingua,
2072 442 2336 498 catholica
2368 448 2594 498 vocatur
2614 438 2878 504 Ecclesia,
2917 454 3036 510 quae
3068 439 3126 495 in
3154 449 3302 498 sorte
3329 441 3428 498 Dei

191 557 358 606 suetus
386 558 481 616 pro
507 543 626 598 aliis
656 543 987 598 immolatur.

252 636 407 690 Vens.
448 633 534 688 12.
566 663 640 674 ——
675 631 746 687 Et
789 634 996 689 exinde.
1040 633 1097 688 ld
1139 639 1244 697 est,
1277 647 1344 688 ex
1391 631 1493 688 hac
1533 645 1696 686 causa
1725 671 1740 696 ,

189 745 250 785 ne
287 727 503 782 haberet
536 734 822 795 peccatum
863 725 1144 781 occidendi
1187 725 1534 779 innocentem
1576 724 1664 796 (et
1697 724 1743 778 si

187 820 350 874 minus
393 816 495 871 illis
538 815 759 887 invidis)
798 817 1074 887 quaerebat
1121 816 1412 880 dimittere,
1456 829 1563 869 non
1598 812 1740 884 quod

187 921 303 966 tunc
352 909 582 979 primum
621 918 921 979 quaereret,
949 909 1045 965 sed
1079 908 1125 963 si
1149 909 1300 978 prius
1340 908 1554 963 volebat
1582 906 1742 962 modo

184 1002 461 1074 quaerebat.

245 1095 300 1151 Si
337 1096 473 1148 hunc
528 1094 770 1160 dimittis,
821 1111 925 1149 non
975 1111 1029 1148 es
1087 1096 1306 1148 amicus.
1356 1093 1532 1164 Supra
1568 1094 1740 1166 legem

181 1196 580 1259 proposuerunt,
617 1187 914 1242 secundum
962 1202 1125 1258 quam
1169 1187 1391 1242 deberet
1423 1187 1582 1252 mori,
1614 1186 1740 1257 quia

180 1281 359 1336 Filium
397 1279 494 1334 Dei
532 1294 592 1335 se
645 1278 774 1335 fecit
827 1298 840 1333 :
891 1281 988 1335 sed
1035 1281 1161 1351 quia
1204 1279 1294 1334 ille
1346 1280 1518 1351 legem
1566 1280 1742 1350 gentis

179 1375 350 1430 alienae
381 1389 491 1428 non
529 1373 702 1439 timet,
747 1373 842 1429 sed
872 1373 1044 1443 magis
1073 1373 1230 1428 timet
1270 1373 1520 1428 occidere
1546 1372 1742 1427 Filium

180 1463 281 1529 Dei,
329 1471 536 1518 terrent
575 1477 699 1517 eum
742 1477 773 1516 a
821 1461 1054 1529 Caesare,
1103 1476 1264 1533 quem
1314 1477 1424 1518 non
1463 1471 1642 1533 potest
1684 1471 1743 1516 ut

175 1570 430 1616 auctorem
466 1560 754 1630 potestatis
791 1576 902 1616 suae
943 1568 1311 1616 contemnere.

235 1651 390 1706 Vens.
443 1651 538 1705 M.
583 1681 652 1692 —
697 1650 834 1705 Erat
872 1660 1046 1706 autem
1093 1667 1386 1721 parasceve.
1420 1649 1599 1723 (AUG.)
1639 1649 1741 1704 Pa-

173 1756 375 1799 raseeve
397 1743 548 1812 quod
585 1742 975 1813 interpretatur
1013 1743 1364 1812 pra’paratio,
1409 1749 1536 1808 clc.,
1579 1756 1740 1811 usque

173 1834 234 1888 ad
255 1841 307 1890 et
331 1834 524 1889 eadem
553 1842 638 1888 est
666 1841 816 1888 sexta
847 1832 1274 1904 prteparationis.

232 1927 390 1981 Vens.
421 1925 518 1980 15.
555 1952 628 1965 -
663 1924 856 1994 Regem
894 1933 1120 1980 vestrum
1164 1922 1513 1993 cruci/igam?
1551 1921 1744 1976 Adhuc

169 2028 331 2074 terror
353 2033 520 2090 quem
563 2017 630 2074 de
658 2017 871 2073 Caesare
898 2017 1156 2088 ingerunt
1198 2029 1456 2086 superare
1491 2022 1741 2080 conatur,

167 2111 341 2166 dicens
373 2127 388 2162 :
440 2108 640 2179 Regem
682 2118 910 2163 vestrum
949 2107 1251 2178 cruciﬁgam
1278 2109 1302 2160 ?
1325 2107 1400 2162 De
1450 2105 1743 2178 ignominia

167 2215 339 2255 eorum
360 2199 556 2255 volens
583 2214 678 2255 eos
706 2199 977 2270 frangere,
1004 2213 1141 2268 quos
1167 2197 1233 2252 de
1263 2197 1560 2267 ignominia
1588 2195 1745 2252 Chri-

167 2294 232 2349 sti
259 2309 363 2349 non
393 2301 617 2364 poterat
639 2293 908 2364 mitigare.

229 2405 388 2461 Vens.
423 2403 763 2459 16.—-Tunc
789 2420 932 2474 ergo.
961 2402 1096 2470 Quia
1127 2399 1448 2471 proﬁtentur
1476 2399 1742 2456 Cmsarem

164 2506 339 2566 aperte
388 2503 585 2551 contra
629 2509 752 2549 eum
793 2508 915 2550 esse
962 2495 1007 2548 si
1054 2493 1218 2547 alium
1260 2507 1441 2563 regem
1489 2492 1618 2546 velit
1664 2492 1744 2546 eis

165 2589 424 2659 ingerere,
470 2587 795 2642 dimittenda
826 2584 1149 2655 impunitum
1201 2597 1360 2653 quem
1400 2590 1620 2652 propter
1645 2583 1744 2638 hos

163 2695 316 2735 ausus
356 2680 695 2735 tradiderant
721 2677 1096 2733 occidendum.
1132 2675 1318 2730 Victus
1354 2689 1485 2745 ergo
1529 2675 1738 2738 timore,

161 2771 379 2826 tradidit
444 2770 526 2825 eis
575 2767 761 2824 Jesum
824 2775 884 2822 ut
945 2765 1317 2836 cruciﬁgatur.
1382 2763 1623 2818 Tradidit
1667 2765 1742 2818 eis

158 2857 337 2914 Iesum
367 2868 427 2914 ut
463 2859 876 2930 cruci/ﬁgeretur.
900 2858 1015 2922 Eis,’
1044 2872 1152 2912 non
1189 2853 1334 2928 quod
1364 2855 1465 2925 ipsi
1492 2855 1742 2912 manibus

157 2964 274 3005 eum
311 2949 653 3021 acciperent,
700 2949 792 3018 qui
843 2963 1006 3017 supra
1043 2948 1149 3004 hoc
1184 2954 1601 3012 excusaverant,
1646 2946 1742 3002 Sed

155 3051 210 3096 ut
249 3043 488 3098 crimine
559 3040 808 3110 impliciti
850 3040 1139 3094 videantur
1184 3055 1216 3094 a
1259 3053 1368 3110 quo
1421 3039 1580 3093 alieni
1617 3053 1741 3094 esse

151 3143 451 3203 conantur,
474 3148 599 3188 cum
626 3146 734 3186 non
761 3132 864 3186 nisi
900 3146 998 3200 pro
1023 3131 1105 3186 eis
1131 3131 1235 3186 hoc
1260 3130 1468 3186 faceret
1511 3131 1738 3196 Pilatus,

151 3225 291 3279 unde
321 3237 429 3279 nec
460 3223 538 3278 ait
582 3230 644 3277 ut
681 3220 1079 3293 cruciﬁgerent,
1107 3220 1206 3276 sed
1251 3227 1312 3275 ut
1332 3219 1742 3290 cruciﬁgeretur

145 3314 354 3384 judicio
382 3323 442 3370 et
467 3321 739 3384 potestate
770 3311 948 3367 Pilati.

219 3430 393 3486 Vens.
412 3425 860 3495 i7.—Bajulans.
879 3423 1137 3479 Portabat
1151 3438 1366 3480 crucem
1391 3439 1541 3479 suam
1561 3424 1737 3480 Jesus.

150 3520 368 3578 Grande
416 3517 710 3573 ludibrium
758 3516 970 3587 impiis,
1014 3517 1218 3587 grande
1278 3517 1594 3587 mysterium
1635 3516 1740 3587 piis

153 3611 538 3684 gloriantibus,
590 3608 742 3679 quasi
793 3607 849 3662 in
901 3615 1119 3677 sceptro
1165 3608 1338 3679 regni,
1385 3615 1438 3664 et
1478 3616 1561 3662 est
1607 3624 1739 3664 crux

153 3701 548 3758 candelabrum
575 3697 808 3753 lucernae
843 3711 964 3767 quae
1000 3711 1106 3750 non
1131 3704 1250 3750 crat
1287 3696 1387 3750 sub
1421 3696 1601 3751 modio
1639 3711 1738 3766 po-

154 3795 346 3850 nenda.
391 3793 583 3848 Primo
621 3791 882 3846 Dominus
923 3804 1145 3845 crucem
1186 3797 1387 3860 portat,
1431 3791 1558 3859 quia
1591 3790 1741 3862 prior

152 3901 342 3958 passus
370 3893 462 3945 est
495 3902 510 3952 ;
563 3895 751 3956 postea
803 3883 1054 3960 imposita
1101 3890 1185 3937 est
1218 3879 1427 3938 Simoni
1460 3881 1735 3954 Cyrenaeo,

153 3977 275 4046 quia
301 3977 573 4034 debemus
601 3975 752 4045 sequi
777 3974 1022 4045 vestigia.

219 4086 388 4144 Vens.
434 4087 528 4144 18.
570 4117 640 4140 -.—-
687 4083 756 4138 Et
800 4077 918 4138 cum
961 4101 1042 4140 eo.
1089 4069 1254 4140 Latro
1300 4083 1393 4156 qui
1439 4085 1742 4154 permansit

153 4183 204 4236 in
231 4182 465 4252 perﬁdia
520 4179 788 4252 signiﬁcat
816 4177 1029 4234 Iudaeos
1054 4194 1068 4245 ;
1099 4176 1192 4248 qui
1218 4177 1526 4245 conﬁtetur,
1551 4185 1741 4249 gentes

152 4277 448 4348 signiﬁcat.

217 4387 390 4443 Vens.
427 4387 520 4443 19.
560 4415 633 4427 -
668 4383 739 4439 Et
776 4394 888 4439 erat
931 4384 1203 4453 scriptum.
1251 4383 1344 4439 liae
1393 4391 1504 4439 tres
1546 4383 1741 4456 linguae

151 4481 363 4537 caeteris
386 4479 712 4536 eminebant
741 4494 753 4530 :
788 4475 1015 4532 Hebraea
1058 4483 1278 4546 propter
1307 4475 1520 4530 Iudaeos
1545 4475 1598 4529 in
1625 4473 1740 4546 lege

152 4567 244 4626 Dei
285 4571 624 4642 gloriantes;
671 4566 861 4622 Graeca
895 4539 1119 4637 prepter
1158 4539 1401 4638 gentium
1428 4539 1735 4634 sapientes;
1773 4539 1820 4598 ί)

149 4659 346 4716 Latina
397 4668 627 4733 propter
658 4659 930 4714 Romanos
975 4666 1102 4713 tunc
1148 4673 1286 4728 pene
1333 4657 1584 4713 omnibus
1613 4673 1744 4729 gen-

151 4753 295 4810 tibus
316 4755 677 4824 imperantes.

220 4864 389 4920 Vnns.
437 4865 534 4919 25.
565 4893 636 4903 --
673 4861 866 4916 Milites
899 4876 1020 4930 ergo
1045 4875 1162 4916 cum
1192 4852 1572 4928 cruciﬁrissent
1600 4877 1738 4913 eum.

153 4956 290 5013 Ecce
311 4973 440 5028 qua:
471 4964 624 5026 gesta
650 4962 777 5009 sunt
798 4951 952 5021 juxta
974 4967 1212 5018 crucem,
1255 4967 1375 5006 cum
1402 4949 1518 5020 jam
1562 4952 1740 5006 cruci-

152 5047 290 5103 ﬁxus
327 5055 503 5103 esset.

223 5140 500 5206 Quatuor.
549 5134 951 5204 Quadripertita
993 5133 1160 5188 vestis
1216 5133 1394 5204 signat
1445 5132 1740 5187 Ecclesiam

151 5239 266 5287 toto
307 5230 472 5294 orbe,
521 5228 612 5298 qui
663 5235 896 5296 quatuor
942 5226 1186 5296 partibus
1224 5233 1440 5280 constat
1493 5225 1741 5281 dilfusam

153 5323 414 5379 omnibus
445 5321 693 5391 partibus
730 5319 1029 5390 aequaliter,
1071 5319 1124 5373 id
1153 5326 1236 5374 est
1258 5319 1602 5373 concorditer
1625 5319 1740 5374 dis-

153 5415 446 5471 tributam.
493 5413 700 5469 Tunica
761 5414 955 5469 sortita
1009 5413 1249 5468 omnium
1295 5413 1533 5483 partium
1575 5414 1742 5485 signi-

155 5507 283 5564 ﬁcat
311 5509 611 5575 unitatem,
657 5524 779 5579 qua:
829 5507 1113 5563 cbaritatis
1158 5506 1374 5562 vinculo
1412 5507 1739 5563 continetur.

152 5596 418 5671 Desuper.
468 5599 604 5668 Quia
651 5601 890 5656 Charitas
935 5599 1303 5671 supereminet
1356 5601 1608 5655 omnibus
1647 5614 1743 5671 per

155 5698 354 5758 totum,
385 5690 517 5762 quia
556 5707 715 5749 nemo
735 5701 818 5748 est
845 5693 963 5763 ejus
991 5707 1185 5763 expers
1228 5692 1319 5762 qui
1363 5693 1635 5763 pertinere
1663 5680 1756 5748 vi?

155 5779 354 5838 deatur
379 5781 456 5838 ad
502 5790 694 5852 totum,
733 5798 762 5838 a
813 5797 922 5854 quo
958 5790 1087 5849 toto,
1132 5783 1272 5839 sicut
1313 5782 1499 5838 Graeca
1541 5775 1742 5838 indicat

1771 1826 1819 1886 B

1847 535 2020 607 gratia
2048 533 2476 590 commendatur.

1919 625 2079 680 Vens.
2110 624 2200 678 26.
2233 654 2304 664 ——
2351 623 2484 678 Cum
2523 625 2733 678 vidisset
2775 641 2898 696 ergo
2935 623 3090 680 Iesus
3128 635 3347 680 matrem
3380 637 3428 682 et

1846 717 2158 788 discipulum
2208 727 2430 772 stantem
2471 735 2623 789 quem
2667 719 2936 789 diligebat.
2975 718 3076 786 Qui
3126 720 3306 775 divina
3347 719 3430 774 fa-

1845 817 2054 874 cturus,
2083 809 2237 880 quasi
2265 808 2720 880 repulitignotam
2754 819 3017 876 matrem;
3045 809 3159 880 jam
3189 811 3430 867 ostendit

1845 901 2057 955 venisse
2083 900 2296 965 horam,
2337 915 2500 970 quam
2545 908 2670 954 tunc
2705 899 2978 968 praedixit,
3023 900 3078 954 in
3122 917 3226 970 qua
3262 916 3428 971 agno-

1846 992 1948 1047 scit
1985 992 2052 1046 de
2097 1007 2203 1061 qua
2236 991 2414 1046 fuerat
2462 990 2768 1046 mortalitcr
2811 1000 2988 1046 natus.
3030 991 3098 1046 Et
3125 993 3282 1048 docet
3308 1001 3368 1046 ut
3396 1008 3426 1046 a

1844 1089 1949 1159 piis
1974 1087 2101 1143 tiliis
2127 1088 2470 1158 impendatur
2498 1103 2626 1143 cura
2656 1088 2992 1158 parentibus,
3026 1089 3168 1143 unde
3198 1100 3256 1143 et
3280 1088 3425 1158 Apo-

1846 1180 2015 1237 stolus
2067 1199 2079 1235 :
2128 1180 2190 1235 Si
2240 1182 2358 1252 quis
2409 1198 2625 1236 suorum
2665 1198 2847 1235 curam
2892 1198 2996 1236 non
3042 1183 3215 1250 habet,
3269 1181 3427 1252 [idem

1847 1283 1999 1343 negat
2026 1272 2079 1345 (Ι
2109 1272 2242 1327 Tim.
2274 1273 2350 1344 v),
2381 1283 2488 1330 etc.

1916 1387 2078 1442 Vens.
2125 1387 2214 1442 27.
2243 1419 2313 1428 -
2335 1387 2406 1442 Et
2433 1405 2498 1443 ea:
2526 1387 2620 1444 illa
2649 1389 2781 1443 hora
2816 1389 3012 1461 accepit
3055 1407 3171 1444 eam
3199 1390 3429 1462 discipu-

1845 1478 1949 1534 lus.
1978 1479 2079 1547 Qui
2108 1482 2211 1536 etsi
2237 1480 2350 1551 jam
2380 1497 2485 1538 non
2515 1483 2739 1538 haberet
2765 1484 3005 1554 propria,
3031 1483 3086 1538 in
3124 1483 3214 1538 illa
3250 1485 3425 1540 socie-

1847 1580 1958 1627 tate
1989 1572 2368 1643 centupliciter
2410 1582 2714 1644 acceperat,
2746 1575 2838 1630 ubi
2873 1583 3030 1630 erant
3053 1576 3235 1631 omnia
3276 1590 3426 1632 com-

1846 1664 2052 1730 munia,
2083 1665 2218 1720 nihil
2237 1665 2445 1722 habens
2467 1675 2520 1722 et
2545 1666 2725 1720 omnia
2746 1666 3047 1736 possidens.

2429 1802 2659 1860 CAPUT
2710 1803 2828 1857 XX.

1919 1916 2083 1972 Vens.
2123 1916 2178 1972 4.
2205 1947 2278 1957 -
2304 1916 2594 1972 Currebam
2645 1927 2840 1972 autem.
2884 1915 3121 1973 Joannes
3161 1916 3430 1990 signiﬁcat

1847 2004 2187 2077 Synagogam
2215 2046 2230 2073 ,
2269 2021 2394 2076 quae
2423 2008 2576 2078 prior
2610 2009 2759 2063 venit
2783 2008 2850 2062 ad
2895 2017 3304 2064 monumentum
3333 2008 3429 2063 sed

1843 2114 1952 2153 non
1979 2099 2225 2165 intravit,
2253 2101 2381 2169 quia
2410 2102 2722 2171 prophetias
2743 2102 2808 2156 de
2835 2101 3206 2155 incarnatione
3227 2107 3283 2155 et
3301 2115 3430 2170 pas-

1844 2190 1995 2246 sione
2041 2191 2268 2260 audivit,
2301 2193 2394 2248 sed
2423 2203 2479 2248 et
2524 2199 2798 2248 mortuum
2825 2192 3050 2247 credere
3089 2191 3281 2246 noluit.
3330 2191 3430 2246 Pe-

1845 2292 1960 2338 trus
1990 2282 2309 2346 Ecclesram,
2355 2299 2475 2353 quae
2525 2283 2778 2354 cognovit
2815 2297 2982 2337 carne
3022 2289 3320 2347 mortuum,
3356 2279 3432 2335 vi-

1843 2382 2056 2430 ventem
2098 2374 2331 2429 credidit
2383 2375 2572 2437 Deum,
2610 2381 2730 2444 post
2757 2388 2920 2444 quem
2955 2381 3011 2428 et
3051 2373 3106 2428 in
3150 2371 3338 2428 Iudaea
3371 2372 3426 2426 in

1844 2466 1950 2520 ﬁne
1982 2465 2225 2520 intrabit.

1917 2555 2078 2612 Vens.
2106 2555 2157 2609 7.
2186 2586 2256 2596 —
2285 2555 2598 2626 Separatur.
2626 2555 2762 2621 Quia
2799 2563 3144 2610 sacramenta
3165 2553 3429 2609 Divinita-

1843 2648 1914 2704 tis
1941 2647 2508 2718 incomprehensibilia
2552 2664 2583 2702 a
2639 2655 2840 2704 nostra:
2871 2647 3204 2702 inﬁrmitatis
3240 2646 3425 2718 cogni-

1845 2740 1988 2795 tione
2017 2746 2227 2795 remota
2252 2747 2397 2794 sunt.
2427 2739 2483 2793 ln
2513 2737 2776 2804 involuto,
2803 2754 2903 2793 nec
2938 2737 3060 2793 ﬁnis
3087 2753 3187 2793 nec
3215 2737 3428 2792 initium

1841 2830 2120 2901 aspicitur.
2175 2829 2266 2885 Sic
2294 2829 2560 2885 celsitudo
2587 2828 2896 2884 Divinitat'rs
2941 2843 3042 2884 nec
3073 2828 3242 2899 cmpit
3283 2842 3428 2895 esse,

1841 2937 1941 2977 nec
1979 2920 2198 2976 desinit.
2232 2918 2299 2973 In
2330 2936 2494 2973 unum
2519 2918 2713 2974 locum.
2745 2918 2881 2985 Quia
2912 2919 2966 2973 in
2997 2918 3235 2974 scissura
3275 2933 3428 2974 men-

1843 3013 1976 3068 tium
2015 3012 2159 3067 Deus
2189 3026 2295 3066 non
2344 3019 2447 3078 est,
2473 3011 2571 3066 sed
2618 3011 2673 3065 in
2714 3010 2944 3066 unitate.
2983 3009 3101 3076 Vel,
3145 3009 3426 3065 sudarium

1841 3101 2037 3170 capitis
2079 3101 2261 3170 passio
2295 3100 2518 3167 Christi,
2547 3098 2704 3169 cujus
2750 3109 3095 3156 sacramenta
3125 3100 3433 3156 inﬁdelibus

1769 3187 1814 3250 C
1846 3203 1974 3250 sunt
1996 3194 2268 3250 occultata
2299 3207 2563 3257 seorsum,
2610 3194 2738 3264 quia
2766 3193 2926 3264 longe
2975 3208 3005 3247 a
3055 3201 3260 3259 nostra,
3304 3194 3429 3264 quia

1849 3287 1939 3342 ille
1977 3294 2166 3356 sponte
2213 3295 2269 3342 et
2314 3286 2431 3341 sine
2477 3286 2634 3356 culpa
2689 3300 2903 3356 passus,
2952 3299 3052 3340 nos
3100 3285 3252 3340 inviti
3305 3300 3431 3340 cum

1848 3381 2025 3451 culpa.
2447 3451 2449 3454 Q

1920 3471 2084 3527 Vens.
2113 3472 2164 3528 9.
2195 3501 2267 3512 ——
2289 3471 2542 3530 Nondum
2577 3470 2737 3525 enim.
2784 3468 3024 3536 Scilicet,
3060 3485 3232 3541 usque
3275 3470 3430 3538 adeo,

1846 3573 1904 3619 ut
1948 3579 2072 3619 cum
2122 3565 2190 3618 ab
2221 3564 2337 3634 ipso
2384 3563 2612 3617 Domino
2664 3571 2850 3632 aperte
2898 3561 3171 3618 diceretur
3209 3573 3433 3634 propter

1845 3656 2292 3712 consuetudinem
2319 3655 2388 3710 ab
2415 3669 2480 3711 eo
2508 3652 2762 3710 audiendi
2799 3654 3108 3726 parabolas,
3141 3669 3248 3711 non
3275 3655 3434 3712 intel-

1846 3748 2096 3821 ligerent.

1918 3843 2084 3899 Vens.
2111 3843 2199 3898 11.
2231 3875 2304 3884 -
2354 3843 2605 3899 Plorans.
2634 3841 2753 3898 Jam
2785 3843 2907 3913 plus
2935 3845 3001 3898 de
3029 3841 3240 3899 sublato
3269 3857 3433 3914 quam

1847 3934 1915 3990 de
1949 3934 2132 3991 occiso
2157 3934 2355 4005 plorat,
2388 3937 2512 4005 quia
2543 3935 2679 3989 tanti
2716 3935 2958 4004 magistri
2984 3949 3136 4001 emus
3164 3934 3276 3989 vita
3301 3935 3432 3990 sub-

1849 4033 2022 4080 tracta
2056 4025 2253 4090 fuerat,
2283 4040 2384 4080 nec
2422 4025 2681 4081 memoria
2706 4024 3022 4080 remanebat
3048 4033 3104 4079 et
3131 4025 3234 4080 iste
3277 4025 3432 4081 dolor

1847 4113 1922 4170 ibi
1953 4129 2070 4169 eam
2101 4115 2337 4169 tenebat.
2365 4113 2506 4168 Dum
2531 4130 2675 4184 ergo,
2708 4122 2817 4168 etc.
2845 4113 2979 4168 Cum
3009 4128 3132 4168 eum
3168 4113 3333 4169 sciret
3354 4115 3430 4170 ibi

1848 4220 1957 4262 non
1986 4220 2129 4272 esse,
2158 4206 2253 4261 sed
2291 4206 2416 4274 quia
2443 4204 2604 4259 nimis
2634 4203 2798 4269 dolet,
2833 4218 2931 4259 nec
2961 4203 3074 4259 suis
3109 4204 3301 4270 oculis,
3330 4219 3432 4261 nec

1848 4299 2021 4354 oculis
2048 4299 2262 4354 illorum
2304 4299 2532 4353 duorum
2577 4297 2914 4354 credentium
2945 4297 3176 4368 putavit.
3204 4297 3302 4354 Vel
3334 4313 3431 4370 po-

1853 4391 1960 4446 tius
1988 4391 2169 4447 divino
2198 4391 2459 4446 instinctu
2487 4391 2590 4447 hoc
2613 4389 2816 4446 factum
2842 4398 2944 4445 est.

1922 4482 2084 4537 Vens.
2123 4483 2209 4536 12.
2236 4514 2306 4522 -
2337 4480 2476 4536 Vidit
2513 4481 2663 4535 duos.
2695 4481 2906 4550 Angeli,
2940 4481 2993 4538 id
3021 4490 3104 4536 est
3129 4481 3323 4547 nuntii,
3355 4482 3432 4538 si-

1848 4574 2110 4644 gniﬁcant
2135 4573 2482 4645 Evangelium
2523 4572 2723 4628 Christi
2747 4589 2776 4627 a
2805 4573 2982 4642 capite
3024 4586 3200 4642 usque
3227 4574 3293 4627 ad
3339 4588 3430 4644 pe-

1848 4668 1963 4731 des,
1995 4667 2047 4721 id
2075 4674 2160 4721 cst
2201 4667 2269 4721 ab
2302 4666 2457 4720 initio
2481 4680 2651 4735 usque
2687 4665 2754 4721 ad
2800 4665 2962 4719 ﬁnem
3011 4679 3132 4719 esse
3170 4666 3428 4720 nuntian-

1849 4759 1998 4814 dum.
2031 4759 2097 4813 Et
2127 4759 2217 4814 ille
2245 4773 2310 4814 ex
2345 4759 2597 4829 passione
2633 4773 2728 4813 sua
2757 4765 2876 4812 erat
2914 4757 3266 4822 nuntiandus,
3298 4757 3425 4828 quia

1849 4852 1992 4906 Deus
2026 4861 2109 4906 est
2135 4859 2258 4907 ante
2289 4851 2503 4916 saecula,
2536 4859 2591 4904 et
2624 4852 2785 4904 b'omo
2819 4850 2875 4904 in
2903 4849 3006 4906 ﬁne
3032 4849 3234 4905 saeculi.
3265 4849 3430 4904 Sedet

1846 4959 1976 5013 ergo
1998 4945 2218 5015 angelus
2260 4945 2326 5000 ad
2370 4951 2552 5014 caput,
2581 4959 2702 4998 cum
2736 4943 2867 4998 dicit
2893 4961 2905 4996 :
2931 4943 2997 4996 In
3029 4944 3285 5014 principio
3314 4953 3427 4997 erat

1855 5036 2098 5090 Verbum.
2129 5037 2210 5092 Ad
2239 5038 2423 5106 pedes,
2459 5051 2583 5092 cum
2610 5037 2739 5093 dicit
2765 5055 2776 5090 :
2817 5033 3035 5090 Verbum
3064 5053 3188 5091 caro
3225 5036 3426 5106 factum

1847 5139 1943 5184 est.
1994 5127 2089 5184 Vel
2128 5130 2235 5183 duo
2282 5129 2456 5200 angeli
2507 5130 2610 5184 duo
2640 5129 3007 5197 Testamenta,
3056 5143 3222 5184 unum
3250 5129 3423 5198 prius,

1849 5221 1993 5276 aliud
2025 5236 2277 5291 sequens.
2309 5221 2608 5290 Conjuncta
2658 5221 2784 5276 dum
2829 5222 2945 5292 pari
2986 5236 3148 5278 sensu
3177 5221 3426 5277 incarna-

1850 5325 1989 5380 tum,
2022 5324 2310 5380 mortuum,
2342 5316 2723 5371 resuscitatum
2752 5315 3021 5369 nuntiant.

1924 5409 2083 5464 Vens.
2119 5409 2206 5463 15.
2233 5440 2304 5448 —-
2335 5409 2475 5473 Quid
2504 5409 2723 5479 ploras?
2752 5407 2917 5475 Quasi
2945 5409 3122 5464 dicat:
3157 5409 3286 5464 Noli
3304 5425 3426 5481 pec-

1850 5521 1990 5559 care.
2032 5503 2324 5559 Prohibent
2367 5503 2635 5574 lacrymas
2675 5504 3070 5573 quodammodo
3111 5503 3425 5558 nuntiantes

1849 5599 2121 5670 gaudium.
2158 5599 2227 5651 At
2254 5597 2342 5652 illa
2371 5604 2568 5666 putans
2590 5611 2683 5652 eos
2711 5595 3046 5667 interrogare
3079 5594 3383 5650 nescientes
3404 5631 3421 5658 ,

1849 5691 2027 5762 prodit
2048 5707 2265 5747 causam
2297 5692 2658 5763 lacrymarum
2685 5705 2699 5744 :
2726 5689 2862 5756 Quia
2884 5690 3110 5746 tulerunt
3138 5687 3424 5742 Dominum

1851 5799 2042 5851 meum,
2076 5783 2127 5837 id
2155 5791 2235 5839 est
2259 5796 2453 5854 corpus
2488 5781 2696 5838 Domini
2733 5784 2855 5839 mei.
