3958 6314
522 326 689 383 125⁴

1019 321 1403 377 WALAFRIDI
1443 320 1690 377 STRABI
1728 320 1932 378 FULD.
1975 321 2144 379 MON.
2181 320 2333 380 OPP.
2374 322 2555 378 PARS
2591 322 2634 378 Ι.
2673 352 2749 364 -
2778 322 3236 381 THEOLOGICA.

3690 329 3791 385 421

592 439 760 494 Vens.
787 437 874 493 14.
900 463 972 477 -—
999 435 1068 490 Et
1091 451 1194 490 non
1216 436 1413 491 sciebat
1443 438 1569 507 quia
1592 435 1780 500 Iesus,
1819 445 1926 492 etc.
1954 435 2093 503 Quia
2122 439 2174 500 Α
2273 435 2435 491 Vsus.
2462 433 2552 489 28.
2590 462 2663 474 -—
2688 433 2992 505 Respondit.
3034 433 3265 490 Videbat
3304 442 3360 491 et
3397 435 3659 508 tangebat
3697 437 3795 495 ho-

524 543 736 603 tergum
797 530 867 586 ad
919 544 1043 583 eum
1092 529 1324 584 habebat
1374 545 1534 599 quem
1584 545 1692 584 non
1739 531 2105 585 resurrexisse

524 624 813 687 credebat;
843 621 969 691 quia
996 621 1215 674 amabat
1252 628 1309 675 et
1344 620 1648 688 dubitabat,
1675 621 1895 675 videbat
1916 632 1972 675 et
1995 635 2104 675 non

524 713 902 784 cognoscebat.

596 804 760 858 Vnus.
783 803 934 857 l5.-—
951 800 1116 868 Quem
1137 805 1328 875 quwris
1344 805 1369 858 .9
1388 804 1495 858 Illa
1515 797 1819 859 existimans
1838 805 1961 875 quia
1990 805 2108 859 hor-

525 896 739 949 tulanus
770 905 922 959 esset,
953 895 1079 947 dicit
1110 897 1178 948 ei.
1204 895 1317 949 Non
1345 896 1489 966 quod
1512 896 1721 951 dubitet
1745 910 1906 965 quem
1935 894 2108 964 requi-

524 994 690 1050 reret,
732 986 825 1040 sed
860 987 986 1055 quia
1023 986 1111 1040 illa
1153 1002 1313 1055 quem
1341 989 1534 1057 quaerit
1562 989 1789 1059 ignoret,
1823 1004 1931 1044 non
1960 989 2107 1042 enim

522 1079 718 1145 quaerit
743 1077 1053 1143 Christum,
1086 1080 1180 1133 sed
1214 1095 1373 1149 quem
1408 1088 1558 1148 putat
1590 1088 1822 1149 raptum.
1860 1078 2103 1133 Domine.

527 1168 698 1233 Quem
723 1177 877 1237 putat
910 1168 1258 1223 hortulanum
1290 1169 1421 1224 dicit
1453 1169 1736 1224 Dominum
1758 1211 1772 1235 ,
1798 1180 1858 1224 ut
1892 1170 2110 1224 honori-

525 1259 714 1312 licaret
752 1259 1021 1314 hominem
1059 1276 1089 1314 a
1117 1276 1224 1330 quo
1264 1263 1490 1332 rogabat
1515 1261 1857 1317 beneﬁcium.
1889 1260 2001 1315 Nec
2029 1261 2109 1315 sic

524 1353 659 1409 dicit
685 1367 808 1406 eum
840 1351 1123 1406 Dominum
1146 1394 1160 1417 ,
1184 1354 1325 1408 sicut
1350 1354 1498 1408 illum
1526 1369 1684 1424 quem
1712 1354 1907 1424 quaerit
1931 1352 2110 1408 subla-

527 1452 662 1497 tum.
689 1441 872 1497 Jesum
903 1458 1032 1498 vero
1060 1458 1361 1515 agnoscens
1388 1454 1545 1500 vocat
1582 1446 1934 1515 magistrum,
1980 1446 2107 1515 quia

527 1536 720 1591 recolit
745 1552 866 1591 eum
908 1550 940 1589 a
976 1550 1082 1606 quo
1113 1537 1423 1591 discernere
1458 1537 1693 1591 humana
1730 1546 1786 1591 et
1811 1537 1992 1591 divina
2023 1537 2109 1592 di-

527 1627 732 1683 scebat.
772 1625 830 1682 Si
866 1636 922 1680 tu
962 1626 1221 1682 sustulisti
1263 1643 1402 1682 eum.
1434 1626 1549 1682 Non
1580 1627 1711 1682 dicit
1746 1643 1944 1698 quem,
1983 1628 2109 1697 quia

527 1719 633 1777 hoc
656 1721 710 1775 in
738 1721 917 1775 animo
944 1721 1053 1790 agit
1079 1721 1159 1775 vis
1190 1722 1421 1785 amoris,
1454 1729 1512 1775 ut
1537 1735 1697 1793 quem
1723 1735 1938 1792 semper
1963 1720 2109 1791 cogi-

526 1821 609 1869 tat
636 1812 842 1868 nullum
869 1812 1032 1866 alium
1063 1812 1311 1882 ignorare
1339 1814 1546 1867 credat.

603 1903 764 1960 Vsus.
785 1905 870 1959 16.
887 1903 1165 1958 ——Maria.
1189 1903 1448 1963 Conversa
1472 1905 1564 1960 illa
1588 1906 1713 1960 dicit
1737 1906 1823 1960 ei:
1848 1905 2103 1974 Rabboni,

525 1996 665 2067 quod
685 1996 881 2049 dicitur
905 1998 1170 2066 magister.
1195 1995 1337 2050 Dicit
1365 1999 1413 2051 ei
1439 1997 1616 2067 Iesus.
1650 1998 1941 2067 Postquam
1964 2013 2109 2053 com-

526 2089 676 2142 muni
704 2088 920 2142 nomine
947 2089 1186 2151 vocavit,
1220 2097 1277 2141 et
1315 2104 1422 2143 non
1450 2098 1535 2143 est
1565 2089 1779 2159 agnitus
1803 2131 1818 2154 ,
1858 2098 2018 2143 vocat
2040 2104 2108 2143 ex

527 2179 746 2233 nomine
773 2217 789 2244 ,
827 2193 891 2232 ac
933 2177 978 2232 si
1010 2178 1175 2244 dicat,
1217 2177 1564 2250 Recognosce
1597 2194 1722 2233 eum
1750 2194 1780 2233 a
1811 2194 1921 2249 quo
1957 2194 2110 2235 reco-

528 2270 827 2340 gnosceris.

599 2363 763 2418 Vsus.
807 2362 895 2417 18.
922 2392 991 2402 —
1034 2360 1183 2416 Venit
1213 2362 1389 2417 Maria
1427 2362 1762 2434 Magdalente
1790 2362 2110 2417 annuntians

525 2455 796 2526 discipulis
820 2496 837 2521 ,
867 2456 990 2525 quia
1021 2454 1143 2509 vidit
1172 2455 1470 2521 Dominum,
1494 2465 1600 2509 etc.
1623 2456 1700 2510 lbi
1725 2455 1879 2525 culpa
1907 2453 2112 2507 abscin-

457 2546 465 2551 ’
530 2546 678 2601 ditur
725 2546 891 2601 undet
917 2546 1198 2615 processit.
1230 2545 1419 2600 Mulier
1445 2554 1675 2599 mortem
1706 2546 1825 2600 viro
1862 2545 2113 2614 propina-

530 2639 624 2702 vit,
666 2638 827 2692 modo
870 2637 1066 2691 mulier
1096 2637 1259 2690 vitam
1305 2636 1520 2690 nuntiat
1550 2637 1717 2701 viris,
1760 2644 1815 2690 et
1841 2650 1960 2704 quae
1987 2644 2112 2687 tunc

502 2732 697 2787 -verba
727 2731 993 2799 serpentis
1024 2731 1184 2785 modo
1213 2739 1400 2783 narrat
1443 2729 1607 2784 verba
1641 2726 1988 2783 viviticatoris
2007 2766 2021 2791 ,
2049 2740 2115 2779 ac

533 2825 579 2879 si
609 2824 741 2894 ipsis
772 2824 931 2878 rebus
962 2823 1107 2877 dicat
1138 2822 1319 2876 Deus:
1350 2824 1427 2877 De
1463 2837 1568 2892 qua
1612 2836 1773 2875 manu
1809 2820 1990 2874 illatus
2031 2825 2116 2873 est

530 2924 690 2983 potus
717 2913 928 2977 mortis,
959 2912 1025 2966 de
1054 2912 1167 2980 ipsa
1193 2912 1451 2982 suscipite
1479 2920 1665 2981 potum
1688 2912 1828 2965 vitae.

601 3006 766 3062 Vsus.
799 3005 885 3060 19.
911 3002 1129 3058 —Cum
1152 3020 1294 3074 ergo,
1320 3014 1427 3058 etc.
1458 3003 1570 3057 Hoc
1592 3003 1707 3072 ipso
1738 3002 1791 3055 in
1821 3001 1906 3056 die
1936 3014 2113 3065 resur-

528 3097 787 3153 tectionis
811 3096 1012 3152 factum
1048 3104 1161 3160 est,
1192 3096 1244 3150 in
1286 3094 1717 3165 quoquinquies
1751 3093 1907 3148 Jesus
1943 3106 2113 3162 appa-

530 3187 659 3243 ruit.
690 3186 875 3241 Primo
910 3172 1093 3240 Maria:
1123 3154 1481 3256 Blagdalenacl,
1516 3154 1755 3239 secundo
1783 3184 1958 3238 eidem
1978 3154 2110 3236 cum
2140 3154 2185 3217 Ο

529 3278 652 3333 aliis
676 3278 914 3333 currenti
956 3278 1205 3331 nuntiare
1248 3276 1528 3347 discipulis
1571 3276 1876 3331 volentibus
1900 3316 1915 3337 ,
1954 3274 2116 3328 tertio

530 3369 709 3435 Petro,
740 3378 934 3439 quarto
955 3368 1205 3437 Cleophze
1223 3378 1278 3423 et
1296 3371 1444 3424 scicio
1466 3368 1604 3437 ejus,
1622 3368 1810 3437 quinto
1835 3364 2118 3435 discipulis

529 3462 708 3532 ianuis
737 3461 937 3515 clausis
960 3460 1237 3529 praedictis
1267 3459 1476 3513 duobus
1504 3459 1617 3529 jam
1648 3459 1901 3512 reversis.

608 3551 765 3606 Vens.
794 3550 884 3604 20.
914 3580 985 3590 —
1013 3548 1251 3603 Ostendit
1274 3551 1348 3603 eis
1379 3567 1567 3603 manus
1595 3560 1642 3603 et
1680 3548 1837 3603 latus.
1869 3547 1998 3602 Post
2028 3562 2118 3603 re—

531 3643 923 3697 surrectionem
954 3641 1006 3695 in
1037 3656 1265 3711 corpore
1299 3658 1399 3697 suo
1421 3643 1680 3697 Dominus
1712 3643 1818 3697 duo
1844 3640 2118 3697 contraria

530 3736 799 3800 ostendit,
839 3745 894 3790 et
924 3735 1190 3805 palpabile
1212 3735 1452 3805 ejusdem
1502 3746 1708 3791 natura?
1733 3746 1790 3792 nt
1831 3736 2027 3791 formet
2050 3737 2119 3792 ad

531 3824 717 3891 ﬁdem,
755 3837 811 3882 et
834 3826 1241 3896 incorruptibile
1275 3826 1500 3882 alterius
1538 3826 1725 3899 gloria:
1746 3834 1807 3881 ut
1833 3827 2024 3881 invitet
2049 3825 2116 3880 ad

530 3917 831 3988 praemium.

603 4006 768 4063 Vens.
794 4008 883 4062 21.
906 4034 981 4063 -τ
999 4006 1147 4063 Dixit
1173 4026 1295 4080 ergo
1322 4010 1396 4064 eis
1428 4010 1638 4064 iterum.
1664 4007 1785 4063 Paa:
1818 4009 1982 4074 vobis,
2004 4017 2112 4065 etc.

529 4096 724 4152 Pacem
762 4096 951 4164 oll‘ert,
986 4098 1076 4169 qui
1108 4109 1328 4169 propter
1362 4115 1552 4170 pacem
1583 4100 1769 4166 venit,
1813 4101 1975 4156 iterat
1996 4141 2011 4166 ,
2058 4109 2117 4156 nt

530 4196 797 4243 monstret
834 4204 933 4258 per
961 4205 1120 4244 suum
1164 4191 1482 4260 sanguinem
1523 4205 1643 4246 esse
1683 4190 1967 4260 paciﬁcata
1995 4207 2117 4262 quae

530 4277 588 4333 in
615 4278 767 4333 etnlis
789 4287 938 4344 sunt,
970 4288 1026 4334 et
1049 4295 1170 4348 qua:
1197 4280 1250 4333 in
1280 4268 1442 4334 ferra.

603 4367 769 4421 Vatis.
793 4367 883 4421 22.
906 4398 977 4408 —
1000 4368 1231 4438 Accipite
1263 4368 1518 4438 Spiritum
1543 4380 1803 4428 sanctum.
1836 4372 2020 4446 (Anth)
2057 4374 2116 4430 In

2137 1794 2185 1854 B

2190 527 2436 609 ‘minem,
2460 535 2515 581 et
2541 541 2704 596 super
2732 514 2835 581 hei:
2857 526 3024 582 Deum
3052 527 3309 582 credebat
3333 527 3445 598 jam
3462 537 3683 584 remota
3706 530 3797 585 du-

2204 618 2486 680 bitatione,
2515 626 2571 672 et
2590 617 2956 673 conﬁtebatur
2984 632 3148 688 quem
3175 634 3280 673 non
3307 619 3545 673 videbat.

2275 709 2439 765 Vsus.
2470 711 2562 766 29.
2586 741 2656 750 —
2688 710 2829 775 Quia
2870 712 3046 764 vidisti
3084 727 3199 777 me,
3239 709 3439 764 Thoma
3458 751 3473 774 ,
3501 710 3796 766 credidisti.

2206 800 2322 857 Non
2372 803 2447 855 ait
2491 800 2747 869 tetigisti,
2789 800 2885 855 sed
2937 801 3163 855 vidisti:
3207 801 3332 869 quia
3366 815 3516 855 Visus
3558 802 3800 870 quodam

2206 893 2366 947 modn
2398 891 2667 961 generalis
2696 905 2891 945 sensus
2922 891 3124 961 estqui
3157 892 3224 946 de
3249 891 3373 946 aliis
3413 900 3659 961 quatuor
3706 893 3801 948 dict

2208 982 2362 1037 solet.
2413 981 2662 1036 Forsitan
2711 996 2818 1035 non
2863 979 2967 1034 fuit
3007 996 3170 1036 ausus
3215 989 3481 1051 tangere;
3514 983 3614 1036 sed
3662 983 3805 1053 aspi-

2207 1078 2398 1134 ciendo
2428 1084 2661 1141 tantum,
2696 1091 2793 1131 seu
2822 1075 2988 1131 etiam
3020 1074 3290 1145 tangendo
3317 1075 3511 1130 credit.

2282 1170 2453 1223 Beati.
2500 1167 2856 1223 Commendat
2901 1167 3060 1222 (idem
3108 1168 3368 1236 gentium,
3397 1165 3488 1221 sed
3521 1166 3804 1235 praeterito

2210 1261 2400 1324 utitur,
2450 1267 2509 1312 ut
2543 1257 2635 1327 qui
2677 1257 2818 1327 quod
2850 1265 2968 1313 erat
3004 1257 3277 1323 futurum,
3308 1257 3364 1311 in
3400 1271 3495 1313 sua
3519 1257 3805 1328 praedesti-

2210 1353 2430 1407 natione
2460 1358 2687 1406 noverat
2704 1350 2819 1420 jam
2839 1348 3066 1404 factum.

2803 1493 3030 1551 CAPUT
3068 1495 3217 1552 XXI.

2286 1632 2447 1688 Vens.
2478 1632 2531 1686 1.
2562 1663 2635 1674 —
2657 1631 2852 1688 Postea
2882 1633 3257 1701 manifestavit.
3286 1633 3512 1690 Relictis
3548 1636 3804 1694 omnibts

2213 1725 2384 1780 secuti
2408 1723 2629 1779 fuerunt
2650 1722 2855 1779 Jesum.
2889 1724 3044 1792 Quod
3070 1725 3116 1779 si
3142 1734 3265 1795 post
3290 1735 3520 1780 mortem
3540 1712 3678 1781 Iesu
3710 1743 3805 1784 an-

2214 1826 2430 1887 tequam
2471 1817 2790 1873 redderetur
2826 1818 2914 1872 eis
2960 1817 3148 1883 vivus,
3200 1818 3523 1888 repaissent
3560 1818 3802 1888 priorem

2213 1917 2384 1964 artem
2407 1949 2422 1974 ,
2448 1916 2669 1979 possent
2695 1907 2869 1962 videri
2906 1921 2975 1962 ex
3011 1907 3388 1978 desperatione
3423 1907 3525 1963 hoc
3565 1907 3799 1975 iecisse;

2213 2000 2308 2055 sed
2334 2011 2456 2068 post
2482 1999 2750 2054 redditum
2774 2000 2975 2065 vivum,
3005 2009 3128 2070 post
3153 2008 3437 2069 acceptum
3467 1998 3586 2067 ejus
3631 2001 3802 2056 insut-

2212 2091 2446 2147 ﬂationis
2478 2092 2728 2162 spiritum
2750 2132 2764 2157 ,
2795 2100 2919 2162 post
2950 2092 3120 2146 verba
3158 2089 3278 2158 ejus
3311 2109 3325 2146 :
3358 2089 3503 2145 Sicut
3545 2092 3695 2145 misit
3727 2110 3802 2147 ne

2214 2178 2400 2247 Pater,
2440 2189 2487 2235 et
2520 2197 2613 2252 ego
2641 2182 2789 2234 mitto
2820 2197 2939 2247 vos,
2982 2181 3163 2236 subito
3202 2180 3341 2236 ﬁunt
3371 2182 3513 2251 quod
3546 2181 3800 2249 hiet-unt,

2213 2277 2538 2353 piscatores,
2563 2293 2670 2331 non
2697 2277 2976 2331 hominum
3001 2277 3094 2332 sed
3120 2276 3372 2347 piscium.
3399 2277 3505 2332 Sed
3525 2278 3801 2333 sciendum

2215 2378 2299 2424 est
2326 2384 2430 2423 non
2455 2368 2756 2438 prohibitos
2781 2366 2949 2422 fuisse
2979 2384 3076 2423 sua
3099 2377 3219 2423 arte
3246 2367 3395 2423 licita
3428 2376 3631 2422 victum
3656 2383 3800 2437 qua:-

2216 2474 2358 2524 rere,
2392 2459 2722 2529 apostolatus
2749 2459 3061 2529 integritate
3083 2466 3319 2525 servata,
3343 2474 3469 2513 cum
3492 2459 3637 2514 unde
3658 2460 3800 2514 vive-

2217 2560 2342 2605 rent
2370 2566 2477 2605 non
2522 2550 2819 2615 baberent,
2850 2559 2905 2604 et
2945 2550 3027 2605 sic
3053 2550 3159 2605 illis
3199 2550 3572 2606 laborantibus
3611 2550 3799 2619 adjecit

2218 2641 2359 2696 Deus
2402 2642 2707 2696 necessaria
2749 2655 2870 2711 qua:
2907 2642 3193 2711 promisit,
3221 2641 3310 2696 hic
3355 2650 3537 2697 autem
3581 2643 3795 2713 penuria

2219 2747 2408 2788 eorum
2450 2733 2709 2803 disposita
2747 2741 2865 2800 est,
2893 2734 3033 2788 utin
3066 2734 3368 2805 piscatione
3394 2741 3550 2789 tanta
3583 2736 3794 2791 exhibe-

2221 2831 2411 2877 rentur
2436 2814 2793 2879 sacramenta.

2293 2913 2457 2967 Vsus.
2489 2912 2574 2966 14.
2600 2943 2669 2953 -
2695 2913 2812 2968 Hoc
2835 2914 2975 2985 jam.
3007 2914 3123 2970 Non
3153 2916 3297 2986 quod
3337 2923 3419 2971 ter
3457 2924 3669 2972 tantum
3693 2933 3795 2972 ma-

2221 3003 2509 3060 nifestatus
2534 3004 2625 3069 sit,
2664 3006 2759 3061 sed
2789 3006 2857 3061 ad
2888 3007 3006 3063 dies
3036 3006 3203 3064 refert
3223 3048 3239 3074 ,
3272 3009 3447 3079 primo
3475 3010 3566 3064 die
3596 3026 3703 3081 quo
3723 3026 3795 3065 re-

2224 3096 2480 3160 surrexit,
2512 3106 2633 3167 post
2656 3107 2778 3154 octo
2804 3098 2941 3165 dies,
2971 3100 3076 3154 hoc
3101 3100 3189 3154 die
3219 3101 3436 3170 quando
3465 3101 3570 3155 hoc
3600 3101 3794 3156 fecitde

2217 3190 2477 3261 piscibus.
2504 3190 2807 3245 Secundum
2835 3192 2952 3247 dies
2973 3207 3102 3263 ergo
3125 3193 3597 3248 manifestationes
3616 3208 3792 3258 nume-

2218 3289 2424 3333 rantur.
2459 3280 2659 3346 Prima,
2688 3281 3117 3352 quotiescunque
3153 3284 3225 3338 sit
3251 3283 3421 3350 facta,
3452 3301 3562 3340 uno
3591 3285 3676 3340 die
3711 3300 3787 3339 re-

2218 3374 2589 3428 surrectionis.
2630 3373 2907 3440 Secunda,
2957 3384 3081 3445 post
3124 3385 3248 3431 octo
3288 3376 3426 3440 dies,
3470 3386 3526 3431 ct
3568 3377 3683 3431 bzec
3720 3385 3793 3430 est

2219 3464 2398 3518 tertia.
2432 3463 2491 3517 In
2517 3464 2618 3519 hac
2648 3465 2807 3519 tertia
2833 3465 3271 3523 manifestatione
3310 3468 3416 3523 hoc
3450 3467 3793 3538 Evangelium

2217 3555 2560 3610 terminatur.

2287 3646 2455 3702 Vens.
2486 3646 2572 3701 15.
2595 3678 2663 3691 —-
2688 3646 2820 3703 Cum
2840 3666 2961 3720 ergo
2984 3650 3334 3720 prandissent.
3356 3649 3516 3708 Jesus
3542 3652 3646 3707 scit
3664 3652 3793 3722 quod

2217 3736 2525 3811 interrogat
2549 3756 2616 3794 an
2650 3741 2770 3812 plus
2795 3741 3011 3813 diligat,
3037 3742 3229 3799 Petrus
3265 3746 3409 3815 quod
3436 3746 3506 3800 de
3530 3761 3592 3800 se
3620 3745 3789 3810 norit,

2217 3830 2382 3897 dicit,
2411 3832 2465 3886 id
2512 3840 2595 3886 est
2626 3832 2768 3901 quod
2810 3844 2977 3887 amat.
2998 3834 3079 3907 ΔΕῑ
3106 3836 3232 3904 quia
3268 3835 3335 3891 de
3384 3835 3507 3891 aliis
3545 3845 3791 3907 quantum

2218 3922 2466 3994 diligant,
2500 3898 2694 3990 nescit,
2724 3924 2844 3979 ideo
2871 3898 3055 3980 utrtﬂn
3091 3898 3215 3996 plus
3244 3926 3350 3982 illis
3372 3898 3599 3998 diligat,
3642 3937 3790 3985 tacet.

2217 4014 2357 4070 Ecce
2385 4015 2565 4081 docet,
2595 4030 2700 4070 non
2726 4024 2926 4072 temere
2953 4016 3180 4073 delinire
3204 4019 3269 4074 de
3288 4020 3534 4085 occultis,
3563 4030 3621 4076 et
3644 4020 3791 4091 priori

2215 4105 2457 4176 periculo
2488 4106 2791 4177 negationis
2817 4109 3030 4163 cautius
3058 4110 3125 4164 de
3153 4125 3212 4164 se
3242 4110 3538 4180 respondit.

2288 4195 2459 4253 Pasce
2505 4216 2666 4271 agnos
2716 4215 2876 4254 meos.
2935 4198 2993 4254 Si
3040 4214 3128 4254 me
3172 4201 3380 4272 diligis,
3435 4219 3593 4273 pasce
3648 4221 3793 4274 agnos

2216 4308 2379 4348 meos.
2421 4292 2537 4347 Non
2574 4301 2633 4347 ut
2671 4301 2793 4349 tuos
2848 4292 3075 4365 gloriam
3129 4309 3307 4349 meatu
3359 4296 3417 4350 in
3478 4297 3559 4351 eis
3607 4313 3791 4367 quaere,

2218 4401 2323 4441 non
2383 4394 2571 4452 tuam;
2626 4401 2746 4440 mea
2796 4385 2962 4450 lucra,
3004 4403 3111 4441 non
3140 4395 3252 4453 tua,
3282 4388 3410 4457 quia
3458 4389 3682 4445 dilectio
3714 4390 3796 4446 Dei

536 4465 679 4512 terra
725 4457 889 4567 datur
925 4458 1149 4527 spiritus
1195 4468 1255 4512 ut
1292 4459 1549 4529 diligatur
1574 4462 1943 4530 proximus,e
1976 4466 2115 4521 caelo
2142 4476 2480 4567 Dprobatur
2527 4476 2583 4530 in
2650 4476 2940 4532 dilectione
3007 4480 3262 4549 proximi.
3330 4478 3434 4546 Qui
3487 4495 3623 4536 vero
3677 4498 3797 4554 opus

535 4554 695 4608 datur
725 4550 985 4621 Spiritus,
1016 4560 1074 4607 ut
1099 4552 1353 4623 diligatur
1375 4553 1536 4608 Deus.

607 4636 774 4696 Vsus.
813 4638 903 4695 23.
948 4671 1020 4681 —
1063 4641 1302 4708 Quorum
1356 4646 1657 4701 remiseritis
1705 4658 1934 4717 peccata.
1980 4649 2119 4706 Ecce

536 4732 800 4799 Charitas,
831 4749 951 4804 qua:
978 4749 1076 4805 per
1107 4733 1368 4806 Spiritum
1396 4747 1644 4792 sanctum
1673 4739 1972 4795 infunditur
1995 4757 2119 4797 cor-

538 4824 695 4879 dibus
716 4840 923 4881 eorum.
955 4825 1055 4894 Qui
1085 4828 1380 4899 participes
1402 4830 1487 4884 sui
1512 4841 1656 4896 sunt,
1688 4842 1911 4900 peccata
1939 4835 2122 4891 dimit-

541 4912 606 4969 tit
635 4930 649 4977 ;
678 4930 863 4970 eorum
892 4919 984 4987 qui
1030 4936 1135 4975 non
1185 4928 1344 4986 sunt,
1392 4929 1557 4976 tenet.
1589 4922 1651 4975 Et
1692 4923 1811 4978 ideo
1835 4934 2121 4995 postquam

540 5003 678 5059 dixit
703 5022 717 5059 :
746 5008 977 5078 Accipite
1003 5008 1261 5079 Spiritum
1283 5022 1546 5082 sanctum,
1579 5014 1834 5070 continuo
1856 5015 2115 5087 subjecit:

543 5092 778 5159 Quorum
801 5099 1098 5160 remiseritis
1121 5112 1351 5169 peccata.

614 5181 775 5239 Vsus.
808 5186 898 5239 24.
923 5216 994 5227 -
1017 5186 1242 5245 Thomas
1267 5202 1441 5248 autem
1473 5210 1630 5249 unus.
1665 5193 1780 5249 Non
1824 5210 1984 5261 casu,
2025 5195 2119 5249 sed

542 5273 725 5329 divina
753 5276 1107 5347 dispositione
1128 5280 1301 5337 defuit
1325 5282 1559 5340 Thomas
1581 5293 1636 5340 et
1665 5284 1844 5338 audita
1875 5300 1981 5338 non
2005 5299 2120 5341 cre-

543 5366 710 5432 didit;
738 5370 879 5424 unde
905 5369 1228 5441 palpandum
1256 5391 1313 5430 se
1342 5377 1390 5433 ei
1424 5379 1679 5433 Dominus
1706 5377 1958 5446 praebuit,
1991 5380 2117 5449 quia

543 5457 661 5530 ejus
681 5461 1020 5520 dubitatione
1064 5474 1119 5520 et
1152 5466 1292 5522 facta
1325 5472 1425 5525 sibi
1456 5472 1772 5541 probatione
1801 5473 1932 5536 nulli
1957 5473 2120 5528 relin-

543 5554 729 5625 quitur
747 5553 863 5625 jam
892 5557 1160 5613 dubitare.
1194 5558 1299 5625 Qui
1316 5562 1508 5615 dicitur
1530 5563 1809 5634 Didymus.
1840 5565 2118 5637 Didymus,

545 5642 602 5700 id
618 5652 703 5701 est
726 5647 994 5719 geminus,
1021 5650 1150 5720 quia
1181 5649 1373 5705 dubius
1395 5651 1649 5722 Thomas,
1678 5654 1732 5711 id
1753 5663 1839 5712 est
1856 5654 2117 5729 abyssus:

543 5735 670 5804 quia
699 5737 995 5798 dubitando
1020 5741 1339 5813 profundius
1368 5745 1535 5801 novit.

2221 4565 2439 4635 pietatis
2477 4571 2638 4635 negat
2678 4566 2961 4635 proximis,
3018 4569 3199 4623 minus
3229 4569 3399 4624 Deum
3443 4569 3642 4642 diligit.
3690 4572 3798 4626 llaec

2224 4664 2402 4711 autem
2447 4656 2688 4711 charitas
2740 4670 2809 4712 ex
2862 4658 3043 4714 divina
3090 4660 3250 4715 datur
3305 4661 3504 4732 gratia.
3535 4662 3693 4729 Quod
3726 4673 3799 4717 ta-

2222 4747 2329 4803 cite
2373 4747 2547 4802 innuit
2596 4745 2832 4803 Joannes
2874 4750 3001 4804 dum
3038 4750 3377 4823 interrogans
3407 4751 3476 4807 de
3517 4769 3706 4810 amore
3732 4754 3799 4808 di-

2222 4839 2298 4895 cit
2322 4838 2410 4893 hic
2432 4839 2574 4908 quod
2612 4854 2720 4894 non
2739 4841 2867 4895 alibi
2899 4859 2913 4895 :
2961 4841 3146 4898 Simon
3176 4844 3421 4912 Joannis,
3451 4846 3509 4901 id
3552 4855 3641 4902 est
3690 4848 3801 4901 obe-

2224 4928 2377 4984 diens
2400 4930 2494 4985 Dei
2523 4930 2721 5003 gratia,
2749 4933 2873 5001 quia
2900 4934 3043 5003 quod
3072 4936 3351 4991 ardentius
3380 4937 3598 4992 caneris
3641 4939 3800 5009 diligit

2225 5030 2280 5076 ct
2305 5021 2507 5088 obedit,
2534 5039 2643 5079 non
2678 5034 2761 5080 est
2787 5027 2889 5081 nisi
2914 5028 3006 5083 Dei
3044 5030 3240 5099 gratia.
3808 5024 3813 5033 ’

2269 5111 2432 5168 Vsus.
2450 5114 2754 5171 17.—Dicit
2767 5119 2811 5171 ei
2825 5120 2996 5171 tertio.
3008 5119 3306 5191 lnterrogat
3320 5123 3463 5191 quod
3481 5125 3692 5181 sciebat
3706 5142 3799 5180 non

2223 5202 2410 5267 semel,
2429 5205 2525 5257 sed
2572 5205 2769 5261 iterum
2818 5216 2875 5262 et
2901 5208 3096 5275 tertio;
3137 5220 3193 5264 et
3224 5213 3384 5266 tertio
3412 5215 3565 5269 audit
3595 5231 3628 5270 a
3654 5216 3801 5271 Petro

2223 5305 2282 5346 se
2314 5292 2483 5363 diligi,
2501 5302 2555 5348 et
2571 5298 2731 5352 tertio
2745 5296 2898 5367 jubet
2921 5315 3145 5369 pascere
3168 5318 3315 5359 oves.
3333 5304 3514 5362 Trinte
3538 5308 3801 5379 negatioui

2224 5382 2469 5438 redditur
2495 5385 2633 5441 trina
2659 5388 2949 5454 confessio,
2978 5408 3048 5447 ne
3074 5393 3254 5449 minus
3281 5400 3455 5451 amori
3486 5397 3674 5468 lingua
3696 5412 3801 5453 ser-

2221 5475 2335 5529 viat
2355 5490 2514 5544 quam
2541 5478 2739 5534 timori.
2764 5481 2831 5536 Et
2857 5482 3000 5538 sicut
3039 5483 3140 5539 luit
3184 5486 3447 5556 judicium
3476 5490 3696 5545 timoris
3718 5504 3804 5544 no-

2222 5580 2354 5637 gare
2376 5575 2667 5637 pastorem,
2707 5573 2787 5627 sic
2806 5572 3042 5629 oﬂicium
3069 5578 3275 5634 amoris
3318 5594 3543 5648 pascere
3594 5578 3805 5636 Domini

2221 5673 2460 5730 gregem.
2487 5657 2838 5719 Contristatus
2863 5676 2938 5721 est
2966 5664 3175 5722 Petrus.
3201 5668 3384 5743 (Aue.)
3405 5671 3583 5727 Etiam
3617 5672 3807 5735 remis-

2224 5752 2300 5808 sis
2326 5753 2567 5826 peccatis
2587 5754 2784 5812 tolerat
2830 5759 2992 5815 bomo
3020 5758 3320 5826 miseriam,
3350 5760 3404 5817 in
3428 5777 3595 5834 quam
3627 5770 3809 5820 tamen
