3958 6314
238 372 337 428 4'25

231 578 395 645 culpa,
415 586 512 627 nec
535 585 703 641 parva
724 570 999 624 videretur
1055 567 1230 637 culpa,
1253 567 1299 621 si
1324 581 1446 620 cum
1473 565 1565 620 illa
1604 562 1785 619 aufer-

230 676 371 722 retur
392 676 567 734 pmna.
590 659 687 716 Est
707 659 826 715 ideo
854 659 940 715 vel
960 660 1027 713 ad
1058 655 1572 712 demonstrationem
1591 652 1785 709 debitae

227 753 466 817 miserim,
496 749 579 805 vel
618 750 686 804 ad
726 748 1157 805 emendationem
1196 745 1370 800 labilis
1406 745 1551 810 vitae,
1599 743 1683 799 vel
1714 743 1782 798 ad

224 839 654 900 exercitationem
711 836 1030 894 necessaria:
1079 835 1356 906 patientiae
1411 832 1784 904 temporaliter

230 938 371 988 tenet
422 928 695 985 hominem
756 942 940 999 paena,
995 926 1161 981 etiam
1228 939 1389 996 quem
1456 925 1571 994 jam
1627 939 1782 979 reum

225 1037 322 1078 non
390 1027 537 1076 tenet
599 1018 807 1093 culpa,
869 1026 924 1073 et
990 1018 1108 1073 haec
1174 1023 1258 1071 est
1323 1015 1519 1069 horum
1572 1013 1779 1069 dierum

223 1111 405 1179 ﬂenda,
434 1113 529 1167 sed
553 1126 660 1166 non
682 1108 1123 1182 reprehendenda
1147 1105 1404 1162 conditio.
1432 1103 1619 1160 Pasce.
1650 1104 1782 1159 Pas-

223 1219 336 1260 cere
359 1217 487 1260 oves
512 1209 594 1259 est
615 1201 897 1258 credentes
925 1213 993 1254 ne
1018 1198 1275 1255 deﬁciant
1312 1196 1642 1262 confortare,
1669 1204 1781 1252 ter—

218 1308 338 1351 rena
387 1292 653 1357 subsidia,
677 1292 723 1347 'si
774 1304 999 1346 necesse
1044 1296 1151 1356 est,
1193 1288 1425 1344 subditis
1469 1287 1774 1358 providere,

215 1383 447 1455 exempla
501 1383 761 1438 virtutum
802 1380 1066 1452 praebere,
1117 1376 1445 1435 adversariis
1490 1376 1778 1443 obsistere,

216 1481 494 1545 peccantes
518 1472 812 1544 corrigere.

278 1562 434 1617 Vens.
464 1562 552 1618 18.
581 1591 651 1602 -—-
675 1560 808 1616 Cum
830 1569 1006 1616 autem
1039 1560 1290 1615 senseris.
1313 1558 1606 1614 Pas'surum
1641 1569 1777 1626 prte-

212 1655 333 1710 dicit
359 1653 448 1723 qui
494 1661 816 1725 negaturum
867 1650 1214 1723 prtedixerat,
1265 1650 1371 1705 hoc
1416 1648 1529 1719 jam
1566 1653 1781 1718 poterat

210 1744 604 1800 resurredtione
624 1743 890 1809 ﬁrmatus,
929 1743 1070 1813 quod
1112 1742 1400 1796 immature
1424 1737 1779 1810 pollicebatur

1125 362 1391 420 CLOSSA
1430 359 1823 418 ORDiNARIA.
1862 387 1934 398 -
1969 356 2100 412 LIB.
2128 355 2416 415 ACTUUM
2454 336 2698 414 APOST.

228 494 291 541 ex
317 488 524 554 peccato
563 480 725 534 venit.
756 476 1072 533 Productior
1121 476 1265 531 enim
1314 490 1472 546 pinna
1511 482 1779 544 estquam
1809 483 1859 541 Α
1953 467 2125 539 Super
2146 478 2341 539 pectus.
2366 469 2424 523 In
2455 477 2673 540 pectore
2688 467 2814 526 Jesu
2842 473 2969 523 sunt
2995 481 3171 522 omnes
3219 467 3451 521 thesauri
3554 482 3561 489 '

3344 351 3452 408 λεδ

1880 560 2149 631 sapientia
2184 570 2234 614 et
2260 560 2489 614 scientiae
2515 559 2826 623 absconditi,
2851 572 3015 628 super
3031 559 3173 626 quod
3205 555 3456 613 recubuit

1879 662 2041 718 quem
2064 646 2256 718 majori
2277 649 2492 705 caeteris
2516 648 2792 719 sapientia:
2819 656 2877 702 et
2909 647 3151 703 scientia:
3209 645 3448 719 singula—

1880 739 1957 794 ris
1984 753 2206 795 munere
2234 738 2419 802 donat,
2453 737 2506 792 in
2531 753 2637 807 quo
2668 738 3000 809 ﬁgurabatur
3023 730 3224 808 quanta
3250 750 3449 794 arcana

1881 829 2163 886 divinitate
2187 844 2297 900 prae
2319 829 2530 903 caeteris
2559 839 2712 906 esset,
2737 829 3056 901 scripturus.

1951 909 2117 974 Vens.
2143 920 2235 975 21.
2266 948 2338 962 --
2376 920 2615 993 Domine,
2658 920 2741 973 hic
2772 930 2948 975 autem
2974 921 3139 993 quid?
3166 920 3302 988 Quia
3349 910 3450 974 au—‘

1879 1011 2054 1067 dierat
2092 993 2285 1065 Petrus
2323 1006 2382 1065 se
2404 1009 2848 1083 cruciﬁgendum,
2877 1002 3051 1066 voluit
3076 1011 3237 1067 etiam
3266 1002 3450 1067 fratris

1879 1119 2209 1175 cognoscere
2244 1105 2473 1160 exitum.

1950 1195 2115 1250 Vens.
2142 1194 2232 1250 22.
2262 1224 2333 1235 —-
2359 1192 2446 1249 Sic
2476 1210 2595 1249 eum
2622 1192 2736 1250 volo
2760 1209 2991 1260 manere,
3029 1180 3192 1248 donec
3225 1184 3449 1249 veniant.

1878 1280 2010 1339 Nolo
2039 1299 2162 1339 eum
2186 1298 2283 1354 per
2308 1285 2626 1356 martyrium
2655 1297 3052 1348 consummare,
3100 1284 3195 1340 sed
3224 1283 3451 1356 exspec-

1880 1370 1997 1429 tare
2014 1379 2137 1428 eum
2160 1373 2424 1446 placidam
2454 1375 2637 1430 carnis
2660 1389 2771 1430 suae
2795 1374 3209 1441 absolutionem,
3235 1375 3452 1444 quando

1878 1460 1977 1535 ego
1997 1465 2219 1520 veniens
2247 1465 2501 1536 reeipiam’
2524 1464 2646 1520 eum'
2676 1464 2728 1521 in
2756 1460 3013 1541 atternam
3039 1462 3451 1523 beatitudinem.

1951 1556 2110 1611 Vsus.
2134 1554 2223 1610 23.
2256 1587 2327 1595 —
2354 1553 2421 1609 Et
2454 1552 2555 1610 non
2589 1552 2721 1611 dixit
2761 1556 2828 1611 ei.
2883 1548 3001 1611 Non
3028 1565 3113 1611 est
3148 1546 3453 1627 intelligen-

1877 1648 2005 1704 dum
2053 1648 2196 1718 quod
2234 1647 2469 1704 Joannes
2524 1663 2630 1703 non
2659 1649 2731 1703 sit
2767 1657 3009 1705 mortuus
3046 1648 3099 1703 iu
3146 1663 3329 1714 carne,
3353 1636 3451 1705 sed

1878 1739 2136 1812 quidquid
2155 1748 2281 1795 ante
2306 1755 2516 1810 passus,
2542 1740 2683 1810 quod
2710 1739 2955 1795 ultimum
2994 1739 3048 1795 in
3076 1754 3208 1810 pace
3245 1739 3452 1795 sentiunt

210 1833 468 1889 inﬁrmus.
499 1833 617 1890 Jam
642 1848 750 1889 non
779 1833 970 1889 metuit
995 1833 1154 1903 hujus
1178 1832 1302 1887 vitae
1325 1830 1622 1894 interitum,
1647 1829 1771 1899 quia
1807 1832 1849 1896 Β
1879 1828 2077 1885 ﬁniret.
2127 1829 2244 1884 Non
2293 1831 2438 1884 enim
2487 1845 2735 1901 magnum
2775 1839 2895 1886 erat
2937 1832 3067 1886 dare
3119 1831 3315 1888 dilecto
3338 1835 3447 1886 nort

208 1936 519 1999 resurgente
532 1927 758 1983 Domino
771 1926 895 1983 vitae
914 1926 1134 1982 alterius
1156 1924 1434 1996 praecessit
1447 1920 1769 1992 exemplum.

271 2017 430 2073 Vens.
496 2018 584 2075 l9.
632 2049 702 2059 —
748 2017 816 2072 Et
856 2034 975 2072 cum
1024 2017 1120 2071 hoc
1178 2016 1416 2071 dixisset.
1453 2013 1552 2070 His
1593 2013 1773 2078 dictis,

203 2107 359 2177 cmpit
379 2106 547 2164 Jesus
572 2107 741 2175 abire,
771 2114 829 2163 et
850 2109 1088 2164 nondum
1137 2105 1415 2161 intellecto
1457 2103 1599 2175 quod
1622 2103 1775 2158 audi-

204 2195 298 2262 vit,
334 2196 568 2269 Sequere
589 2214 693 2265 me,
716 2199 880 2269 caepit
904 2198 1094 2254 Petrus
1120 2198 1332 2258 incessu
1368 2195 1565 2267 pedum
1592 2196 1770 2266 sequi,

205 2295 415 2344 secutus
434 2297 524 2345 est
546 2296 602 2344 et
625 2288 862 2345 Joannes
886 2291 977 2361 qui
1005 2290 1209 2346 sciebat
1233 2303 1292 2343 se
1322 2287 1490 2358 diligi.

271 2378 433 2434 Vens.
468 2379 559 2433 20.
584 2409 653 2420 —
681 2378 848 2446 Quem
885 2379 1132 2451 diligebat
1165 2378 1341 2434 Iesus.
1408 2377 1673 2450 Diligebat
1717 2386 1773 2433 et

203 2468 351 2537 alios,
375 2469 472 2526 sed
501 2469 819 2527 familiarius
839 2471 1004 2528 istum
1024 2470 1244 2527 donavit
1266 2469 1475 2540 potiore
1498 2468 1777 2525 dulcedine

202 2561 279 2616 sui
298 2562 524 2630 amoris,
548 2563 673 2634 quia
694 2563 846 2634 virgo
872 2562 1076 2619 electus
1094 2562 1162 2618 ab
1190 2562 1308 2633 ipso
1341 2556 1776 2630 virgo’perman-

202 2652 285 2717 sit,
325 2655 470 2710 unde
495 2664 550 2710 et
578 2663 806 2712 matrem
833 2655 884 2710 ei
910 2653 1327 2712 commendavit.

269 2742 454 2816 (Anc.)
483 2743 669 2801 Tacito
692 2746 910 2803 nomine
933 2748 1257 2804 discernitur
1299 2744 1533 2801 Joannes
1554 2760 1585 2801 a
1614 2753 1771 2801 caete-

202 2832 296 2900 ris,
339 2845 479 2902 etc.,
506 2839 761 2909 usquead
791 2840 882 2909 qui
908 2839 1061 2911 virgo
1104 2848 1188 2896 est
1234 2838 1471 2896 Joannes
1524 2837 1774 2894 convenit

198 2923 396 2983 tutum:
446 2929 592 2996 vita,
633 2930 726 2985 ubi
773 2947 949 3002 neque
999 2931 1204 2987 nubent
1246 2945 1423 3003 neque
1473 2931 1765 2987 nubentur.

1879 1921 2040 1986 ino'ri,
2066 1934 2189 1979 cum
2223 1920 2441 1977 dissolvi
2486 1928 2541 1977 et
2584 1932 2703 1978 esse
2734 1934 2856 1976 cum
2914 1920 3126 1977 Christo
3173 1922 3244 1977 sit
3280 1920 3453 1978 multo

1877 2010 2091 2067 melius.

1949 2100 2114 2156 Vens.
2142 2086 2234 2154 2i.
2264 2108 2334 2140 --‘
2381 2097 2483 2155 Hie
2503 2096 2599 2167 est,
2624 2099 2729 2156 etc.
2753 2087 2853 2157 Hic
2886 2092 3072 2171 a'per'te'
3110 2115 3265 2157 suam
3308 2093 3452 2155 desi-

1877 2189 2005 2265 gnat
2031 2206 2319 2262 personam
2339 2198 2405 2246 ex
2433 2190 2628 2258 olliCio,
2658 2190 2800 2263 quod
2841 2191 3013 2247 noluit
3050 2190 3335 2262 designare
3381 2205 3450 2245 ex

1877 2284 2157 2339 Vocabula.

1948 2371 2114 2428 Vsus.
2140 2372 2233 2427 25.
2261 2402 2331 2413 -
2359 2372 2469 2427 Nec
2498 2368 2667 2437 ipsam
2706 2372 2935 2427 arbitrer
2953 2372 3224 2428 mandunt.
3264 2361 3451 2442 (AUGJ

1879 2455 1995 2521 Non
2022 2465 2197 2536 Spatia
2217 2464 2481 2531 lo‘cdrum,
2508 2465 2837 2521 credendum
2862 2468 2946 2521 est
2968 2465 3227 2520 mundum
3253 2464 3451 2535 capere

1877 2572 1985 2611 non
2023 2570 2200 2627 posse,
2228 2563 2362 2622 etc.,
2396 2560 2558 2627 u’sdue
2578 2555 2649 2609 ad
2687 2555 2828 2611 sicut
2868 2554 2961 2610 alii
3012 2552 3170 2626 tropi,
3211 2555 3315 2611 hcc
3367 2546 3455 2611 est

1878 2650 2202 2707 locutionum
2233 2649 2396 2705 modi.
3344 2718 3345 2721 η

1951 2739 2064 2795 Nec
2091 2741 2281 2811 ipsum.
2300 2738 2414 2796 Non
2437 2741 2566 2797 dicit
2586 2741 2762 2811 spatio
2786 2756 2893 2797 non
2920 2755 3080 2812 posse
3099 2738 3240 2814 capi,
3255 2728 3347 2799 sed
3363 2744 3456 2797 ca'-'

1877 2831 2107 2902 pacitate
2127 2831 2440 2904 legentium,
2455 2832 2705 2903 quamvis
2723 2833 2869 2888 salva
2892 2832 2996 2890 ﬁde
3018 2848 3198 2889 rerum
3218 2834 3454 2905 plerumé

1875 2942 1980 2999 que
2000 2926 2164 2983 verba
2195 2924 2479 2982 videantur
2504 2926 2765 2983 excedere
2796 2925 2953 2982 ﬁdem
2975 2939 3074 2999 per
3101 2925 3457 2999 hyperbolen:

1234 3172 1561 3262 ACTUS
1634 3164 2427 3258 APOSTOLORUM:

536 3408 903 3523 bROLocus
961 3424 1021 3479 Β.
1062 3400 1458 3483 mammia.

635 3534 791 3591 -Vide
821 3535 956 3590 inter
986 3552 1143 3607 opera
1183 3526 1342 3606 ejus.)

697 3664 925 3722 CAPUT
995 3663 1284 3722 PRIMUM.

269 3777 438 3835 Vnus.
480 3774 949 3833 l.—'-Serrnonem
988 3776 1106 3845 feci.
1150 3774 1205 3831 ld
1231 3784 1347 3841 est;
1393 3774 1583 3846 scripsi
1610 3791 1624 3826 :
1652 3775 1779 3847 quia

201 3870 449 3935 scribere
486 3875 572 3924 est
610 3866 843 3938 operari.
893 3866 991 3921 Vel
1030 3866 1132 3921 hoc
1166 3866 1240 3922 ita
1278 3867 1429 3933 dicit,
1460 3868 1586 3937 quia
1622 3865 1780 3923 factis

201 3962 400 4016 meruit
449 3972 575 4016 esse
619 3959 853 4028 scriptor
896 3938 1190 4030 ﬁangelii.
1249 3956 1397 4013 Feci.
1440 3959 1608 4014 Totus
1643 3958 1781 4013 liter

201 4050 485 4124 Evangelii
514 4066 654 4105 unus
686 4062 866 4105 sermo
889 4049 1107 4116 dicitur,
1138 4064 1203 4105 eo
1231 4051 1372 4120 quod
1396 4050 1593 4106 habeat
1614 4063 1779 4106 unum
1810 4070 1835 4088 κ

206 4154 428 4198 sensum
455 4160 470 4197 :
499 4149 592 4196 aut
628 4142 905 4212 singulare
940 4156 1038 4213 pro
1081 4142 1296 4212 plurali.
1328 4142 1670 4213 Evangelium
1698 4151 1784 4197 est

202 4237 343 4292 bona
385 4235 754 4302 annuntiatio,
783 4250 888 4307 qua
919 4236 1270 4290 annuntiatur
1309 4235 1526 4305 requies
1551 4241 1676 4305 post
1700 4233 1780 4289 la-

200 4326 411 4397 borem,
463 4341 693 4397 regnum
732 4334 855 4397 post
894 4326 1197 4392 servitium,
1221 4328 1330 4381 vita
1367 4334 1490 4397 post
1533 4334 1779 4382 mortem.

200 4417 276 4472 De
296 4417 565 4474 omnibus.
612 4418 781 4474 Dictis
828 4425 884 4472 et
926 4419 1083 4473 factis
1108 4418 1309 4474 Christi
1355 4433 1476 4490 quae
1521 4417 1783 4489 judicavit

198 4506 372 4563 oﬂicio
417 4508 584 4579 digna
625 4506 709 4562 vel
758 4507 949 4562 idonea
993 4520 1104 4561 sua:
1141 4507 1548 4588 dispensatitmi.
1614 4503 1781 4560 Theo—

188 4597 359 4667 phila;
413 4597 750 4668 Theophilus
796 4595 938 4651 idem
987 4604 1073 4651 est
1121 4596 1265 4666 quod
1305 4594 1400 4651 Dei
1447 4595 1672 4660 amicus,
1699 4593 1784 4649 vel

202 4689 295 4744 Dei
330 4690 599 4746 amator':
633 4696 688 4744 et
724 4688 770 4744 si
798 4698 856 4745 tu
887 4687 965 4743 sis
992 4688 1199 4742 amicus
1225 4687 1341 4753 Dei,
1390 4686 1487 4742 tibi
1507 4688 1779 4744 scribitur.

1803 3423 1851 3489 ο
1882 3408 2117 3475 sanctus.
2162 3414 2295 3481 Vcl,‘
2316 3407 2540 3488 pr0pter
2573 3399 2832 3489 Spiritum
2860 3396 3141 3492 praecepit,
3178 3396 3302 3493 quia
3347 3418 3458 3484 nari

1880 3511 2198 3593 praeciperet
2221 3509 2324 3593 nisi
2352 3510 2586 3581 Spiritus
2614 3502 2876 3568 venturus
2901 3522 3065 3593 esset.
3116 3514 3308 3589 Elegit.
3342 3518 3459 3575 Hoc

1880 3603 1948 3684 ad
1972 3588 2185 3657 laudem
2219 3588 2603 3673 apostolorum,
2630 3596 2860 3684 quorum
2888 3590 3041 3684 actus
3068 3588 3309 3665 scribere
3334 3618 3460 3680 pro:

1880 3682 2049 3765 ponit,
2073 3686 2322 3748 vertitur.
2350 3686 2682 3764 Assumpttu.
2711 3680 2760 3750 Α
2783 3680 3105 3765 Divinitate,
3122 3698 3208 3756 vel
3249 3715 3282 3757 a
3315 3694 3460 3760 ῆι]ῠέ

1880 3776 2213 3855 assumptus,
2242 3782 2397 3854 quasi
2435 3772 2596 3840 verus
2627 3774 2810 3841 homo.

1950 3872 2114 3931 Vens.
2163 3874 2217 3930 ὅ.
2240 3904 2311 3915 -
2342 3869 2547 3930 Vivum.
2583 3873 2791 3947 Corpus
2832 3868 3016 3935 vivum
3051 3888 3109 3937 et
3147 3885 3453 3956 proprium,-

1881 3961 1987 4023 non
2033 3956 2434 4037 phantasticum
2515 3968 2658 4037 quod
2692 3977 2765 4051 et
2808 3972 3035 4051 apostoli
3088 3989 3460 4048 cognoverunt

1880 4066 2139 4127 tanquam
2198 4057 2561 4110 notissumum.
2612 4056 2742 4142 ‘Aut
2780 4059 2993 4141 vivum,
3035 4077 3102 4119 eo
3146 4058 3289 4135 quod
3337 4079 3461 4138 post

1881 4148 2113 4203 mortem
2152 4147 2389 4203 vivebat.
2453 4145 2550 4201 Vel
2595 4147 2815 4214 vivum,
2866 4149 2919 4206 id
2949 4150 3032 4209 es:
3075 4148 3304 4223 amplius
3350 4160 3460 4213 non

1881 4238 2221 4294 moriturum.
2265 4234 2372 4292 Per
2407 4236 2538 4292 dies.
2590 4226 2707 4295 Non
2756 4234 2935 4297 tanien
2980 4243 3060 4299 eis
3105 4259 3204 4316 per
3228 4247 3461 4316 quadra;

1882 4330 2030 4403 ginta
2070 4329 2187 4384 dies
2223 4327 2510 4383 continuos
2553 4330 2839 4405 apparuit:
2865 4340 2989 4405 post
3015 4332 3160 4390 diem
3195 4335 3340 4392 enim
3372 4354 3460 4393 re-

1882 4418 2235 4475 Surrcctio‘nis
2267 4416 2401 4473 alios
2431 4420 2664 4488 quatuOr
2700 4419 2813 4476 dies
2843 4420 3199 4480 intervenisse
3223 4418 3454 4485 Joanne?

1884 4509 2033 4566 dicit.
2083 4510 2213 4565 Post
2248 4519 2385 4580 quos
2424 4524 2613 4566 rursus
2654 4511 2906 4582 apparuit
2941 4528 3038 4584 per
3059 4513 3453 4589 quadragintai

1884 4599 2009 4671 quia
2037 4599 2393 4671 quadraginta
2425 4598 2573 4656 boris
2600 4612 2846 4657 mortuus
2871 4601 3076 4671 fuerat,
3104 4605 3458 4681 quadraginlzi

1884 4692 2075 4749 diebus
2135 4703 2195 4747 se
2244 4690 2426 4745 vivere
2470 4689 2775 4747 Conﬁrmat.
2838 4693 2906 4748 Et
2954 4708 3052 4764 per
3103 4694 3458 4771 quadraginta

186 4779 334 4847 Quae
372 4784 531 4855 carpit
569 4781 725 4837 Iesus
773 4780 965 4850 facere.
1015 4780 1060 4834 A
1091 4777 1360 4848 baptismo
1402 4777 1625 4835 Joannis
1673 4790 1781 4849 quo
1808 4780 1858 4838 Ι)
1885 4779 2044 4857 ιῩρόε
2086 4782 2371 4863 pmscntis
2427 4783 2631 4850 saeculi,
2683 4799 2790 4853 quo
2839 4783 3088 4842 Christus
3128 4787 3183 4842 in
3219 4787 3459 4848 Ecclesia

199 4870 357 4930 Jesus
390 4874 703 4945 baptizatus
739 4881 843 4938 est,
885 4887 1045 4942 usque
1081 4871 1137 4927 in
1161 4870 1298 4925 diem
1323 4884 1431 4941 quo
1474 4880 1782 4942 assumptus

201 4970 285 5016 est
314 4963 370 5017 in
410 4963 612 5020 caelum
635 4979 653 5019 :
680 4962 806 5034 quia
837 4963 905 5018 de
932 4969 1042 5016 toto
1068 4960 1160 5017 illo
1194 4968 1436 5031 tempore
1463 4960 1634 5018 Lucas
1670 4976 1785 5020 ser-

203 5066 396 5109 mones
450 5053 644 5119 texuit,
691 5052 783 5124 qui
831 5052 887 5107 in
934 5051 1041 5107 ﬁne
1085 5051 1359 5123 Evangelii
1411 5052 1484 5107 ita
1532 5052 1775 5124 scripsit:

205 5138 337 5197 Cum
372 5143 749 5210 benedixiuet;
778 5143 987 5198 recessit
1023 5142 1089 5196 ab
1117 5143 1193 5197 eis
1229 5152 1277 5196 et
1306 5142 1571 5212 ferebatur
1595 5145 1650 5198 in
1676 5161 1777 5199 cae-

203 5229 336 5288 lam.
377 5232 604 5289 Facere.
633 5234 839 5289 Bonum
868 5234 1143 5290 doctorem
1171 5234 1402 5289 instituit
1422 5233 1507 5288 vel
1539 5233 1779 5304 instruit,

207 5325 297 5394 qui
328 5323 498 5381 faciat
525 5327 668 5396 quod
698 5328 875 5382 docet.

246 5416 453 5472 'Vns.
481 5417 539 5471 2.
560 5446 631 5456 —
654 5414 972 5487 Prrecipiens
1004 5413 1253 5487 apostolis
1292 5415 1588 5487 przedicare
1613 5416 1785 5472 Evan-

192 5507 413 5578 gelium
445 5524 538 5579 per
557 5507 813 5580 Spiritum
842 5517 1098 5575 sanctum,
1126 5523 1224 5579 per
1251 5523 1409 5579 quem
1439 5509 1782 5580 praedicatum

210 5609 297 5655 est
320 5600 695 5670 Evangelium,
736 5600 862 5670 quia
890 5599 1053 5655 verba
1088 5599 1408 5669 inspirabat,
1444 5607 1499 5654 et
1535 5599 1785 5655 ﬁduciam

214 5689 509 5745 tribuebat.
538 5689 657 5757 Vel,
685 5690 989 5760 prwcipiens
1024 5705 1117 5760 per
1140 5688 1399 5758 Spiritum
1437 5700 1698 5753 sanctum,
1735 5690 1787 5745 id

212 5790 317 5849 est,
341 5782 491 5852 quod
513 5782 685 5838 Filius
731 5782 1008 5852 praecipit,
1050 5781 1293 5852 praecipit
1333 5791 1391 5836 et
1430 5782 1532 5838 hoc
1555 5780 1789 5851 Spiritus

693 5878 968 5939 Parnm.
1019 5875 1251 5939 CXIV.

1884 4883 2153 4959 versatur,
2199 4869 2385 4943 potest
2417 4873 2641 4945 intelligi
2684 4891 2698 4927 :
2740 4874 2854 4930 sive
2882 4870 3005 4945 quia
3033 4877 3196 4934 hdmo
3226 4880 3461 4951 quatuor"

1884 4969 2140 5022 Constans
2159 4966 2460 5034 elementis,
2487 4967 2731 5025 eruditur
2756 4962 2943 5024 centra
2974 4973 3456 5046 transgressiOneni

1885 5056 2153 5126 Decalogi.
3243 5117 3255 5129 ἢ

1955 5147 2117 5202 Vens.
2164 5147 2217 5201 4.
2244 5179 2311 5188 —-
2347 5145 2686 5204 Convescens.
2722 5136 2884 5223 Signa
2922 5138 3039 5210 veri
3080 5140 3325 5228 corporis
3368 5152 3462 5214 an‘-‘

1883 5240 2131 5305 nuntiat,
2172 5241 2297 5310 quia
2350 5250 2457 5296 nun
2496 5257 2605 5298 uno
2643 5244 2888 5316 corporis
2924 5248 3124 5315 SenSu,
3169 5248 3263 5305 sed
3301 5250 3461 5318 visu,-

1883 5332 2098 5399 auditu,
2138 5339 2315 5398 tactu,
2355 5330 2697 5403 apparando,
2736 5333 3035 5406 loquendo',
3081 5338 3462 5398 co'nveScendd

1828 5486 1831 5491 ὗ
1860 5421 2133 5493 probavit
2168 5435 2227 5476 se
2256 5420 2638 5479 resurrexisse.
2692 5420 3123 5493 Promiss'ioneﬁt,
3148 5426 3312 5498 quam
3338 5426 3463 5501 pro:

1887 5511 2035 5567 misit
2077 5524 2173 5581 per
2210 5509 2343 5575 Joel,
2387 5520 2447 5566 ut
2492 5510 2721 5570 habetur
2758 5512 2819 5570 in'
2859 5510 3207 5586 sequentibus
3229 5535 3242 5573 :
3267 5519 3322 5573 εἰ
3351 5519 3395 5572 si
3426 5519 3460 5574 a‘

1885 5602 2102 5659 Christo
2124 5601 2289 5667 facta,
2315 5619 2345 5657 a
2373 5598 2532 5658 Patre
2556 5610 2732 5660 tamen
2765 5598 3138 5677 complebitur.
3159 5606 3255 5662 Vel
3279 5606 3462 5661 Patri!

1888 5692 2105 5760 dicitur,
2141 5693 2266 5762 quia
2300 5692 2352 5747 in
2383 5692 2502 5763 ejus
2528 5692 2720 5761 Verbo,
2748 5695 2800 5750 id
2829 5706 2912 5750 cst
2937 5696 3173 5762 Christo,
3213 5693 3450 5764 proruit?

1890 5784 2041 5837 titur.-
3140 5812 3143 5815 -
3218 5806 3227 5813 ι

2950 5874 3023 5935 11t-
