3958 6314
494 352 601 423 is?

996 362 1390 420 WALAFRIDI
1433 357 1684 416 STRABI
1720 356 1923 413 FL‘LD.
1965 358 2087 414 M0!

2199 359 2321 414 )PP.
2362 358 2543 414 PARS
2581 358 2619 413 Ι.
2661 390 2729 398 —-
2772 357 3226 415 THEOLOGICA.

3646 359 3751 416 $28

565 470 730 537 Vens.
778 478 830 532 5.
855 508 924 516 —
946 475 1084 542 Quia
1113 476 1363 529 Joannes.
1416 472 1650 541 (Βεω.)
1693 470 1829 527 Cum
1864 471 2079 526 diceret
2108 474 2152 534 Α
2183 480 2288 524 tem
2330 479 2581 541 operatus
2611 477 2714 535 est,
2751 470 2923 540 gratia
2962 469 3259 539 spiritualis
3295 477 3350 524 et
3382 469 3637 528 salutaris
3661 471 3754 527 do-
3801 482 3809 488 '

496 568 759 625 Dominus
805 566 981 633 :Quia
1024 563 1259 620 Joannes
1291 563 1588 632 baptizavit
1630 576 1794 631 aqua,
1850 574 1941 615 vos
1986 575 2078 613 au-

499 675 627 725 tem,
660 669 793 724 etc.~,
849 672 1010 727 usque
1060 655 1128 709 ad
1152 655 1299 723 quod
1335 654 1391 709 in
1421 654 1692 724 baptismo
1718 650 1943 707 Joannis
1967 665 2079 705 non

499 753 683 807 liebat.

569 860 843 930 Baptisms
874 858 1033 911 datur
1077 848 1129 910 in
1160 854 1369 911 duabus
1402 853 1632 919 naturis,
1666 853 1932 926 corporali
1979 854 2081 909 sci-

494 952 628 1009 licet
652 961 703 1007 et
732 951 995 1023 spirituali
1027 967 1039 1004 :
1066 950 1191 1020 quia
1217 950 1379 1004 homo
1402 948 1495 1019 qui
1522 949 1847 1019 baptizatur,
1873 948 2081 1004 duobus

494 1055 996 1117 constatz‘corpore
1025 1043 1232 1100 scilicet
1248 1048 1304 1098 et
1340 1042 1542 1110 anima,
1579 1049 1761 1099 tamen
1790 1056 1954 1097 unum
1995 1048 2082 1097 est

500 1140 787 1217 baptisma,
828 1131 970 1192 sicut
1002 1148 1142 1190 unus
1176 1135 1360 1190 homo.

579 1248 681 1303 Vos
712 1257 904 1311 autem,
928 1254 1034 1301 etc.
1064 1242 1287 1313 Quando
1311 1243 1504 1301 Petrus
1529 1245 1767 1317 negavit,
1795 1260 1898 1299 non
1925 1251 2083 1301 erant

494 1339 728 1412 apostoli
776 1336 1076 1408 baptizati;
1135 1350 1242 1391 non
1291 1350 1430 1407 aqua
1459 1377 1473 1402 ,
1529 1336 1622 1391 sed
1669 1336 1859 1406 spiritu
1904 1351 1917 1388 :
1963 1341 2085 1406 post

502 1428 961 1487 resurrectionem
992 1426 1136 1482 enim
1171 1427 1374 1481 dictum
1397 1434 1524 1500 est:
1559 1423 1663 1480 Vos
1691 1442 1808 1480 vero
1850 1425 2084 1496 baptiza-

502 1519 682 1575 b‘imini
714 1516 916 1588 Spiritu
955 1526 1156 1572 sancto.
1210 1512 1459 1571 Nondum
1498 1515 1643 1571 enim
1686 1515 2081 1570 resurrectione

501 1611 701 1667 Christi
738 1609 1072 1665 etvmissione
1096 1607 1334 1678 Spiritus
1372 1608 1673 1663 conﬁrmati
1712 1615 1886 1662 erant.
1931 1605 2084 1662 Sicut

498 1714 686 1761 autem
724 1703 884 1773 iustis
923 1703 1267 1758 circumcisio
1313 1717 1419 1758 non
1450 1702 1553 1757 fuit
1576 1701 1905 1767 necessaria,
1935 1710 2083 1755 ante-

502 1810 665 1868 quam
719 1796 1078 1866 imperaretur
1106 1794 1338 1849 Abrahae
1368 1802 1423 1848 et
1448 1793 1751 1865 posteritati
1803 1807 1954 1847 sum:
2003 1791 2082 1846 sic

506 1895 793 1959 postquam
858 1888 1261 1941 sacramentum
1305 1883 1439 1939 Novi
1484 1883 1852 1949 Testamenti,
1908 1882 1960 1937 id
1999 1891 2082 1936 est

506 1980 798 2050 baptisma,
844 1978 1273 2033 circumcisionis
1306 1972 1425 2032 loco
1453 1977 1636 2032 datum
1667 1984 1751 2030 est
1798 1991 1829 2029 a
1859 1973 2084 2029 Domino

505 2071 719 2126 dicente
745 2086 760 2124 :
788 2067 909 2123 Nisi
943 2068 1061 2138 quis
1092 2076 1300 2121 renatus
1337 2066 1496 2133 fuerit
1530 2074 1594 2119 ea:
1632 2081 1769 2136 aqua
1802 2074 1848 2119 et
1883 2060 2085 2133 Spiritu

466 2170 687 2214 ’sancto
715 2158 1187 2231 (Joan.ut),etc.,
1233 2165 1445 2212 certum
1492 2164 1576 2211 est
1622 2155 1826 2211 nullum
1869 2155 1937 2210 ad
1973 2172 2089 2211 cor-

509 2265 610 2322 pus
649 2250 846 2306 Christi
890 2249 1184 2320 pertinere,
1232 2248 1335 2303 nisi
1378 2247 1735 2318 baptizatum,
1767 2258 1964 2319 praeter
1992 2263 2087 2306 eos

505 2343 705 2413 quibus
748 2341 933 2411 passio
972 2340 1263 2412 deputatur
1307 2348 1408 2411 pro
1452 2341 1743 2411 baptismo.
1792 2341 1922 2399 ltem
1952 2341 2086 2398 scri-

507 2444 657 2506 ptum
689 2422 793 2500 est,
827 2432 1041 2503 quando
1070 2431 1269 2488 Paulus
1294 2432 1599 2503 baptizatus
1628 2441 1748 2487 est:
1781 2440 1838 2487 et
1866 2446 1975 2489 non
2001 2440 2087 2489 est

504 2526 769 2596 scriptum
812 2524 1027 2597 quando
1070 2524 1160 2579 alii
1209 2524 1439 2595 apostoli
1473 2524 1732 2595 baptizati
1765 2531 1891 2580 sunt
1934 2534 1948 2579 ἑ
1990 2526 2087 2583 sed

505 2619 765 2674 debemus
802 2600 1111 2687 intelligere
1161 2616 1466 2686 baptizatos
1501 2631 1621 2671 esse
1649 2624 1873 2688 propter
1918 2614 2082 2672 illud:

507 2710 627 2766 Nisi
650 2710 764 2782 quis
789 2716 999 2763 renatus
1025 2707 1210 2779 fuerit,
1238 2716 1347 2763 etc.

582 2823 742 2879 Vens.
772 2822 825 2875 7.
850 2851 922 2861 —-
945 2818 1070 2873 Non
1103 2827 1179 2874 est
1214 2828 1436 2874 uestrum
1480 2834 1649 2873 nosse.
1679 2817 1814 2873 "Non
1854 2820 1949 2883 ait,
1979 2831 2084 2874 non

502 2912 631 2978 erit,
672 2911 767 2968 sed
809 2926 912 2964 non
952 2918 1028 2964 est
1066 2924 1088 2965 :
1125 2916 1321 2963 notans
1366 2909 1545 2965 adhuc
1574 2923 1697 2963 esse
1735 2908 1995 2973 inﬁrmos,
2031 2918 2086 2964 et

508 3003 633 3057 ideo
666 3001 733 3056 ad
763 3010 1032 3056 secretum
1062 2999 1494 3071 cognoscendum
1527 3014 1633 3053 non
1665 3014 1785 3054 esse
1828 2999 2079 3054 idoneos:

507 3091 641 3149 Cum
683 3106 814 3147 vero
851 3090 930 3146 ait
973 3107 988 3143 :
1034 3088 1159 3161 Νρη
1203 3097 1278 3143 est
1317 3097 1546 3144 uestrum
1596 3105 1784 3153 nosse,
1850 3089 2085 3144 ostendit

504 3182 648 3252 quod
687 3182 801 3253 ipse
834 3181 990 3247 sciat,
1031 3179 1187 3251 cujus
1225 3188 1351 3235 sunt
1387 3178 1570 3234 omnia
1610 3193 1730 3250 quae
1753 3178 1951 3245 Patris,
1989 3179 2086 3235 sed

504 3275 587 3330 eis
618 3289 725 3328 non
751 3272 967 3343 expedit
1007 3287 1187 3338 nosse,
1222 3272 1317 3326 sed
1351 3271 1425 3326 ita
1450 3271 1638 3327 vivant
1664 3271 1819 3342 quasi
1847 3272 2088 3342 quotidie

503 3365 803 3436 iudicandi.
856 3366 988 3433 Quae
1014 3366 1193 3421 Pater.
1239 3365 1404 3431 Illius,
1445 3365 1641 3435 inquit,
1682 3367 1828 3438 regni
1861 3376 1968 3422 tam
2004 3366 2123 3423 se-'

502 3467 714 3514 cretum
751 3468 838 3513 est
879 3467 1113 3528 tempus,
1165 3465 1226 3512 ut
1269 3466 1477 3511 tantum
1523 3459 1765 3513 scientiae
1787 3458 1966 3515 Patris
2000 3473 2092 3531 pa-

398 3578 405 3583 -
505 3557 642 3617 teat,
672 3549 761 3604 sed
798 3549 1061 3618 accipietis
1101 3549 1343 3603 virtutem
1368 3547 1597 3618 Spiritus
1629 3552 1818 3613 sancti,
1853 3560 1913 3606 ut
1946 3552 2091 3622 quod

502 3649 728 3711 propter
775 3638 1147 3694 infirmitatem
1200 3639 1382 3694 carnis
1428 3655 1534 3693 non
1573 3642 1832 3710 potestis,
1875 3645 2092 3714 possitis

502 3746 575 3785 ex
607 3730 805 3784 virtute
835 3728 1070 3801 Spiritus
1100 3729 1293 3785 sancti.
1342 3728 1410 3782 In
1448 3746 1544 3784 sua
1575 3741 1847 3801 potestate.
1879 3733 1993 3790 Hoc
2033 3745 2093 3792 ut

505 3828 671 3877 verus
699 3819 860 3875 homo
887 3814 1280 3876 excusabiliter
1308 3819 1463 3886 dixit,
1497 3818 1590 3876 sed
1638 3829 1844 3881 tantum
1874 3841 1979 3882 una
2009 3836 2093 3883 est

504 3908 689 3965 Patris
740 3917 795 3966 et
820 3902 946 3964 Filii
988 3915 1044 3963 et
1072 3906 1309 3980 Spiritus
1357 3912 1530 3967 sancti
1583 3919 1824 3985 poteStas
1863 3934 1875 3970 :
1922 3906 2091 3974 Filius

504 4000 672 4055 etiam
703 4004 943 4069 potestas
967 3997 1149 4055 Patris
1171 4007 1274 4056 est.

578 4112 744 4168 Vsus.
794 4110 847 4167 8.
869 4136 942 4153 --
963 4106 1070 4167 Sed
1099 4112 1384 4183 accipietis.
1416 4107 1646 4169 Tollitur
1682 4115 1907 4173 scientia
1954 4126 2094 4175 tem-

506 4222 726 4278 porum,
758 4205 853 4262 sed
881 4204 1145 4270 divinum,
1183 4220 1288 4274 quo
1323 4206 1587 4280 indigent,
1616 4206 1904 4264 adhibetur
1932 4212 2091 4267 auxi-

507 4299 639 4354 lium
666 4315 679 4351 :
708 4297 813 4351 hoc
851 4293 1031 4360 modo,
1061 4309 1183 4350 cum
1225 4296 1409 4367 pueris
1451 4297 1657 4368 aliquid
1686 4297 1910 4367 tollitur,
1951 4301 2093 4358 aliud

510 4388 673 4441 datur
710 4376 778 4440 ne
804 4384 1018 4456 penitus
1050 4385 1358 4440 tristentur.
1408 4386 1830 4458 Supervenientis
1864 4389 2093 4463 Spiritus

504 4478 695 4535 sancti.
722 4477 857 4534 Cum
883 4477 1223 4546 superveniet
1247 4476 1483 4549 Spiritus
1509 4480 1564 4535 in
1589 4496 1709 4547 vos,-
1736 4497 1843 4537 non
1870 4500 2094 4556 regnum

507 4564 700 4636 lsrael,
727 4570 841 4625 sive
868 4581 1092 4640 regnum
1119 4568 1214 4623 Dei
1250 4568 1305 4623 in
1330 4569 1517 4637 Israel,
1547 4580 1606 4627 ut
1633 4574 1860 4643 putatis,
1882 4574 2089 4644 aﬂ‘eret,

506 4660 600 4715 sed
647 4660 899 4714 virtutem
953 4657 1283 4713 testiﬁcandi
1339 4660 1407 4714 de
1452 4676 1541 4718 me
1592 4664 1745 4721 vobis
1793 4668 2091 4736 praestabit,

510 4761 829 4820 tantumque
872 4749 1017 4805 illius
1057 4751 1209 4822 regni
1247 4760 1460 4823 tempus
1496 4754 1658 4828 longe
1694 4767 1811 4824 est,
1846 4769 1906 4815 ut
1944 4762 2096 4830 prius

506 4860 618 4900 non
659 4842 831 4899 solum
859 4842 1310 4916 Hierosolymam,
1357 4846 1452 4902 sed
1494 4864 1686 4904 omnes
1728 4849 1865 4906 lines
1893 4850 2092 4909 Judaete

506 4944 562 4992 et
588 4934 895 4997 Samarian,‘
920 4936 1109 4992 mundi
1153 4937 1319 4992 etiam
1369 4941 1628 4998 terminos
1658 4956 1757 5012 per
1799 4944 2089 5001 circuitum

505 5022 648 5081 fama
680 5024 957 5095 Evangelii
985 5037 1288 5097 percurrat.
1334 5027 1401 5085 In
1437 5030 1734 5087 Jerusalem
1774 5044 1823 5089 et
1854 5037 1910 5089 in
1948 5039 2090 5093 omni

506 5117 719 5172 Judaa.
753 5114 1152 5187 Consequentia
1180 5120 1388 5176 ordinis
1438 5122 1492 5176 in
1532 5124 1807 5180 vocabulis
1846 5126 2088 5183 locorum

458 5196 471 5201 ’
502 5215 823 5263 conservata
853 5216 938 5263 est
961 5225 974 5262 :
999 5196 1298 5266 Jerusalem
1338 5212 1580 5267 succedit
1618 5216 1867 5283 proxima
1892 5216 2091 5277 Jndmte

505 5289 824 5369 provincia,
878 5298 966 5354 cui
1015 5298 1261 5354 Samaria
1310 5300 1419 5356 situ
1467 5303 1850 5376 conjungitttr,
1895 5310 2091 5369 debinc

506 5388 687 5445 omnis
729 5398 891 5446 terra:
930 5391 1239 5447 communio
1277 5391 1628 5452 subinlertur.
1674 5397 1744 5453 In
1771 5398 2099 5460 Jerusalem.

506 5478 770 5552 lystics:
796 5481 851 5537 in
881 5482 1091 5538 visione
1114 5482 1284 5553 pacis,
1316 5482 1373 5539 in
1398 5485 1739 5561 contessiene
1760 5502 1905 5549 verae
1932 5493 2089 5551 ﬁdei;

504 5572 752 5627 custodia
819 5579 1215 5642 praeceptam
1251 5573 1348 5631 Dei
1390 5593 1404 5633 :
1449 5585 1504 5634 et
1551 5579 1606 5655 in
1634 5580 1738 5636 .his
1783 5584 1875 5653 qui
1928 5600 1988 5641 se
2034 5586 2089 5642 in

508 5661 719 5718 alienos
754 5659 987 5717 iecerint
1021 5676 1052 5717 a
1085 5670 1228 5718 terra
1258 5666 1655 5743 praedicatums
1693 5687 1789 5729 eos
1818 5677 2086 5745 praedixit,

507 5761 606 5823 per
628 5766 765 5825 quos
790 5751 947 5825 quasi
974 5758 1106 5809 rotae
1136 5751 1320 5813 radios
1348 5756 1415 5813 de
1437 5757 1617 5818 medio
1645 5756 1802 5820 terrae
1829 5767 2085 5836 ubisalu-

2180 561 2357 615 ctrina
2383 575 2481 630 per
2504 569 2677 615 totum
2702 561 2888 615 orbem
2913 558 3152 615 deﬂuxit.

2253 647 2416 703 Vens.
2450 647 2504 704 9.
2528 678 2598 689 —
2621 647 2691 702 Et
2724 664 2844 703 cum
2890 648 3003 704 lucc
3042 649 3281 706 dixisset.
3328 649 3501 711 Aliter
3544 650 3754 710 Ital-cus

2180 746 2572 795 commemorat
2618 738 2805 794 dicens
2851 755 2864 791 :
2923 737 2994 793 Et
3039 738 3299 795 Dominus
3348 741 3555 812 quidem
3604 741 3755 801 Jesas

2179 840 2452 901 postquam
2491 829 2694 884 locutus
2745 839 2822 885 est
2865 831 2962 897 eis,
3015 842 3313 903 assumptus
3362 842 3438 888 est
3479 835 3535 889 in
3575 835 3753 890 celant

2182 919 2398 992 (Matth.
2424 920 2640 990 xxvnt).
2681 918 2792 989 Sed
2818 921 2946 991 quia
2971 921 3148 979 Lucas
3174 923 3569 994 signiﬁcantius
3610 922 3755 993 adje-

2182 1012 2256 1066 cit
2284 1027 2303 1066 :
2330 1008 2464 1066 Cum
2493 1012 2604 1066 lucc
2644 1011 2896 1078 dixisset,
2947 1011 3176 1068 elevatus
3221 1022 3320 1079 est,
3350 1015 3635 1086 completis
3660 1015 3757 1072 illis

2183 1103 2524 1160 sermonibus
2547 1119 2683 1175 quos
2709 1115 3238 1164 commemoraverat
3264 1108 3549 1165 Dominum
3578 1123 3758 1167 ascen-

2182 1196 2325 1252 disse
2353 1195 2521 1251 cmlos
2548 1197 2806 1252 ostendit.

2255 1284 2421 1341 Vsus.
2478 1286 2566 1341 il.
2606 1316 2676 1326 —
2716 1285 2959 1353 Galila'i,
3006 1288 3133 1360 quid
3168 1290 3318 1345 statis
3366 1290 3678 1362 aspicientes
3711 1293 3761 1348 is

2182 1376 2408 1434 mlunt?
2455 1377 2513 1432 In
2558 1377 2757 1447 quibus
2816 1378 2974 1434 debet
3017 1394 3140 1436 esse
3181 1378 3499 1449 prudentior
3537 1396 3761 1448 sensus,

2182 1468 2312 1540 quia
2349 1467 2555 1523 Galilzei
2584 1469 2799 1524 caeteris
2839 1468 3040 1525 Judaeis
3087 1469 3142 1524 in
3188 1469 3453 1540 sapientia
3494 1472 3763 1540 praecelle-

2181 1559 2333 1615 bant.
2366 1557 2484 1625 Vel,
2525 1557 2729 1615 Galilaei
2776 1560 3072 1627 volubiles,
3106 1562 3232 1631 quia
3281 1561 3641 1618 instabilitate
3688 1563 3763 1619 sui

2182 1651 2553 1710 sensus‘obliti
2584 1661 2742 1709 erunt
2766 1662 3035 1725 praecepta
3062 1655 3182 1710 Dei.

2258 1743 2424 1800 Vens.
2491 1744 2579 1798 ti.
2625 1774 2694 1784 -—
2739 1744 2884 1800 Tunc
2928 1745 3119 1801 reversi
3160 1754 3304 1812 sunt,
3354 1753 3462 1803 etc.
3507 1746 3765 1805 Reversis

2113 1829 2161 1889 Β
2187 1831 2553 1903 apostolorum
2594 1832 2661 1888 de
2702 1842 2886 1888 monte
2918 1832 3115 1891 Oliveti
3141 1833 3463 1902 Jerusalem,
3502 1837 3767 1909 signiﬁcat

2184 1922 2479 1987 Ecclesiam
2509 1938 2632 1994 qum
2657 1924 2725 1979 de
2762 1925 2939 1980 activa
2979 1926 3034 1980 in
3062 1926 3539 1998 contemplativam
3580 1945 3763 1985 ascen-

2183 2014 2337 2080 dens,
2367 2015 2564 2072 iterum
2609 2015 2896 2072 descendit
2950 2016 3005 2071 in
3048 2018 3515 2074 conversationem
3563 2021 3761 2075 activa-

2183 2106 2311 2161 lem.
2352 2105 2507 2162 Mons
2529 2105 2674 2162 enim
2704 2105 2896 2163 Oliveti
2935 2106 3004 2163 ab
3040 2106 3282 2181 antiquis
3309 2122 3467 2163 mons
3496 2109 3666 2164 trium
3691 2109 3764 2163 Iu-

2184 2198 2389 2253 minum
2428 2198 2763 2275 vocabatur:
2789 2198 3026 2255 lucerna:
3066 2199 3275 2254 scilicet
3319 2199 3388 2255 de
3430 2202 3638 2272 templo
3682 2216 3764 2255 re-

2184 2288 2548 2359 splendentis,
2593 2303 2658 2344 ac
2704 2288 2836 2344 solis
2877 2304 2948 2344 ex
2992 2288 3162 2346 altera
3206 2299 3362 2361 parte
3412 2293 3648 2350 orientis
3665 2336 3687 2369 ,ι
3716 2301 3764 2350 ct

2183 2379 2291 2435 olei
2330 2379 2387 2434 in
2424 2380 2543 2450 ipso
2571 2388 2754 2436 monte
2786 2381 3050 2438 naturalis
3078 2382 3249 2439 lucis:
3279 2399 3400 2453 qua:
3430 2386 3532 2440 tria
3572 2402 3761 2443 conve-

2184 2473 2341 2529 niunt
2403 2470 2724 2543 perfectioni
2772 2484 2994 2547 propter
3041 2476 3209 2532 divini
3254 2476 3419 2534 Verbi
3472 2479 3654 2535 lucem
3706 2482 3764 2537 de

2183 2567 2430 2623 Ecclesia
2464 2567 2782 2640 fulgentem,
2814 2576 3038 2640 propter
3070 2570 3199 2627 solis
3228 2570 3456 2641 justitia:
3482 2573 3761 2646 fulgorem,

2182 2669 2407 2731 propter
2427 2676 2577 2731 pura:
2606 2661 2956 2718 conscientiae
2982 2662 3234 2718 nitorem.

2256 2749 2422 2807 Vens.
2471 2751 2560 2806 t3.
2601 2766 2675 2792 —'-
2713 2751 2781 2806 Et
2822 2768 2941 2807 cum
2991 2753 3313 2809 introissent.
3362 2752 3423 2809 In
3463 2753 3663 2812 Graeco
3700 2756 3763 2811 ita

2182 2841 2403 2912 ponitur
2441 2858 2456 2898 :
2499 2841 2632 2897 Cum
2679 2843 2980 2898 introissent
3019 2838 3305 2910 civitatem,
3350 2846 3407 2900 in
3449 2848 3762 2901 cmnaculm

2184 2931 2549 2999 ascenderunt,
2575 2932 2663 2986 ubi
2683 2944 2830 2988 erant
2857 2944 3122 2989 manentes
3138 2934 3350 3003 Petrus,
3368 2945 3475 2994 etc.
3504 2938 3562 2993 ln
3585 2941 3764 2995 Graeco

2182 3024 2266 3081 sic
2292 3033 2376 3080 est
2396 3025 2529 3082 ordo
2557 3026 2841 3083 nominum
2881 3041 2896 3082 :
2936 3026 3126 3083 Petrus
3158 3037 3206 3083 et
3229 3027 3518 3095 Anarreas,
3540 3030 3763 3086 Iacobus

2188 3126 2237 3171 et
2255 3114 2516 3181 Joannes,
2555 3114 2737 3172 Simon
2760 3115 2962 3172 Zelotes
2997 3126 3047 3172 et
3070 3116 3243 3173 Judas
3273 3117 3480 3174 Jacobi.
3518 3117 3762 3175 Canace-

2114 3189 2158 3250 Ο
2190 3208 2320 3274 lum,
2351 3217 2457 3264 etc.
2490 3208 2701 3280 (Βεω.)
2732 3200 2911 3265 Locus
2945 3219 3030 3265 est
3066 3212 3121 3265 in
3156 3210 3447 3283 superiori,
3485 3210 3765 3283 designans

2187 3302 2334 3371 quod
2370 3316 2401 3355 a
2428 3308 2575 3355 terra
2603 3299 2798 3356 sublati
2828 3301 2896 3355 ad
2925 3302 3204 3372 superiora
3251 3302 3493 3359 scientiae.
3522 3312 3579 3357 et
3611 3304 3764 3357 virtu-

2191 3393 2260 3449 tis
2286 3392 2675 3449 conscendunt.

2259 3482 2611 3540 Cmnaculum
2654 3476 2855 3540 dicitur
2893 3485 3113 3541 tertium
3161 3492 3385 3551 tectum,
3415 3485 3588 3557 ﬁgura
3643 3487 3765 3543 eba-

2191 3577 2370 3634 ritatis
2412 3577 2536 3632 ﬁdei
2565 3579 3007 3649 supertedilicatm
3035 3586 3090 3635 et
3137 3579 3270 3649 spei.
3311 3577 3564 3634 Charitas
3593 3588 3765 3634 autem

2191 3667 2382 3725 diﬁusa
2417 3677 2502 3725 est
2539 3669 2593 3724 in
2622 3669 2878 3726 cordibus
2916 3672 3119 3727 nostris
3142 3685 3240 3742 per
3266 3669 3550 3742 Spiritum.
3581 3668 3765 3726 Petrus

2189 3769 2239 3814 et
2258 3759 2511 3816 Joannes.
2558 3760 2754 3818 Petrus
2800 3762 3013 3834 primus
3056 3762 3297 3834 ponitur,
3348 3763 3477 3833 quia
3522 3763 3767 3834 princeps

2189 3858 2244 3906 et
2271 3858 2478 3921 pastor.
2510 3850 2703 3908 Petrus
2727 3860 2784 3907 et
2805 3851 3044 3909 Joannes
3066 3852 3263 3908 merito
3287 3853 3763 3924 primiponuntur,

2190 3944 2282 4015 qui
2320 3944 2481 3999 simul
2519 3952 2885 4023 cucurrerunt,
2912 3945 2981 4023 ad
3002 3946 3448 4010 monumentum,
3478 3946 3610 4015 quia
3660 3945 3766 4016 plus

2191 4036 2408 4092 cmteris
2447 4036 2720 4090 amabant.
2759 4022 2975 4091 Primus
3017 4036 3083 4107 (si
3115 4034 3197 4092 fas
3226 4044 3310 4092 est
3342 4035 3470 4106 dici)
3514 4037 3642 4106 plus
3674 4051 3765 4092 cte-

2192 4128 2325 4183 teris
2361 4127 2552 4184 dilexit
2586 4146 2598 4181 :
2632 4127 2821 4194 alium,
2870 4127 3169 4198 plurimum
3202 4126 3362 4183 Jesus
3393 4137 3623 4182 amavit.
3676 4127 3767 4182 Ca-

2192 4222 2406 4294 talogus
2443 4222 2810 4292 apostolorum
2870 4222 2991 4279 ideo
3039 4224 3278 4294 ponitur,
3335 4234 3406 4281 ne
3461 4234 3624 4282 extra
3678 4225 3767 4281 bos

2192 4314 2358 4384 aliqui
2432 4311 2552 4368 falsi
2608 4314 2940 4385 recipiantur
2981 4334 2996 4371 :
3038 4315 3192 4385 paria
3225 4324 3281 4371 et
3329 4327 3609 4386 ponuntur
3658 4319 3767 4374 loca

2192 4404 2547 4476 singulorum,
2590 4406 3045 4476 distinguentibus
3068 4407 3324 4478 gradibus
3355 4410 3702 4466 meritorum.

2268 4495 2335 4552 Hi
2383 4504 2511 4591 sunt
2548 4497 2829 4554 duodecim
2874 4498 2970 4553 lilii
3009 4499 3212 4564 Jacob;
3270 4501 3558 4558 duodecim
3603 4502 3769 4558 fontes

2198 4591 2418 4657 deserti,
2454 4607 2593 4661 quos
2628 4591 2794 4647 Israel
2836 4593 3038 4663 reperit
3064 4593 3118 4648 in
3144 4592 3319 4661 Elim;
3365 4595 3650 4652 duodecim
3687 4611 3769 4667 pa-

2196 4693 2294 4739 nes
2319 4684 2738 4753 propositionis;
2770 4685 3055 4741 duodecim
3098 4684 3305 4755 lapides
3340 4686 3394 4742 in
3422 4695 3577 4744 veste
3603 4690 3769 4760 ponti-

2196 4774 2367 4840 ﬁcis;
2420 4774 2701 4829 duodecim
2750 4774 2901 4846 signa
2952 4774 3196 4843 zodiaci;
3247 4776 3535 4834 duodecim
3573 4779 3769 4850 lapides

2193 4861 2420 4927 altaris;
2458 4863 2740 4921 duodecim
2777 4864 2984 4936 lapides
3010 4865 3078 4920 de
3106 4862 3344 4923 Jordane
3370 4867 3603 4937 elevati;
3645 4870 3769 4925 duo-

2194 4953 2369 5011 decim
2410 4954 2576 5010 boves
2619 4955 2720 5011 sub
2748 4970 2898 5012 aeneo
2943 4957 3118 5024 mari;
3160 4957 3448 5017 duodecim
3492 4962 3665 5018 stella
3719 4962 3767 5017 in

2193 5061 2398 5102 corona
2441 5058 2689 5117 sponsm;
2734 5048 3017 5105 duodecim
3064 5048 3444 5119 fundamenta;
3488 5055 3767 5111 duodecim

2191 5144 2390 5209 portae;
2417 5138 2697 5192 duodecim
2729 5151 2941 5195 menses
2967 5140 3125 5207 anni;
3158 5140 3442 5199 duodecim
3466 5122 3616 5200 horse
3636 5144 3764 5207 dici;

2193 5226 2475 5281 duodecim
2509 5226 2718 5284 fructus
2744 5227 2871 5298 ligni
2895 5230 3038 5287 vitat.

2264 5312 2490 5372 Zelotes.
2530 5317 2743 5392 (Βεω.)
2770 5320 2983 5378 Zelotes
3010 5323 3126 5394 ipse
3157 5334 3244 5381 est
3264 5325 3357 5395 qui
3386 5326 3440 5397 in
3464 5325 3767 5400 Evangeliis

2193 5405 2392 5487 dicitur
2413 5407 2768 5466 Ghananmus.
2819 5412 3005 5469 Cinna
3038 5413 3181 5470 setas
3209 5416 3612 5489 interpretatur.
3646 5420 3769 5475 Erat

2192 5497 2338 5552 enim
2374 5497 2443 5554 de
2468 5499 2590 5555 vico
2613 5499 2848 5558 Galilma:
2880 5503 2971 5559 ubi
2999 5504 3472 5578 Dominusaquam
3501 5511 3770 5565 convertit

2194 5589 2252 5644 in
2279 5589 2483 5646 vinum.
2538 5590 2639 5647 Hic
2675 5604 2797 5663 post
2830 5593 3091 5652 Jacobum
3137 5595 3363 5654 fratrem
3404 5615 3584 5665 suum,
3628 5603 3768 5657 rexit

2195 5674 2493 5739 Ecclesium
2522 5684 3041 5761 Hierosolymorum.

2267 5773 2405 5829 Filio
2428 5785 2688 5845 pereunte
2735 5781 3091 5851 perditionis,
3123 5783 3467 5855 imperfectus
3507 5796 3766 5840 nomen
