3958 6314
238 361 334 419 ιεθ

185 473 188 476 ’
241 472 586 548 apostolorum
655 475 930 542 remansit,
989 477 1142 547 juxta
1194 477 1598 534 similitudinem
1642 479 1786 534 enim
1816 482 1868 540 Α

239 571 365 625 lunae
383 567 575 622 crescit
603 574 658 622 et
680 567 941 624 decrescit
968 568 1249 625 Ecclesia:
1273 571 1368 626 sed
1400 581 1584 627 vetera
1617 580 1792 627 trans-

235 668 372 724 eunt,
402 666 455 714 et
483 672 620 712 nova
645 657 799 713 fiunt.

300 750 450 805 Vens.
483 747 568 803 14.
591 779 662 790 -
683 747 879 814 Maria,
906 758 1013 805 etc.
1046 751 1212 823 Virgo
1246 767 1276 806 a
1319 753 1635 808 mulieribus
1681 751 1792 808 dis-

235 841 496 909 tinguitur,
540 853 659 907 qua:
707 845 886 893 tamen
952 839 1244 909 aliquando
1287 842 1480 896 mulier
1528 859 1633 898 non
1691 857 1790 912 pro

233 933 580 1001 corruptione,
627 933 718 990 sed
765 948 866 1003 pro
893 949 1024 988 sexu
1054 935 1373 1005 appellatur.
1421 936 1560 990 Ecce
1592 936 1789 1005 princi-

232 1027 364 1097 pium
389 1025 658 1080 nascentis
689 1026 940 1081 Ecclesia:
961 1026 1255 1081 adornatur
1284 1026 1416 1083 ﬂore
1439 1027 1782 1097 virginitatis.

228 1119 289 1174 In
320 1117 484 1172 medio
521 1117 767 1187 fratrum.
816 1119 872 1175 Id
922 1129 1004 1175 est
1053 1119 1325 1187 filiorum,
1376 1133 1604 1190 quorum
1647 1132 1786 1175 unus

226 1220 304 1266 est
326 1209 487 1264 Pater
517 1209 570 1264 in
602 1209 775 1265 etelis.

285 1302 337 1358 In
373 1302 552 1357 medio
574 1301 768 1357 Petrus
806 1303 1022 1359 stetisse
1048 1303 1284 1359 dicitur:
1314 1303 1468 1372 quasi
1510 1303 1782 1358 communi

222 1393 556 1451 miseratione
589 1393 1044 1449 condescendens.
1094 1391 1209 1450 Iioc
1235 1393 1538 1464 exemplum
1569 1399 1781 1448 sumen;

220 1487 335 1543 dum
366 1495 448 1540 est
480 1485 788 1556 pastoribus
813 1486 1087 1542 Ecclesiae.

281 1576 375 1632 ilic
435 1587 699 1633 numeros
746 1587 963 1633 centum
1013 1586 1071 1634 et
1112 1571 1300 1650 viginti
1347 1580 1593 1652 congruit
1636 1580 1779 1634 aetati

217 1653 392 1739 Moysi,
441 1677 507 1723 ut
534 1669 674 1724 sicut
716 1671 816 1725 sub
855 1671 956 1726 hoc
1001 1686 1247 1735 numero,
1290 1671 1469 1742 Moyse
1505 1671 1778 1738 defuncto,

210 1759 356 1816 Iesus
408 1761 715 1827 successit,
765 1762 856 1830 qui
902 1761 1155 1832 populum
1210 1762 1263 1817 in
1307 1771 1506 1818 terram
1552 1762 1780 1834 pruinis-

1049 360 1315 416 GLOSSA
1355 362 1748 417 OlmlNAltlA.
1788 392 1857 402 —
1897 362 2020 416 ωδ.
2065 323 2356 420 acrem
2391 363 2630 420 APOST.

3359 370 3466 427 ιω

2512 480 2738 537 CAPUT
2773 481 2834 536 il.

1967 567 2125 625 Vens.
2157 569 2206 623 1.
2229 600 2299 612 —-
2325 569 2392 624 In
2428 571 2604 624 eodem
2651 571 2782 626 loco.
2811 571 3099 632 Gmnaculo
3140 575 3364 645 scilicet,
3407 577 3466 636 in

1891 660 2033 729 quod
2085 661 2455 715 ascenderant.
2489 660 2589 729 Qui
2641 661 2901 733 Spiritum
2946 665 3254 735 desiderat,
3283 670 3465 728 carnis

1891 751 2218 807 domicilium
2291 752 2490 808 mentis
2562 753 3014 825 contemplatione
3079 761 3463 817 transcelldens
3534 767 3540 776 '

1889 841 2079 896 calcat.
3053 870 3056 872 η
3289 912 3294 924 ρ

1960 931 2123 986 Vens.
2153 931 2206 986 2.
2237 963 2308 973 -
2330 931 2409 987 De
2452 932 2600 987 caelo.
2637 933 2805 989 Datur
2840 934 3074 1006 Spiritus
3100 939 3166 994 de
3196 933 3369 1006 cie-lo,
3399 928 3469 1000 d8

1887 1021 2139 1092 diligatur
2169 1021 2336 1088 Deus;
2382 1023 2437 1078 in
2483 1032 2628 1078 terra
2677 1026 2862 1092 datur,
2904 1035 2964 1081 ut
2990 1028 3243 1096 diligatur
3279 1032 3462 1102 proxié

1887 1128 2040 1168 mus:
2072 1113 2155 1169 bis
2175 1114 2318 1168 enim
2342 1122 2464 1184 post
2492 1115 2942 1172 resurrectionem
2967 1126 3050 1174 est
3074 1119 3229 1176 datus
3253 1120 3320 1175 ad
3353 1121 3460 1177 duo

1885 1213 2146 1274 praecepta
2201 1205 2482 1261 charitatis
2527 1207 2972 1263 commendanda.
3026 1209 3222 1266 S‘onus.
3273 1211 3460 1269 Potest

1883 1295 1987 1350 dici
2025 1295 2223 1350 locutio
2252 1296 2552 1366 linguarum
2587 1297 2654 1353 de
2690 1313 2785 1354 ore
2823 1300 3190 1371 apostolorum
3234 1319 3476 1361 sonans.

1881 1383 2130 1455 Spiritus.
2154 1387 2292 1442 Ante
2313 1388 2618 1458 passionem
2641 1391 2798 1446 datus
2828 1399 2910 1446 est
2938 1393 3192 1462 apostolis
3223 1393 3454 1464 Spiritus

1880 1477 1948 1531 ad
1973 1477 2200 1546 gratiam
2231 1478 2489 1533 doctrinae
2516 1487 2571 1534 et
2599 1480 2922 1546 sanitatum;
2954 1486 3078 1552 post
3103 1484 3455 1539 resurrectio:

1880 1582 2002 1622 nem
2029 1569 2319 1625 insulilavit
2346 1568 2500 1626 Jesus
2529 1571 2808 1642 spiritum,
2830 1580 2884 1626 et
2907 1573 2981 1628 ait
3012 1566 3026 1627 ἑ
3058 1572 3288 1641 Accipite
3327 1571 3476 1646 Spi-‘i'

1879 1657 2036 1710 ritum
2074 1669 2346 1725 sanctum;
2395 1675 2616 1731 quorum
2657 1663 2952 1716 remiscritis
2986 1674 3226 1734 peccata,
3277 1665 3452 1719 r'cmit-l

1880 1757 2060 1802 tantur
2093 1749 2167 1804 eis
2203 1749 2382 1822 (Joan.
2413 1752 2537 1823 xx),
2577 1761 2681 1808 etc.
2720 1752 2873 1819 Quod
2913 1755 3111 1810 donum
3151 1756 3249 1811 soli
3289 1756 3478 1813 Petrd'

212 1848 366 1905 sionis
406 1851 661 1917 induxit,
725 1851 803 1907 sic
841 1853 1008 1907 veteri
1055 1851 1158 1923 legi
1205 1852 1256 1907 in
1302 1848 1539 1908 Ecclesia
1580 1853 1773 1924 princié
1804 1835 1846 1896 Β
1874 1840 2023 1910 prius
2049 1840 2310 1897 dederat:
2345 1843 2440 1899 sed
2472 1851 2532 1898 ιιι
2571 1844 2808 1900 creditur
2836 1856 2962 1902 tunc
2988 1862 3085 1917 per
3112 1849 3450 1919 anticipatio-

207 1950 356 2012 patus
399 1942 610 1999 Christi
649 1943 947 2009 Successit,
1001 1944 1202 2001 ducens
1258 1962 1443 2001 verum
1489 1946 1655 2003 lsrael
1707 1950 1775 2004 ad

209 2048 420 2104 regnum
452 2034 603 2090 coeli.
1265 2105 1267 2108 g

270 2127 431 2181 Vens.
485 2127 666 2182 l8.—'
708 2115 949 2182 Possedit
997 2145 1200 2200 agrum.
1251 2120 1364 2183 Non
1412 2131 1535 2200 quia
1587 2146 1773 2201 agrum

203 2217 532 2287 possederit,
559 2217 652 2272 sed
692 2219 813 2287 quia
843 2218 1011 2287 ipsius
1053 2218 1228 2273 fuerat
1258 2220 1487 2290 pretium
1531 2222 1644 2290 agri
1679 2220 1769 2292 qui

206 2306 490 2360 Dominum
532 2306 657 2361 'vita:
697 2308 954 2363 vendidit.
997 2308 1209 2364 Amissa
1255 2317 1397 2364 terra
1444 2310 1770 2378 viventium,

203 2413 384 2467 agrum
413 2397 698 2467 sanguinis
744 2407 797 2453 et
842 2399 1064 2464 mortis,
1111 2409 1309 2454 :eterna
1340 2395 1558 2456 sceleris
1585 2410 1638 2456 et
1680 2418 1774 2458 no-

202 2485 355 2540 minis
385 2487 468 2540 sui
502 2487 759 2541 memoria
798 2488 1036 2558 possidet
1076 2487 1257 2543 Iudas.
1305 2490 1554 2560 Emptum
1595 2500 1774 2548 tamen

202 2577 368 2645 pretio
391 2577 675 2647 sanguinis
703 2593 892 2649 agrum
926 2579 1070 2650 ﬁguli
1103 2596 1208 2634 non
1247 2581 1513 2650 possedlt,
1543 2583 1633 2652 qui
1668 2591 1775 2638 tra-

199 2667 416 2724 ditionis
439 2670 647 2724 crimen
675 2669 728 2724 in
751 2685 808 2726 se
839 2672 1084 2741 protinus
1107 2671 1404 2738 mulctavit,
1431 2674 1524 2728 sed
1546 2675 1774 2744 possedit

197 2758 398 2812 dictum
425 2769 510 2814 est
532 2776 630 2830 pro
650 2761 903 2829 possideri
931 2761 1070 2830 fecit.
1096 2761 1322 2828 Quidam
1352 2777 1536 2832 agrum
1583 2777 1614 2816 a
1637 2759 1773 2818 Juda

195 2861 507 2916 possessum
556 2849 778 2904 ridicule
820 2858 1093 2920 exponunt
1121 2850 1408 2905 infernum.
1440 2850 1545 2906 Alii
1583 2867 1771 2922 posse-

193 2937 338 2992 disse
367 2949 558 3008 agrum
586 2938 734 2992 illum
765 2939 1094 3005 existimant,
1122 2955 1187 2994 ex
1215 2956 1280 2995 eo
1299 2941 1440 3011 quod
1466 2950 1589 2996 eum
1617 2955 1772 3012 pere-

188 3029 361 3096 grinis
394 3030 451 3082 in
484 3043 550 3084 eo
576 3029 814 3099 sepultus
842 3030 958 3083 fuit.
992 3030 1220 3085 Viscera.
1248 3031 1469 3087 Viscera
1498 3048 1618 3102 quae
1646 3040 1773 3088 sunt

184 3119 347 3172 sedes
370 3117 604 3184 fraudis,
636 3125 785 3173 tanto
807 3119 1007 3175 scelere
1031 3121 1264 3190 dirupta,
1294 3137 1352 3177 se
1377 3123 1628 3177 cohibere
1661 3139 1768 3179 non

182 3209 506 3263 valuerunt.
533 3209 724 3264 Merito
752 3219 928 3265 autem
959 3224 1053 3280 per
1079 3212 1259 3267 sedem
1287 3213 1390 3268 doli
1415 3214 1622 3269 viscera
1652 3211 1769 3269 fun-

181 3300 413 3363 duntur,
441 3313 551 3354 non
571 3315 670 3370 per
689 3299 863 3355 locum
891 3302 1078 3366 osculi,
1106 3302 1154 3355 id
1185 3310 1265 3356 est
1293 3318 1353 3357 os
1375 3318 1480 3372 quo
1499 3304 1772 3360 osculatus

185 3401 270 3445 est
299 3386 492 3444 .iesum
513 3430 528 3455 ,
557 3392 802 3461 quamvis
830 3391 961 3447 falsa
1006 3393 1320 3464 superficie,
1355 3394 1445 3450 sed
1476 3409 1574 3466 per
1606 3396 1770 3451 alium

185 3481 272 3536 cui
307 3481 465 3534 virus
489 3479 714 3535 occulta:
743 3480 962 3536 malitia:
985 3482 1179 3538 inerat.

257 3572 431 3627 Vens.
460 3571 632 3626 i9.-—-
655 3569 873 3638 Eorum,
901 3573 952 3627 id
971 3582 1055 3628 est
1076 3573 1428 3629 habitantium
1451 3572 1766 3641 Jerusalem,

186 3665 312 3736 quia
344 3664 454 3720 etsi
486 3665 698 3734 utrique
723 3663 1080 3734 loquebantur
1104 3664 1394 3733 Hebraice,
1427 3667 1659 3722 distabat
1685 3675 1767 3721 ta-

188 3771 310 3813 men
339 3760 652 3831 proprietas
693 3759 886 3830 lingua:
923 3760 1411 3832 Hierosolymorum
1443 3777 1472 3816 a
1513 3760 1764 3826 Gaiilaeis,

187 3848 252 3902 de
277 3850 482 3918 quibus
511 3850 736 3921 apostoli
772 3860 962 3905 erant:
993 3851 1132 3920 quod
1179 3853 1230 3906 in
1275 3852 1524 3922 passione
1559 3852 1766 3908 Domini

183 3941 520 4005 ostenditur,
544 3941 630 3994 ubi
660 3941 824 3995 etiam
852 3940 1042 3996 Petrus
1071 3941 1258 4005 nolens
1290 3942 1470 4013 lingua
1509 3958 1603 3996 sua
1644 3957 1770 4012 pro-

183 4030 326 4085 ditus
349 4040 435 4086 est
465 4046 591 4086 esse
623 4030 892 4086 Galilzells.

255 4123 420 4180 Vens.
449 4126 547 4180 2οε
574 4155 637 4166 -
663 4125 902 4190 Deserta,
929 4137 973 4180 et
998 4125 1102 4180 non
1125 4127 1214 4192 sit,
1233 4134 1336 4182 etc.
1371 4127 1548 4181 Donec
1569 4126 1769 4182 electus

183 4229 279 4285 pro
305 4232 373 4272 eo
413 4223 733 4291 asSumatur
760 4216 1030 4272 Matthias.
1057 4214 1183 4281 Vel,
1209 4234 1315 4272 non
1341 4218 1409 4273 sit
1436 4219 1546 4288 ipse
1572 4217 1768 4284 ludas,

184 4305 272 4374 qui
309 4307 533 4362 habitet
573 4306 627 4361 in
666 4321 728 4360 ea
753 4346 768 4373 ,
801 4306 894 4361 sed
922 4306 1058 4361 alius
1097 4317 1407 4362 assumatur
1443 4324 1539 4378 pro
1567 4323 1632 4363 eo
1678 4309 1768 4378 qui

183 4397 515 4466 paenitentia
542 4396 1079 4468 indignusjudicatus
1103 4407 1203 4453 est.

1877 1946 2031 1999 nem,
2077 1949 2220 1990 nunc
2269 1949 2393 1989 cum
2439 1936 2649 1991 caeteris
2683 1952 2780 2016 per
2824 1939 3235 2008 eompletionem
3282 1942 3473 1996 etiam

1847 2021 2037 2079 ePetro
2071 2024 2326 2080 tribuitur
2360 2044 2372 2080 :
2399 2037 2452 2081 et
2473 2035 2710 2096 potestas
2734 2030 2854 2084 data
2894 2039 2977 2085 est
3010 2031 3313 2087 dimittendi
3343 2032 3448 2089 illis

1871 2132 2008 2188 quos
2035 2117 2100 2172 ad
2121 2118 2355 2174 oﬂlcium
2379 2122 2626 2177 mittebat
2646 2125 3061 2192 praedicationis.“

1951 2203 2292 2265 Vchcmentis.
2339 2210 2751 2282 Comparatione
2811 2207 3225 2284 prmCedelitilim'
3282 2207 3447 2273 velle:

1874 2315 2027 2356 mens
2053 2301 2248 2357 dicitur
2265 2304 2434 2375 gratia
2456 2305 2840 2374 apostolorum,
2859 2306 2940 2360 vel
2963 2307 3016 2360 in
3042 2306 3447 2365 similitudinem

1873 2389 2020 2444 venti
2064 2391 2402 2447 vehementis
2445 2388 2675 2462 Spiritus
2709 2394 2874 2447 venit.
2909 2392 3088 2447 Totam
3127 2395 3360 2449 domum.
3391 2396 3448 2450 in

1875 2493 1982 2532 una
2005 2477 2165 2534 domo
2185 2480 2490 2535 sedentibus
2514 2480 2813 2537 infunditur
2834 2475 3088 2552 Spiritus,
3114 2491 3174 2539 lit
3197 2483 3448 2541 Ecclesiae

1873 2566 2053 2626 unitas
2078 2567 2504 2637 commendetur,
2534 2573 2587 2628 in
2631 2575 2909 2629 cmnaculo
2955 2577 3111 2631 tertia
3153 2577 3270 2649 iege
3315 2579 3449 2634 inci-’

1871 2659 2069 2729 piente.
2085 2660 2142 2714 ill
2166 2662 2381 2716 datione
2403 2661 2533 2732 legis
2555 2663 2705 2733 plebs
2724 2664 2878 2734 longe
2895 2665 3072 2719 stabat
3095 2681 3208 2736 prie
3230 2665 3444 2733 timore:

1872 2748 1961 2805 hic
1987 2751 2234 2806 veniente
2276 2749 2477 2821 Spiritu
2521 2754 2828 2824 congregati
2871 2764 3026 2808 erant
3072 2757 3124 2810 in
3177 2773 3340 2810 unum
3379 2774 3444 2812 ex

1873 2852 2075 2895 amore.
2103 2837 2368 2895 Sedcntcs.
2417 2840 2488 2896 Ut
2529 2842 2862 2912 compleatur
2907 2844 3050 2912 quod
3090 2845 3292 2900 dietum
3331 2856 3450 2902 erat

1869 2931 1950 2986 eis
1981 2949 1994 2983 :
2023 2930 2205 2986 Sedete
2225 2934 2309 2988 llic
2329 2934 2382 2987 in
2407 2935 2631 2990 civitate.
2658 2936 2837 2992 Sessm
2866 2946 2947 2992 est
2977 2939 3232 2995 indicium
3271 2942 3447 2996 humii

1871 3021 2039 3078 litatis
2077 3032 2134 3078 et
2170 3025 2478 3081 stabilitatis
2505 3045 2517 3080 :
2549 3027 2741 3096 quibus
2779 3037 3113 3100 praeparatur
3143 3032 3297 3086 sedes
3333 3032 3449 3102 Spi~

1873 3111 1998 3167 ritui
2033 3121 2239 3178 sancto,
2263 3116 2352 3184 qui
2385 3131 2544 3186 super
2567 3117 2798 3172 humiles
2827 3120 3132 3188 requiescit.

1946 3199 2160 3271 (ΕΜ-ια.)
2205 3203 2261 3256 in
2307 3204 2430 3273 igne
2477 3207 2721 3274 apparuit
2770 3205 3032 3276 Spiritus,
3075 3210 3169 3264 sed
3213 3226 3312 3280 per
3359 3218 3445 3268 se;

1873 3291 2067 3362 ipsum,
2104 3300 2230 3359 etc.,
2257 3309 2416 3364 usque
2440 3295 2508 3347 ad
2543 3304 2598 3349 et
2623 3311 2753 3351 voce
2777 3296 2890 3351 sive
2922 3303 3100 3354 sonitu
3125 3301 3281 3356 ducta
3317 3292 3448 3358 δυηὲ

1871 3381 2056 3437 corda.

1942 3472 2106 3528 Vens.
2146 3473 2200 3528 3.
2226 3503 2297 3514 ....
2330 3472 2650 3545 Dispertittc.
2696 3477 2970 3546 Dispersio
3013 3478 3314 3551 linguarum
3363 3476 3448 3538 est

1871 3561 2010 3617 facta
2039 3563 2094 3617 in
2124 3571 2290 3630 turre,
2315 3565 2408 3619 sed
2437 3566 2576 3635 quod
2608 3567 2857 3636 dispersit
2883 3572 3151 3640 superbia,
3183 3558 3446 3644 reCOIiigit

1871 3653 2191 3710 humilitas:
2223 3654 2277 3710 in
2306 3657 2556 3726 superbia
2598 3652 2892 3728 dispersio,
2940 3659 2996 3716 in
3034 3660 3339 3718 humilitate
3385 3651 3448 3719 tit

1869 3744 2180 3800 concordia.
2224 3745 2364 3802 Ecce
2410 3747 2708 3819 completur
2749 3751 3016 3807 sententia
3074 3752 3284 3809 Domini
3325 3750 3446 3826 quie'

1869 3837 1947 3891 ait
1974 3851 1986 3890 :
2014 3836 2138 3891 Non
2168 3853 2254 3892 vos
2285 3838 2571 3910 relinquam
2599 3842 2880 3912 orpltanos,
2911 3844 3000 3898 sed
3037 3846 3240 3900 mittam
3265 3847 3440 3917 Spiri-

1867 3938 1980 3982 tum
2014 3929 2332 3998 paracletum
2361 3930 2538 4000 (Joan.
2589 3927 2732 4003 xw);
2769 3935 2862 4003 qui
2895 3951 3080 3991 eorum
3119 3939 3439 4004 advocatus,

1869 4027 1968 4089 pro
1989 4019 2067 4073 eis
2103 4019 2352 4074 omnibus
2380 4020 2572 4090 linguis
2609 4022 2818 4078 locutus
2845 4034 2944 4079 est.
2975 4026 3208 4096 Linguae
3237 4019 3438 4095 attulit;

1869 4114 1962 4184 qui
1991 4128 2087 4182 pro
2111 4112 2289 4168 Verbo
2312 4114 2472 4176 venit,
2504 4117 2873 4185 cognationem
2897 4119 3042 4174 enim
3070 4122 3232 4176 habet
3258 4123 3438 4194 lingua

1870 4220 1991 4259 cum
2019 4205 2202 4268 verbo,
2225 4212 2283 4258 ut
2324 4203 2392 4258 ab
2425 4204 2648 4259 invicem
2679 4221 2784 4260 non
2814 4208 3019 4277 possint
3055 4212 3315 4281 separari.
3351 4212 3444 4269 Sic

1870 4293 2103 4349 Verbum
2130 4294 2328 4361 Patris,
2355 4294 2408 4349 id
2431 4303 2514 4350 est
2541 4294 2582 4351 F
2587 4295 2732 4363 ilius,
2760 4306 2815 4352 et
2845 4298 3078 4370 Spiritus
3111 4306 3329 4360 sanctus
3359 4305 3446 4360 in-

1869 4384 2198 4454 separabiles
2238 4393 2394 4452 sunt,
2439 4385 2547 4441 imo
2587 4386 2644 4442 et
2687 4389 2848 4444 unius
2893 4401 3118 4448 naturie;
3171 4392 3442 4464 Tanquam

250 4488 420 4543 Vens.
453 4488 554 4542 23.
577 4519 648 4528 —
673 4487 837 4542 Duos.
867 4487 1114 4543 Clemens
1156 4491 1322 4544 refert
1360 4491 1470 4560 ho‘s
1502 4491 1634 4546 duos
1678 4490 1766 4561 q'ili

1883 4477 2025 4546 ignis.
2055 4475 2198 4530 idem
2243 4476 2294 4530 in
2326 4476 2447 4546 igne
2481 4477 2714 4548 Spiritus
2751 4480 2895 4534 venit
2922 4498 2935 4535 :
2961 4476 3087 4552 quia
3128 4494 3443 4553 peccatores

1883 4564 2316 4587 οηεηεηημημη.
2366 4565 2625 4587 arma“.
3034 4572 3064 4587 ο.
3117 4567 3138 4587 η
3217 4574 3227 4586 ι
3369 4577 3379 4587 -

182 4576 247 4630 ad
270 4587 478 4632 sortem
510 4578 840 4647 apostolatus
863 4579 1046 4632 statuti
1071 4587 1212 4642 sunt,
1231 4580 1295 4634 de
1313 4577 1535 4634 numero
1558 4587 1771 4650 septua-i

181 4667 328 4737 ginta
390 4667 787 4735 discipulorum
842 4665 1025 4722 fuisse.
1078 4661 1184 4732 Qui
1239 4669 1649 4737 cognominatus.
1711 4669 1768 4722 in

184 4753 341 4810 laude
366 4756 641 4810 Bamabae
667 4756 1018 4810 immoratur:
1041 4756 1164 4824 quia
1191 4770 1289 4824 pro
1313 4755 1470 4810 laude
1493 4756 1772 4813 Mattllzeus

184 4847 370 4914 habet,
401 4848 555 4918 quod
584 4855 730 4902 sorte
752 4847 984 4917 eligitur.
1017 4847 1276 4901 Barnaba:
1299 4845 1417 4900 laus
1445 4847 1767 4912 cumulatur,

187 4955 253 4994 ne
298 4940 456 4997 velut
510 4939 763 5010 indignus
810 4937 997 5006 repelli
1044 4937 1363 4993 videretur:
1396 4940 1537 5008 quod
1584 4948 1769 5010 postea

188 5032 528 5087 declaratum
558 5038 641 5085 est
676 5047 691 5095 ;
724 5029 846 5098 quia
877 5044 998 5084 cum
1033 5029 1199 5083 Paulo
1225 5027 1462 5099 gentium
1501 5029 1774 5099 apostolus

187 5124 497 5188 ordinatur,
522 5121 597 5176 illi
619 5119 793 5175 otiicio
817 5126 1141 5174 reservatus.
1163 5117 1368 5172 Justus.
1389 5119 1496 5172 Aut
1523 5118 1768 5172 Latinum

187 5220 298 5275 est,
352 5219 453 5266 aut
510 5209 790 5264 Hebraeum
826 5225 840 5263 :
874 5216 930 5263 ct
971 5208 1355 5277 interpretatur
1397 5215 1644 5276 parcens,
1686 5207 1772 5262 vel

185 5300 442 5356 elevatus.
490 5298 558 5354 Et
589 5299 866 5354 Matthiam
884 5340 899 5366 ,
932 5300 1024 5369 qui
1052 5300 1275 5354 donatus
1297 5340 1311 5361 ,
1337 5301 1419 5354 vel
1447 5300 1639 5352 donum
1674 5299 1771 5355 Dei

188 5391 588 5464 interpretatur
615 5409 630 5445 :
661 5391 747 5446 cui
769 5392 966 5446 donum
993 5389 1320 5461 apostolatus
1345 5405 1374 5444 a
1417 5391 1638 5445 Domino
1661 5391 1771 5446 col-‘

188 5481 358 5538 latum
384 5491 501 5547 est,
524 5480 606 5537 vel
628 5481 723 5536 Dei
749 5497 952 5552 pannus
977 5483 1374 5550 interpretatur.
1403 5481 1590 5537 Merito
1615 5484 1770 5552 parvi

190 5574 606 5632 transcenditur
645 5575 730 5629 ille
777 5574 931 5630 laude
975 5558 1246 5629 hihinum
1294 5575 1382 5643 qui
1411 5573 1591 5642 justus
1630 5585 1768 5641 erat,

190 5665 375 5736 inquit
392 5666 614 5720 Aratori

1876 4564 2104 4635 Spiritus
2131 4575 2338 4635 purgat,
2364 4565 2645 4634 illuminat,
2675 4569 2930 4636 accendit,
2962 4572 3085 4625 urit.
3117 4567 3260 4643 ignis
3296 4577 3438 4630 enim

1872 4663 2103 4725 quatuor
2130 4655 2290 4709 habet
2329 4665 2550 4711 naturas
2567 4690 2582 4721 ,
2609 4658 2748 4721 urit,
2771 4670 2990 4730 purgat,
3013 4660 3250 4732 calefacit
3271 4704 3285 4730 ,
3319 4665 3443 4719 illu-é

1872 4751 2058 4802 minat.
2120 4747 2378 4802 Similiter
2426 4747 2658 4820 Spiritus
2713 4751 2893 4805 exurit
2938 4752 3193 4821 peccata,
3247 4763 3439 4828 purgat

1871 4838 2034 4893 corda
2055 4877 2070 4903 ,
2101 4845 2370 4907 torporem
2392 4838 2628 4904 excutit,
2662 4839 2991 4908 ignorantias
3016 4841 3262 4898 illustrat.
3303 4845 3448 4917 ignis

1873 4929 2220 4999 incorporeus
2245 4938 2300 4985 et
2336 4929 2619 4986 invisibilis
2646 4939 2730 4986 est
2766 4931 2817 4985 in
2839 4946 2934 4986 sua
2970 4942 3194 5000 natura;
3234 4939 3326 4993 sed
3355 4951 3445 4996 as-

1872 5031 2084 5090 sumpto
2113 5020 2296 5090 aliquo‘
2333 5033 2558 5090 corpore
2597 5022 2825 5086 videtur,
2866 5023 3064 5080 diversi
3100 5027 3294 5084 coloris
3349 5046 3442 5101 ap-

1871 5113 2086 5183 parens,
2105 5122 2323 5182 propter
2345 5112 2598 5168 materias
2619 5114 2671 5167 in
2688 5114 2882 5182 quibus
2907 5116 3076 5191 ardet.
3097 5116 3187 5174 Sic
3209 5119 3444 5190 Spiritus

1873 5201 2042 5256 videri
2090 5219 2195 5257 non
2252 5201 2478 5272 poterit,
2514 5202 2626 5257 "nisi
2676 5217 2772 5274 per
2823 5214 3096 5264 creaturas
3146 5209 3199 5264 in
3245 5211 3444 5282 quibus

1869 5301 2143 5366 aperatur.‘
2995 5301 3006 5322 ‘

1945 5388 2106 5441 Vens.
2132 5383 2365 5441 4.-Ει
2394 5391 2672 5458 eruperunt.
2721 5372 2856 5444 Ecce
2899 5387 3110 5462 s‘g'nun'l"
3153 5389 3445 5464 mebimdi;

1876 5476 1997 5531 nis:
2034 5476 2246 5545 plenum
2286 5491 2380 5531 vas
2415 5479 2667 5549 erumpit.
2691 5477 2835 5549 lgllis'
2871 5481 2922 5536 in
2961 5485 3078 5538 sinu
3122 5486 3226 5540 nun
3268 5495 3445 5556 potest

1875 5567 2152 5622 occultari.
2191 5564 2362 5624 Variis
2384 5570 2594 5641 linguis.
2621 5571 2755 5639 Quia
2779 5573 3237 5644 linguivomnibus
3266 5579 3447 5649 lnqllcs

1877 5657 2095 5724 bantur,
2118 5661 2200 5714 vcl
2223 5657 2316 5716 sita
2337 5704 2349 5725 ,
2382 5664 2434 5718 id
2460 5672 2542 5719 est
2568 5663 2788 5722 Hebraza
2814 5659 3015 5738 lingua,
3047 5667 3344 5738 loquentes.
3374 5667 3448 5727 ait

1880 5753 2128 5807 cmi-ilius
2151 5753 2218 5805 ita
2239 5753 2692 5824 intelligrbantur,‘
2716 5771 2777 5810 ac
2799 5757 2841 5810 si
2866 5759 3094 5827 propriis
3116 5760 3448 5830 singulorum
