3958 6314
505 335 611 403 ist

1012 329 1394 384 WALAFlllDl
1433 323 1679 382 STRABI
1722 321 1921 378 FULD.
1965 322 2076 379 MOI

2190 324 2322 381 mp.
2364 325 2542 383 prius
2576 326 2617 383 1.
2659 357 2728 366 —
2767 325 3219 383 TlIEOLOGlCA.
3257 297 3263 303 ’
3645 331 3738 387 ιω

503 437 871 515 lotpterchtur,
901 441 1195 495 secundum
1236 440 1364 495 illud
1397 437 1681 508 Prophetas
1716 455 1727 490 :
1757 435 1814 490 In
1843 436 1961 492 aliis
1984 435 2082 491 lin-
2110 440 2159 500 Α
2186 439 2369 493 orbem
2413 439 2722 494 universum
2765 440 3025 511 sanguine
3068 440 3270 495 Christi
3311 439 3650 508 abluendurn,
3690 456 3739 499 ut

503 538 645 611 guis,
671 545 728 591 et
751 533 908 590 labiis
930 533 1070 598 aliis,
1094 524 1286 603 loquar
1312 532 1507 604 populo
1528 532 1676 597 huic,
1707 542 1815 588 etc.

581 628 738 683 Vsus.
763 625 818 680 5.
838 654 909 665 ——-
936 624 1021 678 Ea:
1046 624 1186 677 omni
1229 624 1803 697 natione,'elc.l(Rau.)
1829 622 1907 678 Ac
1928 623 1974 679 si
2001 623 2083 677 di-

504 726 721 774 ceretur
751 732 765 770 :
799 713 1115 785 Ubicunque
1143 714 1278 769 nati.
1299 712 1513 769 Iudaeos
1542 722 1724 770 autem
1755 714 1808 768 in
1835 714 2087 769 omnibus

502 808 754 881 gentibus
792 805 942 861 nasci
983 805 1267 876 captivitas
1312 803 1463 873 fecit,
1515 820 1635 875 quae
1677 805 1778 860 sub
1817 804 2085 860 Antiocho

500 895 646 955 facta
669 887 751 954 est
775 911 882 953 non
912 896 1094 952 multis
1122 897 1455 967 temporibus
1482 905 1622 952 ante.

572 974 739 1043 Vitas.
774 986 827 1042 6.
859 1017 928 1027 --
953 977 1208 1057 Confusa.
1234 987 1489 1043 Confusio
1512 989 1612 1043 ista
1648 986 1950 1043 confusioni
1975 987 2084 1042 lin-

498 1092 731 1153 gnarum
760 1080 1078 1151 Aoppouitur,
1121 1095 1152 1134 a
1192 1096 1294 1151 qua
1328 1080 1493 1136 Babel
1534 1081 1854 1137 vocabulum
1890 1082 2084 1137 sortita

503 1180 605 1230 est.
660 1170 752 1226 Sic
798 1170 1074 1237 humilitas
1113 1170 1475 1241 apostolorum
1522 1172 1770 1226 humana:
1820 1172 2085 1242 superbia:

502 1262 810 1333 respondet.
856 1261 1239 1334 Unusquisque.
1294 1263 1517 1334 Lingua:
1582 1277 1772 1318 omnes
1833 1264 2085 1335 dicuntur

500 1369 624 1411 esse
649 1353 987 1425 septuaginta
1018 1353 1134 1408 dua:
1163 1370 1177 1406 :
1206 1354 1345 1408 unde
1370 1363 1425 1407 et
1465 1352 1712 1423 discipuli
1746 1352 1967 1408 secundi
1992 1367 2083 1407 or-

502 1446 646 1503 diuis
671 1438 772 1503 sub
797 1446 900 1502 hoc
924 1458 1150 1500 numero
1170 1452 1296 1499 sunt
1319 1441 1498 1509 electi,
1529 1452 1590 1498 ut
1612 1458 1869 1500 numerus
1891 1444 2081 1514 praedi-

498 1546 749 1593 catorum
778 1536 1132 1593 concordaret
1160 1549 1386 1590 numero
1417 1534 1744 1606 linguarum.

537 1625 740 1687 .-V£as.
792 1627 846 1684 8.
897 1658 969 1669 —
1012 1628 1341 1682 Audiuimus.
1399 1627 1456 1681 In
1518 1625 2082 1699 hocsigniticabatur

502 1730 665 1776 unam
690 1719 986 1776 Eeclesiam
1011 1718 1251 1789 omnium
1274 1717 1513 1789 gentium
1537 1715 1733 1787 linguis
1756 1716 2076 1771 locuturum.

2186 532 2323 587 sicut
2355 530 2756 609 tabernaculum
2784 532 3044 603 sanguine
3073 531 3415 588 victimarum
3437 532 3605 590 fuerat
3625 551 3739 591 eort-

2186 632 2480 690 sccratum,
2507 624 2583 680 ita
2614 624 2842 695 populus
2870 624 3045 679 ﬁdelis
3077 625 3341 697 sanguine
3379 624 3613 695 ejusdem
3655 628 3737 683 de-

2186 716 2457 772 dicaretur
2488 735 2502 771 :
2529 725 2584 771 et
2610 725 2671 771 ut
2695 732 2809 772 non
2821 716 2995 773 solum
3024 716 3414 788 Hierosolymis
3446 717 3591 774 locus
3617 731 3740 775 esset

2185 807 2467 873 orationis,
2502 807 2597 862 sed
2626 807 2680 862 in
2712 807 2860 862 omni
2883 806 3004 863 loco
3042 808 3428 864 dominationis
3467 807 3585 879 ejus
3614 808 3739 865 leva-

2186 907 2308 954 rent
2329 914 2517 954 manus
2543 898 2699 954 electi
2723 912 2821 968 per
2839 898 3114 956 orationes
3138 899 3206 955 ad
3232 899 3537 955 Dominum.
3584 898 3739 971 Vapo-

2186 1006 2294 1045 rem
2328 990 2480 1061 fumi.
2504 989 2944 1060 Compunetionis
2964 996 3022 1044 et
3056 987 3301 1055 ﬂetuum,
3350 989 3557 1044 scilicet
3599 1004 3741 1061 rapo.

2187 1097 2323 1137 rem.
2348 1081 2482 1149 Quia
2513 1081 2651 1136 sicut
2699 1079 2877 1137 fumus
2919 1080 2988 1135 ah
3029 1081 3173 1153 igne,
3220 1080 3296 1135 ita
3349 1080 3682 1152 compunctio
3714 1097 3740 1138 ι

2186 1168 2394 1241 Spiritu
2448 1171 2625 1226 sancti
2655 1171 2870 1226 ardore.

2254 1260 2347 1315 Sol
2366 1268 2707 1326 convertetur,
2722 1269 2827 1317 etc.
2851 1259 2965 1317 Hoc
2991 1260 3045 1316 in
3069 1261 3317 1339 passione
3340 1259 3539 1317 Christi
3566 1262 3739 1333 partim

2182 1350 2386 1406 factum
2410 1352 2603 1421 partim
2630 1361 2756 1408 ante
2772 1353 2959 1424 judicii
3005 1353 3145 1408 diem
3174 1354 3414 1409 creditur
3451 1360 3736 1410 venturum.

2184 1442 2334 1499 Tunc
2354 1444 2496 1499 enim
2519 1444 2599 1500 sol
2621 1445 2941 1501 obscuratus
2962 1453 3066 1511 est,
3089 1445 3182 1501 sed
3208 1444 3335 1501 luna
3360 1445 3414 1501 in
3443 1447 3737 1518 sanguinem

2182 1548 2341 1590 versa
2365 1535 2670 1591 hominibus
2697 1550 2958 1607 apparere
2982 1552 3088 1591 non
3109 1538 3322 1606 potuit:
3351 1538 3480 1608 quia
3510 1549 3634 1594 tunc
3651 1540 3740 1611 (ut-

2182 1636 2309 1696 pote
2346 1627 2402 1681 in
2445 1625 2682 1700 Paschal)
2719 1628 3115 1697 quintadecima
3163 1629 3433 1686 exsistens
3458 1671 3477 1696 ,
3534 1630 3740 1686 interdiu

2184 1717 2362 1772 luerat
2382 1717 2586 1774 visibus
2606 1719 2855 1774 humanis
2884 1706 3093 1787 obiectu
3130 1729 3288 1776 terrae
3307 1722 3599 1777 occultata.

536 1864 539 1869 .
573 1809 787 1881 (Βεω.)
818 1808 1087 1878 Quaeritur
1115 1817 1295 1863 utrum
1328 1808 1383 1863 lii
1422 1807 1512 1878 qui
1545 1807 1925 1876 loquebantur,
1951 1819 2079 1872 etc.,
2112 1802 2156 1862 Β
2260 1796 2419 1862 Vsus.
2445 1800 2536 1861 25.
2574 1807 2891 1877 -—De/inito
2927 1808 3163 1864 consitio.
3194 1809 3377 1881 (ΗΑΒ.)
3425 1810 3482 1865 1η
3520 1810 3621 1865 hoc
3647 1810 3742 1866 solo

501 1917 664 1970 usque
684 1901 754 1955 ad
782 1901 954 1973 magis
989 1901 1274 1956 videbatur
1314 1898 1648 1955 audientium
1690 1912 1810 1953 esse
1848 1898 2082 1954 miracu-

504 1990 612 2059 lum
640 2004 802 2060 quam
825 1988 1183 2060 loquentium.
1618 2036 1621 2037 γ

574 2080 738 2136 Vsus.
764 2081 817 2137 9.
849 2079 1355 2159 —.Cappadociam,
1396 2088 1503 2135 etc.
1533 2078 1655 2135 Istae
1690 2079 1925 2149 quinque
1958 2092 2086 2148 pro—

505 2171 697 2227 vincia:
716 2187 835 2242 qua:
876 2179 998 2242 post
1037 2168 1276 2225 Jndzeam
1317 2178 1610 2241 ponuntur,
1640 2169 1835 2225 Graece
1863 2169 2082 2249 quidem

500 2260 796 2331 loquuntur
827 2279 839 2314 :
871 2260 964 2316 sed
993 2275 1061 2316 ex
1091 2260 1272 2331 patria
1316 2261 1702 2316 consuetudine
1747 2269 1834 2315 est
1865 2261 1920 2315 in
1950 2275 2084 2318 sono

506 2351 807 2407 diversitas.
841 2350 992 2406 Unde
1023 2351 1159 2406 mira
1191 2349 1291 2406 fuit
1334 2350 1387 2405 in
1425 2349 1682 2420 apostolis
1713 2350 1908 2420 gratia,
1965 2364 2085 2419 quia

504 2456 613 2496 non
634 2442 805 2497 solum
833 2442 1197 2498 diversitatem
1222 2457 1316 2497 eos
1336 2441 1539 2505 docuit,
1570 2441 1665 2495 sed
1693 2441 1857 2495 etiam
1880 2440 2085 2496 distan-

506 2533 637 2587 tiam
695 2534 1081 2603 proprietatum
1104 2534 1160 2588 in
1210 2547 1531 2603 unaquaque
1580 2531 1887 2601 linguarum
1928 2532 2083 2603 juxta

408 2644 413 2653 =
503 2636 790 2678 numerum
822 2623 1219 2694 provinciarum
1254 2622 1307 2676 in
1334 2637 1524 2677 eorum
1550 2619 1762 2690 loquela
1790 2620 1939 2677 fecit.

578 2713 742 2768 Vitas.
767 2714 851 2767 10.
882 2742 950 2751 -
978 2712 1202 2766 Advenis
1230 2710 1474 2767 Romani.
1506 2709 1563 2766 ln
1610 2709 1819 2776 Graeco,
1849 2710 2084 2781 pcregri-

506 2816 698 2861 nautes
733 2804 981 2871 Romani,
1020 2805 1202 2870 idest,
1227 2794 1393 2857 Judaei
1418 2802 1509 2873 qui
1537 2804 1874 2874 peregrinam
1919 2803 2081 2856 vitam

507 2896 692 2953 Roma:
745 2897 1021 2968 gerebant.

578 2988 742 3043 Vsus.
783 2984 869 3042 14.
893 3017 964 3027 -
999 2983 1109 3039 Viri
1128 2984 1327 3040 Juda'i.
1357 2984 1410 3040 ld
1447 2993 1551 3052 est,
1595 2984 1712 3039 duae
1753 2999 1928 3040 causa:
1957 2990 2082 3039 sunt

504 3078 825 3150 prudentiae,
862 3075 1119 3131 nimirum
1146 3076 1288 3145 quod
1310 3072 1501 3140 Judaei,
1533 3082 1584 3128 et
1604 3074 1747 3144 quod
1770 3066 2080 3130 habitarent

504 3169 824 3234 Jerusalem,
852 3183 1014 3238 quam
1040 3168 1194 3237 decet
1222 3167 1505 3222 sobrietas.
1760 3236 1765 3241 η

582 3260 740 3331 Vsus,
770 3260 853 3314 17.
879 3288 947 3299 --
972 3259 1281 3327 E/fundam.
1312 3257 1424 3315 lloc
1442 3258 1608 3313 verbo
1629 3257 1930 3327 largitatem
1962 3276 2079 3312 mu-

508 3351 651 3405 ucris
671 3349 924 3415 ostendit,
956 3350 1081 3419 quia
1109 3366 1213 3404 non
1244 3359 1301 3403 ut
1327 3347 1453 3403 olim
1481 3349 1758 3418 prophetis
1798 3359 1853 3404 et
1895 3366 2079 3405 sacer-

504 3444 716 3505 dotibus
771 3451 999 3506 tantum,
1062 3441 1159 3497 sed
1207 3440 1455 3497 oniiiibus
1506 3440 1706 3510 passim
1751 3440 1803 3494 in
1854 3450 2081 3511 utroque

446 3600 449 3605 ,
506 3551 634 3609 sexu
665 3532 911 3604 personis
940 3531 1174 3602 Spiritus
1204 3540 1323 3586 erat
1350 3531 1585 3586 dandus.
1616 3530 1695 3584 De
1726 3528 1949 3600 Spiritu.
1999 3531 2082 3586 Ad

506 3628 721 3693 diversa
750 3626 888 3680 dona
913 3619 1135 3694 respicit
1162 3622 1288 3678 dum
1330 3623 1434 3677 hoc
1457 3622 1607 3688 dicit,
1652 3617 1758 3676 non
1799 3631 1979 3675 autem
2014 3622 2080 3676 ad

506 3715 819 3789 subtsantia:
867 3714 1316 3769 imminutionem.
1364 3710 1531 3782 Super
1592 3727 1794 3765 omnem
1851 3727 2079 3766 carnem.

660 3806 743 3877 sit.
779 3805 955 3862 omnis
1004 3819 1132 3861 caro
1170 3810 1561 3874 consequenter
1601 3801 1824 3874 exponit
1869 3801 1981 3857 ibi:
2013 3800 2082 3855 Et

504 3895 880 3977 propltelabunl
906 3894 1026 3966 ﬁlii,
1048 3905 1155 3952 etc.

576 3988 758 4059 titan.)
787 3986 959 4058 Super
984 4003 1197 4061 omnem
1237 4002 1453 4043 carnem
1491 3986 1715 4042 masculi
1755 3995 1810 4041 et
1838 3984 2081 4052 femina},

506 4078 590 4133 rel
613 4078 916 4133 circumcisi
952 4086 1007 4134 et
1033 4077 1255 4139 ethnici,
1283 4077 1574 4132 secundum
1623 4076 1752 4133 illud
1793 4076 1960 4132 :Non
2009 4088 2082 4131 est

500 4168 766 4223 masculus
797 4178 844 4222 et
874 4166 1088 4238 femina,
1135 4168 1462 4221 circumcisio
1502 4176 1549 4220 et
1585 4169 1920 4237 prwputium,
1955 4165 2085 4221 Bar-

504 4260 664 4313 barus
691 4269 737 4312 et
767 4258 982 4327 Scytha,
1009 4273 1183 4311 seruus
1212 4268 1257 4309 et
1290 4257 1417 4310 liber
1444 4256 1584 4326 (Cal.
1608 4260 1712 4328 ιιι).

576 4348 642 4401 Et
672 4347 1070 4417 praphetabunt.
1101 4346 1210 4400 Lex
1237 4356 1290 4400 et
1313 4347 1586 4415 propheta:
1615 4362 1785 4418 usque
1811 4346 1877 4403 ad
1919 4349 2083 4405 Joan-

503 4453 625 4492 nem
658 4453 672 4490 :
718 4451 787 4491 ex
815 4452 880 4491 eo
920 4452 1142 4507 regnum
1170 4435 1587 4506 evangelizatur.
1628 4437 1734 4492 Sed
1757 4439 1901 4513 aliud
1919 4443 2083 4497 estde

2184 1896 2352 1952 Judaei
2373 1895 2522 1952 fuere
2548 1895 2827 1962 notabiles,
2861 1898 2988 1969 quia
3030 1914 3137 1956 non
3175 1898 3445 1955 obedienti
3478 1900 3656 1955 animo
3679 1899 3740 1955 le-

2186 1995 2397 2043 ceruut.
3016 2026 3019 2031 .

2256 2076 2327 2130 Et
2349 2078 2676 2148 prtescientia
2703 2078 2821 2144 Dei,
2856 2086 2960 2134 etc.
3015 2078 3136 2152 (11).)
3184 2079 3243 2136 In
3291 2080 3479 2138 6mm
3523 2082 3601 2139 sic
3639 2091 3741 2137 est:

2186 2162 2527 2223 Prtescientia
2583 2170 2658 2224 sic
2698 2169 2949 2224 traditum
3000 2172 3332 2242 accipientes.
3378 2172 3632 2230 Traditus
3675 2183 3741 2229 est

2185 2260 2324 2315 enim
2376 2276 2407 2314 a
2436 2262 2663 2332 praeside
2717 2262 2771 2317 in
2832 2271 3155 2334 potestatem
3195 2264 3433 2331 illorum,
3484 2274 3549 2320 ut
3592 2266 3741 2336 ipsum

2184 2349 2590 2418 sive_latroncm
2628 2351 2903 2424 eligerent,
2943 2354 3036 2409 sed
3082 2354 3279 2410 latroni
3320 2370 3589 2412 concessa
3630 2356 3737 2422 vita,

2183 2443 2366 2500 Iesum
2388 2459 2485 2516 per
2512 2459 2705 2501 manus
2738 2445 2969 2501 militum
3003 2436 3337 2503 occiderunt.

2254 2529 2417 2593 Vens.
2448 2537 2537 2592 24.
2567 2567 2635 2576 —
2661 2534 2963 2601 Suscitauit.
2990 2535 3105 2592 Non
3148 2537 3345 2592 dsitata
3373 2553 3501 2592 cum
3534 2538 3741 2603 czeteris,

2184 2641 2345 2702 atque
2383 2614 2653 2687 communi
2676 2629 3073 2685 resurrectione
3093 2646 3212 2701 quae
3240 2631 3294 2686 in
3318 2624 3479 2688 tinem
3502 2631 3740 2697 diﬂ‘ertur,

2182 2724 2276 2779 sed
2303 2738 2423 2794 quae
2467 2712 2552 2776 die
2589 2722 2750 2775 tertia
2792 2719 3183 2788 celebraretur,
3232 2731 3293 2777 ut
3335 2714 3571 2780 assertio
3602 2724 3737 2794 hujus

2184 2814 2594 2879 resurrectionis
2626 2813 2993 2869 testimonium
3024 2821 3168 2870 esset
3195 2813 3439 2870 Deitatis.

2252 2903 2432 2978 (Βιιι.)
2467 2903 2767 2970 Suscitavit,
2814 2903 3108 2959 secundum
3145 2903 3572 2975 humanitatem,-
3601 2920 3738 2977 quam

2183 2998 2417 3054 maxime
2440 2996 2669 3052 oderant
2707 2993 2898 3051 Judaei.

2252 3087 2453 3144 Salutis
2473 3084 2759 3142 doloribus.
2791 3084 3013 3140 Videtur
3054 3088 3406 3143 esse'sens'us
3442 3074 3605 3159 hujus
3640 3102 3741 3143 sen—
3782 3080 3787 3087 ’

2108 3169 2153 3232 C
2185 3180 2387 3245 tentias,
2417 3178 2561 3250 quod
2581 3176 2811 3233 Domino
2831 3177 2899 3233 ad
2921 3165 3122 3234 inferos
3150 3177 3512 3234 descendente
3556 3179 3741 3235 dolores

2179 3291 2462 3350 ptunarum
2490 3273 2647 3333 soluti
2687 3273 2816 3340 sint,
2846 3272 2971 3343 quia
3009 3286 3130 3327 eum
3174 3280 3393 3345 tangere
3428 3288 3541 3327 non
3581 3280 3740 3344 potuc-

2180 3379 2335 3436 runt,
2358 3369 2450 3425 sed
2472 3369 2627 3440 juxta
2642 3364 2889 3423 Grseeum
2911 3364 2967 3419 in
2987 3377 3093 3432 quo
3110 3362 3369 3434 scriptum
3392 3371 3477 3419 est
3507 3382 3523 3418 :
3552 3362 3738 3420 Solem

2178 3480 2271 3532 per
2297 3467 2464 3534 ipsum
2491 3462 2675 3516 mortis
2695 3458 2921 3525 dolores,
2943 3457 3101 3529 juxta
3121 3456 3260 3528 quod
3288 3456 3607 3528 impossibile
3646 3462 3737 3509 erat

2180 3554 2343 3608 teneri
2380 3552 2528 3607 illum
2552 3551 2617 3606 ab
2650 3567 2728 3615 eo,
2768 3556 2935 3621 patet,
2974 3548 3098 3618 quia
3147 3563 3246 3621 per
3294 3547 3619 3621 descensum
3644 3545 3740 3615 ejus

2180 3646 2390 3703 liberati
2423 3654 2549 3702 sunt
2574 3645 2747 3702 sancti
2787 3662 2817 3698 a
2846 3642 2979 3699 locis
3010 3640 3345 3711 infernarum
3377 3643 3519 3716 ;qui
3557 3642 3673 3698 licet
3696 3641 3740 3695 in

2181 3734 2299 3791 sinu
2322 3734 2579 3801 Abrahae,
2605 3733 2659 3789 id
2686 3743 2770 3791 est
2808 3734 2862 3788 in
2902 3735 3273 3791 consolatione
3309 3733 3516 3805 quietis
3557 3740 3739 3795 essent,

2181 3810 2415 3883 adolore
2448 3834 2627 3882 tamen
2666 3825 2857 3881 mortis
2897 3826 3012 3881 sive
3063 3825 3220 3882 inferi
3256 3840 3361 3881 non
3392 3833 3557 3879 erant
3604 3820 3740 3877 soluti

2180 3933 2250 3973 ex
2278 3926 2410 3984 toto,
2437 3918 2562 3989 quia
2596 3933 2702 3973 non
2757 3925 3066 3975 meruerant
3110 3916 3305 3988 gaudia
3363 3916 3485 3972 cmli
3537 3917 3738 3973 intrare.

2184 4009 2353 4066 donec
2383 4010 2536 4065 ﬁeret
2561 4009 2689 4065 illud
2708 4010 2990 4079 Prophetas
3018 4027 3030 4063 :
3085 4008 3153 4063 In
3171 4009 3426 4081 sanguine
3465 4005 3741 4064 testamenti

2181 4099 2406 4154 cduxisti
2426 4101 2623 4155 uinctos
2648 4109 2762 4154 tuos
2808 4098 2872 4153 de
2921 4099 3062 4166 lacu,
3104 4099 3161 4154 in
3206 4116 3309 4170 quo
3345 4116 3448 4153 non
3509 4110 3586 4154 est
3623 4113 3740 4169 aqua

2184 4187 2458 4261 (Zaclm).
2487 4189 2662 4244 Vincti
2696 4189 2841 4244 enim
2872 4198 3029 4244 erant
3052 4197 3339 4261 antequam
3374 4191 3736 4247 educerentur.

2254 4279 2621 4335 \’r:tts.25.--
2649 4277 2991 4333 Providebam
3039 4278 3339 4334 Dominum.
3389 4280 3507 4335 Vox
3556 4278 3738 4337 Christi

2181 4378 2305 4441 post
2329 4370 2780 4431 resurrectionem
2808 4368 3131 4425 exsultantis
3157 4371 3225 4426 ad
3269 4370 3573 4426 dexteram.
3617 4369 3740 4424 Sini-

2184 4469 2313 4523 stra,
2340 4469 2425 4515 est
2450 4475 2685 4530 praesens
2714 4460 2854 4525 vita;
2893 4460 3135 4525 dextera,
3167 4469 3386 4517 reterna.
3419 4461 3503 4515 Ne
3525 4478 3738 4535 commo-

502 4527 715 4583 Chrisw
746 4527 1092 4598 prophetare’
1121 4525 1264 4581 aliud
1305 4532 1529 4578 ventum
1556 4527 1849 4597 pmdicerc
1891 4539 1945 4585 θῑ
1979 4532 2078 4585 dO‘
2110 4520 2158 4581 D
2186 4569 2327 4608 rear.
2359 4551 2486 4608 Post
2526 4561 2979 4608 resurrectionem
3010 4552 3191 4608 omnia
3230 4562 3392 4607 erunt
3439 4534 3736 4608 immobilia.

502 4631 644 4671 cere.

574 4707 736 4763 Vsus.
769 4704 852 4762 l9.
877 4736 946 4746 -—
968 4699 1035 4760 Et
1071 4704 1226 4760 dabo.
1281 4705 1503 4777 Mystice
1550 4708 1789 4780 prodigia
1818 4709 1870 4764 in
1913 4711 2075 4777 ccelo,

501 4795 714 4851 labores
741 4807 865 4852 sunt
888 4797 943 4851 in
964 4796 1225 4852 Ecclesia.
1269 4796 1455 4869 Signa,
1486 4815 1648 4871 super
1686 4809 1904 4857 terram.
1950 4804 2077 4858 Vin-

432 4924 439 4927 ν
503 4889 678 4954 dictae,
727 4888 781 4942 in
842 4896 1105 4943 terrenos.
1159 4886 1409 4959 Sanguis,
1466 4889 1519 4943 in
1573 4893 1855 4962 martyrio.
1907 4892 2072 4964 Ignis,

497 4976 774 5049 Evangelii
806 4976 890 5032 vel
936 4976 1168 5048 Spiritus
1220 4980 1413 5034 sancti.
1466 4978 1644 5051 Vapor
1683 4981 1834 5048 fumi,
1880 4984 2074 5041 anima:

496 5070 609 5125 vcl~
634 5071 810 5128 cordis
853 5071 1214 5141 compunctio.
1268 5070 1522 5144 Prodigia
1566 5075 1622 5129 in
1667 5073 1811 5130 casto.
1863 5075 2072 5131 Etenim

498 5146 716 5244 Christo
752 5167 1025 5241 nascente,
1066 5175 1263 5216 novum
1306 5162 1454 5218 sidus
1489 5163 1763 5233 apparuit;
1793 5178 1856 5218 eo
1888 5179 2075 5219 ascen-

500 5242 662 5309 dente
690 5266 927 5319 crucem,
958 5252 1045 5308 sol
1080 5253 1400 5309 obscuratus
1419 5242 1503 5308 est
1528 5264 1583 5310 et
1615 5253 1809 5310 cmlum
1834 5256 2072 5313 tenebris

499 5346 811 5416 obductum.
1336 5396 1341 5402 .

568 5434 907 5509 Sanguinem.
937 5430 1054 5493 Non
1086 5437 1267 5493 solum
1292 5436 1554 5504 vulneris,
1583 5438 1677 5494 sed
1703 5438 1864 5494 etiam
1903 5440 2064 5497 sudo-

460 5554 465 5559 -
497 5530 592 5597 ris,
616 5531 900 5601 quandoin
940 5531 1186 5609 optione
1232 5529 1411 5587 factus
1452 5539 1535 5587 est
1568 5533 1732 5589 sudor
1769 5532 1886 5603 ejus
1929 5533 2071 5589 sicut

495 5630 656 5692 gutta:
678 5622 974 5693 sanguinis,
996 5622 1140 5692 quod
1182 5621 1326 5677 inter
1365 5622 1518 5691 signa
1558 5622 1786 5679 Deitatis
1826 5624 2066 5693 ponitur,

2191 4643 2254 4699 Et
2289 4643 2560 4698 exsultavit
2584 4644 2780 4713 lingua.
2806 4642 2940 4710 Quia
2966 4642 3177 4712 requies
3198 4650 3320 4713 post
3345 4642 3589 4700 laborem
3629 4646 3737 4699 data

2183 4747 2300 4795 est:
2341 4738 2605 4794 laboravit
2631 4738 2777 4794 enim
2814 4738 2870 4792 in
2897 4752 2991 4808 spe
3019 4738 3141 4792 vita:
3158 4746 3400 4794 aeterna.
3442 4737 3573 4793 Non
3606 4739 3737 4792 dere-

2182 4830 2403 4901 linquas.
2447 4829 2562 4885 Non
2624 4830 2820 4885 iterum
2870 4846 3090 4886 movear
3136 4832 3484 4903 corruptione
3547 4835 3738 4889 iteratae

2183 4920 2358 4976 crucis
2393 4928 2448 4976 et
2472 4922 2683 4976 mortis.
2711 4918 2885 4974 Notas
2910 4921 3036 4975 mihi
3074 4920 3262 4991 fecisti.
3312 4920 3440 4979 Seio
3480 4938 3568 4979 me
3612 4939 3737 4979 sem-

2180 5024 2279 5081 per
2295 5024 2414 5066 esse
2436 5010 2726 5066 victurum.
2759 5010 2999 5080 Replcbis
3016 5028 3096 5067 me
3137 5013 3296 5084 plena
3324 5013 3533 5082 laetitia,
3564 5016 3617 5072 id
3642 5022 3736 5077 est,

2180 5104 2375 5158 iterum
2402 5118 2509 5158 non
2538 5103 2760 5158 moriar.
2789 5102 3046 5168 Quoniam
3069 5119 3101 5156 a
3140 5104 3359 5160 dextris.
3381 5105 3557 5161 Causa
3582 5118 3737 5178 quare

2178 5206 2285 5248 non
2316 5203 2617 5259 movemur,
2642 5203 2727 5249 est
2765 5194 2891 5264 quia
2924 5194 3185 5259 Dominus
3207 5212 3240 5252 a
3278 5198 3483 5254 dextris
3516 5196 3736 5268 opitula-

2180 5292 2287 5347 tur,
2317 5285 2533 5341 sinistra
2557 5301 2663 5340 non
2692 5285 3033 5355 praevalente.
3065 5287 3122 5342 Si
3147 5287 3294 5344 enim
3319 5304 3353 5344 a
3393 5289 3602 5346 dextris
3639 5302 3734 5345 non

2175 5371 2361 5442 fuerit,
2385 5375 2533 5429 illam
2552 5384 2763 5443 partem
2804 5377 3049 5434 diabolus
3074 5388 3324 5450 occupat.
3351 5380 3491 5437 sicut
3516 5381 3588 5436 de
3609 5377 3733 5436 luds

2171 5467 2368 5523 dicitur
2399 5484 2412 5521 :
2440 5464 2510 5521 Et
2553 5466 2793 5522 diabolus
2818 5477 2913 5523 stet
2937 5487 2973 5524 a
3006 5470 3204 5526 dextris
3225 5472 3340 5543 ejus
3363 5471 3534 5544 (Psal.
3564 5471 3733 5540 cvm.)

2240 5556 2406 5611 Vsus.
2429 5557 2521 5613 26.
2550 5587 2616 5598 —
2641 5558 2710 5612 Et
2736 5554 3040 5618 essu‘vit.
3063 5560 3118 5616 In
3150 5563 3402 5633 passione
3430 5562 3603 5620 dixit:
3627 5560 3731 5615 Tri-

2169 5650 2262 5703 stis
2290 5658 2364 5703 εει
2393 5649 2570 5703 anima
2595 5667 2708 5704 mea
2745 5668 2907 5723 usque
2936 5653 3004 5706 ad
3047 5664 3261 5709 mortem
3287 5655 3498 5727 (Matth.
3544 5653 3694 5722 xxvr)
3713 5666 3732 5705 ες

494 5714 619 5787 quia
644 5716 698 5770 in
719 5702 954 5792 humana
978 5723 1171 5773 natura
1198 5731 1305 5774 non
1326 5715 1614 5773 invenitur.
1642 5716 1779 5788 Ergo
1801 5718 2068 5790 signiﬁcat
2171 5749 2222 5795 ε,
2256 5742 2417 5811 mi,
2447 5702 2719 5813 ρεγεέέέι
2750 5702 3000 5803 gae“;
3025 5702 3735 5805 ιλίςξζειτςιζῖωῖ,ξ,;έ;
