3958 6314
237 458 334 516 «133

1073 457 1336 515 GLOSSA
1371 453 1765 513 ORDINARIA.
1804 483 1874 494 ——
1908 455 2033 511 LIB.
2076 456 2362 514 ACTUUM
2399 456 2643 514 APOST.

3345 453 3451 516 15$

236 570 287 627 in
311 563 585 625 anima‘et
611 578 859 641 corpore,
900 576 958 626 et
982 571 1249 626 veraciter
1291 568 1595 640 passibilem
1633 583 1782 622 mon-
1806 564 1859 624 Α
1886 573 1996 633 ιει·;
2022 584 2141 637 qum
2165 584 2194 622 a
2222 569 2345 625 ﬁliis
2386 571 2548 625 Israel
2569 571 2722 641 longe
2745 567 2915 635 tactae,
2946 582 3042 639 per
3060 567 3454 635 invocationem

237 671 440 724 straret.
463 661 765 721 Exsultavit
790 678 921 722 vero
937 671 1123 737 postea
1150 665 1329 720 anima
1349 671 1405 718 et
1428 662 1630 734 lingua,
1653 661 1784 732 quia
1888 657 2121 749 nominis
2152 658 2363 749 Domipi
2391 660 2660 715 salvanda:
2683 667 2860 715 erant.
2915 676 2921 681 ο

234 754 472 828 passione
500 768 597 809 sua
626 768 795 827 genus
819 755 1123 811 humanum
1140 754 1459 811 salvandum
1485 762 1623 810 erat.

1960 747 2124 805 Vsus.
2155 749 2245 805 40.
2268 740 2343 791 —:
2368 749 2692 819 Testiﬁcatus
2720 760 2815 817 est,
2840 758 2970 815 etc.,
3001 748 3055 803 id
3089 757 3172 804 est
3194 740 3454 803 testiﬁca-

301 843 457 901 Vens.
484 842 576 898 27.
605 874 672 885 —
691 843 760 899 In
784 844 1008 917 inferno.
1032 844 1255 901 Constat
1286 844 1522 899 animam
1555 857 1661 898 non
1700 843 1794 897 de-
1890 838 1968 895 tio
1989 847 2045 895 et
2080 840 2403 896 exhortatio.
2437 838 2743 896 Saloamini.
2773 840 2899 896 Haec
2935 847 3019 896 est
3051 837 3452 894 testiﬁcationis

237 932 471 990 relictam
507 933 563 987 in
604 932 817 989 inferno
838 974 854 999 ,
890 948 1031 1003 quae,
1078 933 1273 990 ablatis
1319 933 1426 989 illis
1457 947 1557 1003 pro
1600 932 1794 1002 quibus

237 1023 597 1089 descenderat,
627 1039 752 1079 mox
782 1024 851 1079 ad
896 1038 1127 1094 superna
1156 1025 1357 1091 rediit,
1402 1040 1502 1080 nec
1538 1039 1667 1079 caro
1704 1033 1790 1080 est

234 1122 502 1186 corrupta,
532 1114 831 1171 sed-veloci
846 1116 1243 1172 resurrectione
1266 1115 1583 1187 gloriﬁoata.

307 1201 466 1258 Vens.
496 1201 861 1260 ἒϐη-Νίκα
878 1204 1006 1259 mihi
1035 1206 1224 1274 fecisti.
1255 1204 1370 1261 Non
1397 1205 1567 1261 solum
1592 1207 1709 1261 haec
1729 1204 1796 1261 de

236 1294 324 1350 illo
356 1292 747 1366 intelliguntur,
776 1282 877 1364 qui
892 1294 1058 1351 semel
1100 1303 1319 1367 accepta
1360 1294 1692 1367 plenitudine
1716 1296 1799 1352 di-

234 1390 368 1445 vina:
391 1389 609 1445 virtutis
636 1399 694 1445 et
720 1389 1010 1461 sapientiae,
1035 1405 1132 1460 per
1160 1404 1222 1446 se
1251 1397 1481 1445 mortem
1507 1390 1797 1455 destruxit,

239 1492 520 1548 resurgens
561 1477 631 1533 ad
655 1477 854 1544 vitam;
908 1476 1005 1532 sed
1032 1486 1087 1534 et
1124 1478 1191 1533 de
1227 1478 1388 1547 iustis
1412 1477 1507 1548 qui
1550 1491 1648 1548 per
1675 1492 1798 1534 eum

233 1572 317 1625 via
349 1570 598 1626 veritatis
621 1570 836 1626 inventa
874 1570 942 1626 ad
966 1571 1132 1625 vitam
1159 1570 1411 1626 redibunt
1440 1575 1496 1625 et
1532 1568 1800 1638 jucunda-

235 1660 427 1715 buntur
452 1646 717 1715 videntes'
740 1658 933 1714 faciam
964 1656 1080 1728 ejus
1113 1676 1128 1713 :
1158 1660 1284 1730 quia
1312 1659 1400 1714 ille
1423 1659 1570 1714 visus
1601 1665 1687 1713 est
1712 1672 1803 1714 su-

232 1764 323 1819 per
344 1749 538 1810 amnia
577 1757 632 1805 et
658 1748 935 1805 beatitudo
966 1748 1225 1820 perfecta.

299 1840 467 1896 Vsus.
500 1840 589 1896 35.
619 1870 691 1880 —
718 1837 1074 1895 Promissione
1112 1838 1342 1910 Spiritus
1370 1839 1537 1894 sancti
1568 1847 1796 1909 accepta.

1890 930 2126 1000 qualitas
2150 940 2206 987 et
2234 932 2643 997 exhortationis,
2673 933 2767 989 sed
2807 932 2983 988 Lucas
3025 931 3258 1003 plurima
3292 931 3455 1015 verba

1892 1021 2037 1077 Petri
2069 1023 2217 1078 brevi
2261 1022 2523 1079 conclusit
2564 1024 2849 1079 sententia.
2875 1026 2919 1079 Α
2953 1023 3302 1095 generatione.
3329 1022 3457 1080 Duce

1895 1122 2021 1168 sunt
2064 1114 2473 1185 generationes,
2524 1130 2629 1170 una
2680 1116 2983 1180 honorum,
3030 1115 3134 1170 alia
3170 1114 3457 1170 malorum.

2312 1274 2319 1281 ,
2507 1203 2733 1262 CAPUT
2769 1205 2853 1261 III.
2960 1212 3013 1265 τ
3438 1208 3443 1213 '

1968 1292 2130 1350 Vsus.
2160 1295 2215 1350 2.
2246 1327 2310 1337 —
2332 1295 2549 1353 Portam
2578 1296 2774 1368 templi,
2802 1306 2907 1354 etc.
2934 1296 3085 1353 Hauc
3112 1305 3319 1368 portam
3339 1299 3463 1366 aedi,-

1900 1387 2079 1455 ﬁ_cavit
2111 1388 2336 1446 Joathan
2362 1389 2502 1446 ﬁlius
2523 1389 2667 1446 Oziac
2691 1406 2786 1446 rex
2814 1388 2972 1455 Iuda,
3002 1390 3462 1446 sublimissimam‘.

1898 1448 2098 1534 dmnes
2136 1478 2401 1549 siquidem
2428 1487 2599 1550 portae
2627 1478 2809 1551 templi
2836 1479 2893 1534 in
2926 1448 3074 1535 terra
3109 1478 3345 1543 fuerunt,
3374 1494 3465 1534 ex-

1901 1578 2056 1640 cepta
2075 1568 2329 1641 δικάσω
2356 1586 2475 1642 qum
2498 1571 2808 1651 pendebat:
2845 1585 2964 1642 quae
3005 1569 3074 1627 ab
3101 1569 3340 1637 Hebmis
3376 1558 3484 1628 vo;-

1899 1667 2063 1715 catur
2079 1659 2240 1716 Porta
2264 1659 2514 1717 Joathan.
3182 1678 3185 1681 λ

1972 1749 2186 1823 (Βευλ.)
2215 1749 2375 1807 Porta
2403 1751 2587 1823 ternpli
2638 1750 2891 1824 Speciosa
2928 1752 3187 1808 Dominus
3211 1759 3295 1809 est
3316 1794 3331 1819 ,
3376 1738 3472 1823 per

1901 1853 2086 1910 quam,
2111 1849 2241 1906 etc.,
2269 1857 2430 1913 usque
2452 1842 2521 1895 ad
2552 1841 2732 1899 claves
2764 1841 2885 1899 C(Bli
2913 1851 3038 1898 sunt
3064 1842 3223 1899 datm.

230 1931 479 1987 Christus
506 1947 624 1988 eam
662 1932 872 2002 accepit
896 1931 1036 1987 sicut
1056 1946 1216 1988 verus
1242 1931 1425 1997 homo,
1464 1938 1521 1987 et
1544 1938 1802 2001 tanquam
1828 1921 1876 1982 B
1974 1930 2141 1989 Vsus.
2180 1932 2235 1987 ϐ.
2273 1963 2345 1975 --
2374 1933 2657 2005 Argentum
2678 1972 2694 2001 ,
2742 1942 2847 1990 etc.
2878 1932 3083 1990 Memor
3129 1941 3247 1990 erat
3282 1933 3476 1993 Petrus

232 2020 367 2076 Deus
414 2019 647 2076 eﬂ'undit
684 2021 943 2091 Spiritum
970 2062 985 2087 ,
1034 2021 1171 2083 sicut
1209 2020 1326 2078 Joel
1376 2022 1507 2078 dicit
1542 2038 1559 2077 :
1604 2021 1800 2092 Emta-

227 2110 369 2175 datst,
393 2121 511 2167 etc.
542 2110 676 2168 Item
704 2111 975 2183 accipiunt
995 2111 1222 2183 apostoli
1250 2112 1319 2168 ab
1345 2111 1461 2183 ipso
1485 2111 1801 2182 promissio-

230 2216 349 2257 nem
380 2203 625 2278 Spiritus
649 2203 742 2274 qui
765 2202 962 2260 dicitur
982 2219 1014 2259 a
1041 2203 1204 2260 Patre
1234 2204 1529 2261 mittendus
1553 2204 1608 2260 in
1629 2204 1805 2261 Evan-

228 2293 386 2364 gelio.
415 2294 631 2365 Eﬁ'udit
655 2296 812 2363 hunc,
836 2303 940 2351 etc.
978 2293 1079 2364 Qui
1106 2295 1258 2366 prius
1278 2294 1464 2351 Iesum
1485 2296 1802 2352 suscitatam

229 2402 260 2441 a
285 2386 396 2443 Deo
417 2387 603 2454 dixit,
641 2403 789 2444 nune
824 2386 984 2444 ﬁdem
1026 2387 1331 2443 auditorum
1377 2386 1538 2444 altius
1567 2388 1802 2459 erigens,

230 2478 372 2535 hunc
412 2494 542 2536 esse
585 2479 868 2536 Dominum
913 2479 1189 2551 assignat,
1217 2495 1378 2549 quem
1406 2479 1656 2536 ell'udisse
1685 2480 1806 2552 Spi-

231 2569 395 2624 ritum
451 2569 740 2625 confirmat
769 2584 785 2624 :
823 2570 925 2625 hoc
947 2570 1093 2626 enim
1120 2578 1201 2625 est
1231 2570 1462 2641 signum.
1496 2570 1561 2625 Et
1584 2570 1806 2641 pulchre

233 2662 399 2717 verbo
428 2660 707 2718 etl'usionis
730 2678 862 2718 usus
892 2671 978 2719 est
1002 2679 1016 2716 :
1042 2662 1184 2733 quod
1211 2663 1528 2733 prophetam
1565 2660 1682 2718 Joel
1709 2677 1806 2733 po-

229 2754 408 2811 suisse
451 2771 613 2828 supra
653 2756 1005 2823 memoravit,
1048 2764 1109 2812 ut
1154 2771 1218 2811 ex
1265 2755 1369 2811 hoc
1404 2755 1568 2810 etiam
1593 2762 1806 2812 constet

233 2846 409 2916 ipsum
454 2863 575 2905 esse
603 2848 889 2905 Dominum
918 2848 1125 2914 Jesum,
1162 2849 1254 2918 qui
1302 2855 1428 2904 ante
1478 2851 1801 2920 assumptio-

229 2953 356 2994 nem
397 2939 580 2995 carnis
608 2939 751 3012 loqui
782 2942 1061 2996 consuevit
1089 2940 1142 2995 iu
1172 2940 1448 3011 prophetis
1467 2980 1481 3005 ,
1513 2940 1605 3010 qui
1650 2940 1801 3012 signa

227 3039 285 3083 et
304 3029 569 3101 prodigia
594 3029 685 3085 dat
713 3030 767 3085 in
801 3030 937 3086 caelo
961 3039 1017 3084 et
1044 3030 1098 3084 in
1121 3038 1286 3096 terra,
1317 3031 1407 3100 qui
1438 3045 1625 3086 omnes
1649 3031 1802 3091 invo—

224 3128 424 3176 cantes
455 3133 517 3173 se
541 3118 733 3175 salvat.
763 3119 830 3174 Et
854 3128 1047 3175 caetera
1084 3135 1205 3189 quae
1237 3121 1497 3191 propheta
1522 3120 1803 3184 describit,

221 3209 387 3279 quasi
419 3222 585 3264 verus
612 3208 772 3272 Deus,
801 3209 999 3280 explet.

1903 2024 2049 2082 illius
2092 2028 2349 2098 pmcepti
2383 2045 2397 2082 τ
2435 2026 2614 2083 Nolite
2636 2029 2898 2099 possidere
2942 2045 3127 2084 aurum
3172 2039 3221 2085 et
3292 2047 3477 2101 argen-

1903 2125 2034 2171 tum.
2074 2116 2365 2174 Pecuniam
2413 2116 2581 2173 etiam
2620 2132 2740 2188 quae
2789 2119 2856 2173 ad
2904 2120 3070 2193 pedes
3116 2120 3474 2191 apostolorum

1904 2206 2231 2277 pon'ebatur,
2289 2223 2394 2265 non
2445 2208 2550 2266 sibi
2605 2208 2971 2266 recondebant
2992 2251 3008 2276 ,
3065 2211 3159 2267 sed
3218 2212 3286 2267 ad
3342 2228 3471 2277 usus

1904 2312 2197 2370 pauperum
2219 2339 2233 2365 ,
2279 2299 2373 2371 qui
2412 2313 2510 2356 sua
2551 2301 2871 2371 patrimonia
2909 2299 3257 2373 reliquerant,
3283 2318 3467 2360 serva-

1903 2388 2054 2444 bant.
2718 2414 2723 2419 -
3039 2380 3045 2387 ’
3456 2374 3463 2383 ’

1976 2478 2141 2535 Vsus.
2180 2480 2236 2537 8.
2270 2510 2340 2521 —
2364 2478 2434 2535 Et
2461 2480 2706 2537 exsiliens
2739 2480 2877 2538 stetit
2898 2521 2920 2552 ,
2964 2491 3067 2540 etc.
3115 2482 3259 2541 Ordo
3306 2484 3477 2555 perfe-

1904 2568 2103 2624 ctionis
2148 2588 2160 2622 :
2208 2570 2382 2639 primo
2425 2571 2598 2641 surgit
2642 2571 2735 2642 qui
2783 2571 3070 2644 jacuera't,
3124 2574 3317 2631 deinde
3373 2556 3474 2631 iter

1906 2658 2166 2715 virtutum
2191 2660 2409 2732 arripit,
2440 2671 2495 2717 et
2522 2662 2603 2718 sic
2630 2664 2781 2735 regni
2807 2653 3036 2733 ianuam
3068 2681 3191 2723 cum
3216 2668 3475 2739 apostolis

1906 2750 2093 2806 intrat.
3232 2768 3235 2771 ‘

1978 2839 2138 2898 Vens.
2176 2843 2257 2899 ιο.
2289 2873 2357 2883 -
2380 2842 2601 2917 Stupore
2630 2853 2679 2901 et
2716 2848 2927 2901 exstasi.
2978 2846 3036 2902 Id
3061 2855 3166 2916 est,
3193 2862 3395 2920 pavore
3421 2859 3475 2907 et

1905 2948 2131 2991 excessu
2159 2936 2372 2993 mentis.
2417 2936 2623 2993 Dicitur
2653 2938 2817 2994 etiam
2864 2939 3124 3007 exstasis,
3153 2956 3277 2997 cum
3321 2959 3475 2999 mens

1907 3038 1938 3078 a
1961 3032 2162 3094 pavore
2187 3041 2291 3082 non
2316 3025 2599 3094 alienatur,
2628 3028 2722 3089 sed
2748 3028 3096 3110 inspiratione
3126 3029 3475 3109 revelationis

1909 3117 2221 3171 assumitur.

1978 3203 2379 3272 Cucurrit,etc.
2422 3208 2657 3282 (ΒεοΑ.)
2697 3209 2915 3267 Salvato
2959 3182 3153 3268 Israele
3198 3226 3294 3283 per
3337 3228 3469 3284 apo-

306 3299 479 3365 Vsas.
506 3300 594 3355 54.
618 3332 683 3342 -
718 3277 910 3359 Sedea
932 3302 1146 3357 dextris.
1185 3300 1365 3372 (ΗΑΒ.)
1392 3300 1672 3357 Manifeste
1710 3300 1809 3358 Pe—
1836 3277 1880 3342 C
1911 3295 2107 3361 stolas,
2137 3298 2377 3353 cucurrit
2400 3277 2852 3380 omnislmundus,
2879 3312 2982 3359 etc.
3001 3343 3017 3369 ,
3046 3277 3298 3372 usquead
3327 3277 3474 3363 solus

227 3401 351 3449 trus
382 3408 454 3447 ex
485 3393 586 3449 hoc
617 3394 828 3464 psalmo
857 3409 1078 3465 regnum
1128 3394 1327 3450 Christi
1377 3408 1482 3448 non
1514 3402 1806 3461 terrenum,

230 3482 330 3537 sed
378 3482 627 3549 caeleste,
656 3492 761 3538 etc.
792 3522 807 3549 ,
856 3500 1018 3554 usque
1044 3485 1112 3537 ad
1143 3484 1195 3539 in
1224 3484 1415 3550 altera,
1442 3482 1685 3559 cjttsdem
1727 3492 1809 3539 est

233 3570 525 3626 Dominus.
596 3574 603 3580 ’

308 3662 485 3720 Vens.
520 3665 609 3720 36.
640 3697 710 3711 -—
736 3666 1016 3723 Dominum
1039 3684 1175 3723 eum.
1215 3667 1428 3726 Ponens
1455 3682 1650 3724 nomen
1697 3684 1811 3724 ma»

229 3751 455 3821 jestatis
485 3760 541 3809 et
578 3758 890 3825 potestatis,
917 3757 1154 3814 ostendit
1191 3773 1314 3815 eum
1363 3773 1482 3814 esse
1510 3760 1595 3813 cui
1635 3759 1812 3813 omnis

231 3853 494 3899 creatura
533 3846 684 3901 debet
724 3848 936 3917 subjici.
963 3848 1208 3904 Christus
1256 3848 1415 3919 regia:
1441 3848 1553 3904 sive
1602 3848 1813 3919 pontiﬁ-

232 3934 372 3991 calis
393 3936 683 4008 dignitatis
708 3954 917 3995 nomen
929 3948 1030 3994 est.
1060 3938 1116 3993 In
1144 3938 1260 4008 lege
1295 3938 1633 4009 ungebantur
1661 3951 1815 4009 reges

232 4036 287 4081 et
318 4026 639 4100 pontiﬁces,
683 4030 735 4085 in
772 4029 939 4102 ﬁgura
973 4030 1134 4085 illius.
1166 4030 1234 4084 Et
1264 4028 1547 4084 Christum.
1580 4022 1670 4085 Ille
1689 4043 1815 4085 vere

232 4127 318 4173 est
366 4118 629 4176 Christus
664 4123 827 4176 omni.
856 4120 1183 4191 plenitudine
1222 4119 1457 4191 Spiritus
1503 4121 1675 4176 sancti
1716 4135 1816 4175 un-

234 4216 377 4275 ctus,
431 4208 533 4279 qui
565 4208 631 4265 de
658 4210 845 4266 eodem
885 4210 1086 4281 Spiritu
1116 4210 1478 4281 potentialiter
1504 4210 1651 4269 dedit
1690 4209 1814 4281 qui-

234 4300 337 4356 bus
378 4300 581 4357 voluit.
622 4301 803 4358 Iesum
829 4320 1000 4375 quem,
1030 4312 1135 4358 etc.
1164 4302 1322 4365 Iesus
1361 4313 1445 4360 est
1485 4304 1740 4359 Dominus
1762 4312 1819 4359 ει

232 4393 522 4463 Christus,
554 4412 657 4453 una
689 4396 743 4452 in
781 4398 988 4455 duabus
1013 4399 1221 4454 naturis
1245 4398 1536 4453 exsistente
1563 4413 1816 4467 persona,

233 4489 361 4557 quia
407 4490 467 4545 in
531 4489 821 4546 Divinitate
876 4492 1201 4548 reternaliter
1248 4506 1316 4547 ex
1362 4491 1521 4547 Patre
1558 4501 1715 4549 natus
1762 4494 1821 4548 in

1907 3401 2007 3456 per
2041 3388 2225 3442 orbem
2249 3388 2530 3458 paciﬁcum
2562 3399 2705 3449 tenet
2736 3392 3040 3465 imperium.

1918 3508 1923 3513 -
1980 3476 2143 3532 Vsus.
2180 3478 2265 3534 13.
2290 3478 2520 3535 —Deus
2542 3482 2823 3549 Abraham,
2852 3491 2954 3539 etc.
2983 3483 3161 3556 (llam)
3189 3484 3323 3541 Tres
3358 3502 3471 3541 me-

1910 3578 2191 3624 morantur
2219 3570 2364 3625 nullo
2387 3571 2548 3642 impio
2578 3573 2959 3640 intercedente,
2986 3576 3067 3631 vel
3089 3585 3306 3648 propter
3326 3579 3475 3650 prin-

1910 3659 2142 3730 cipatum
2164 3660 2411 3731 iustitiae,
2443 3662 2549 3728 vel,
2574 3672 2705 3731 etc.,
2730 3681 2913 3736 usque
2951 3678 3017 3719 aa
3061 3668 3203 3737 quod
3224 3671 3387 3726 etiam
3421 3670 3475 3724 in

1912 3752 2139 3821 spiritali
2170 3754 2514 3824 generatione
2544 3755 2789 3812 similiter
2820 3758 3155 3825 observatur.
3480 3750 3487 3757 ’

1983 3843 2146 3898 Vens.
2172 3844 2259 3899 15.
2290 3875 2360 3884 —
2398 3844 2757 3918 lnterfecistis,
2805 3849 3077 3915 voluntate
3106 3860 3160 3919 et
3196 3853 3380 3917 verbo,
3426 3863 3481 3908 et

1914 3936 2017 3991 hoc
2037 3944 2223 3992 contra
2251 3936 2441 4008 legem,
2465 3954 2584 4006 quae
2609 3937 2740 3993 dicit
2766 3957 2778 3992 :
2802 3938 2902 4006 Qui
2927 3942 3182 3998 occiderit
3204 3943 3478 3999 hominem

1914 4025 2118 4092 volens,
2143 4034 2198 4082 et
2225 4027 2339 4096 ipse
2366 4028 2660 4096 occidetur.
2882 4080 2885 4083 Α

1986 4117 2150 4174 Vens.
2182 4118 2268 4172 16.
2293 4146 2361 4158 --
2384 4117 2650 4189 [ntegrum
2694 4120 2989 4188 sanitatem,
3020 4120 3077 4177 ln
3108 4124 3315 4189 duobus
3360 4140 3480 4196 quae

1915 4210 2169 4282 praedicta
2201 4220 2343 4266 sunt.
2536 4198 2543 4203 ’
3394 4202 3401 4209 ’
3476 4216 3483 4223 ’

1986 4303 2151 4360 Vsus.
2203 4305 2290 4359 17.
2330 4334 2400 4344 —
2436 4302 2544 4359 Per
2603 4306 2973 4376 ignorantiam.
3030 4307 3146 4363 Duo
3198 4317 3488 4381 coeperata

1918 4404 2043 4451 sunt
2072 4413 2086 4449 :
2121 4395 2422 4467 ignorantia
2451 4402 2651 4458 vestra,
2683 4404 2737 4451 et
2764 4398 3105 4468 przescientia
3148 4399 3261 4454 Dei.

1988 4485 2497 4542 Vens.18.—Per
2544 4502 2601 4541 os
2654 4490 2902 4555 omnium,
2933 4497 3039 4545 etc.
3094 4489 3216 4553 Ideo
3268 4506 3485 4548 necesse

236 4579 591 4636 humanitate
630 4582 996 4653 temporaliter
1023 4581 1218 4649 factus,
1250 4597 1369 4637 cum
1398 4591 1655 4652 operante
1699 4582 1817 4654 Spi-
1848 4623 1896 4680 Π
1920 4589 2038 4637 crat
2061 4578 2289 4659 impleri,
2320 4580 2443 4649 quia
2478 4594 2586 4635 non
2615 4594 2771 4646 unus,
2793 4580 2888 4636 sed
2909 4595 3095 4638 omnes
3132 4576 3493 4654 prophetave;

237 4673 344 4728 ritu
374 4682 578 4729 sancto
607 4675 661 4728 in
703 4683 857 4730 utero
885 4676 1108 4744 virginis
1133 4684 1217 4730 est
1244 4675 1574 4730 incarnatus.

312 4762 484 4820 Vsus.
535 4764 624 4833 57'.
654 4795 726 4806 —
755 4764 1080 4837 Compuncti.
1109 4766 1361 4837 lmpletur
1388 4766 1665 4838 prophetia
1695 4764 1820 4822 loe-

237 4850 322 4917 lis,
353 4854 490 4925 quia
538 4862 659 4923 post
708 4854 889 4937 ignem
927 4854 1159 4926 Spiritus
1188 4856 1360 4911 sancti
1384 4856 1626 4937 sequitur
1660 4872 1824 4928 vapor

239 4942 704 5013 compunctionis.
737 4934 937 5000 Fumus
977 4944 1244 5019 lacrymas
1269 4934 1517 5013 excutere
1546 4945 1708 5015 solet,
1738 4946 1821 5000 in-

239 5032 456 5103 cipiunt
492 5032 628 5089 flere
677 5034 768 5103 qui
820 5034 1139 5103 irriserant,
1188 5037 1421 5092 tundunt
1460 5046 1664 5107 pectus,
1696 5037 1816 5091 dant

243 5126 605 5199 Deoprecem
633 5122 773 5183 sicut
813 5128 1133 5185 sacriﬁcium
1157 5172 1171 5194 ,
1222 5138 1280 5184 ut
1318 5130 1632 5200 sanguinem
1678 5128 1823 5183 illum

245 5229 476 5288 gustare
512 5214 742 5284 valeant,
777 5237 872 5292 per
896 5238 1017 5277 eum
1064 5223 1322 5288 salvandi,
1356 5238 1513 5294 quem
1562 5238 1724 5294 super
1769 5239 1827 5279 se

246 5320 303 5365 et
330 5326 507 5381 super
536 5311 671 5367 ﬁlios
692 5327 816 5367 suos
848 5314 996 5383 prius
1026 5311 1238 5369 fuerant
1265 5313 1560 5384 imprecati.

324 5398 498 5457 Vsus.
533 5402 625 5458 38.
651 5401 810 5457 --ln
850 5405 1071 5458 nomine.
1121 5404 1174 5458 In
1223 5405 1461 5468 honore,
1507 5405 1590 5462 vel
1638 5407 1689 5462 in
1726 5406 1828 5462 hac

249 5493 452 5560 forma,
479 5492 606 5562 quia
638 5494 691 5547 in
721 5508 833 5548 uno
858 5494 1018 5548 trium
1051 5494 1181 5549 ﬁdes
1206 5494 1531 5551 continetur.

322 5584 499 5642 Vsus.
514 5585 603 5640 39.
620 5615 690 5626 —
710 5584 778 5639 Et
809 5570 1205 5643 omnibusﬁlloc
1219 5587 1287 5642 ad
1310 5586 1442 5643 illud
1466 5586 1829 5642 testimonium

250 5673 565 5747 prophetia:
599 5675 905 5746 respicitur,
936 5678 1078 5748 quod
1106 5674 1350 5734 ultimum
1374 5679 1573 5750 posuit,
1603 5678 1808 5733 scilicet

1884 4682 1889 4689 ’
1927 4679 2065 4727 rant.

1998 4759 2159 4815 Vsus.
2201 4760 2285 4816 I9.
2310 4789 2380 4800 ——
2405 4758 2475 4814 Ut
2500 4759 2770 4814 deleantur
2789 4768 3017 4830 peccata.
3042 4759 3192 4817 Tunc
3221 4763 3375 4834 plene
3404 4765 3488 4820 de-

1927 4851 2178 4907 lebuntur
2223 4861 2462 4923 peccata,
2504 4861 2626 4906 cum
2655 4851 2854 4907 virtute
2885 4854 3293 4911 resurrectionis
3342 4872 3490 4929 mors

1929 4942 2231 4999 destruetur
2267 4940 2573 4998 novissima.

2000 5035 2164 5091 Vsus.
2210 5033 2301 5089 20.
2331 5065 2401 5075 —
2425 5032 2493 5088 Ut
2519 5052 2635 5089 cum
2689 5036 2935 5103 venerint,
2972 5044 3077 5097 etc.
3118 5035 3494 5107 Continuatin

1932 5125 1998 5180 ad
2027 5125 2383 5195 praecedentia
2411 5125 2526 5181 haec
2551 5126 2818 5191 dicuntur,
2853 5128 3078 5193 scilicet,
3108 5139 3163 5182 ut
3200 5146 3317 5183 cum
3339 5147 3492 5184 rene—

1934 5219 2035 5271 rint
2063 5228 2296 5289 tempora
2320 5216 2577 5289 refrigerii
2607 5235 2638 5285 ᾳ
2673 5229 2942 5290 conspectu
2975 5219 3218 5289 Domini,
3243 5229 3370 5277 tunc
3400 5221 3502 5279 «16-.

1932 5309 2145 5364 leantur
2177 5317 2397 5378 peccata
2423 5315 2619 5364 vestra.

1940 5402 1943 5407 “
2010 5398 2169 5456 Vens.
2197 5398 2286 5455 21.
2330 5429 2402 5440 —
2427 5399 2592 5467 Quem
2622 5409 2854 5471 oportet,
2898 5409 3013 5458 etc.
3052 5402 3111 5459 Id
3158 5411 3263 5471 est,
3310 5402 3497 5467 Eccle-

1936 5489 2073 5546 siam
2098 5504 2195 5561 per
2219 5488 2378 5546 ﬁdem
2400 5531 2415 5556 ,
2439 5490 2522 5545 vel
2550 5490 2602 5545 in
2625 5491 2763 5547 ccelo
2792 5493 2859 5549 ad
2904 5493 3177 5551 dexteram
3211 5493 3389 5559 Patris
3418 5510 3500 5559 sc-

1933 5582 2081 5638 dere.
2982 5579 3006 5605 ⁸

2010 5672 2170 5730 Vsus.
2209 5673 2298 5729 22.
2328 5705 2396 5715 —
2430 5673 2632 5744 Moyses
2656 5675 2882 5745 quidem.
2912 5675 3165 5746 Exempla
3193 5674 3363 5743 ponit,
3393 5689 3497 5727 non

254 5766 449 5822 Omnis
500 5768 791 5838 quicunque
839 5769 1150 5824 invocnt'erit
1197 5786 1379 5825 nomen
1420 5769 1625 5824 Domini
1663 5767 1833 5821 salvus
1938 5766 2005 5822 de
2028 5764 2277 5820 omnibus
2304 5763 2392 5833 qui
2426 5764 2751 5827 locutisuut,
2799 5764 2881 5819 vcl
2914 5780 3053 5832 quae,
3080 5763 3173 5818 sed
3200 5763 3265 5818 de
3309 5761 3490 5832 aliqui-

250 5860 352 5915 m’t
373 5874 395 5912 .·
421 5861 574 5932 quod
601 5859 669 5922 ad
693 5860 941 5916 Gentium
964 5861 1297 5916 vocationem
1325 5862 1557 5932 pertinet
1587 5860 1833 5931 speciali-

1944 5859 2041 5913 bus
2072 5858 2351 5912 duntaxat.
