3958 6314
292 366 384 423 ιὸτ

1149 361 1412 416 GLOSSA
1451 359 1842 414 OllDl;\.~\lil.\.
1882 389 1950 398 -ο-
1989 361 2113 418 LIB.
2155 365 2444 421 ACTUUM
2483 364 2731 421 APOST.

298 487 375 542 nis
403 479 790 548 ﬁdelium,hoc
834 487 1011 536 autem
1054 479 1120 534 ad
1157 481 1494 535 suscitandas
1533 491 1740 536 mentes
1774 479 1855 534 l‘a-
1881 484 1934 543 Α
2031 481 2190 537 Vsus.
2221 483 2271 538 9.
2301 511 2364 523 —-
2391 484 2531 549 Quid
2567 485 2764 554 utique,
2793 491 2895 539 etc.
2928 483 3262 555 Increpative
3300 485 3540 541 dictum?

297 588 432 634 ctum
461 580 562 630 est.

360 668 516 723 Vens.
551 665 641 721 52.
666 695 737 710 —-
771 663 906 720 Erat
946 680 1038 720 cor
1073 656 1256 719 unum.
1297 661 1688 731 Qui‘mundum
1730 662 1857 718 reli-

292 768 529 834 querant,
560 775 666 818 non
694 759 762 815 de
786 759 1066 814 nobilitate
1096 758 1306 829 generis
1340 756 1634 827 gloriantes
1656 770 1715 811 se
1739 755 1860 811 aliis

291 852 658 926 prteferebant,
691 852 786 907 sed
821 851 962 906 sicut
986 851 1144 906 unius
1164 849 1514 920 ejusdemque
1537 849 1730 904 matris
1754 847 1858 904 Ec-

289 943 457 1000 clesiae
496 941 794 997 visceribus
836 941 1000 1006 editi,
1044 941 1234 995 eodem
1277 939 1638 994 fraternitatis
1676 953 1863 994 amore

289 1030 604 1102 gaudebant.
633 1028 744 1084 Nec
771 1030 1046 1100 quisquam
1072 1045 1271 1084 eorum.
1316 1027 1549 1091 Virtutes
1577 1043 1712 1100 quas
1732 1043 1860 1098 pos-

287 1124 452 1179 sident
471 1121 633 1192 justi,
664 1138 771 1178 non
797 1120 1184 1191 suasjudicant
1211 1136 1332 1176 esse
1349 1162 1364 1186 ,
1394 1121 1488 1177 sed
1511 1136 1698 1176 eorum
1722 1136 1860 1192 quo-

285 1230 396 1270 rum
437 1213 660 1268 utilitati
704 1213 1041 1285 dispensant.
1074 1211 1407 1268 Communia.
1457 1211 1644 1268 Graece
1687 1221 1859 1273 xoi'vat:

283 1305 417 1361 unde
441 1305 751 1372 caenobitae,
770 1305 823 1361 id
843 1315 928 1361 est
945 1305 1306 1367 communiter
1319 1308 1579 1360 viventes.
1603 1303 1860 1361 Cmnobia

283 1397 582 1454 habitacula
608 1413 820 1453 eorum.

344 1490 514 1546 Vsus.
557 1491 645 1547 55.
681 1522 754 1532 —
785 1490 1088 1546 Reddebant
1127 1491 1368 1561 apostoli.
1415 1490 1682 1546 Discernit
1719 1490 1862 1546 ordi-

278 1595 391 1636 nem
420 1582 712 1642 doctorum
740 1591 794 1636 et
814 1581 1144 1636 auditorum.
1171 1579 1304 1634 Nam
1331 1581 1616 1636 multitudo
1643 1581 1864 1635 creden-

277 1671 426 1737 tium,
465 1672 638 1731 rebus
679 1671 1068 1742 temporalibus
1103 1672 1319 1742 spretis,
1346 1671 1534 1742 copula
1578 1671 1861 1727 charitatis

275 1765 506 1820 invicem
525 1763 911 1836 iungebantur.
929 1763 1171 1834 Apostoli
1188 1779 1338 1828 vero,
1359 1764 1560 1819 virtute
1571 1763 1857 1836 fulgentes,

273 1856 530 1927 mysteria
559 1854 761 1911 Christi
791 1855 1122 1926 pandebant.

344 1945 509 2002 Vsus.
535 1944 935 2017 56.—Joseplt.
961 1945 1143 2017 (ΒΑΒ.)
1171 1943 1376 2002 Auctus
1402 1946 1679 2003 Barnabas
1712 1945 1857 2017 ﬁlius

271 2035 649 2091 consolationis
701 2036 1125 2108 interpretatur,
1179 2045 1370 2096 auctus
1419 2037 1754 2094 incremento
1801 2045 1858 2092 et

272 2123 516 2194 profectu
544 2125 840 2196 spiritualis
869 2125 1018 2180 boni.

340 2211 501 2279 Quod
529 2222 603 2268 est
628 2215 1042 2285 interpretatum.
1076 2214 1396 2288 Ubicunque
1435 2215 1714 2286 Scriptura
1755 2231 1856 2272 no-

273 2303 411 2361 mina
459 2321 650 2385 rerum
703 2306 786 2363 vel
827 2323 1182 2378 personarum
1237 2325 1360 2364 cum
1408 2309 1859 2383 interpretatione

274 2396 438 2466 ponit,
504 2412 721 2452 sensum
749 2399 1099 2455 sacratiorem
1127 2400 1331 2456 eisdem
1361 2401 1539 2456 inesse
1564 2401 1854 2471 signiﬁcat.

276 2486 463 2544 Merito
487 2487 628 2543 ﬁlius
656 2490 1039 2545 consolationis
1071 2499 1318 2554 vocatur,
1348 2491 1463 2561 qui,
1499 2491 1700 2560 spretis
1724 2506 1860 2563 prte-

278 2580 521 2634 sentibus
541 2620 555 2644 ,
582 2596 676 2651 spe
699 2580 1001 2636 futurorum
1033 2597 1092 2636 se
1121 2582 1450 2638 consolatur.
1492 2581 1625 2637 Nam
1657 2592 1711 2639 et
1741 2583 1861 2655 Spi-

280 2668 412 2724 ritus
435 2680 655 2726 sanetus
678 2673 989 2741 paracletus
1010 2672 1132 2728 ideo
1154 2681 1402 2742 vocatur,
1425 2673 1550 2746 quia
1580 2673 1634 2728 in
1659 2673 1858 2728 mundo

276 2773 584 2827 pressuram
616 2761 939 2816 habentibus
971 2761 1237 2817 inlusione
1265 2762 1382 2829 sui,
1410 2763 1762 2833 paraelesim,
1807 2762 1860 2818 id

275 2855 356 2900 est
384 2849 802 2906 consolationem
830 2851 1043 2918 tribuit,
1065 2851 1206 2907 sicut
1231 2853 1396 2906 etiam
1424 2853 1616 2908 Petrus
1637 2861 1860 2923 propter

271 2939 504 3006 gratiam
537 2940 772 3010 Spiritus
799 2941 1053 3013 Barjona,
1084 2943 1137 3000 id
1159 2953 1242 3000 est
1271 2944 1414 3001 ﬁlius
1441 2946 1723 3014 columbae,
1755 2960 1852 3000 vo-

268 3036 427 3083 catus
459 3038 566 3085 est.

341 3119 522 3175 Filius
551 3123 940 3180 consolationis.
977 3126 1158 3199 (ΚΑΒ.)
1187 3128 1285 3186 Vel
1317 3138 1538 3200 propter
1567 3133 1863 3200 eieemosy-

1965 574 2046 628 vel
2081 575 2162 629 sic
2205 574 2676 645 distinguendum:
2718 574 2880 644 quid?
2909 575 3092 646 quasi:
3124 576 3264 643 Quid
3291 583 3378 632 est
3403 577 3542 639 hoc:

1961 665 2153 720 deinde
2178 665 2280 720 sibi
2308 665 2422 735 ipse
2451 666 2741 734 respondet
2769 677 2822 719 et
2852 665 3020 721 dicit:
3053 666 3252 736 Utique
3290 666 3546 726 convenit

1960 755 2104 811 inter
2129 771 2224 810 vos
2250 764 2460 811 tentare
2481 755 2740 824 Spiritum
2773 756 3023 811 Domini?

2035 845 2270 908 Tentare,
2294 856 2400 901 etc.
2429 846 2612 916 (llam)
2637 846 2886 904 Tentatio
2917 847 3154 918 Spiritus
3188 848 3244 904 in
3287 847 3392 905 hoc
3423 855 3546 904 erat

1961 937 2104 1006 quod
2132 937 2495 1006 probaverunt
2523 946 2723 1006 quanta
2745 938 2815 994 sit
2841 936 2958 1006 ejus
2983 939 3230 999 scientia.

2035 1024 2380 1096 Sepelierunt.
2412 1027 2534 1099 (ιιι.)
2559 1027 2638 1088 Ex
2665 1028 2769 1083 hoc
2793 1028 2949 1084 multi
2973 1030 3278 1100 exemplum
3297 1039 3540 1110 sumunt,

1962 1122 2022 1170 ut
2047 1132 2241 1173 uxores
2265 1118 2332 1172 ad
2360 1119 2506 1174 viros
2531 1133 2661 1174 suos
2684 1119 2967 1189 sepeliant.
3000 1120 3106 1175 Alii
3135 1120 3415 1190 indignum
3441 1117 3543 1190 pu-

1964 1215 2098 1273 tant,
2123 1218 2184 1262 ut
2201 1209 2266 1265 de
2292 1210 2802 1278 praevaricatoribus
2818 1210 3063 1282 exempla
3085 1213 3322 1282 capiant,
3346 1211 3544 1281 quibus

1961 1299 2016 1354 in
2061 1300 2289 1356 crimine
2332 1301 2492 1362 simul
2530 1312 2586 1358 et
2620 1311 2794 1363 morte
2831 1311 2890 1359 et
2932 1303 3207 1377 sepultura
3248 1305 3501 1360 meritum
3526 1342 3546 1370 ι

1960 1391 2165 1462 aequale
2188 1391 2390 1448 fecerat
2411 1394 2763 1449 consortium.

2035 1483 2193 1545 Vens.
2218 1485 2304 1539 ll.
2335 1515 2405 1525 -—
2431 1483 2499 1539 Et
2527 1485 2698 1554 factus
2733 1493 2830 1542 est.
2872 1484 3032 1543 Prius
3058 1485 3300 1544 Ananias
3335 1500 3367 1540 a
3406 1483 3544 1555 Sap-

1960 1574 2118 1646 phira
2165 1575 2219 1630 in
2245 1584 2536 1646 conspectu
2578 1575 2832 1632 Ecclesia:
2875 1578 2984 1632 cito
3027 1576 3226 1632 mortui
3279 1582 3439 1642 sunt,
3485 1583 3549 1631 ut

1961 1665 2255 1735 apostolica
2281 1667 2576 1721 auctoritas
2593 1706 2608 1731 ,
2629 1675 2832 1736 quanta
2857 1675 3032 1730 esset,
3061 1667 3469 1724 ostenderetur:
3491 1674 3548 1720 et

1961 1769 2123 1830 quam
2163 1771 2416 1826 magnum
2442 1764 2724 1825 peccatum
2753 1765 2929 1821 esset,
2958 1757 3101 1827 quod
3139 1755 3379 1812 oblatum
3420 1762 3543 1822 est,

1878 1847 1926 1909 B
1955 1845 2153 1902 iterum
2175 1847 2243 1902 ab
2267 1845 2510 1907 Ecclesia
2538 1847 2817 1906 retrahere
2841 1855 3254 1914 monstraretur,
3284 1857 3340 1908 et
3363 1847 3547 1904 caeteri

1957 1937 2117 2006 hujus
2143 1939 2390 2009 exemplo
2429 1939 2844 2011 castigarentur.

2029 2025 2194 2083 Vens.
2229 2028 2316 2082 12.
2346 2059 2416 2068 -
2440 2029 2826 2098 Apostolorum.
2851 2029 3059 2085 Dicitur
3101 2029 3383 2100 pluraliter
3417 2043 3547 2100 apo-

1956 2115 2241 2182 stolorum,
2255 2117 2378 2187 quia
2400 2132 2506 2172 non
2529 2133 2626 2188 per
2644 2133 2863 2172 manum
2881 2118 3048 2174 solius
3061 2118 3207 2175 Petri
3225 2118 3379 2185 ;licet
3401 2119 3544 2173 enim

1956 2222 2055 2279 pro
2084 2207 2289 2263 honore
2323 2205 2440 2274 ejus
2490 2208 2674 2265 cancri
2705 2217 3004 2276 taceantur,
3035 2225 3144 2267 non
3185 2219 3366 2266 tamen
3405 2208 3547 2266 facta

1957 2295 2144 2351 eorum
2176 2304 2443 2354 tacentur.

2030 2386 2193 2441 Vsus.
2227 2387 2313 2441 l5.
2339 2417 2410 2428 —
2435 2386 2776 2454 Ca’terorum,
2800 2400 2906 2444 etc.
2935 2388 3196 2460 Exemplo
3241 2389 3467 2446 Ananite
3490 2399 3545 2446 et
3625 2460 3643 2476 ο

1959 2478 2146 2534 uxoris
2176 2497 2188 2532 :
2222 2495 2382 2550 paena
2410 2481 2554 2535 enim
2591 2482 2820 2536 duorum
2849 2482 2941 2552 qui
2984 2482 3356 2539 fraudulenter
3379 2484 3460 2539 eis
3485 2499 3545 2540 se

1960 2569 2381 2639 conjunxerant,
2411 2573 2624 2628 eaateris
2650 2573 2837 2629 tribuit
2861 2573 3186 2645 exemplum.

2031 2661 2197 2717 Vsus.
2226 2663 2314 2720 M.
2355 2695 2426 2704 —
2460 2665 2782 2734 Augebatur,
2829 2674 2934 2721 etc.
2986 2666 3168 2739 (ΗΑΒ.)
3212 2666 3385 2722 Tanta
3427 2676 3546 2724 erat

1961 2755 2247 2815 multitudo
2275 2756 2606 2812 credentium
2625 2797 2640 2822 ,
2671 2766 2732 2812 ut
2759 2757 2883 2813 ﬁdei
2909 2767 3188 2814 crescente
3209 2758 3542 2821 fortitudine.

1960 2849 2074 2906 sola
2105 2848 2377 2905 sulﬁceret
2401 2850 2614 2904 umbra.
2641 2849 2736 2905 Vel
2765 2867 2778 2904 :
2815 2849 2918 2905 Tot
2938 2857 3095 2906 erant
3123 2857 3254 2906 tune
3279 2851 3478 2906 inﬁrmi
3510 2869 3540 2905 a

1961 2941 2306 3002 eredentibus
2330 2941 2512 3007 allati,
2540 2949 2601 2998 ut
2621 2948 2809 3000 omnes
2833 2957 2940 2997 non
2964 2951 3185 3012 possent
3208 2943 3542 3014 contingere.

2035 3033 2199 3089 Vens.
2242 3035 2328 3088 l7.
2365 3062 2435 3074 -—-
2469 3031 2722 3088 Ilwresis.
2752 3031 2934 3104 (ΚΑΒ.)
2969 3033 3201 3089 Hazresis
3237 3033 3419 3089 sciuio
3456 3036 3540 3087 in-

1964 3129 2314 3192 terpretatur,
2341 3124 2470 3193 quia
2510 3123 2814 3189 lnereticus,
2852 3124 3051 3195 spretis
3067 3125 3298 3181 aliorum
3344 3123 3502 3180 dictis
3527 3165 3541 3190 ,

268 3227 394 3264 nam
420 3229 533 3282 qua
564 3230 828 3286 pauperes
850 3193 1158 3276 consolatus
1186 3231 1268 3276 est
1287 3193 1434 3284 [vel
1461 3238 1558 3292 pro
1589 3193 1856 3277 mercedis
1885 3193 1932 3258 (ἶ
1964 3213 2108 3284 quod
2134 3214 2462 3284 sequendum
2485 3223 2638 3285 putat
2664 3215 2830 3285 eligit.

269 3307 645 3364 consolatione
677 3326 839 3379 quam
879 3312 1073 3367 meruit
1107 3329 1136 3368 a
1170 3313 1283 3369 Deo
1313 3315 1588 3384 accipere,
1616 3313 1699 3369 vel
1730 3315 1857 3384 quia

273 3395 478 3539 diglnus
529 3397 744 3454 habitus
773 3409 856 3456 est
892 3402 982 3472 qui
1027 3419 1125 3474 pro
1158 3402 1295 3461 Juda
1331 3405 1705 3469 consolaretur
1732 3421 1860 3480 apo-.

275 3494 358 3539 sto
380 3501 464 3539 os.
1079 3537 1081 3539 ,

275 3494 464 3542 $10105.

904 3559 1133 3616 CAPUT
1169 3561 1231 3623 ν.

347 3665 514 3722 Vsus.
555 3667 608 3722 5.
638 3698 709 3708 —
741 3667 995 3728 Tentavit.
1030 3670 1211 3743 (ΚΑΒ.)
1259 3671 1598 3728 Prmteritum
1647 3673 1860 3728 tentavit

275 3757 458 3826 ponit,
487 3759 611 3826 quia
633 3758 868 3828 perfecta
895 3769 1012 3816 erat
1042 3763 1288 3818 tentatio.
1319 3761 1513 3818 Tribus
1545 3764 1718 3818 modis
1749 3773 1862 3818 ten-

279 3846 410 3900 tatio
439 3847 638 3918 agitur,
666 3851 919 3913 suasione
937 3892 949 3914 ,
977 3852 1360 3920 delectatione,
1385 3870 1650 3914 consensu
1677 3873 1688 3908 :
1714 3855 1857 3924 quod

277 3944 448 3992 totum
485 3939 760 4010 impletum
791 3952 872 3997 est
902 3944 953 3998 in
977 3944 1202 4000 Anania.
1235 3946 1301 4000 Et
1332 3947 1602 4015 fraudare.
1635 3949 1759 4020 (In)
1799 3949 1856 4006 lu

276 4029 376 4084 hoc
401 4031 621 4085 videtur
659 4035 997 4089 mendacium
1029 4035 1226 4104 fuisse,
1259 4039 1385 4109 quia
1411 4048 1582 4095 totum
1610 4049 1854 4096 voverat.

278 4121 474 4179 Melius
517 4133 602 4180 est
665 4136 843 4182 autem
898 4144 1005 4190 non
1047 4145 1244 4185 vovere
1306 4146 1466 4202 quam
1504 4141 1626 4204 post
1675 4141 1858 4187 votum

275 4231 380 4271 non
409 4217 626 4273 solvere
657 4218 881 4290 Spiritui
908 4232 1118 4278 sancto.
1333 4205 1339 4210 ’

345 4309 514 4366 Vsus.
530 4311 653 4366 4.-
672 4312 778 4368 Sed
802 4314 927 4369 Deo.
953 4315 1123 4385 Supra
1143 4317 1382 4375 dixerat:
1404 4316 1628 4388 Spiritui
1646 4328 1859 4372 sancto:

274 4412 420 4471 patet
452 4420 580 4475 ergo
607 4403 862 4474 Spiritum
889 4417 1132 4468 sanctum
1158 4423 1278 4467 esse
1301 4408 1490 4462 Deum.

345 4492 514 4549 Vens.
637 4527 707 4535 —
734 4495 950 4552 Cecidit.
994 4497 1175 4570 (ΗΑΒ.)
1208 4497 1402 4568 Legum
1450 4499 1599 4553 initia
1645 4515 1858 4570 semper

275 4582 534 4640 vindictis
561 4587 1023 4641 commendantur.
1051 4587 1165 4642 Duo
1189 4588 1284 4642 lilii
1312 4589 1491 4643 Aaron
1526 4590 1703 4660 ignem
1727 4591 1858 4645 oll‘e-

277 4683 462 4730 rentes
487 4686 877 4730 consumuntur
905 4695 917 4730 :
950 4677 1060 4734 Oza
1087 4679 1358 4735 sustinens
1403 4695 1584 4734 aream
1615 4693 1859 4746 mortuus

275 4775 377 4820 est.
406 4767 618 4822 Cecidit
653 4768 738 4828 ille
761 4809 776 4834 ,
820 4776 881 4829 ut
913 4769 1097 4826 caeteri
1132 4771 1576 4846 praevaricatores
1612 4773 1867 4845 exemplo

276 4856 392 4926 ejus
417 4868 744 4914 terreantur.

347 4947 416 5002 Et
460 4948 631 5018 factus
658 4960 733 5005 est
763 4953 934 5016 timor,
957 4961 1064 5008 etc.
1094 4952 1310 5025 (ΒιυΑ.)
1337 4953 1664 5024 Antieipatio
1687 4971 1701 5010 :
1725 4972 1858 5028 quo-

281 5039 424 5093 niam
457 5041 622 5096 solius
653 5041 754 5106 viri
781 5052 952 5099 morte
981 5053 1107 5099 ante
1137 5045 1322 5100 uxoris
1343 5045 1544 5102 exitum
1569 5045 1725 5115 pauci
1756 5029 1854 5101 au-

279 5128 527 5198 dierant,
577 5135 824 5203 quamvis
871 5135 937 5190 de
991 5137 1179 5208 paucis
1242 5136 1346 5193 dici
1395 5139 1665 5208 potuerit,
1715 5137 1856 5209 quod

284 5222 598 5279 timuerunt.
989 5237 991 5240 ‘

356 5312 515 5369 Vsus.
541 5315 591 5370 7.
614 5347 685 5368 -.-
722 5315 1011 5382 Horarum,
1038 5328 1143 5373 etc.
1179 5318 1358 5389 (ΗΑΒ.)
1389 5317 1619 5374 Parvum
1649 5327 1862 5391 tempus

283 5405 612 5474 paenitentia:
639 5407 798 5462 datur
829 5410 1018 5473 uxori,
1068 5408 1222 5478 cujus
1263 5409 1417 5479 culpa
1459 5411 1630 5480 magis
1658 5421 1740 5467 est
1767 5429 1849 5468 ve-

283 5496 442 5553 nialis
479 5514 637 5568 quam
663 5501 862 5566 mariti,
898 5509 1083 5569 utpote
1111 5517 1228 5571 qua:
1251 5502 1525 5563 consensit
1549 5503 1730 5572 capiti.

358 5587 516 5643 Vens.
547 5591 598 5645 8.
627 5621 696 5630 -—
721 5590 815 5644 Dic
861 5593 1010 5656 mihi,
1055 5600 1160 5646 etc.
1214 5591 1336 5661 (ln.)
1368 5590 1589 5662 Culpam
1637 5595 1852 5660 uxoris.

284 5677 653 5752 interrogans,
685 5683 923 5737 declarat
964 5701 1028 5737 ex
1073 5684 1239 5753 ipsius
1281 5683 1650 5756 confessione,
1693 5687 1886 5756 quam‘

286 5771 509 5828 maritus
533 5788 683 5829 suam
717 5785 1102 5830 monstraverat
1131 5776 1188 5836 in
1217 5790 1397 5843 opere.

2031 3301 2445 3358 Sadducworum
2469 3304 2668 3374 repleti,
2690 3312 2796 3360 etc.
2815 3304 3094 3360 Sadducaei
3119 3305 3545 3376 interpretantur

1956 3395 2110 3465 justi,
2144 3395 2273 3450 dicti
2303 3411 2333 3449 a
2364 3394 2574 3452 Sadoch
2623 3396 2928 3462 sacerdote,
2960 3396 3046 3452 vel
3069 3406 3291 3468 propter
3334 3413 3502 3470 genus
3525 3439 3540 3463 ,

1960 3487 2045 3543 vel
2078 3497 2301 3558 propter
2339 3503 2547 3553 mores;
2581 3488 2946 3556 justiﬁcantes
2972 3498 3151 3546 autem
3181 3491 3388 3565 seipsos
3425 3491 3546 3545 vin-

1959 3579 2214 3638 dicabant
2257 3580 2358 3636 sibi
2406 3581 2549 3650 quod
2592 3597 2697 3636 non
2727 3590 2927 3638 erant:
2975 3597 3262 3654 corporum
3300 3599 3542 3640 resurre-

1957 3670 2191 3727 ctionem
2206 3681 2484 3743 negantes,
2501 3673 2708 3729 animas
2729 3689 2848 3730 cum
2867 3689 3030 3730 carne
3051 3676 3232 3745 perire
3250 3675 3500 3731 dicebant
3523 3695 3536 3730 :

1960 3762 2056 3818 sed
2082 3777 2180 3816 nec
2211 3762 2481 3834 angelum,
2524 3778 2697 3834 neque
2735 3765 3021 3836 spirituum
3066 3765 3232 3820 ullum
3271 3779 3393 3822 esse
3421 3781 3541 3822 cre-

1961 3852 2194 3919 debant,
2242 3869 2431 3910 omnes
2461 3855 2771 3925 Scripturas
2812 3865 3010 3926 prteter
3043 3857 3210 3914 libros
3243 3855 3411 3928 Moysi
3457 3871 3543 3911 re-

1962 3944 2228 4014 spuebant
2246 3962 2259 4007 :
2277 3953 2329 3998 et
2345 3945 2464 4000 ideo
2485 3947 2718 4003 maxime
2741 3946 3074 4017 principibus
3097 3945 3148 4000 in
3163 3946 3539 4016 persecutione

1961 4034 2328 4104 apostolorum
2357 4036 2767 4091 consentiebant
2792 4036 2881 4104 qui
2915 4037 3113 4092 virtute
3134 4043 3190 4092 et
3221 4037 3389 4107 signis
3417 4038 3538 4094 red-

1963 4124 2162 4180 debant
2186 4125 2552 4180 testimonium
2587 4125 3001 4182 resurrectionis
3027 4125 3248 4182 Christi.

2033 4217 2198 4272 Vens.
2227 4217 2318 4272 20.
2358 4248 2427 4257 —
2466 4216 2600 4273 Vitae
2624 4217 2799 4288 hujus.
2847 4217 3035 4290 (Rm).
3057 4217 3410 4285 Christianae,
3455 4219 3539 4276 vel

1962 4318 2196 4365 aeternae.
2244 4310 2355 4368 lloc
2396 4317 2574 4365 autem
2613 4310 2736 4365 ideo
2773 4325 2877 4365 non
2909 4310 3144 4375 additur,
3176 4309 3300 4378 quia
3333 4307 3536 4364 famosa

1965 4410 2080 4462 erat
2129 4407 2277 4457 secta
2325 4400 2751 4464 Christianorum
2773 4443 2794 4468 ,_
2837 4415 2936 4479 pro
2987 4416 3095 4472 qua
3145 4401 3326 4458 traditi
3379 4408 3538 4458 erant.

1965 4494 2190 4552 Carceri.
3235 4515 3244 4522 ·

2036 4586 2197 4642 Vsus.
2229 4586 2320 4640 25.
2348 4617 2417 4628 ——
2445 4585 2716 4643 Carcerem
2741 4589 2948 4660 quidem
2967 4630 2981 4655 ,
3009 4597 3114 4645 etc.
3146 4587 3324 4644 Insani
3362 4586 3538 4643 ludtei

1961 4679 2053 4750 qui
2106 4679 2415 4734 stimulante
2455 4679 2656 4734 invidia
2701 4680 2887 4735 dicunt
2930 4679 3233 4734 iurantibus
3279 4678 3538 4748 apostolis

1960 4768 2085 4826 Jesu
2129 4770 2194 4825 de
2243 4782 2588 4826 monumento
2629 4773 2928 4836 sublatum,
2969 4773 3120 4842 cujus
3171 4771 3314 4830 furto
3357 4770 3540 4827 dicant

1963 4863 2238 4934 apostolos
2265 4863 2331 4917 de
2363 4878 2582 4918 carcere
2609 4862 2788 4918 clauso
2819 4862 3043 4917 ablatos.

2038 4953 2201 5008 Vsus.
2226 4955 2390 5008 2L—
2405 4953 2764 5025 Magistratus.
2791 4952 3094 5009 Secundum
3107 4953 3352 5009 Graecum
3373 4955 3540 5024 magi-

1961 5052 2157 5099 stratus
2185 5045 2466 5115 legendum
2497 5053 2581 5099 est
2605 5045 2654 5098 in
2683 5044 2939 5115 singulari
2964 5059 3206 5105 numero,
3237 5045 3378 5099 sicut
3399 5053 3453 5099 et
3484 5044 3536 5097 in

1963 5138 2211 5208 sequenti
2247 5137 2335 5192 ubi
2364 5138 2600 5193 dicitur:
2632 5137 2782 5194 Tunc
2836 5138 2968 5192 abiit
3017 5139 3368 5208 magistratus
3415 5153 3537 5193 cum

1962 5228 2244 5285 ministris.
2273 5228 2632 5298 Ambigebant.
2656 5227 2765 5284 Nec
2786 5227 2866 5283 sic
2885 5228 3144 5284 credunt:
3165 5227 3370 5286 malitia
3393 5227 3540 5283 enim

1962 5320 2186 5376 interior
2196 5334 2292 5375 cor
2305 5319 2568 5389 perﬁdum
2592 5319 2760 5390 signis
2782 5319 2950 5375 etiam
2970 5317 3271 5375 manifestis
3284 5317 3534 5374 obdurat.

2036 5409 2312 5466 Vans.28.
2341 5441 2406 5459 -.—
2428 5409 2791 5480 Prtecipiendo
2839 5420 2946 5466 etc.
2991 5410 3047 5464 In
3084 5412 3312 5468 Graec:
3350 5407 3539 5464 Nonne

1969 5503 2311 5573 prtecipiendo
2339 5503 2675 5574 prazccpimus
2703 5504 2890 5559 vobis?
2919 5502 3053 5559 Nam
3091 5503 3170 5557 sic
3208 5500 3386 5572 loqui,
3421 5515 3534 5554 ma-

1965 5592 2046 5662 gis
2072 5591 2324 5649 convenit
2353 5593 2721 5662 interroganti.
2753 5593 3002 5664 Replestis
3035 5589 3348 5646 Jerusalem.
3385 5587 3538 5644 Prin-

1964 5685 2138 5751 cipem
2164 5682 2474 5750 civitatum,
2505 5685 2557 5739 in
2592 5701 2696 5755 qua
2719 5687 2882 5738 etiam
2912 5701 3008 5738 nos
3044 5696 3446 5737 eonversamur.
3481 5680 3537 5735 In

1969 5777 2067 5840 hoc
2095 5776 2406 5846 ignoranter
2428 5777 2648 5840 laudant
2675 5777 2970 5844 apostolos,
3001 5774 3090 5840 qui
3117 5788 3212 5830 nec
3240 5772 3412 5826 territi
3440 5771 3530 5826 mi-

3432 366 3539 423 £58
3609 383 3614 388 '
