3958 6314
402 374 551 447 rgo

934 376 1322 433 WALAFRIDI
1358 377 1602 433 STRABI
1634 375 1840 433 FULD.
1883 369 2046 425 MON.
2085 369 2234 425 OPP.
2274 372 2454 430 PARS
2492 376 2532 429 l.
2582 384 2651 416 ‘-—
2689 374 3144 445 THEOLOGICA.

3594 378 3700 433 “0

402 496 407 509 ‘
444 494 532 563 uis
559 500 771 565 cessant
808 492 1120 564 praedicare.
1151 490 1321 562 Super
1347 508 1440 547 nos
1475 492 1798 564 sanguinem.
1826 485 2011 563 (nam)
2039 489 2090 547 Α
2190 486 2346 543 Vens.
2374 488 2429 542 4.
2450 517 2523 530 -
2546 487 2656 543 Nos
2687 505 2835 555 vero,
2861 496 2966 544 etc.
2996 488 3073 545 De
3100 488 3298 560 seipsis
3324 504 3429 546 non
3463 490 3701 545 interro-

446 587 600 641 Ratet
638 601 737 657 per
779 584 1135 657 antiphrasim
1186 585 1388 642 dictum
1435 600 1595 641 esse:
1630 583 1860 654 Sanguis
1900 584 2016 655 ejus

443 694 600 748 super
631 694 745 734 nos.

515 768 824 825 Temeraria
848 768 1197 840 interrogatio
1217 767 1486 839 pontiﬁcis
1505 768 1770 830 refutatur
1790 783 2016 839 respon-

444 862 597 916 sione
620 856 894 931 prudenti.
952 886 953 889 η
1888 868 1897 893 ί

516 951 636 1023 (ιο.)
664 951 1035 1027 Interrogant,
1065 953 1202 1011 solet
1223 953 1365 1009 enim
1399 954 1452 1008 in
1481 952 1662 1007 verbis
1684 964 1803 1006 esse
1829 950 2017 1007 dubie-

443 1052 526 1097 tas
545 1084 558 1107 ,
586 1048 708 1098 cum
734 1028 791 1097 in
820 1028 981 1099 corde
1011 1043 1164 1098 ﬁrma
1193 1052 1437 1098 teneatur
1459 1034 1741 1097 sententia.

513 1132 678 1187 Vens.
700 1132 865 1189 30.—
884 1133 1025 1189 Deus
1044 1124 1271 1205 patrum.
1298 1133 1478 1205 (ΗΑΒ.)
1504 1125 1618 1187 Non
1645 1146 1832 1193 novus,
1858 1145 1958 1185 nec
1981 1146 2013 1183 a

440 1224 598 1280 nobis
634 1218 806 1295 nuper
843 1226 1093 1281 inventus
1132 1244 1145 1281 :
1187 1215 1289 1280 hoc
1329 1212 1505 1279 autem
1546 1223 1696 1285 dicit,
1737 1230 1797 1276 ut
1824 1235 2010 1275 eorum

441 1315 805 1372 iuobedientia
828 1316 901 1372 sit
926 1316 1323 1375 inexsusabilis.

516 1405 674 1461 Vens.
703 1404 793 1460 32.
819 1436 890 1446 —
905 1405 1134 1476 Spiritus
1156 1402 1387 1459 sanctus.
1411 1403 1519 1461 Nos
1546 1404 1777 1476 Spiritus
1795 1414 2010 1461 sanctus

443 1491 751 1561 roboravit,
779 1503 840 1549 ut
865 1495 1016 1550 vobis
1034 1491 1197 1550 etiam
1224 1488 1600 1551 resistentibus
1627 1484 2011 1564 magualia'Dei

439 1584 669 1640 ﬁrmiter
692 1578 1047 1656 praedicemus
1066 1625 1081 1653 ,
1110 1586 1165 1640 in
1193 1586 1347 1641 nobis
1375 1586 1600 1657 loquens
1626 1586 1820 1642 format
1847 1586 2008 1665 verba

439 1690 560 1741 quae
581 1675 797 1733 auditis.
1344 1710 1345 1713 η
1454 1678 1464 1693 ”
1785 1664 1791 1669 ’

510 1764 783 1822 Omnibus.
831 1766 1012 1839 (Rm)
1064 1766 1181 1824 Non
1239 1768 1395 1825 nobis
1440 1769 1588 1835 solis,
1615 1769 1710 1825 sed
1757 1770 2007 1825 omnibus

439 1855 832 1923 obedientibus,
856 1857 1020 1912 etiam
1049 1859 1224 1924 vobis,
1253 1859 1300 1914 si
1324 1850 1503 1915 velitis
1522 1859 1787 1929 accipere.
1816 1858 1873 1914 In
1906 1860 2009 1915 hoc

436 1945 504 1999 ad
532 1946 905 2014 paenitentiam
934 1958 1207 2018 provocat.
1597 1940 1603 1946 ’

508 2035 673 2091 Vnus.
700 2036 877 2092 δι-
899 2036 1179 2121 Gaiualiel.
1213 2039 1311 2121 Hic
1334 2052 1454 2096 erat
1480 2042 1769 2121 discipums
1793 2053 2007 2113 aposto-

438 2126 634 2195 lorum,
662 2137 725 2201 ut
747 2120 998 2200 putatur,
1029 2119 1314 2188 remanens
1349 2134 1488 2203 apud
1526 2119 1738 2192 Judaeos
1781 2138 2006 2193 consilio

439 2218 840 2288 Apostolorum,
872 2229 931 2276 ut
971 2223 1203 2293 pessima
1229 2213 1531 2281 destrueret
1558 2226 1800 2293 consilia,
1827 2236 1881 2284 et
1923 2227 2006 2283 fu-

440 2324 620 2364 rorem
646 2325 833 2366 corum
860 2311 1151 2384 mitigaret.
1510 2316 1529 2347 -'
1758 2307 1764 2316 ’
1977 2316 1981 2320 ’

511 2394 881 2455 νεκε.’56.’-
904 2396 1159 2456 Theodas.
1188 2399 1401 2474 (Βεω.)
1449 2403 1695 2461 Theodas
1734 2407 2004 2478 persuasit

353 2480 356 2484 “
440 2488 628 2545 multis
650 2489 873 2547 sublatis
895 2505 962 2546 ex
986 2492 1116 2548 urbe
1140 2491 1486 2550 facultatibus
1511 2495 1623 2551 suis
1652 2496 1798 2567 ripas
1820 2496 2005 2554 Iorda-

437 2580 520 2636 nis
544 2580 820 2649 obsidere,
847 2593 903 2639 et
929 2599 1050 2639 cum
1094 2595 1237 2641 esset
1263 2601 1467 2658 magus,
1496 2590 1813 2659 prophetam
1839 2606 1898 2648 se
1924 2592 2004 2648 di-

435 2670 616 2738 cebat,
657 2679 713 2728 et
733 2672 905 2730 diviso
927 2672 1089 2735 ﬂuvio
1118 2690 1176 2732 se
1203 2677 1444 2746 praebere
1467 2680 1753 2735 transitum
1779 2668 2004 2751 promit-

437 2763 603 2819 lebat.
634 2761 733 2818 Cui
771 2762 926 2832 jussu
973 2765 1106 2820 Fadi
1148 2768 1514 2836 procuratoris
1557 2770 1799 2840 equitum
1846 2772 2001 2828 turba

436 2855 865 2926 superveniens,
898 2856 1079 2913 multis
1128 2852 1418 2941 peremptis
1474 2867 1567 2915 aut
1600 2862 1800 2933 captis,
1835 2864 2001 2935 ipsius

436 2955 601 3018 caput
624 2946 1049 3019 Hierosolymam
1078 2952 1301 3005 revexit.

508 3039 673 3094 Vsus.
698 3039 786 3094 57.
803 3071 873 3083 —-
888 3039 924 3094 J
930 3042 1060 3095 udas
1089 3040 1363 3109 Galilteus,
1386 3054 1490 3100 etc.
1515 3046 1591 3101 De
1615 3046 1716 3102 hoc
1739 3045 1999 3119 Josephus

439 3133 608 3200 dicit,
636 3133 761 3203 quia
807 3135 1330 3206 cogebatpopulum
1378 3153 1446 3193 ne
1493 3139 1694 3194 tributa
1741 3141 1997 3198 solvendo

435 3225 694 3281 Romanis
738 3225 1040 3283 libertatem
1088 3226 1358 3284 amitteret
1393 3243 1409 3284 :
1444 3230 1723 3301 proferens
1767 3248 1834 3288 ex
1881 3232 1998 3305 lege

435 3317 537 3373 soli
591 3316 703 3376 Deo
735 3318 1093 3387 serviendum,
1123 3329 1178 3377 et
1221 3336 1315 3378 eos
1361 3324 1450 3393 qui
1496 3322 1733 3382 decimas
1781 3327 1998 3394 dabant,

436 3408 635 3465 tributa
659 3423 766 3465 nou
786 3411 917 3466 dare
939 3412 1155 3468 debere.
1180 3412 1309 3481 Quae
1339 3414 1561 3471 haeresis
1585 3416 1853 3472 intantum
1876 3434 1998 3473 cre-

434 3497 534 3562 vit,
564 3505 626 3552 ut
651 3497 906 3564 Pharismi
933 3508 989 3554 et
1015 3500 1180 3555 multa
1222 3517 1351 3571 pars
1395 3504 1571 3573 populi
1602 3504 1876 3561 Christum
1919 3507 2000 3563 in-

434 3595 804 3657 terrogarent,
835 3603 903 3643 an
930 3589 1121 3645 liceret
1148 3591 1345 3646 tributa
1377 3593 1507 3646 dare
1533 3591 1752 3649 Caesari.

446 3752 449 3753 ν
509 3675 667 3732 Vens.
699 3677 788 3732 40.
827 3709 897 3719 —
934 3677 1118 3746 Ctesis,
1169 3687 1274 3736 etc.
1325 3680 1507 3753 (li/tu.)
1555 3683 1692 3739 Ecce
1741 3683 1999 3742 fortitudo

432 3769 555 3824 fidei
587 3778 753 3838 patet,
787 3785 905 3841 quae
931 3786 1029 3827 nec
1053 3772 1231 3827 verbis
1254 3773 1491 3829 cohiberi
1512 3767 1743 3844 poierat,
1774 3793 1875 3833 nec
1899 3779 1997 3833 ﬂa-

370 3935 397 3959 \
430 3858 603 3930 gellis.
648 3859 803 3916 Prius
831 3870 956 3917 sunt
997 3874 1242 3924 sermone
1270 3862 1523 3933 prohibiti
1548 3907 1562 3931 ,
1593 3867 1750 3923 modo
1774 3858 1996 3943 ﬂagellis

428 3953 575 4013 0333i.
1136 3952 1139 3957 ’

499 4044 664 4101 Vens.
689 4044 778 4100 41.
803 4076 855 4090 -
889 4045 1150 4115 Quoniam
1172 4049 1335 4121 digni.
1386 4050 1502 4106 Non
1546 4053 1805 4123 putabant
1828 4067 1888 4109 se
1917 4053 1996 4108 la-

324 4186 339 4199 ,
422 4136 641 4204 borare,
671 4136 766 4193 sed
792 4138 1088 4194 maximum
1120 4156 1314 4197 munus
1336 4144 1612 4214 percipere
1638 4131 1653 4199 ἐ
1679 4146 1803 4215 quia
1844 4143 1994 4200 Beati

424 4226 513 4295 qui
533 4225 937 4295 persecutionem
954 4230 1224 4299 patiuntur
1249 4244 1458 4305 propter
1472 4234 1638 4290 Deum
1663 4236 1874 4308 (Matth.
1893 4238 1988 4309 vt).

497 4312 662 4375 Vens.
691 4320 783 4375 42.
804 4350 876 4363 -
895 4320 1051 4376 Omni
1089 4334 1262 4379 autem
1291 4326 1392 4392 die,
1437 4335 1543 4383 etc.
1577 4327 1729 4398 Saepe
1755 4328 1879 4384 talia
1912 4331 1993 4385 in-

426 4410 781 4481 terponuntur
818 4414 1081 4485 capitula,
1106 4416 1344 4474 breviter
1373 4419 1540 4474 multa
1580 4420 1905 4490 colligeutia,
1933 4431 1991 4477 ut

426 4501 576 4569 quasi
605 4500 728 4558 ﬁnis
759 4505 1030 4573 praeterito
1071 4509 1328 4577 sermoni,
1362 4518 1417 4566 et
1444 4510 1844 4568 fundamentum
1873 4523 1984 4570 sta-

425 4602 607 4675 tuatur
631 4597 894 4675 sequenti.

886 4672 891 4677 ’
1038 4713 1261 4803 CAPUT
1297 4713 1387 4806 vr.

493 4862 654 4920 Vens.
682 4866 733 4920 l.
756 4897 826 4907 —
849 4863 1168 4920 ereorum.
1227 4868 1434 4937 (ΗΑΒ.)
1484 4868 1609 4924 Sive
1661 4870 1984 4930 advenarum

417 4955 695 5024 gentilium
720 4955 775 5010 in
800 4956 1019 5010 civitate
1041 4961 1475 5013 conversantium
1496 4978 1508 5013 :
1527 4961 1662 5024 sive,
1678 4969 1810 5027 etc.,
1827 4978 1986 5031 usque

418 5045 487 5111 ad
517 5044 830 5114 quotidiano
855 5045 1156 5099 ministerio
1176 5048 1555 5115 gravabantur.

490 5132 907 5203 Despicerentur.
955 5132 1087 5207 (ln.)
1144 5137 1223 5192 Ex
1262 5138 1473 5195 defectu
1528 5140 1648 5210 plus
1697 5156 1985 5213 gravaren-

420 5232 527 5283 tur.

491 5312 653 5368 Vens.
679 5312 735 5367 2.
760 5315 974 5370 —Non
1017 5326 1090 5372 est
1131 5334 1336 5388 (equum
1372 5336 1485 5384 nos,
1527 5327 1631 5376 etc.
1686 5320 1986 5377 Ostendunt

418 5403 658 5472 Apostoli
687 5404 967 5475 episcopos
992 5417 1048 5463 et
1073 5408 1322 5464 doctores
1362 5410 1612 5467 Ecclesiae
1652 5427 1758 5467 non
1789 5411 1983 5467 debere

419 5497 791 5579 corporalibus
820 5501 980 5555 rebus
1004 5500 1285 5571 implicari.

492 5588 653 5643 Vens.
682 5586 735 5641 '5.
756 5617 828 5629 —
847 5585 1201 5653 Considerate,
1223 5598 1326 5644 etc.
1361 5590 1572 5660 (Βεω.)
1597 5589 1732 5644 llinc
1756 5588 1869 5657 jam
1893 5590 1984 5644 de-

419 5688 705 5751 creverunt
726 5680 976 5751 apostoli,
1006 5688 1135 5749 etc.,
1168 5698 1327 5752 usque
1357 5682 1426 5735 ad
1463 5698 1564 5738 non
1596 5683 1712 5738 siue
1736 5693 1981 5753 septena-

521 5772 727 5832 numet'i
755 5772 1027 5842 mysterio.

2037 1822 2085 1881 B

2116 583 2264 646 gant,
2289 578 2381 633 sed
2402 566 2660 648 iudicant.

2140 666 2145 673 ’
2187 670 2348 725 Vens.
2388 669 2442 724 5.
2464 700 2532 713 η-
2553 669 2622 726 Et
2650 668 2925 740 elegerunt,
2956 677 3061 725 etc.
3085 669 3267 744 (Βη.)
3296 671 3393 728 llic
3416 673 3566 729 ordo
3589 688 3702 729 ser-

2115 760 2322 815 vandus
2364 768 2450 815 est
2494 760 2549 814 in
2598 758 2950 839 ordinandis;
2986 759 3151 831 eligat
3187 757 3451 833 papulas,
3481 762 3699 820 ordinet

2117 852 2417 924 episcopus.
2744 845 2746 848 ’
2872 847 2878 852 ’
3082 850 3087 853 ’

2186 942 2523 1015 Stephanum.
2557 945 2655 1001 llic
2683 945 2891 1015 primus
2916 945 3150 1015 ponitur,
3174 951 3230 1001 et
3253 946 3400 1001 solus
3417 946 3695 1012 laudatur,

2117 1044 2175 1090 ut
2202 1037 2255 1092 in
2292 1054 2399 1093 uno
2425 1027 2613 1093 omnes
2641 1038 2929 1092 laudentur
2948 1078 2964 1105 ,
2993 1046 3088 1092 aut
3114 1024 3295 1107 primo
3320 1039 3576 1108 martyrii
3605 1039 3697 1092 ho-

2115 1145 2218 1184 nor
2245 1128 2469 1213 feratur.

2184 1217 2346 1273 Vens.
2377 1218 2515 1273 6.—
2532 1218 2598 1273 Et
2628 1229 2855 1275 orantes.
2885 1218 3198 1275 Communis
3220 1218 3563 1287 dispensatio
3587 1220 3697 1273 exi-

2113 1307 2274 1379 gebat
2315 1317 2373 1363 ut
2418 1309 2651 1363 ministri
2694 1306 3043 1377 eligerentur,
3078 1307 3171 1379 qui
3200 1315 3260 1363 ut
3298 1307 3445 1378 digni
3489 1302 3692 1365 iuraui

2086 1408 2255 1477 ’sunt,
2287 1408 2567 1455 crescente
2592 1399 2855 1472 gradatim
2878 1400 3215 1470 providentia
3241 1399 3457 1456 consilii
3488 1400 3689 1456 saluta-

2113 1493 2210 1567 ris,
2238 1491 2439 1562 placuit
2481 1493 2696 1548 eosdem
2743 1492 2889 1562 ipsos
2929 1492 3068 1547 sacri
3119 1492 3309 1571 altaris
3335 1502 3389 1548 et
3424 1492 3690 1549 Dominici

2112 1584 2429 1651 sanguinis,
2466 1584 2608 1639 sicut
2656 1582 2985 1647 refectionis,
3037 1590 3094 1636 et
3138 1597 3339 1637 mensae
3385 1582 3691 1638 communis

2115 1677 2385 1730 ministros
2406 1674 2664 1731 ordinari.
2698 1673 2849 1741 Quod
2876 1674 3134 1744 probatur
3161 1674 3305 1739 inde,
3326 1674 3456 1744 quia
3488 1674 3686 1728 dictum

2112 1775 2197 1823 est
2220 1786 2233 1821 :
2259 1765 2480 1829 Orantes
2518 1766 2874 1834 imposuerunt
2913 1764 2989 1818 eis
3035 1780 3260 1817 manus:
3287 1764 3388 1818 hoc
3430 1772 3523 1818 est
3566 1778 3690 1833 pro-

2114 1858 2288 1929 prium
2318 1848 2503 1913 corum
2540 1849 2630 1928 qui
2665 1856 2732 1912 ad
2759 1855 3088 1912 sacrosancti
3131 1854 3319 1910 altaris
3357 1869 3688 1925 promoven-

2115 1957 2203 2004 tur
2227 1949 2479 2005 ollicium.
2511 1946 2624 2003 Hoc
2651 1946 2895 2017 exemplo
2923 1945 3197 2009 orationes
3237 1944 3375 1999 ﬁunt
3398 1944 3455 1999 in
3485 1944 3687 2001 ordini-

2112 2041 2232 2103 bus,
2256 2039 2381 2095 licet
2403 2038 2579 2093 oratio
2605 2038 2968 2108 apostolorum
2998 2051 3104 2091 non
3132 2035 3449 2106 sit’scripta.

2183 2131 2345 2186 Vsus.
2380 2129 2434 2184 7.
2454 2160 2525 2170 —
2545 2128 2613 2183 Et
2643 2129 2873 2194 uerbum,
2900 2135 3003 2183 etc.
3030 2127 3212 2201 (ιω.)
3257 2124 3424 2196 Quasi
3474 2128 3683 2199 recapi-

2112 2221 2302 2276 tulatio
2344 2220 2573 2283 videtur,
2605 2218 2729 2288 quia
2773 2217 3019 2272 dixerat:
3047 2216 3203 2271 Omni
3248 2216 3332 2272 die
3376 2232 3487 2271 non
3518 2233 3684 2271 cessa-

2112 2312 2234 2368 bant
2271 2310 2529 2377 docentes,
2556 2320 2685 2376 etc.,
2717 2318 2772 2364 et
2812 2310 2865 2363 iu
2900 2309 3004 2364 hoc
3034 2309 3209 2379 ipsum
3254 2310 3422 2375 redit,
3458 2309 3676 2365 dicens:

2116 2406 2180 2460 Et
2203 2405 2410 2460 verbum
2434 2402 2646 2457 Domini
2675 2402 2952 2458 crescebat.

2186 2513 2310 2589 (ln.)
2338 2514 2491 2586 Saepe
2522 2514 2574 2569 in
2599 2513 2703 2569 hoc
2724 2512 2882 2579 libro,
2910 2512 3039 2567 etin
3060 2511 3350 2586 Evangelia
3368 2512 3540 2567 etiam
3562 2511 3676 2565 talia

2110 2588 2537 2677 interponuntur
2567 2588 2822 2675 capitula,
2868 2598 2998 2670 etc.,
3042 2596 3204 2673 usque
3242 2604 3311 2658 ad
3355 2590 3487 2673 quia
3539 2590 3678 2673 prius

2109 2704 2383 2771 crescente
2415 2690 2571 2769 plebe
2600 2690 2746 2769 zelus
2777 2693 2949 2784 fuerat
2978 2684 3295 2774 concitatus.
3550 2681 3554 2686 ’

2183 2807 2340 2887 vene.
2369 2808 2422 2864 8.
2445 2837 2513 2848 -—
2543 2806 2869 2883 Stephanus,
2909 2806 3128 2883 Graece;
3183 2805 3390 2876 Latine,
3442 2818 3672 2860 corona:

2109 2901 2200 2973 qui
2229 2899 2371 2971 quod
2398 2909 2767 2970 praecepturus
2808 2905 2924 2953 erat
2949 2898 3000 2951 in
3028 2913 3108 2963 re,
3135 2897 3398 2968 praesagio
3445 2895 3672 2949 nominis

2107 2975 2514 3064 prieoccupabat
2551 3007 2565 3044 :
2599 2990 2725 3059 quia
2780 2997 2902 3058 post
2957 2982 3171 3043 crucem
3218 2985 3420 3041 Christi
3475 2986 3672 3067 primus

2108 3087 2368 3158 martyrio
2396 3091 2683 3140 coronatus
2713 3090 2799 3137 est
2824 3079 3147 3157 sublimiter,
3177 3078 3266 3148 qui
3294 3077 3567 3146 lapidatus
3596 3085 3667 3129 est

2022 3178 2071 3242 Β
2102 3157 2392 3234 humiliter.
2430 3173 2690 3248 Hebraicc
2718 3173 3105 3254 interpretatur
3141 3157 3450 3249 Stephanus
3494 3181 3667 3233 noram

2102 3279 2300 3333 nostra,
2325 3258 2417 3336 qui
2466 3243 2639 3336 primo
2683 3248 2893 3337 passus,
2945 3243 3292 3343 sequentibus
3339 3257 3664 3331 martyribus

2100 3360 2275 3415 factus
2300 3365 2383 3414 est
2409 3356 2579 3413 forma
2614 3354 2751 3439 mori
2782 3368 2880 3423 pro
2907 3340 3141 3408 Christo.
3263 3340 3270 3348 ’
3376 3340 3379 3343 Α

2171 3451 2333 3506 Vnus.
2360 3448 2443 3503 l5.
2464 3478 2534 3488 ——
2556 3440 2725 3500 Homo
2751 3445 2865 3499 iste.
2914 3443 2994 3498 Ex
3026 3442 3303 3513 despectu,
3336 3456 3441 3495 non
3480 3445 3665 3515 vocant

2099 3555 2222 3595 eum
2261 3539 2477 3610 proprio
2510 3538 2761 3611 nomine,
2921 3533 3192 3612 hominem
3219 3531 3373 3607 quasi
3400 3519 3665 3606 carnalem

2098 3642 2153 3689 et
2186 3632 2427 3688 inﬂatum
2455 3628 2745 3701 appellant.

2689 3774 2913 3831 CAPUT
2945 3773 3054 3829 Vll.

2168 3915 2330 3971 Vsus.
2360 3914 2414 3968 2.
2437 3942 2508 3953 —
2540 3910 2652 3965 Viri
2675 3909 2864 3980 fratres
2891 3918 2938 3963 et
2960 3916 3154 3978 patres.
3183 3904 3317 3973 Quia
3362 3902 3665 3973 Stephanus

2097 4003 2505 4077 insimulabatur
2534 3999 2931 4071 blasphemasse
2955 3997 3009 4052 in
3046 3994 3261 4077 Moysen
3299 4001 3354 4063 et
3392 3993 3584 4056 Deum,
3610 3991 3659 4043 iu

2095 4074 2356 4167 principio
2397 4092 2478 4148 sui
2528 4088 2791 4146 sermonis
2815 4088 3028 4161 illorum
3073 4074 3357 4142 calumniae
3403 4084 3655 4163 occurrit,

2095 4168 2279 4242 dicens
2321 4184 2488 4239 Deum
2530 4183 2622 4253 qui
2662 4180 2983 4251 loquebatur
3023 4177 3267 4248 patribus
3309 4184 3365 4234 et
3388 4173 3660 4251 prophetis

2093 4279 2260 4333 Deum
2273 4291 2393 4341 esse
2415 4273 2709 4343 majestatis
2730 4284 2785 4327 et
2804 4270 3007 4343 gloriae.
3030 4268 3248 4340 Moysen
3259 4268 3423 4323 etiam
3443 4266 3649 4336 laudat:

2093 4370 2187 4426 sed
2216 4369 2334 4425 illos
2356 4366 2585 4423 rebelles
2613 4373 2666 4419 et
2689 4378 2900 4434 semper
2931 4361 3298 4419 iuobedientes
3321 4359 3651 4429 comprobat.

2094 4460 2199 4515 Sed
2253 4466 2370 4512 arte
2410 4454 2662 4531 loquendi
2710 4469 2840 4509 usus
2878 4460 2965 4509 est
3005 4452 3075 4508 ad
3112 4450 3367 4516 rebelles,
3397 4449 3652 4519 incipiens

2019 4556 2067 4614 ι)
2092 4549 2248 4622 quasi
2294 4550 2510 4615 timeret
2553 4562 2644 4602 eos
2670 4565 2683 4601 :
2708 4545 2807 4612 sic,
2850 4544 2958 4599 Viri
2985 4544 3175 4614 fratres
3212 4551 3261 4597 et
3287 4552 3463 4613 patres
3485 4556 3503 4593 :
3525 4540 3656 4611 leuis

2091 4658 2271 4699 sermo
2294 4650 2349 4698 et
2379 4641 2618 4697 clemens
2664 4637 2917 4701 conciliat
2941 4636 3261 4700 auditorem,
3288 4641 3348 4688 ut
3374 4648 3646 4689 commen-

1981 4743 1995 4750 ’
2079 4736 2175 4818 get
2209 4740 2463 4787 actorem.
2507 4712 2708 4783 Blande
2732 4726 2924 4797 erepit,
2954 4734 3012 4779 ut
3035 4725 3126 4780 diu
3151 4724 3444 4787 audiretur,
3470 4732 3527 4777 et
3567 4720 3648 4791 qui

2088 4810 2371 4879 recusabat
2390 4810 2576 4875 contra
2600 4818 2788 4883 Deum,
2813 4826 2867 4872 et
2885 4816 3055 4887 legem
3083 4814 3251 4884 loqui,
3274 4829 3462 4871 verum
3490 4814 3646 4868 Deum

2088 4911 2344 4980 praedicat
2369 4910 2422 4964 in
2451 4909 2713 4979 principio
2743 4908 3024 4981 orationis.
3050 4906 3244 4976 Legem
3270 4906 3434 4960 etiam
3460 4906 3540 4960 sic
3564 4919 3649 4958 ex-

2087 4989 2381 5073 posuit,‘ut
2425 5000 2543 5072 ejus
2588 5007 2732 5070 esset
2762 4997 3082 5071 praedicator
3111 4994 3264 5063 cujus
3298 4995 3647 5050 accusabatur

2083 5080 2389 5146 destructor
2415 5108 2426 5143 :
2456 5091 2511 5144 in
2538 5103 2793 5167 processu
2832 5087 2996 5142 etiam
3032 5084 3299 5140 sermonis
3324 5100 3538 5141 errores
3562 5098 3645 5139 eo—

2085 5198 2203 5238 rum
2231 5183 2557 5253 redarguens
2579 5222 2593 5246 ,
2623 5180 2862 5251 vigorem
2906 5179 3096 5245 animi,
3120 5187 3174 5233 et
3201 5179 3343 5248 quod
3372 5178 3509 5234 liber
3534 5184 3644 5233 erat

2086 5290 2116 5329 a
2143 5274 2334 5329 timore
2360 5272 2563 5327 inimici
2589 5270 2886 5347 perdocuit.

2156 5385 2294 5440 Deus
2314 5382 2514 5454 gloriae,
2530 5391 2635 5438 etc.
2653 5382 2855 5437 Memor
2877 5381 3187 5453 Stephanus
3208 5381 3459 5451 prmcepti
3477 5380 3636 5434 illius:

2086 5475 2297 5544 Diligite
2332 5473 2566 5528 inimicos
2606 5481 2793 5527 vestros
2825 5470 2974 5537 (Luc.
3007 5470 3103 5549 v1),
3131 5479 3264 5546 etc.,
3290 5470 3638 5541 persecutori-

2084 5566 2186 5621 bus
2214 5565 2324 5620 suis
2346 5563 2569 5619 salutem
2603 5563 2889 5617 nuntiavit.
3105 5556 3108 5559 ’

2068 5706 2077 5717 -
2156 5674 2222 5729 In
2275 5674 2669 5744 Mesopotamia.
2728 5672 3107 5743 Mesopotamia
3156 5672 3210 5727 in
3265 5671 3439 5742 capite
3479 5667 3635 5740 Syrte

2083 5769 2371 5825 constituta
2409 5767 2474 5822 ad
2505 5767 2827 5841 aquilonem.
