3958 6314
180 426 269 483 Ml
1008 417 1275 477 GLOSSA
1311 415 1707 475 0RDINARIA.
1744 447 1815 458 —
1848 415 1977 471 LIB.
2017 414 2306 471 ACTUUM
2345 414 2587 471 APOST.

3298 410 3407 468 M9.

242 538 409 612 (Ritu)
442 536 819 608 Mesopotamia
845 542 897 590 et
924 535 1185 591 Charram
1214 537 1265 591 in
1296 536 1544 591 Chaldma
1575 542 1721 599 sunt,
1755 536 1799 593 A
1826 541 1883 587 et
1922 532 2049 602 quia
2097 531 2333 587 libertati
2382 537 2724 587 successerat
2762 529 3016 596 servitus,
3065 528 3232 587 Iacob
3278 546 3402 587 cum

177 634 237 688 dc
262 627 629 697 Mesopotamia
652 625 1053 696 trausmigravit
1080 625 1133 679 in
1159 624 1442 683 Cbarram.

240 722 392 777 Vens.
428 718 576 773 5.i—
596 713 666 769 Et
698 715 853 781 dixit,
882 724 987 771 etc.
1037 715 1093 769 ln
1125 715 1321 771 Genesi
1351 715 1566 771 videtur
1592 731 1724 770 con-

175 812 317 870 tineri
342 807 480 880 quod
508 817 630 879 post
650 815 876 863 mortem
903 807 1074 878 patris
1095 807 1178 877 sui
1200 808 1410 863 locutus
1430 817 1514 862 est
1546 808 1726 877 Domi-

174 921 266 960 nus
283 902 505 958 Abrahte
531 900 621 970 qui
648 899 703 954 in
732 899 937 955 Cbarra
968 910 1214 975 mortuus
1253 906 1355 967 est,
1385 899 1473 954 ubi
1504 915 1627 955 cum
1657 917 1724 956 eo

173 996 299 1050 ﬁlius
326 991 602 1047 habitavit.
630 988 734 1045 Sed
762 991 1073 1070 priusquam
1102 991 1156 1045 in
1188 991 1406 1047 civitate
1427 992 1719 1055 habitaret,

172 1099 279 1140 cum
309 1089 446 1137 esset
473 1081 530 1136 in
560 1079 963 1152 Mesopotamia,
995 1083 1197 1140 dictum
1227 1091 1310 1139 est
1338 1084 1385 1137 ei
1417 1101 1431 1137 :

232 1171 330 1227 Exi
377 1172 441 1226 de
486 1180 629 1226 terra
662 1156 787 1247 tua,
816 1180 923 1234 etc.
979 1172 1202 1247 Terram
1252 1180 1308 1228 et
1350 1176 1723 1246 cognationem

167 1265 378 1323 Abrahae
431 1250 806 1321 Chaldaeorum
854 1263 1119 1335 patriam,
1146 1280 1419 1336 genusque
1469 1266 1721 1336 appellat,

166 1357 293 1413 unde
310 1355 419 1427 jam
448 1356 679 1427 exierat,
701 1356 899 1426 degens
925 1356 1085 1418 modo
1110 1355 1164 1411 in
1187 1355 1571 1427 Mesopotamia
1593 1375 1607 1423 ;
1629 1358 1722 1412 sed

166 1440 328 1502 adhuc
362 1432 647 1515 tenebatur
685 1432 779 1515 spe
805 1453 861 1501 et
897 1445 1167 1501 desiderio
1212 1447 1496 1512 redeundi,
1524 1455 1578 1502 et
1604 1433 1725 1504 ideo

164 1537 463 1593 audit:Ea:i
514 1538 579 1592 de
628 1546 767 1592 terra
814 1546 863 1590 et
907 1537 971 1591 de
1017 1538 1322 1607 cognatione
1362 1549 1487 1601 tua:
1526 1555 1630 1595 non
1668 1548 1725 1611 ut

162 1645 341 1701 corpus
367 1630 679 1686 extraheret
713 1628 878 1701 (quod
914 1628 1029 1711 jam
1074 1626 1318 1700 fecerat),
1344 1628 1439 1686 sed
1483 1646 1722 1687 amorem

160 1725 322 1782 cordis
345 1724 623 1805 evelleret.

220 1819 391 1893 (Rue)
441 1818 689 1893 Tertium
732 1806 1043 1890 Stephanus
1064 1820 1433 1892 praetermisit,
1465 1820 1516 1885 id
1543 1828 1643 1899 est,
1673 1830 1722 1874 et

1827 622 2084 693 progenie
2108 621 2449 677 descendisse
2471 621 2524 675 in
2554 619 2846 691 Egyptum
2872 620 3090 676 dicitur.

1900 713 2061 769 Vens.
2108 712 2289 768 l6.——
2317 711 2603 766 Translati.
2651 710 2832 783 (Rara)
2880 709 2987 766 Per
3029 709 3401 781 synecdochen

1827 803 2080 858 dicuntur
2126 800 2370 858 translati
2415 808 2634 873 propter
2673 800 2891 871 Ioseph,
2920 800 3006 856 cui
3045 800 3234 868 Iacoh,
3267 809 3401 868 etc.,

1825 910 1987 965 usque
2021 895 2110 961 ad,
2135 893 2292 949 Ferte
2321 910 2438 949 ossa
2456 909 2572 953 mea
2592 894 2711 965 hinc
2733 894 2991 948 vobiscum
3020 893 3173 966 (Gen.
3198 894 3273 966 1.).

1897 984 2108 1057 (ΒευΑ.)
2152 984 2229 1039 De
2272 983 2388 1039 solo
2430 983 2626 1053 Ioseph
2662 981 2947 1055 Scriptura
2978 991 3229 1050 testatur,
3260 987 3405 1055 quod

1824 1090 1947 1129 ossa
1991 1074 2128 1145 ejus,
2158 1082 2289 1140 etc.,
2316 1091 2478 1145 usque
2506 1075 2575 1127 ad
2619 1060 2902 1148 duodecim
2932 1075 3257 1146 patriarcha:
3290 1090 3404 1137 non

1824 1174 1951 1221 sunt
1977 1167 2170 1237 sepulti
2198 1167 2251 1221 in
2280 1166 2447 1233 Arbe,
2474 1166 2570 1222 sed
2594 1167 2649 1220 in
2678 1151 2939 1246 Sichem.‘

1896 1259 1964 1313 Et
1988 1260 2143 1338 positi
2169 1269 2314 1327 sunt,
2342 1268 2447 1315 etc.
2481 1259 2665 1338 (Rau)
2692 1260 2860 1316 Docet
2886 1258 3111 1324 Genesis
3136 1260 3403 1316 Abraham

1825 1351 1892 1405 ab
1916 1336 2132 1420 Ephron
2160 1349 2271 1405 ﬁlio
2298 1349 2435 1406 Seor
2452 1336 2643 1415 Ethaei,
2660 1359 2790 1419 etc.,
2816 1367 2978 1424 usque
2998 1352 3067 1407 ad
3089 1368 3190 1408 nec
3212 1352 3403 1427 Moysi,

1825 1456 1925 1496 nec
1951 1440 2180 1497 Domino
2203 1443 2410 1498 servire
2436 1443 2743 1498 voluerunt.

1894 1533 1963 1598 In
1996 1533 2250 1605 sepulcro,
2279 1543 2386 1591 etc.
2418 1536 2530 1591 Hoc
2555 1536 2619 1592 de
2647 1537 2760 1592 solo
2799 1535 2986 1605 Iacob,
3019 1537 3181 1609 cujus
3208 1554 3404 1609 corpus

1826 1626 1918 1681 ﬁlii
1946 1624 2013 1681 de
2041 1626 2275 1698 Egypto
2304 1627 2554 1684 tollentes
2593 1629 2920 1700 sepelierunt
2947 1630 3001 1685 in
3031 1631 3285 1703 spelunca
3306 1630 3406 1686 du-

1828 1720 1974 1790 plici,
2004 1721 2093 1775 ubi
2120 1719 2394 1775 Abraham
2424 1735 2544 1779 cum
2589 1719 2721 1775 Sara
2757 1721 2999 1797 sepultus
3042 1731 3148 1789 est,
3175 1731 3229 1777 et
3255 1722 3404 1777 Isaac

1826 1827 1949 1870 cum
1979 1810 2340 1867 Rebeccatet
2391 1810 2462 1866 ibi
2506 1810 2601 1884 Lia
2638 1811 2853 1867 condita
2897 1821 2982 1869 est
3006 1831 3018 1868 :
3044 1814 3186 1873 unde
3215 1814 3407 1879 civitas

158 1881 387 1977 de‘domo,
414 1912 585 1989 patris
613 1888 691 1969 tui
715 1929 734 1967 :
756 1881 898 1982 quod
921 1881 1121 1969 factum
1150 1922 1233 1970 est
1251 1882 1470 1985 propter
1496 1881 1719 1971 nimiam
1753 1881 1796 1939 Β
1826 1901 1912 1955 ῘῘ¹³
1942 1910 2169 1956 Vocatur
2205 1901 2415 1956 Ηθὶποη
2435 1943 2450 1967 ν
2476 1902 2528 1956 id
2569 1912 2652 1957 δεῖ
2690 1904 3018 1977 coniugium»
3050 1905 3177 1975 (ἰυίθ
3223 1912 3404 1974 Patre5

156 2002 319 2075 populi
346 2002 601 2074 peritiam
628 2001 713 2061 vel
744 2002 1087 2072 imperitiam.

221 2094 374 2153 Vens.
396 2094 450 2150 4.
475 2125 550 2136 —-
571 2093 716 2149 Tunc
766 2096 891 2150 exiit
912 2137 925 2160 ,
954 2105 1058 2151 etc.
1088 2094 1269 2167 (Rata)
1318 2095 1396 2151 De
1444 2094 1521 2152 Ur
1560 2092 1721 2150 Chal-

152 2187 375 2242 dzeorum
420 2186 697 2255 Abraham
739 2186 924 2243 exivit.
952 2186 1049 2251 Ur,
1078 2195 1206 2252 etc.,
1228 2203 1389 2257 usque
1411 2176 1480 2241 ad
1507 2193 1721 2241 mortuo

151 2285 291 2348 patre
323 2277 531 2335 dictum
552 2285 635 2333 est
660 2277 710 2334 ei
737 2296 750 2330 :
775 2274 879 2349 Exi
902 2278 965 2332 de
991 2287 1131 2332 terra
1155 2287 1267 2343 tua,
1294 2286 1397 2337 etc.

213 2364 373 2422 Pater
397 2367 539 2438 ejus,
570 2374 675 2442 etc.
702 2366 824 2439 (lo.)
878 2366 1039 2441 Redit
1081 2367 1147 2423 ad
1196 2367 1461 2439 originem
1508 2367 1721 2443 generis

149 2457 319 2524 lsrael,
344 2465 400 2513 et
434 2457 690 2514 amicitiae
735 2456 931 2514 divina:
962 2458 1267 2531 exordium,
1299 2465 1359 2513 ut
1402 2458 1537 2513 nihil
1585 2475 1721 2530 pra:-

149 2532 399 2605 tertnittat
424 2548 479 2603 in
511 2563 618 2626 quo
640 2547 1016 2621 blasphemare
1044 2548 1309 2605 videatur.

218 2637 319 2694 Vos
359 2640 627 2695 habitatis.
678 2638 826 2694 Dixit
865 2656 980 2711 vos,
1006 2655 1115 2695 non
1154 2656 1287 2696 vero
1314 2655 1433 2710 nos,
1465 2640 1719 2711 quiajam

143 2730 538 2800 quodammodo
560 2732 785 2803 apostoli
813 2740 1011 2789 terram
1034 2731 1382 2803 reliquerant,
1405 2742 1459 2788 et
1486 2731 1717 2804 Stepha-

143 2836 256 2887 nus,
287 2823 382 2892 qui
406 2821 522 2892 jam
548 2824 703 2894 quasi
735 2823 789 2879 in
819 2831 992 2881 morte
1020 2825 1229 2895 positus
1254 2832 1372 2880 erat

206 2914 374 2970 Vens.
412 2914 468 2970 6.
491 2946 560 2955 —
583 2916 721 2982 Quia
750 2916 846 2971 erit
870 2933 1063 2984 semen,
1094 2923 1200 2974 etc.
1232 2916 1446 2987 (Deum)
1492 2916 1610 2972 Non
1639 2916 1716 2977 ita

139 3004 547 3079 intelligendum
568 3017 669 3074 est,
685 3010 840 3078 quasi
864 3011 1001 3065 male
1026 3012 1384 3078 tractandum,
1403 3024 1533 3081 etc.,
1558 3028 1719 3083 usque

130 3096 202 3150 ad
228 3097 347 3154 sive
379 3098 438 3154 in
469 3106 610 3153 terra
639 3097 916 3164 Chanaan,
950 3101 1063 3156 sive
1090 3102 1141 3156 in
1172 3101 1429 3173 Egypto.

200 3187 372 3241 Annis
411 3178 825 3258 quadringentis.
854 3189 1033 3261 (ΗΑΒ.)
1079 3189 1169 3245 Sic
1210 3201 1294 3248 est
1335 3192 1713 3263 jungendum:

133 3275 352 3341 Accola,
382 3284 516 3342 etc.,
545 3293 705 3353 usque
737 3278 807 3356 ad
838 3278 905 3332 ad
935 3278 1367 3356 distributionem
1412 3290 1569 3349 terrae
1593 3299 1719 3354 pro—

136 3365 415 3421 missionis
441 3354 738 3437 completus
766 3354 869 3423 est.
1027 3354 1035 3361 ’
1196 3354 1203 3361 “

202 3478 373 3534 Vens.
417 3480 473 3535 7.
510 3511 584 3521 —
622 3479 900 3555 Indicabo.
934 3482 1073 3555 ⁴(11).)
1108 3483 1376 3541 Iudicium
1426 3486 1722 3556 aliquando

136 3570 523 3626 discretionem
573 3570 861 3642 signiﬁcat,
885 3580 946 3627 ut
985 3574 1058 3629 ibi
1084 3588 1097 3627 :
1120 3572 1316 3630 Judica
1344 3593 1442 3643 me,
1470 3576 1635 3644 Deus,
1670 3587 1719 3632 et

75 3676 79 3687 ·
137 3661 371 3716 discerne
400 3678 620 3740 causam
660 3678 828 3717 meam
859 3662 1029 3735 (Psal.
1059 3648 1213 3727 xeu).
1264 3664 1567 3737 Aliquando
1604 3685 1719 3740 pte-

139 3767 280 3817 nant,
307 3742 365 3805 ut
389 3766 405 3805 :
432 3737 633 3806 Judica
660 3750 798 3818 illos,
825 3751 966 3807 Deus
988 3751 1161 3825 (Psul.
1190 3755 1267 3827 v).

208 3863 370 3919 Vens.
405 3866 461 3920 8.
488 3896 558 3904 —
582 3863 964 3920 Testamentum
986 3866 1414 3925 circumcisionis.
1448 3870 1571 3941 (ιο.)
1600 3871 1720 3928 Ὲωο

139 3953 233 4008 dus
261 3956 377 4009 sive
408 3955 625 4025 signum
658 3955 778 4009 ideo
808 3954 1037 4022 factum,
1062 3958 1361 4028 utp0pulus
1381 3959 1565 4031 Israel,
1587 3971 1719 4027 etc.,

139 4060 294 4117 usque
316 4046 388 4099 ad
420 4046 669 4115 signatur
707 4045 977 4123 vitandam
1003 4062 1121 4103 esse
1147 4048 1496 4119 jactationem
1535 4050 1721 4120 gloriae

139 4138 190 4192 in
214 4139 637 4195 circumcisione
666 4139 914 4210 spiritali.
974 4124 979 4129 ’

203 4251 301 4306 Die
330 4264 539 4307 octavo.
574 4251 755 4325 (ΚΑΒ.)
784 4251 919 4327 Octo
938 4252 1127 4326 diebus
1149 4254 1464 4326 mysterium
1491 4255 1720 4311 circurn-

139 4343 354 4400 cisionis
409 4355 614 4399 nostra:
665 4344 984 4410 ostenditur,
1018 4346 1109 4417 qui
1156 4363 1253 4417 per
1299 4358 1547 4402 octavam
1584 4348 1717 4403 Novi

142 4433 469 4490 Testamenti
516 4433 660 4507 (quae
709 4434 763 4489 in
812 4437 1205 4495 resurrectione
1249 4437 1481 4504 Domini,
1514 4447 1569 4494 et
1598 4448 1720 4495 octo

140 4525 567 4603 beatitudinibus
594 4525 920 4605 continetur)
941 4541 973 4581 a
994 4527 1138 4583 vitiis
1156 4536 1347 4583 octava
1370 4529 1456 4593 die
1484 4529 1719 4599 circum-

139 4615 387 4672 cidimur.

205 4731 370 4787 Vens.
411 4732 470 4787 9.
505 4761 580 4772 -
622 4728 982 4786 Vendiderunt
1022 4732 1078 4786 in
1119 4731 1431 4803 Egyptian.
1480 4732 1724 4787 Breviter

140 4838 363 4879 narrans
389 4822 592 4879 transit
613 4823 679 4877 ad
711 4822 893 4887 ﬁnem,
922 4839 1027 4878 non
1056 4824 1199 4878 enim
1226 4823 1403 4894 primo
1431 4822 1721 4895 Egyptiis,

141 4914 230 4985 sed
257 4914 555 4971 lsmaelitis
582 4913 1032 4985 negotiatoribus,
1067 4923 1123 4969 et
1148 4914 1454 4969 Madianitis
1480 4915 1723 4970 venditus

139 5017 240 5073 est,
265 5018 324 5063 et
363 5008 444 5064 illi
475 5008 832 5064 vendiderunt
871 5023 992 5063 eum
1033 5010 1088 5064 in
1123 5008 1415 5082 Egyptum
1466 5010 1726 5080 Putiphar

138 5097 427 5172 sacerdoti.

207 5188 373 5245 Vens.
413 5190 506 5244 M.
530 5221 599 5230 -—
622 5189 691 5244 In
730 5191 1022 5265 animabus.
1070 5191 1181 5247 Hoc
1210 5194 1505 5272 secundum
1534 5194 1727 5257 editio-

140 5297 260 5356 nem
290 5283 655 5354 Septuaginta
699 5283 1055 5359 interpretum
1113 5285 1329 5356 dicitur.
1394 5285 1452 5340 ln
1498 5286 1725 5344 Hebraio

139 5360 486 5446 septuaginta
521 5381 730 5430 tantum
762 5375 1127 5446 reperiuntur.

204 5465 390 5540 (llam)
431 5467 495 5531 Si
523 5466 690 5524 Iacob
730 5476 784 5525 et
822 5467 1020 5540 Ioseph
1062 5485 1184 5525 cum
1217 5470 1424 5530 duobus
1454 5458 1724 5537 ﬁliisnon

139 5568 527 5625 numerantur,
559 5567 692 5626 etc.,
724 5576 885 5631 usque
907 5560 976 5614 ad
1017 5576 1180 5630 quam
1207 5577 1305 5632 pro
1329 5562 1597 5619 Hebraica
1631 5578 1724 5625 ve,-

136 5648 294 5706 ritate
331 5666 649 5706 sermonem
679 5667 835 5706 suum
864 5660 1171 5724 suspectum
1201 5653 1396 5710 facere.
1722 5720 1725 5723 _

208 5740 373 5795 Vens.
414 5739 506 5795 15.
530 5772 596 5782 —-—
616 5741 682 5796 Et
710 5742 993 5798 descendit.
1024 5742 1329 5800 Secundum
1377 5746 1539 5814 situm
1581 5746 1725 5817 loco:

134 5847 252 5889 rum
271 5826 576 5897 descensus
592 5846 673 5892 cst
696 5837 760 5893 dc
783 5845 921 5906 terra
940 5838 1315 5907 promissionis
1338 5840 1388 5893 in
1409 5839 1720 5911 dﬂgyptum,

1824 1990 1895 2045 ibi
1924 2006 2045 2045 cum
2083 1990 2403 2071 conjugibus
2433 1993 2625 2066 sepulti
2657 2003 2802 2049 sunt.
2852 1994 2995 2051 Duas
3025 2004 3204 2067 autem
3235 1995 3407 2051 histo-
3462 1992 3465 1995 λ

1823 2080 1931 2136 rias
1954 2080 2260 2148 confundit,
2294 2091 2347 2136 et
2372 2082 2595 2155 alteram
2626 2085 2783 2140 alteri
2814 2085 3074 2159 implicat.
3108 2086 3226 2143 Non
3258 2090 3403 2144 enim

1821 2188 1850 2229 a
1880 2173 2002 2230 ﬁliis
2035 2174 2200 2229 Emor
2224 2175 2347 2231 ﬁliis
2374 2175 2593 2247 Sichem
2622 2178 2752 2253 emit
2779 2177 3084 2244 Abraham,
3119 2181 3213 2251 sed
3239 2178 3407 2248 Iacob

1821 2268 1889 2322 ab
1912 2266 2014 2322 illis
2040 2267 2169 2322 emit
2193 2266 2441 2334 Sichem;
2465 2268 2585 2323 ideo
2609 2269 2685 2325 sic
2702 2269 3036 2350 jungendum
3061 2280 3144 2328 est
3169 2287 3182 2326 :
3205 2273 3405 2349 Trans-

1820 2357 1915 2411 lati
1943 2368 2069 2413 sunt
2098 2359 2150 2413 in
2184 2357 2401 2415 Sichem
2428 2376 2459 2414 a
2485 2360 2610 2433 ﬁliis
2635 2361 2801 2418 Emor
2828 2361 2920 2417 lilii
2948 2363 3168 2431 Sichem
3199 2382 3212 2418 :
3250 2366 3404 2434 quasi

1821 2450 2111 2527 diceretur,
2140 2450 2193 2505 in
2225 2450 2441 2507 Sichem
2475 2452 2623 2507 illam
2650 2470 2815 2525 quam
2859 2456 2993 2511 emit
3026 2455 3197 2523 Iacob
3222 2474 3253 2512 a
3284 2458 3409 2523 ﬁliis

1822 2541 1985 2597 Emor
2014 2542 2107 2596 lilii
2157 2541 2397 2598 Sichem.
2447 2542 2503 2598 In
2529 2542 2728 2599 Genesi
2758 2544 2957 2617 legitur
3002 2546 3220 2602 Sichem
3266 2546 3409 2622 ﬁlius

1820 2632 1987 2687 fuisse
2006 2633 2188 2698 Emor,
2207 2635 2348 2689 unde
2365 2642 2556 2705 putant
2575 2634 2797 2705 quidam
2818 2636 2954 2692 duos
2976 2635 3143 2693 fuisse
3164 2636 3402 2707 Sichem,

1820 2741 2047 2799 quorum
2093 2727 2232 2786 alter
2261 2742 2292 2781 a
2322 2725 2465 2794 Luca
2515 2727 2713 2781 dicitur
2753 2735 2908 2800 pater
2951 2728 3149 2801 Emor,
3191 2729 3327 2801 alter
3376 2746 3406 2784 a

1818 2816 2014 2895 Genesi
2065 2816 2225 2872 ﬁlius.
2275 2815 2503 2891 Quidam
2534 2816 2768 2890 jungunt
2797 2819 3124 2892 principium
3147 2828 3202 2895 et
3231 2819 3393 2876 linem

1818 2890 2104 2978 sermonis,
2135 2911 2395 2977 dicentes,
2420 2926 2450 2965 a
2480 2911 2603 2967 ﬁliis
2632 2911 2883 2976 Sichem,
2913 2921 2968 2968 et
2995 2890 3119 2983 post
3142 2890 3405 2979 inferunt,

1818 3003 1983 3058 Emor
2011 3002 2140 3068 ﬁlii,
2170 3010 2229 3057 ut
2255 3001 2343 3058 hic
2370 3002 2521 3059 locus
2552 3012 2819 3074 congruat
2845 3002 3069 3073 Genesi.

1889 3097 2051 3171 Vens.
2084 3096 2167 3151 l8.
2195 3126 2266 3135 —
2287 3095 2399 3151 Rea:
2430 3096 2587 3151 alius.
2622 3096 2738 3152 Rex
2782 3097 2887 3154 iste
2914 3098 3160 3164 diabolus
3185 3105 3290 3165 est.
3316 3098 3408 3169 (lui
3481 3107 3486 3112 ‘

1821 3187 2159 3243 effeminatos
2184 3187 2373 3257 diligit,
2401 3187 2672 3243 masculos
2699 3188 2838 3255 odit.

1895 3276 2057 3331 Vens.
2098 3275 2470 3331 l9.-—-Genus
2512 3287 2770 3344 nostrum,
2804 3288 2907 3342 etc.
2959 3278 3151 3337 Patres
3193 3288 3409 3337 nostros

1822 3366 1971 3433 dicit,
2007 3373 2078 3436 et,
2110 3382 2279 3440 genus
2306 3370 2567 3434 nostram,
2602 3382 2668 3422 ne
2697 3376 2879 3438 patres
2904 3368 3284 3440 blasphemare
3328 3372 3405 3425 vi-

1821 3443 2033 3515 deatur.
2137 3443 2141 3447 ν

1892 3549 2056 3605 Vens.
2084 3550 2169 3605 20.
2194 3582 2265 3592 —
2286 3548 2478 3605 Gratus
2503 3550 2631 3617 Deo,
2653 3560 2758 3609 etc.
2792 3551 3040 3609 Ostendit
3063 3554 3255 3611 beatus
3285 3553 3407 3612 Ste-

1820 3643 2032 3714 phanus
2058 3642 2201 3712 quod
2245 3642 2455 3713 Moyses
2483 3659 2588 3698 non
2617 3643 3103 3713 blasphemaverit.

1829 3720 1833 3726 ’
1891 3732 2057 3789 Vens.
2081 3733 2267 3788 22.—
2321 3732 2547 3805 Moyses.
2603 3734 2784 3807 (ΚΑΒ.)
2830 3735 3041 3809 Moyses
3089 3738 3233 3793 idem
3268 3738 3410 3794 valet

1822 3827 1967 3898 quod
2018 3827 2312 3898 aquaticus,
2368 3828 2493 3897 quia
2538 3827 2604 3883 de
2645 3843 2782 3898 aqua
2829 3838 2916 3885 est
2959 3841 3290 3901 assumptus,
3320 3832 3409 3886 vel

1821 3917 2028 3983 (iniens,
2058 3918 2183 3987 quia
2228 3918 2481 3981 inventus
2512 3927 2595 3977 cst
2624 3919 2678 3973 in
2721 3918 2942 3986 ﬁscella,
2976 3914 3240 3976 bitumine
3283 3922 3399 3977 lita.

1824 4008 2033 4082 Moyses
2078 4018 2235 4081 typus
2260 4018 2344 4066 est
2374 4010 2703 4081 Salvatoris,
2733 4013 2847 4090 qui,
2877 4027 3134 4084 percusso
3164 4016 3402 4082 diabolo,

1822 4118 1992 4173 genus
2013 4116 2171 4156 suum
2202 4101 2480 4156 liberavit.

1896 4192 2057 4249 Vens.
2089 4194 2177 4249 2}.
2203 4225 2270 4234 —
2298 4194 2591 4251 Vindicauit
2620 4196 2791 4265 illum,
2822 4207 2928 4255 etc.
2976 4199 3229 4257 Ostendit
3252 4200 3403 4256 illum

1823 4288 1913 4373 qui
1940 4285 2190 4373 iniuriam
2218 4287 2451 4355 faciebat
2478 4306 2586 4346 non
2614 4306 2736 4357 esse
2762 4293 2829 4348 de
2855 4308 3056 4364 genere
3081 4308 3196 4349 suo.

1893 4370 2058 4433 Vens.
2091 4377 2271 4433 26.-
2311 4380 2567 4452 Apparuit
2616 4381 2742 4438 illis.
2780 4382 2963 4457 (Rem)
3020 4383 3111 4440 Sic
3153 4383 3405 4441 Christus

1824 4479 1946 4541 post
1973 4462 2339 4535 ascensionem
2360 4474 2606 4542 apparuit
2634 4489 2730 4544 per
2749 4476 3043 4546 apostolos,
3067 4477 3407 4548 litigantibus

1748 4584 1799 4644 ι)
1824 4563 2024 4641 Iudaeis
2050 4572 2104 4619 et
2138 4564 2443 4621 inﬁdelibus
2478 4567 2569 4636 qui
2599 4567 2926 4623 resistebant
2948 4568 3226 4638 apostolis.

1896 4654 2060 4710 Vens.
2085 4656 2174 4710 27.
2198 4687 2266 4695 -—
2288 4655 2418 4721 Quis
2444 4666 2492 4711 te
2521 4659 2811 4725 constituit,
2842 4669 2949 4714 etc.
2982 4660 3147 4728 Quasi
3179 4675 3404 4731 respon—

1824 4748 1952 4804 deat
1974 4749 2220 4820 Moyses:
2249 4748 2454 4813 Nullus,
2487 4750 2581 4806 sed
2609 4768 2622 4805 :
2654 4750 2816 4807 Solus
2839 4752 3000 4807 Deus.
3044 4751 3161 4808 Non
3198 4763 3282 4807 est
3310 4768 3406 4823 po-

1826 4833 1992 4909 testas
2034 4839 2138 4895 nisi
2170 4855 2200 4894 a
2226 4839 2359 4899 Deo.
2414 4839 2553 4896 Hinc
2601 4840 2705 4898 tale
2752 4856 2785 4895 a
2824 4840 3043 4897 Christo
3086 4853 3405 4913 responsum

1826 4918 2046 5003 quidam
2075 4940 2358 5007 acceperat
2383 4946 2399 4986 :
2427 4930 2471 5007 ρ
2501 4932 2685 5002 homo,
2710 4933 2826 5003 quis
2858 4949 2939 4987 me
2964 4934 3232 4989 constituit
3253 4934 3404 5005 judi—

1827 5016 1935 5077 cent
1961 5032 2050 5077 aut
2087 5022 2360 5077 divisorem
2388 5040 2546 5094 super
2575 5041 2660 5079 vos
2692 5023 2842 5095 (Luc.
2873 5023 3008 5097 xu)?
3054 5024 3183 5091 Quis
3210 5034 3259 5080 te
3283 5043 3407 5083 cou—

1826 5113 2015 5180 stituit,
2038 5122 2143 5170 etc.
2188 5112 2246 5176 in
2287 5112 2636 5173 contentione
2679 5129 2778 5168 sua
2828 5113 2950 5170 illos
2995 5116 3271 5186 redarguit
3292 5114 3404 5185 jam

1828 5214 1955 5261 tunc
1980 5205 2082 5275 legi
2113 5212 2169 5260 et
2192 5203 2359 5275 Moysi
2389 5202 2554 5259 fuisse
2582 5204 2910 5260 contrarios.
2988 5213 3001 5225 '

1902 5297 2063 5351 Vens.
2089 5296 2179 5350 “2.8.
2216 5324 2287 5334 -—
2320 5293 2598 5365 Nunquid,
2631 5303 2736 5351 etc.
2768 5294 2997 5362 Quidam
3025 5304 3219 5368 putant
3257 5296 3408 5355 illum

1716 5422 1725 5463 ί
1828 5385 1920 5455 qui
1952 5383 2204 5439 defensus
2230 5392 2311 5438 est
2341 5398 2408 5439 ex
2433 5382 2514 5437 ira
2537 5398 2649 5439 rem
2679 5385 2993 5463 protulisse.

1900 5475 2063 5532 Vens.
2093 5476 2183 5532 9.9.
2204 5505 2275 5517 ——
2296 5467 2482 5547 Fugit.
2510 5475 2718 5548 Moyses
2741 5476 2875 5548 fugit
2904 5478 2957 5533 in
2979 5477 3216 5548 Madiau,
3236 5479 3287 5534 id
3300 5483 3403 5543 esu

1830 5568 2079 5623 Christus
2108 5568 2161 5622 in
2194 5575 2402 5638 gentes.

1840 5640 1847 5645 ’
1907 5657 2061 5713 Vens.
2091 5656 2351 5712 50.-—In
2384 5658 2500 5727 igne
2540 5640 2807 5725 ﬂammae,
2842 5667 2943 5713 etc.
2996 5657 3140 5728 Ignis
3180 5654 3249 5715 in
3274 5659 3407 5711 l‘Itlm

1834 5748 2066 5824 Spiritus
2111 5740 2347 5824 sanctus,
2371 5759 2591 5817 peccata
2644 5743 2823 5824 populi
2861 5750 3016 5821 quasi
3065 5748 3251 5823 spinae,
3283 5747 3409 5815 quia

1833 5820 1993 5897 ardor
2029 5840 2265 5911 Spiritus
2298 5820 2469 5897 sancti
2507 5822 2727 5909 peccata
2758 5839 2901 5895 illius
2931 5838 3107 5909 populi
3134 5850 3252 5894 non
3275 5852 3397 5892 Cott~
