3958 6314
525 353 629 411 ιιδ

1037 355 1426 410 W.\L:\F‘RlDl
1468 355 1710 408 STRADI
1751 355 1950 410 ΠΜ).
1993 355 2103 410 MOI

2228 353 2348 409 ΠΨ.
2392 354 2570 410 PARS
2612 356 2649 410 Ι.
2692 387 2761 396 —-
2799 356 3252 413 THEOLOGICA.

3685 361 3787 417 ιιι

526 470 756 541 sumpsit
797 473 888 540 qui
931 470 1122 524 densas
1171 470 1424 540 nequitiae
1472 469 1656 539 spinas
1697 469 1972 524 beneticiis
2005 461 2099 521 Dei
2131 470 2175 528 A
2206 467 2414 534 posuit,
2442 468 2567 536 quia
2615 479 2765 522 trans
2795 470 3112 524 Damascum
3142 469 3287 525 ducti
3317 478 3445 525 sunt
3473 471 3529 526 in
3557 470 3789 543 Babylo-

527 561 798 618 onnosuit.

564 578 944 726 $333.1an
989 649 1161 706 forma
1191 651 1329 721 ignis
1357 651 1498 721 (quae
1542 667 1648 706 non
1677 659 1762 706 est
1807 649 2105 720 imitabilis)

529 751 743 800 ostensa
769 752 854 798 est
897 741 1021 806 illis,
1053 757 1122 797 ne
1166 741 1401 811 aliquam
1423 783 1438 807 ,
1469 752 1600 806 etc.,
1628 759 1790 813 usque
1836 741 1904 795 ad
1943 756 2106 812 quam

525 840 835 904 promptum
863 831 1066 886 homini
1091 830 1516 887 calceamentum
1545 831 1749 885 tollere.
1963 886 1972 900 I

602 924 763 980 Vens.
795 923 884 978 52.
904 955 974 964 —
992 923 1105 994 Ego
1134 941 1270 978 sum.
1297 922 1449 989 Sum,
1470 923 1742 995 proprium
1761 922 1854 978 Dei
1883 921 2105 976 verbum

528 1026 633 1083 est,
656 1017 947 1074 secundum
971 1015 1098 1071 illud
1123 1035 1136 1071 :
1163 1013 1277 1088 Ego
1299 1034 1412 1071 sum
1437 1016 1526 1086 qui
1548 1033 1684 1081 sum,
1714 1023 1821 1070 etc.
1843 1033 1854 1067 :
1884 1012 1987 1080 Qui
2009 1024 2103 1080 est,

531 1108 673 1162 misit
703 1125 782 1162 me
810 1108 879 1162 ad
917 1126 1024 1163 vos.
1078 1107 1371 1179 Serpentes
1411 1124 1518 1174 non
1566 1117 1692 1175 sunt
1730 1109 1973 1180 timendi,
2016 1107 2106 1166 ubi

535 1198 678 1254 Deus
701 1213 938 1268 praesens
969 1199 1232 1270 loquitur,

603 1288 766 1345 Vens.
807 1290 896 1359 55.
920 1321 983 1330 -
1015 1290 1167 1360 Salue
1194 1291 1620 1358 calceamentum.
1655 1292 1766 1348 Hoc
1797 1287 1897 1348 nos
1922 1293 2107 1350 admo-

532 1387 646 1445 net,
676 1389 737 1434 ut
776 1389 983 1436 stantes
1022 1383 1076 1436 in
1104 1382 1345 1450 Ecclesia
1379 1381 1519 1454 (quae
1555 1393 1640 1440 est
1677 1393 1866 1449 sancta
1913 1387 2102 1457 terra),

533 1470 765 1525 mortuis
787 1471 1043 1540 operibus
1066 1473 1452 1528 renuntiemns.

605 1561 748 1622 Vsus
783 1560 946 1616 34.—
958 1559 1172 1630 Videns,
1195 1571 1302 1618 etc.
1321 1563 1502 1636 (Βλβ.)
1519 1563 1658 1621 Deus
1681 1571 1918 1619 totusest
1937 1564 2102 1628 visus,

535 1659 679 1707 totus
727 1660 809 1716 est
847 1653 1084 1722 auditus,
1119 1654 1303 1708 omnia
1351 1655 1518 1720 videt,
1568 1655 1750 1709 omnia
1795 1639 1968 1721 audit,
2011 1653 2107 1710 sed

537 1747 718 1802 videre
740 1755 793 1801 et
821 1748 1010 1816 audire
1038 1734 1240 1810 dicitur
1267 1747 1484 1818 quando
1514 1749 1820 1803 miseretur.

2210 572 2352 621 nem,
2385 558 2497 612 sive
2527 567 2672 612 trans
2701 557 3050 631 Babylonem.

2279 648 2442 703 Vens.
2475 648 2564 704 Η.
2601 680 2670 690 ν-
2707 649 3138 708 Tabernaculum.
3183 651 3318 720 Quia
3364 652 3620 710 dicebant
3665 670 3789 711 eum

2208 749 2394 793 contra
2425 748 2670 794 sanctum
2696 739 2872 794 locum
2920 755 3100 807 agere,
3129 743 3366 797 ostendit
3390 745 3535 813 quod
3571 744 3631 798 in
3663 761 3789 800 sau-

2207 836 2353 883 ctum
2386 827 2558 883 locum
2593 846 2698 884 non
2737 839 2820 884 est
2850 830 3058 885 locutus
3087 831 3478 902 blasphemiam

2279 916 2580 972 Secundum
2609 919 2852 989 formam.
2883 919 3062 992 (ΚΑΒ.)
3095 921 3265 990 Quam
3293 925 3341 976 ei
3374 924 3426 978 in
3454 925 3583 979 Sina
3607 935 3791 981 osten-

2207 1008 2381 1078 derat,
2409 1009 2534 1080 quia
2559 1019 2615 1066 et
2641 1012 2937 1079 secundum
2969 1011 3200 1068 formam
3231 1013 3457 1084 factum,
3483 1019 3794 1074 ostenditur

2207 1100 2383 1187 ipsum
2409 1103 2812 1170 tabernaculum
2844 1102 3072 1159 formant
3110 1105 3294 1168 fuisse.

2279 1191 2400 1264 (lu.)
2431 1191 2700 1250 Historice
2724 1210 2847 1250 cum
2871 1193 3000 1258 .lesu
3030 1197 3249 1265 dicitur,
3279 1199 3404 1269 quia
3431 1198 3650 1272 Moyses
3674 1210 3792 1257 erat

2207 1284 2511 1342 defunctus.

2278 1377 2441 1434 Vrsas.
2473 1377 2562 1433 £6.
2584 1410 2654 1420 —
2682 1379 2750 1434 Ut
2779 1381 3022 1439 inueniret
3051 1383 3466 1448 tabernaculum.
3493 1384 3558 1443 Id
3579 1397 3667 1444 est
3695 1405 3788 1445 ve-

2208 1484 2326 1534 rum
2349 1469 2626 1539 templum,
2657 1469 2809 1539 cujus
2838 1471 2967 1537 illud
2997 1472 3186 1546 ﬁgura,
3214 1475 3360 1543 quod
3383 1474 3502 1532 loco
3528 1493 3640 1532 non
3670 1495 3789 1534 mu-

2208 1568 2438 1628 taretur,
2470 1561 2523 1616 id
2553 1571 2638 1617 est
2663 1563 2960 1619 Ecclesiam
2996 1580 3157 1634 quam
3191 1566 3517 1636 praevidebat
3544 1569 3787 1626 futuram

2209 1650 2418 1706 ﬁrmam
2449 1661 2504 1707 et
2526 1654 2934 1720 immutabilem,
2963 1656 3030 1711 de
3051 1673 3156 1726 qua
3188 1658 3516 1728 Apostolus;
3547 1659 3788 1719 Firmum

2209 1739 2603 1810 fundamentum
2632 1743 2844 1804 Domini
2867 1755 2969 1800 stat
3013 1746 3097 1818 (Il
3142 1741 3274 1802 Tim.
3302 1766 3362 1816 ιι,
3392 1750 3471 1821 9).
3515 1753 3584 1807 Et
3613 1754 3737 1808 alibi
3771 1774 3784 1809 :

525 1897 528 1900 ,
613 1833 732 1900 Vidi
777 1836 1123 1908 afflictionem.
1153 1817 1299 1910 (10.),
1328 1836 1430 1905 Qui
1473 1837 1600 1901 licet
1647 1837 1880 1907 aliquem
1909 1836 2103 1904 tentari

2228 1828 2633 1897 Fundamentum
2654 1833 2800 1890 aliud
2833 1853 2980 1891 nemo
3021 1847 3183 1906 potest
3225 1856 3415 1909 ponere
3429 1817 3636 1912 'pra’ter
3657 1843 3787 1898 illud

533 1927 860 1996 permittam,
893 1943 997 1982 non
1034 1936 1211 1986 tamen
1239 1927 1534 1998 putandum
1565 1936 1648 1989 est
1673 1928 1816 1998 quod
1841 1928 2100 1983 nesciam.

610 2015 778 2091 Vens.
814 2018 904 2072 55.
927 2049 997 2059 --
1016 2017 1180 2088 Quem
1208 2029 1541 2089 negaverunt.
1567 2017 1934 2090 Synecdoche.
1959 2017 2108 2074 Multi

533 2106 784 2175 dicuntur
810 2122 1050 2178 negasse,
1079 2123 1200 2163 cum
1223 2123 1363 2162 unus
1386 2109 1628 2176 dixisset,
1657 2108 1739 2165 vel
1767 2107 1951 2164 forsan
1978 2109 2106 2180 quia

534 2193 715 2272 plures
749 2205 1133 2252 consenserunt
1153 2197 1243 2252 uni
1273 2198 1512 2270 neganti.

609 2282 924 2354 Principem.
959 2286 1145 2356 Magna
1176 2286 1313 2354 laus,
1349 2288 1492 2359 quod
1529 2288 1780 2367 princeps
1809 2298 1864 2346 et
1894 2291 2108 2348 redem-

536 2381 657 2456 ptor
681 2382 733 2428 et
761 2375 982 2430 eductor
1001 2376 1180 2446 populi
1211 2377 1425 2433 dicitur.

607 2463 765 2526 Vens.
795 2466 968 2520 37.—
990 2465 1090 2520 Hic
1119 2479 1193 2521 est
1226 2467 1451 2538 Moyses.
1483 2467 1540 2527 In
1567 2483 1660 2526 eos
1688 2471 1901 2541 culpam
1934 2483 2108 2529 retor.

535 2564 682 2638 quet,
714 2572 877 2627 quam
901 2558 1000 2627 ipsi
1027 2559 1401 2626 inobedientes
1426 2570 1482 2618 et
1527 2563 1789 2619 increduli
1810 2583 1862 2620 In
1888 2566 2104 2638 Moysen

536 2631 910 2704 refundebant.

608 2737 770 2795 Vens.
803 2741 890 2796 38.
915 2772 983 2781 —
1012 2741 1183 2798 Verba
1213 2745 1347 2800 vitae.
1379 2745 1558 2819 (Rm)
1582 2747 1635 2800 ld
1661 2756 1764 2817 est,
1793 2749 1928 2806 duas
1955 2751 2106 2805 tabu-

542 2829 625 2884 las
673 2845 796 2884 cum
841 2831 1120 2906 Decalogo,
1149 2842 1203 2889 et
1249 2837 1500 2892 mandata
1529 2848 1751 2908 caetera,
1802 2841 1869 2896 de
1911 2842 2106 2912 quibus

538 2920 738 2976 dicitur
761 2941 774 2976 :
801 2921 904 2990 Qui
929 2923 1106 2993 fecerit
1130 2943 1210 2992 ea,
1238 2929 1362 2984 vivet
1397 2930 1450 2984 in
1472 2931 1567 2985 eis.

611 3013 770 3070 Vens.
799 3014 888 3069 40.
909 3046 980 3056 -
1005 3016 1087 3084 Ad
1116 3018 1314 3073 Aaron.
1345 3019 1465 3090 (1ο.)
1492 3021 1654 3090 Quasi
1682 3023 1748 3079 ad
1783 3025 2099 3097 principem.

537 3103 702 3171 Quasi
726 3103 896 3174 ignari
926 3105 1233 3164 Divinitatis
1266 3109 1577 3181 loquuntur.
1610 3114 1749 3170 Deus
1774 3117 1917 3171 enim
1943 3134 2103 3174 verus

2205 1921 2344 1990 quod
2365 1923 2590 1990 positum
2618 1934 2715 1990 est,
2737 1925 2878 1996 quod
2905 1937 2977 1982 est
3006 1925 3244 1992 Christus
3269 1929 3425 1985 Iesus
3451 1930 3501 2001 (I
3527 1931 3653 1986 Cor.
3685 1935 3782 2003 tn).

2280 2011 2442 2067 Vens.
2465 2013 2639 2068 48.—
2661 2014 2764 2070 Sed
2785 2033 2888 2072 non
2912 2016 3180 2072 Excelsus.
3201 2018 3384 2092 (ΗΑΒ.)
3408 2021 3484 2076 Ex
3508 2025 3780 2076 sententia

2208 2098 2514 2158 Salomonis
2557 2101 2770 2162 Judzcos
2799 2107 3099 2171 convincit,
3131 2117 3261 2172 etc.,
3291 2127 3453 2182 usque
3493 2112 3564 2165 ad
3595 2128 3700 2167 non
3732 2114 3782 2167 in

2206 2195 2321 2250 solo
2349 2195 2548 2266 templo
2575 2194 2883 2258 Iudaeorum
2913 2214 3035 2258 eum
3067 2200 3336 2264 habitare.

2278 2284 2427 2346 Sicut
2466 2303 2558 2358 per
2591 2289 2912 2358 prophetam,
2937 2298 3041 2359 etc.
3067 2292 3143 2346 De
3191 2292 3539 2358 tabernaculo
3587 2297 3775 2368 primo,

2205 2377 2348 2448 quod
2385 2376 2485 2438 fuit
2523 2377 2713 2434 umbra
2740 2388 2794 2447 et
2821 2396 2925 2436 non
2972 2383 3194 2452 veritas,
3222 2385 3371 2456 prius
3413 2387 3574 2452 dixit,
3598 2401 3777 2459 postea

2206 2468 2571 2524 testimonium
2615 2471 2798 2540 posuit
2845 2472 3072 2530 dicentis
3124 2475 3192 2531 de
3244 2478 3595 2542 tabernaculo
3642 2483 3779 2550 quod

2206 2559 2386 2614 verius
2409 2559 2526 2614 fuit.
2553 2559 2610 2614 Si
2630 2561 2880 2616 introiere
2901 2563 2955 2617 in
2979 2565 3375 2628 tabernaculum
3397 2569 3627 2634 Domini,
3653 2584 3775 2635 etc.,

2208 2652 2273 2706 ad
2304 2651 2546 2707 ultimam
2577 2655 2897 2710 sententiam
2928 2658 3110 2727 posuit
3139 2659 3332 2716 Deum.
3363 2662 3435 2718 Ut
3463 2663 3517 2716 in
3549 2679 3636 2717 ore
3661 2666 3780 2717 duo-

2207 2760 2321 2798 rum
2350 2743 2425 2797 vel
2452 2745 2610 2796 trium
2631 2747 2835 2798 testium
2867 2756 2962 2800 stet
2989 2765 3139 2802 omne
3166 2751 3395 2818 verbum.

2280 2832 2439 2898 Vens.
2471 2833 2559 2888 49.
2583 2833 2864 2898 —Caelum
2896 2837 3041 2891 mihi.
3081 2837 3173 2893 Sic
3218 2840 3554 2898 demonstrat
3587 2859 3645 2898 se
3677 2847 3776 2900 cir-

2207 2923 2460 2977 cumdar-e
2487 2925 2696 2990 omnia;
2731 2926 2870 2981 unde
2896 2927 3045 2994 alibi,
3070 2929 3267 2984 caelum
3299 2946 3356 2986 se
3378 2933 3557 3003 palmo
3583 2939 3775 3002 metiri,

2205 3022 2259 3068 et
2286 3021 2484 3068 terram
2512 3015 2713 3086 pugillo
2739 3031 2796 3071 se
2828 3017 3149 3074 concludere
3184 3021 3396 3076 asserit.

2281 3105 2440 3160 Terra
2464 3117 2656 3163 autem.
2675 3109 2855 3165 Terrae
2875 3110 3122 3182 exemplo
3146 3112 3614 3185 designatomnem
3637 3135 3777 3173 crea-

536 3214 641 3254 non
673 3209 753 3255 est
781 3199 974 3271 factus,
1009 3203 1103 3258 sed
1145 3205 1325 3260 omnia
1372 3205 1522 3276 fecit,
1559 3223 1660 3266 nec
1703 3221 1948 3272 creatura
1999 3224 2100 3282 est,
2133 3170 2175 3232 C
2212 3203 2387 3250 tum")
2415 3196 2706 3253 C'caw'is°

535 3290 630 3344 sed
657 3289 884 3346 Creator
908 3293 1168 3349 omnium.

605 3381 718 3436 Fac
765 3383 911 3438 nobis
953 3384 1097 3440 deos.
1131 3385 1254 3458 (lo.)
1303 3388 1442 3444 Deos
1483 3390 1700 3458 dicunt,
1726 3403 1947 3465 propter
1973 3397 2106 3454 duas

535 3473 832 3540 columnas,
864 3485 993 3550 etc.,
1017 3471 1177 3548 usque
1206 3479 1275 3532 ad
1294 3479 1542 3550 columna
1575 3483 1714 3554 ignis
1741 3484 1796 3539 in
1826 3495 1985 3542 nocte
2007 3505 2106 3559 po-

536 3565 718 3634 pulum
740 3566 1090 3633 prmcedebat.

610 3653 768 3709 Vens.
799 3655 886 3710 42.
910 3687 979 3696 -
1006 3656 1210 3712 Militia:
1249 3659 1382 3715 caeli.
1430 3659 1617 3718 Militia
1663 3665 1787 3721 coeli
1817 3665 2107 3739 aliquando

539 3743 735 3797 dicitur
763 3745 1032 3800 exercitus
1055 3747 1392 3818 angelorum,
1421 3752 1515 3807 sed
1543 3753 1596 3807 in
1625 3753 1728 3810 hoc
1752 3754 1892 3828 loco,
1925 3759 2104 3815 sidera

541 3835 785 3888 militiam
829 3837 946 3900 coeli
1001 3839 1257 3907 nominat,
1293 3857 1413 3898 cum
1451 3846 1696 3915 protinus
1734 3848 1915 3915 addat,
1957 3853 2106 3908 sidus

539 3925 637 3978 Dei
652 3926 818 3978 vestri.
850 3925 913 3980 In
935 3926 1088 3994 libro,
1109 3939 1215 3985 etc.
1239 3931 1494 3998 Quamvis
1517 3936 1665 3992 multi
1681 3938 1787 3993 sint
1811 3943 2101 4011 prophetae,

540 4029 678 4073 unus
720 4023 897 4075 tamen
946 4016 1083 4078 lil'er
1125 4019 1322 4090 dicitur
1372 4038 1513 4097 esse,
1560 4035 1616 4082 et
1667 4031 1809 4102 apud
1851 4030 2108 4096 Hebraeos

539 4123 676 4163 unus
701 4120 782 4164 est
806 4111 961 4181 liber.

611 4198 861 4270 Nunquid
891 4203 1139 4259 victimas.
1159 4204 1340 4281 (Rm)
1366 4204 1622 4278 Quamvis
1651 4211 1973 4272 necessitate
1998 4229 2108 4274 ser-

537 4289 713 4344 viendi
769 4291 878 4346 Deo
927 4293 1178 4363 libarent,
1218 4311 1396 4357 mente
1444 4313 1652 4370 tamen,
1681 4317 1809 4373 etc.,
1837 4326 1996 4382 usque
2036 4311 2105 4364 ad

539 4393 754 4447 semper
782 4383 942 4437 corde
969 4383 1022 4437 in
1049 4385 1339 4458 Egyptum
1367 4401 1491 4446 sunt
1521 4394 1742 4448 reversi.

611 4468 878 4534 Qumritur
901 4477 1168 4542 quomodo
1204 4495 1308 4533 non
1341 4481 1633 4536 obtulerint
1660 4484 1787 4549 Deo,
1813 4502 1934 4541 cum
1959 4488 2104 4559 lega-

542 4569 630 4612 tur
673 4558 782 4616 Deo
807 4577 900 4618 eos
933 4566 1174 4633 quaedam
1222 4569 1501 4634 obtulisse,
1533 4586 1635 4625 non
1683 4573 1976 4640 voluntate,
2009 4558 2102 4634 sed

538 4659 681 4705 metu
721 4658 1037 4721 poenarum?
1065 4657 1204 4725 Deus
1247 4668 1426 4713 autem
1475 4677 1578 4716 non
1628 4679 1745 4719 ante
1779 4665 2100 4737 offeruntur,

539 4741 630 4795 sed
660 4743 984 4799 voluntatem
1015 4746 1350 4802 olli-renuunt
1381 4751 1592 4822 accipit.

609 4831 769 4889 Vens.
806 4835 894 4889 45.
920 4867 986 4876 -
1009 4835 1258 4906 Figuras,
1291 4848 1394 4894 etc.
1421 4841 1600 4916 (Rau)
1633 4844 1792 4901 Sidus
1816 4846 1908 4902 Dei
1934 4851 2101 4912 vestri

536 4939 620 4986 est
662 4931 890 4996 aniler,
920 4934 1003 4988 cui
1036 4934 1441 5005 assignaverunt
1481 4940 1696 5014 ﬁguras.
1747 4943 1910 5000 Iidem
1943 4946 2014 5001 dii
2044 4947 2099 5002 in

537 5021 721 5092 ﬁguris
748 5033 801 5077 et
823 5023 992 5078 stellis
1026 5025 1405 5083 adorabantur.

608 5116 729 5184 (ln.)
775 5115 1001 5182 Quidam
1053 5120 1129 5172 sic
1176 5121 1361 5178 dicunt
1412 5124 1558 5182 sidus
1600 5126 1695 5182 Dei
1735 5129 1921 5194 vestri,
1954 5140 2010 5184 ut
2033 5132 2099 5186 ad

539 5207 703 5260 Deum
730 5207 996 5274 pertineat
1022 5211 1267 5277 verbum,
1293 5214 1417 5283 quia
1443 5231 1548 5272 non
1587 5217 1762 5294 ipsum
1790 5219 2097 5291 Dominum,

535 5295 626 5349 sed
654 5293 768 5362 ejus
794 5296 942 5353 sidus
971 5312 1336 5371 susceperunt.

606 5385 675 5439 Et
703 5389 1035 5456 transferam.
1083 5392 1306 5464 Propter
1344 5396 1458 5453 haec
1499 5399 1774 5472 sacrilegia
1816 5411 1962 5457 trans
1989 5403 2095 5457 Ba-

535 5476 781 5548 bylonem
806 5480 1075 5538 ducemini
1105 5485 1322 5554 captivi.
1351 5485 1464 5543 Non
1492 5501 1575 5544 est
1596 5493 1868 5562 putandus
1893 5495 2102 5563 primus

535 5577 741 5640 martyr
773 5585 1001 5635 errasse,
1045 5575 1134 5643 qui
1172 5591 1270 5645 pro
1295 5592 1360 5632 eo
1385 5580 1527 5648 quod
1573 5581 1623 5635 in
1669 5583 1928 5652 propheta
1961 5585 2098 5638 scri-

533 5666 683 5724 ptum
715 5669 817 5724 est,
852 5661 1024 5718 Trans
1053 5664 1370 5722 Damascum
1407 5671 1548 5725 ducti
1584 5681 1728 5736 sunt,
1764 5673 1916 5738 dixit,
1951 5683 2098 5730 trans

531 5748 885 5826 Babylonem:
909 5756 1076 5828 magis
1097 5757 1238 5812 enim
1264 5758 1668 5831 intelligentiam
1693 5777 1851 5832 qnam
1877 5763 2096 5819 verbum

2280 3309 2441 3364 Vsus.
2470 3310 2559 3365 51.
2582 3341 2652 3350 -
2681 3311 2825 3367 Dura
2853 3315 3064 3373 cervice.
3098 3315 3278 3390 (ΕΑΒ.)
3325 3317 3592 3391 Purgatus
3615 3339 3642 3377 a
3670 3324 3772 3378 cri-

2208 3400 2371 3465 mine,
2398 3401 2464 3455 de
2503 3416 2608 3470 quo
2634 3399 2752 3460 falsi
2786 3411 2950 3460 testes
2976 3421 3099 3460 eum
3130 3410 3447 3480 arguebant,
3480 3412 3660 3480 incipit
3686 3414 3768 3468 Ju-

2208 3491 2350 3547 dzcos
2391 3507 2638 3563 arguere,
2669 3494 2795 3564 quia
2824 3495 2916 3569 qui
2942 3497 3058 3552 sine
3082 3499 3309 3555 crimine
3345 3511 3451 3568 est,
3484 3504 3671 3574 dignus
3698 3517 3770 3560 est

2208 3585 2444 3641 doctoris
2471 3585 2666 3642 ollicio.

2279 3675 2345 3730 Et
2375 3677 2774 3745 incircumcisis,
2792 3688 2894 3734 etc.
2913 3678 3161 3744 Ostendit
3187 3683 3266 3740 eis
3287 3683 3767 3756 circnmcisionem,

2207 3767 2273 3822 de
2314 3783 2419 3837 qua
2447 3777 2634 3848 contra
2681 3771 2909 3840 gratiam
2956 3771 3231 3844 Evangelii
3259 3776 3646 3848 gloriabantur,
3673 3801 3765 3836 non

2207 3861 2386 3921 valere
2422 3861 2488 3915 ad
2517 3843 2744 3918 salutem
2795 3863 2861 3918 iis
2889 3865 2979 3935 qui
3020 3843 3400 3938 cogitationem
3437 3883 3494 3927 et
3537 3876 3765 3928 auditum

2207 3953 2475 4010 habebant
2503 3955 2856 4011 immundum.

2279 4066 2442 4122 Vens.
2474 4069 2561 4123 52.
2589 4101 2656 4122 -τ-
2677 4069 2864 4125 Patres
2885 4074 3055 4127 vestri.
3085 4073 3264 4147 (ΗΑΒ.)
3283 4076 3454 4149 Supra
3480 4092 3654 4150 patres
3678 4103 3767 4141 no-

2207 4158 2302 4212 stri
2330 4159 2558 4220 dicebat,
2592 4161 2960 4228 persuadendo
2989 4163 3234 4235 loquens,
3263 4183 3404 4228 nunc
3429 4170 3766 4245 increpando.

2211 4257 2388 4324 patres
2420 4249 2628 4309 illorum
2663 4259 2870 4312 tantum
2909 4268 3089 4326 vocat,
3117 4262 3310 4333 quibus
3339 4264 3544 4321 similes
3575 4281 3698 4323 sunt
3725 4271 3768 4323 in

2210 4345 2434 4401 malitia.

2284 4435 2349 4488 Et
2384 4435 2698 4492 occiderunt.
2730 4438 2909 4512 (ΚΑΒ.)
2940 4440 3074 4498 Tres
3101 4443 3298 4514 gradus
3335 4447 3553 4504 malitizc
3595 4467 3770 4506 eorum

2132 4527 2182 4586 D
2209 4525 2358 4595 ponit
2382 4547 2392 4580 :
2421 4526 2626 4596 primus
2647 4537 2750 4593 cst,
2778 4531 2921 4600 quod
2949 4532 3160 4600 spiritui
3192 4534 3506 4591 resisterent
3536 4555 3549 4603 ;
3583 4557 3766 4594 secun-

2208 4619 2308 4674 dus
2345 4619 2486 4688 quod
2517 4621 2806 4689 prepbetas
2851 4623 3117 4690 persecuti
3165 4634 3330 4692 sunt;
3377 4630 3592 4696 tertius,
3640 4636 3769 4701 quod

2209 4720 2487 4768 crescente
2516 4712 2720 4767 malitia
2757 4727 2851 4767 eos
2880 4714 3212 4772 occiderunt.

2280 4823 2444 4880 Vens.
2473 4823 2562 4879 55.
2585 4856 2657 4866 -
2683 4823 2941 4880 Stantem.
2973 4825 3340 4898 Immoblliter,
3373 4834 3499 4902 quia
3527 4852 3634 4890 non
3673 4839 3742 4893 ite

2210 4930 2328 4969 rum
2375 4930 2622 4980 casurus,
2651 4913 2734 4969 vel
2771 4915 3039 4970 indicatur
3081 4918 3296 4975 habitus
3345 4923 3675 4986 anxiliantis.
3717 4937 3766 4980 et

2207 5005 2774 5075 injuriasjndieantis,
2802 5014 2858 5059 et
2883 5022 2983 5077 pro
3012 5022 3170 5064 servo
3194 5014 3503 5080 pugnantis.

2285 5095 2445 5150 Video
2471 5095 2641 5150 cmlos.
2672 5094 2853 5167 (ΗΑΒ.)
2900 5097 3224 5167 Migraturus
3250 5116 3280 5155 a
3312 5109 3475 5169 terra,
3507 5107 3671 5162 caelos
3695 5111 3767 5163 vi-

2203 5186 2281 5241 dit
2301 5195 2535 5256 apertos,
2567 5194 2626 5244 ut
2651 5188 2742 5256 qui
2780 5197 3052 5244 terrenam
3079 5191 3244 5247 vitam
3274 5210 3372 5264 pro
3403 5197 3621 5254 Christo
3648 5217 3767 5256 con-

2202 5281 2440 5352 tempsit,
2467 5290 2741 5338 mereatur
2766 5284 3135 5342 heereditatem
3165 5289 3314 5356 caeli,
3341 5299 3397 5346 et
3419 5292 3538 5350 ideo
3567 5295 3621 5350 in
3659 5297 3763 5368 ipsa

2203 5375 2452 5448 passione
2477 5375 2623 5430 videt
2646 5377 2946 5445 premium.

2275 5466 2475 5523 Filium
2513 5469 2755 5524 hominis.
2778 5469 2912 5526 Cum
2941 5471 3188 5530 Christus
3216 5475 3286 5530 sit
3311 5475 3482 5534 Filius
3512 5481 3627 5544 Dei,
3651 5497 3763 5536 ma-

2201 5561 2301 5616 luit
2321 5569 2498 5615 tamen
2524 5561 2796 5631 appellare
2818 5561 3011 5618 Filium
3043 5565 3299 5632 hominis,
3329 5577 3386 5623 ut
3415 5573 3766 5628 confundatur

2201 5651 2506 5707 Iudaeorum
2551 5652 2867 5718 infidelitas,
2895 5657 2985 5725 qui
3015 5671 3138 5711 eum
3172 5665 3233 5712 ut
3263 5675 3458 5728 purum
3501 5665 3764 5721 hominem

2204 5741 2618 5806 cruciﬁxcrnnt,
2646 5759 2803 5812 quem
2837 5744 2999 5800 Deum
3030 5748 3248 5801 credere
3285 5750 3590 5818 noluerunt.
