3958 6314
234 402 330 460 4ιῦ

1066 395 1330 452 GLOSSA
1369 394 1853 451 ORDlNARlA.—-
1889 392 2016 446 LIB.
2055 392 2338 448 ACTUUM
2379 392 2618 449 APOST.

3355 391 3462 445 “6

295 513 448 570 Vsus.
481 512 569 568 57.
594 541 664 554 -—
697 512 759 567 Et
789 514 1070 584 ejicientes.
1098 513 1277 584 (8η.)
1333 513 1388 567 lu
1439 515 1540 567 hoc
1585 525 1642 566 se
1689 512 1787 564 im-
1815 514 1865 571 Α
1960 507 2122 563 Vens.
2154 509 2312 564 H.-—
2344 508 2534 578 Magis.
2561 508 2740 580 (ΚΑΒ.)
2779 507 2914 580 Magi
2944 510 3009 564 de
3040 509 3262 580 singulis
3283 509 3459 581 philo-

231 607 367 680 plere
390 603 556 674 legem
577 603 972 674 gloriﬁcabaut.
1008 603 1216 686 Moyses
1239 605 1378 658 enim
1423 603 1490 657 de
1535 603 1784 671 blasphe-

232 704 398 752 mante
421 694 553 748 dixit
580 712 594 747 :
629 693 780 748 Educ
809 711 926 747 eum
947 693 1090 762 [oras
1119 704 1262 748 extra
1283 703 1475 758 castra,
1507 702 1554 746 et
1594 690 1788 762 lapidet

230 801 337 840 eum
356 782 570 852 populus
601 781 741 853 (Leu.
766 783 936 854 xxxv).

295 870 444 926 Vens.
475 869 565 926 58.
593 901 658 911 —
679 870 899 944 Domine
919 871 1069 936 Jesu,
1096 871 1295 941 suscipe
1319 871 1558 942 spiritum
1593 885 1784 935 meum,

229 964 276 1017 in
305 960 491 1016 emtum
523 960 666 1031 quod
694 961 848 1017 video
869 951 1132 1032 apertum.
1160 961 1405 1016 Christus
1430 959 1564 1020 dixit
1592 959 1740 1032 Patri
1767 977 1780 1013 :

231 1051 411 1116 Pater,
467 1050 521 1104 in
562 1067 748 1104 manus
797 1060 916 1105 tuas
963 1035 1261 1128 commendo
1306 1051 1544 1120 spiritum
1593 1065 1780 1104 meum.

220 1129 538 1210 Stephanus,
569 1141 721 1209 quasi
753 1157 940 1196 servus
961 1141 1205 1205 Domino,
1226 1140 1467 1206 Domine,
1492 1147 1594 1196 etc.

291 1231 421 1297 Quia
473 1233 728 1286 nesciunt.
795 1230 976 1306 (ΚΑΒ.)
1032 1232 1182 1288 Multi
1236 1249 1442 1300 eorum,
1495 1234 1787 1290 occidendo

225 1321 570 1391 Stephanum,
616 1322 954 1402 aestimabant
1011 1338 1070 1377 se
1129 1323 1350 1394 implere
1396 1324 1592 1402 legem,
1660 1324 1785 1394 quia

221 1414 584 1483 blasphemum
612 1429 734 1469 eum
759 1398 1072 1473 credebant.
1102 1415 1217 1472 Hoc
1255 1427 1309 1472 et
1360 1398 1606 1473 Cliristus
1651 1433 1787 1489 prte-

222 1505 418 1559 dixerat
448 1522 464 1558 :
501 1505 700 1571 Veniet,
729 1507 922 1576 inquit;
945 1509 1095 1573 liora,
1126 1517 1182 1560 ut
1210 1511 1376 1563 omnis
1423 1509 1511 1580 qui
1544 1509 1784 1578 inter/icit

220 1594 297 1647 cas
320 1594 606 1647 arbitretur
633 1613 687 1650 se
706 1596 1002 1668 obsequium
1029 1607 1277 1668 prazstare
1299 1598 1406 1653 Deo
1451 1598 1632 1671 (Joan.
1650 1599 1781 1670 va).

285 1683 441 1737 Vens.
477 1683 562 1738 59.
598 1716 669 1725 —
699 1684 1039 1740 Obdormivit.
1069 1688 1298 1744 Pulchre
1322 1690 1520 1744 dictum
1547 1701 1650 1758 est,
1681 1689 1786 1744 0b-

216 1778 552 1842 dormivit,et
578 1794 706 1854 non,
750 1761 992 1838 Mortuus
1021 1791 1117 1845 est,
1159 1783 1282 1852 quia
1336 1783 1528 1838 obtulit
1576 1781 1781 1838 sacriﬁ-

1887 600 2205 674 sophantur,
2250 599 2316 653 de
2358 606 2547 653 natura
2615 601 2822 665 mundi,
2878 615 3036 656 cursu
3092 601 3346 668 siderum,
3403 610 3460 657 et

1889 695 2137 750 motibus.
2169 692 2452 749 Seducens.
2499 693 2756 748 Seorsum
2809 703 2861 750 et
2909 711 2937 749 a
2967 695 3193 751 veritate
3235 695 3456 763 ducens,

1886 784 1970 838 vel
1991 784 2044 838 in
2073 798 2373 848 excessum,
2402 783 2514 837 sive
2527 793 2808 863 .stuporem
2829 792 2882 838 et
2903 785 3311 840 admirationem
3332 800 3460 840 con-

1886 883 2124 938 vertens,
2152 889 2246 944 per
2269 873 2570 943 praestigias
2601 889 2744 928 suas.
2802 873 3174 929 Dementasset.
3233 875 3461 931 Demen-

1888 971 2004 1034 tare
2026 973 2109 1018 est
2134 961 2448 1041 rationalem
2474 970 2709 1016 mentem
2737 962 3044 1017 absentare.

1957 1054 2119 1108 Vens.
2156 1053 2242 1107 12.
2273 1083 2342 1092 —
2370 1049 2631 1121 Philippo.
2660 1050 2840 1123 (8η.)
2868 1053 3062 1106 Dicunt
3107 1054 3322 1123 quidam
3387 1052 3462 1110 is-

1889 1151 2002 1198 tum
2029 1142 2334 1212 Philippum
2365 1140 2530 1196 fuisse
2560 1140 2879 1220 apostolum,
2904 1149 2956 1195 et
2980 1157 3146 1202 unum
3168 1143 3234 1197 de
3262 1143 3462 1199 duode-

1886 1236 2012 1300 cim,
2046 1235 2139 1290 sed
2168 1249 2274 1288 non
2295 1233 2509 1288 videtur
2530 1248 2718 1288 verum
2745 1231 3036 1288 secundum
3067 1233 3263 1300 seriem
3302 1233 3461 1305 hujus

1887 1325 2032 1380 libri.

1895 1398 1898 1402 ’
1955 1413 2085 1468 Jesu
2116 1411 2328 1469 Christi.
2357 1411 2478 1481 (ῐυ.)
2505 1410 2670 1480 Cujus
2705 1421 2858 1468 erant
2884 1411 3058 1482 ignari
3085 1411 3170 1468 vel
3201 1412 3280 1486 (ut
3323 1427 3462 1482 pra:-

1887 1506 2086 1560 dictum
2117 1506 2218 1574 est)
2265 1506 2318 1559 in
2348 1505 2563 1559 nomine
2605 1502 2732 1559 Jesu
2771 1504 3088 1562 Trinitatem
3131 1502 3458 1573 praedicavit,

1885 1605 1941 1653 et
1965 1597 2054 1668 qui
2083 1586 2286 1650 tantum
2314 1611 2477 1651 unam
2501 1611 2788 1665 personam
2811 1595 2878 1649 de
2921 1593 3186 1648 Trinitate
3221 1593 3460 1664 perfecte

1886 1689 2076 1753 credit,
2105 1689 2423 1767 credulitate
2459 1688 2685 1758 aliarum
2711 1687 2939 1742 duarum
2968 1701 3157 1742 carere
3205 1702 3311 1742 non
3358 1701 3456 1760 po-

1889 1791 2013 1836 test.

215 1869 346 1923 cium
367 1868 694 1934 dilectionis,
719 1878 774 1925 et
797 1869 1119 1927 obdormivit
1147 1873 1198 1926 in
1225 1887 1317 1941 spe
1343 1873 1775 1928 resurrectionis.
1815 1870 1855 1929 Β
1954 1871 2117 1926 Vens.
2148 1873 2234 1927 13.
2261 1902 2333 1912 -
2359 1871 2502 1927 Tunc
2532 1871 2735 1933 Simon.
2763 1869 2886 1947 (10.)
2938 1869 3032 1929 Vel
3075 1870 3304 1948 credidit
3354 1869 3459 1925 Do-

216 1958 388 2014 Saneti
421 1975 536 2014 non
563 1961 885 2024 moriuntur,
914 1962 1040 2032 quia
1073 1963 1125 2017 in
1163 1963 1354 2020 melius
1384 1973 1679 2029 mutantur,
1731 1975 1783 2018 et

214 2050 311 2104 vita
342 2053 658 2122 temporalis
687 2053 738 2107 in
761 2062 1020 2110 aeternum
1049 2056 1294 2110 vertitur.

279 2141 481 2197 Saulus
505 2155 693 2205 autem.
726 2153 830 2210 etc.
862 2144 975 2202 Non
998 2147 1212 2216 quidem
1242 2147 1514 2224 lapidavit,
1539 2150 1632 2218 sed
1657 2149 1778 2218 lapi-

209 2231 454 2288 dantibus
488 2236 777 2292 consensit.
816 2237 967 2292 Unde
993 2239 1215 2308 periret,
1241 2240 1341 2295 nisi
1364 2241 1536 2310 gratia
1588 2241 1683 2296 Dei
1728 2249 1786 2296 et

209 2326 523 2392 pmnitentia
567 2327 618 2382 ei
650 2329 982 2398 subveniret;
1015 2332 1139 2401 quia
1190 2334 1279 2404 qui
1318 2333 1520 2390 faciunt
1559 2343 1614 2390 et
1656 2351 1782 2398 con-

209 2416 467 2480 sentiunt,
503 2418 646 2488 digni
676 2431 800 2475 sunt
828 2430 1020 2498 morte.

794 2551 1020 2608 CAPUT
1057 2553 1184 2609 Vlll.

275 2681 439 2738 Vens.
475 2684 523 2739 1.
552 2715 620 2724 -
647 2682 712 2741 In
739 2684 829 2738 illa
849 2685 951 2739 die.
978 2684 1157 2758 (Rm)
1190 2685 1305 2755 Qua
1345 2687 1647 2762 Stephanus
1690 2707 1781 2754 oc-

206 2772 347 2828 cisus
368 2783 473 2838 est,
504 2792 607 2832 non
631 2777 753 2845 quia
779 2785 904 2846 tunc
929 2777 1102 2850 solum
1125 2777 1287 2846 facta,
1326 2782 1418 2836 sed
1447 2783 1570 2851 quia
1597 2784 1664 2838 ab
1693 2764 1782 2838 illa

205 2863 289 2918 die
317 2867 486 2936 coepit
512 2869 817 2937 persecutio
848 2885 1060 2941 magna,
1096 2872 1276 2927 occiso
1306 2888 1412 2928 uno
1431 2872 1496 2928 de
1528 2875 1782 2946 principi-

201 2953 302 3009 bus
333 2956 610 3011 Ecclesia).

270 3045 539 3100 Ecclesia.
569 3046 823 3103 Collectio
854 3049 934 3112 vel
965 3054 1330 3122 congregatio,
1388 3055 1502 3110 sive
1550 3056 1777 3111 vocatio.

197 3139 444 3209 Dispersi
473 3151 611 3193 sunt.
642 3141 759 3217 Ηος
773 3151 855 3196 est
882 3144 1022 3213 quod
1055 3145 1309 3210 Dominus
1339 3148 1622 3216 prmcepit:
1649 3147 1780 3203 Cum

1885 1963 2049 2028 mino,
2074 1964 2253 2018 verbis
2275 1963 2503 2034 Philippi
2527 1973 2580 2019 et
2600 1963 2813 2028 virtute,
2841 1970 2969 2026 etc.,
2997 1978 3158 2032 usque
3179 1962 3247 2015 ad
3271 1959 3458 2018 Eccle-

1883 2051 2020 2107 siam
2051 2050 2417 2106 fraudulenter
2443 2053 2691 2123 ingressi,
2720 2051 2985 2124 baptisma
3012 2050 3276 2106 furantur.

1954 2146 2119 2200 Vens.
2172 2145 2357 2200 14.--
2405 2144 2684 2206 Miserum,
2737 2145 2928 2220 Petrus
2975 2142 3238 2218 Joannem
3287 2143 3459 2200 sociat

1883 2239 2003 2303 sibi,
2044 2239 2168 2308 quia
2199 2239 2480 2310 virginitas
2507 2239 2763 2294 Ecclesiae
2800 2247 2949 2310 grata
3003 2246 3108 2314 est,
3163 2246 3219 2293 et
3262 2237 3455 2308 placet.

1954 2333 2115 2388 Vens.
2148 2332 2233 2386 l6.
2258 2363 2328 2372 —
2351 2331 2417 2386 In
2448 2332 2669 2386 nomine.
2705 2330 2818 2385 Non
2851 2338 2934 2385 est
2961 2331 3038 2387 sic
3059 2329 3366 2401 legendum,
3403 2329 3458 2384 in

1884 2426 2088 2479 nomine
2111 2424 2237 2478 Jesu
2266 2434 2488 2487 tantum,
2517 2433 2576 2477 ut
2620 2423 2740 2477 aliae
2781 2438 3028 2493 persona:
3078 2422 3454 2487 excludantur,

1883 2517 1976 2572 sed
2006 2518 2082 2572 sic
2108 2531 2120 2570 :
2154 2527 2355 2570 tantum
2380 2515 2628 2582 baptizati
2658 2525 2827 2576 erant,
2865 2523 2993 2576 etc.,
3021 2513 3074 2566 id
3100 2521 3183 2568 est
3228 2512 3457 2568 necdum

1882 2607 2206 2664 conﬁrmati.
2239 2607 2387 2661 Jesu.
2415 2606 2616 2660 Tamen
2645 2613 2790 2669 ante,
2819 2604 2870 2658 in
2898 2603 3117 2658 Patrem
3163 2603 3434 2658 credeban

1881 2699 2009 2762 etin
2037 2698 2294 2767 Spiritum
2317 2705 2584 2761 sanctum,
2615 2696 2754 2750 sicut
2778 2694 2866 2749 alii
2892 2693 3082 2751 Judaei.
3135 2693 3253 2759 Vel,
3301 2693 3460 2765 plena

1883 2789 2016 2845 ﬁdes
2043 2790 2200 2844 unius
2227 2803 2468 2859 personae
2501 2787 2659 2842 ﬁdem
2685 2786 2964 2841 Trinitatis
2987 2785 3288 2841 conﬁrmat.

1952 2879 2115 2935 Vens.
2150 2880 2310 2934 l7.—
2333 2878 2672 2949 Imponebant
2695 2896 2898 2932 manus.
2919 2877 3131 2948 (BI-EDA.)
3156 2877 3456 2948 Philippus,

1880 2969 1973 3039 qui
2002 2969 2262 3024 Samaria:
2291 2969 2715 3039 evangelizabat,
2766 2985 2905 3023 unus
2937 2969 3002 3023 de
3049 2977 3272 3037 septem,
3324 2978 3454 3033 etc.,

1881 3079 2041 3132 usque
2067 3062 2133 3115 ad
2158 3078 2276 3118 cum
2309 3060 2470 3114 tradit
2502 3059 2759 3130 Spiritum
2787 3058 3115 3128 paracletum
3154 3059 3455 3128 baptizatis.

1955 3153 2117 3207 Vens.
2150 3153 2324 3207 l9.—
2369 3151 2702 3205 Potestatem.
2753 3149 2933 3220 (llas)
2986 3149 3100 3202 Non
3149 3148 3455 3217 baptizandi

193 3239 576 3298 persequentur
601 3247 682 3284 ros
706 3233 762 3284 in
778 3232 983 3286 civitate
1005 3234 1774 3312 ista,fugitcinaliam(Matth.
1805 3221 1849 3282 (ἶ
1883 3252 2087 3299 tantum
2126 3245 2179 3297 in
2211 3259 2346 3311 aqua
2373 3251 2424 3295 et
2447 3241 2794 3310 prmdicandi,
2823 3241 2935 3293 sive
2969 3239 3192 3292 virtutes
3227 3240 3456 3294 faciendi

194 3320 272 3391 ι).
309 3320 447 3388 Ejus
475 3321 616 3375 enim
645 3325 773 3376 nuth
805 3324 1091 3392 gerebatur
1119 3343 1130 3377 :
1163 3334 1222 3378 ιιι
1247 3329 1530 3382 occasione
1553 3327 1776 3382 tribula-

197 3409 362 3464 tionis
396 3409 551 3464 ﬁcret
572 3411 915 3466 seminarium
945 3413 1239 3485 Evangelii.

266 3503 435 3558 Vicus.
471 3505 523 3558 2.
554 3534 626 3544 -
650 3503 976 3559 Curauerunt
1017 3518 1190 3561 autent
1232 3507 1549 3578 Stephanum
1582 3510 1678 3565 viri
1709 3512 1776 3565 ti-

197 3599 411 3661 morati,
438 3597 492 3651 id
517 3605 620 3663 est,
652 3596 819 3653 Deum
862 3599 1130 3671 timentes,
1182 3601 1293 3656 sive
1322 3602 1632 3671 Christiani,
1683 3606 1775 3674 qui

196 3696 383 3757 postea
425 3687 820 3758 suntdispersi,
859 3683 971 3743 sive
995 3687 1161 3752 Judaei
1189 3691 1436 3747 timentes
1475 3693 1640 3747 Deum
1673 3694 1776 3749 etsi

195 3779 435 3832 nondum
468 3777 782 3833 Christiani.

264 3867 430 3921 Vens.
456 3868 512 3921 3.
555 3897 623 3908 -
661 3866 877 3922 Saulus.
927 3867 1106 3940 (llam)
1147 3870 1188 3922 Α
1221 3868 1381 3924 Saule
1432 3878 1776 3940 persecutore

194 3949 291 4029 qui
319 3976 417 4014 rex
447 3958 615 4014 Israel
647 3958 746 4012 fuit
775 3959 839 4014 de
858 3960 996 4016 tribu
1019 3960 1317 4031 Benjamin,
1343 3961 1407 4015 de
1428 3977 1531 4032 qua
1556 3971 1608 4016 et
1634 3961 1775 4015 Pau-

193 4049 302 4117 lus;
329 4045 540 4106 etenim
570 4049 723 4118 juxta
754 4052 1098 4120 antiquorum
1122 4035 1572 4107 consuetudinem
1601 4067 1631 4105 a
1663 4067 1776 4106 ma-

191 4140 394 4208 joribus
424 4143 633 4214 posteri
660 4143 875 4197 nomina
903 4144 1142 4197 tralnmt.

257 4233 605 4288 Devastubat.
634 4233 756 4306 (11).)
786 4235 949 4302 Quasi
981 4235 1135 4305 lupus
1159 4251 1399 4308 gregem,
1448 4233 1600 4304 juxta
1647 4250 1774 4305 pro-

187 4324 425 4392 phetiam
458 4323 631 4379 Jaeob
663 4343 675 4378 :
704 4323 980 4394 Benjamin
1001 4325 1154 4395 lupus
1183 4342 1349 4395 rapax
1370 4341 1520 4382 mane
1546 4326 1774 4394 comedet

188 4416 444 4484 pra'dam,
476 4432 594 4469 sero
617 4414 802 4470 dividet
833 4415 997 4485 spolia
1030 4412 1181 4485 (Gen.
1215 4417 1382 4484 xux).

258 4509 526 4564 Trahens.
559 4506 844 4572 Trahebat,
876 4522 980 4561 non
1033 4506 1330 4572 occidebat,
1363 4506 1484 4577 quia
1536 4505 1774 4581 fortasse

191 4616 379 4656 manus
410 4600 536 4668 ejus
563 4599 896 4654 custodiebat
924 4590 1202 4662 Dominus,
1241 4611 1306 4650 ne
1334 4597 1591 4668 sanguine
1613 4599 1769 4652 inno-

189 4705 402 4751 centum
429 4695 821 4766 polluerentur.

258 4788 522 4859 Dispersi.
555 4786 736 4856 (ΗΑΒ.)
783 4784 1038 4850 Quamvis
1082 4784 1272 4839 timore
1319 4783 1562 4854 dispersi,
1595 4790 1772 4838 tamen

191 4881 412 4936 stabiles
436 4889 600 4935 erant
630 4878 680 4932 in
707 4877 1088 4947 przedicatione
1115 4875 1412 4947 Evangelii.

262 4979 431 5033 Vens.
468 4977 524 5031 5.
563 5005 633 5015 ——
680 4971 974 5043 Philippus.
1005 4974 1079 5028 De
1124 4989 1350 5044 numero
1401 4971 1776 5028 disseminatu-

193 5087 313 5124 rum
337 5070 465 5133 fuit,
491 5067 581 5137 qui
612 5067 816 5138 primus
843 5065 1113 5120 Christum
1140 5064 1450 5136 prtedicavit
1494 5062 1772 5118 Samarim.

195 5159 470 5215 Diaconus
545 5155 812 5211 secundus
861 5170 889 5212 a
934 5153 1228 5228 Stephano.
1309 5152 1588 5206 Secundus
1658 5160 1777 5229 post

194 5256 370 5325 ipsum
396 5261 657 5309 narratur
682 5250 835 5322 quasi
870 5249 1039 5303 lueres
1067 5256 1124 5302 et
1149 5246 1388 5324 ejusdem
1415 5247 1630 5318 gradus.

263 5348 434 5402 Vens.
470 5345 524 5401 6.
549 5375 620 5384 —
639 5342 1003 5398 Intendebant.
1028 5339 1206 5412 (ΚΑΒ.)
1227 5339 1528 5394 Credebant
1558 5337 1775 5392 audien-

194 5448 274 5492 tes
302 5438 499 5500 verba,
552 5443 606 5489 et
664 5434 908 5488 videntes
968 5433 1142 5504 signa.
1197 5431 1324 5485 Duae
1367 5444 1542 5484 causa:
1597 5428 1766 5483 ﬁdei:

193 5529 372 5583 Verba
403 5527 820 5599 prxedicationis,
850 5535 899 5581 et
933 5526 1081 5596 signa
1102 5525 1382 5596 virtutum.
1413 5523 1488 5577 Ex
1517 5521 1770 5593 prazsenti

192 5619 434 5688 capitulo
459 5626 514 5672 et
550 5618 888 5672 samaritana:
943 5615 1187 5671 mulieris
1240 5615 1464 5670 historia
1517 5615 1772 5684 probatur

193 5711 409 5764 animos
437 5709 595 5777 hujus
618 5710 788 5778 gentis
811 5709 875 5762 ad
907 5707 1231 5762 credendum
1281 5715 1557 5778 promptos
1587 5704 1769 5771 fuisse,

191 5803 265 5856 ait
303 5801 469 5854 Βυιὲη.

1881 3351 2038 3405 quam
2071 3334 2304 3388 habebat
2344 3331 2638 3402 Philippus,
2680 3331 2773 3385 sed
2823 3329 3121 3399 cuicunque
3153 3329 3459 3399 inponenli

1880 3442 2095 3492 manus,
2127 3434 2236 3481 etc.

1951 3517 2114 3572 Vnus.
2139 3513 2230 3569 20.
2259 3544 2326 3553 —
2350 3511 2582 3566 Pecunia
2613 3522 2726 3566 tua.
2786 3511 2900 3566 Non
2958 3521 3163 3577 nostra,
3206 3511 3296 3582 qui
3351 3528 3456 3568 non

1877 3611 2144 3680 cupimus,
2176 3610 2270 3664 sed
2293 3618 2406 3673 tua,
2438 3622 2598 3678 quam
2631 3607 2856 3678 Spiritui
2879 3622 3186 3677 comparas,
3222 3619 3277 3661 ut
3309 3607 3456 3664 illam

1876 3717 1975 3774 pro
2004 3716 2068 3756 eo
2093 3700 2313 3765 vendas,
2344 3707 2398 3754 et
2421 3698 2562 3753 illam
2593 3698 2796 3768 Spiritu
2823 3713 2991 3754 emas.
3021 3699 3144 3754 Ideo
3196 3699 3454 3769 Spiritum

1877 3808 2058 3848 emere
2081 3791 2315 3857 volebat,
2339 3798 2399 3845 ut
2431 3790 2552 3845 aliis
2576 3789 2817 3844 vendens
2847 3803 2992 3856 eum,
3037 3789 3156 3859 plus
3207 3791 3457 3860 accipere

1876 3893 2076 3956 posset.

1948 3974 2204 4030 Pecunia.
2250 3974 2432 4046 (Ras)
2482 3972 2562 4028 Ex
2619 3971 2720 4028 hoc
2770 3972 3072 4042 exemplum
3128 3973 3356 4043 capitur,
3397 3983 3458 4029 ut

1875 4067 2205 4138 perditorum
2236 4067 2578 4135 eleemosyna
2609 4078 2712 4116 non
2739 4064 3046 4132 recipiatur.

1948 4158 2190 4230 Apostoli
2219 4156 2464 4210 nolentes
2495 4155 2795 4224 pecuniam,
2824 4155 3029 4218 dicunt,
3068 4155 3131 4208 sit
3164 4165 3348 4220 tecum,
3403 4156 3456 4211 id

1877 4258 1958 4310 est
1997 4258 2141 4302 tuam
2168 4247 2360 4311 retine,
2389 4254 2443 4299 et
2473 4247 2592 4307 hoc,
2634 4244 2685 4298 in
2717 4244 3103 4314 perditionem,
3123 4254 3197 4312 ut,
3226 4247 3456 4317 pecunia

1876 4341 2074 4412 injuste
2097 4346 2438 4408 congregata,
2461 4352 2674 4407 pmnam
2699 4347 2956 4392 arternam
2989 4336 3124 4390 luas.

1949 4436 2109 4492 Vsus.
2140 4435 2229 4488 ‘22.
2257 4463 2327 4473 —-
2363 4431 2721 4486 Paenitentiam
2756 4447 2868 4500 age.
2899 4429 3002 4484 Pro
3029 4430 3339 4499 cupiditate,
3397 4439 3454 4486 et

1878 4543 2041 4597 pravo
2069 4542 2226 4582 sensu
2271 4541 2378 4604 quo
2423 4523 2620 4604 putasti
2677 4522 2742 4577 de
2804 4521 3007 4592 Spiritu
3070 4521 3452 4576 counnercium

1876 4620 1988 4674 ﬁcri
2013 4634 2184 4689 posse.
2297 4599 2301 4608 ’

1947 4709 2126 4778 (llam)
2153 4707 2221 4762 Ut
2251 4721 2438 4760 omnes
2482 4705 2698 4758 videant
2728 4703 2779 4758 id
2825 4702 2965 4772 quod
3017 4716 3094 4756 es.
3145 4700 3260 4756 Non
3311 4704 3452 4774 quod

1877 4799 2086 4870 ignoret
2114 4797 2306 4852 Petrus
2331 4811 2452 4851 eum
2475 4781 2849 4865 paenitentiam
2893 4808 2996 4846 non
3044 4801 3309 4860 acturum,
3359 4795 3453 4850 sed

1875 4889 2002 4958 quia
2031 4883 2504 4952 oinnibusjustum
2528 4893 2610 4938 est
2632 4884 2948 4954 prmdicarc,
2985 4899 3140 4938 suum
3171 4884 3298 4940 facit
3339 4885 3453 4941 olli-

1877 4963 2041 5042 eium,
2070 4986 2130 5031 ut
2158 4977 2243 5032 ille
2268 4974 2762 5030 sit'inexcusabilis.
2787 4972 2982 5028 Coram
3008 4975 3260 5030 omnibus
3282 4976 3450 5030 etiam

1879 5069 2124 5140 arguitur
2153 5085 2219 5122 ne
2251 5067 2480 5140 amplius
2509 5067 2576 5120 ab
2598 5080 2662 5119 eo
2700 5065 2972 5120 fallantur.

1951 5159 2098 5229 Roga
2126 5159 2312 5214 Deum.
2367 5157 2462 5211 Cui
2509 5163 2657 5228 patet
2699 5171 2813 5222 cor,
2862 5156 2929 5210 de
2985 5172 3092 5226 quo
3139 5156 3449 5228 Propheta:

1880 5250 2052 5316 Quam
2078 5250 2241 5304 bonus
2273 5247 2442 5316 Israel
2471 5246 2610 5300 Deus
2639 5245 2809 5317 (Psal.
2847 5247 3016 5318 Lxxn)
3040 5263 3054 5312 ;
3083 5263 3241 5316 quem
3267 5247 3453 5302 fallere

1879 5355 2040 5395 nemo
2062 5348 2263 5410 potest,
2294 5339 2416 5408 quia
2440 5337 2667 5409 Spiritus
2714 5347 2924 5392 sanctus
2973 5337 3263 5408 disciplissa:
3314 5339 3448 5408 effu-

1875 5434 1976 5502 giet
2007 5431 2185 5500 [ictum
2210 5430 2365 5502 (Sap.
2399 5430 2462 5500 1).

1949 5525 2112 5580 Vsus.
2140 5523 2233 5576 24.
2253 5554 2321 5562 -
2347 5522 2662 5578 Pr’ecamini.
2694 5521 2867 5576 Causa
2907 5520 3298 5590 desperationis
3344 5535 3450 5573 non

1879 5615 2040 5670 audet
2067 5615 2178 5683 ipse
2203 5615 2436 5684 precari,
2472 5614 2564 5669 sed
2605 5613 2875 5684 apostolos
2921 5622 3094 5683 rogat,
3147 5620 3203 5665 ut
3246 5627 3344 5682 pro
3392 5627 3451 5667 se

1880 5714 2188 5777 precentur,
2236 5720 2334 5764 nec
2363 5720 2460 5774 pro
2488 5721 2545 5759 se
2571 5706 2729 5760 undet
2770 5721 2945 5767 orare,
2986 5703 3074 5772 qui
3130 5718 3234 5756 non
3282 5701 3453 5756 credit

1883 5812 1938 5852 se
1969 5796 2359 5851 exaudiendum
2392 5810 2532 5851 esse.
2554 5796 2823 5865 Apostolis
2857 5797 3016 5848 etiam
3045 5794 3166 5849 ﬁcte
3197 5791 3449 5862 loquitur.
