3958 6314
537 391 641 446 447
1026 388 1415 445 WALAFRIDI
1455 386 1700 443 STRABI
1739 385 1942 442 FULD.
1986 382 2149 438 MON.
2189 383 2341 439 OPP.
2380 381 2562 438 PARS
2598 383 2639 438 l.
2679 412 2753 426 --
2788 384 3241 441 THEOLOGICA.
3632 406 3637 409 -
3676 381 3769 437 H3

538 507 673 574 Qua:
698 506 922 561 dixistis.
957 503 1072 558 Non
1118 519 1238 573 qua:
1281 501 1503 567 credidi,
1542 501 1638 557 sed
1672 503 1827 574 quasi
1873 500 2107 557 inﬁdelis
2132 502 2184 561 A

537 597 618 652 eis
651 595 876 666 imputat
902 607 1020 663 quae
1044 601 1269 648 ventura
1300 599 1447 646 sunt.

536 777 817 842 stolarum,
844 777 909 831 de
933 774 1178 845 Philippo
1202 773 1427 829 historia
1450 772 1669 827 texitur.
1714 771 1796 826 Ad
1821 772 1977 837 viam,
1996 781 2100 843 etc.

539 869 669 926 Nam
702 867 788 922 via
811 865 1108 940 descendit,
1131 873 1187 921 et
1212 878 1311 935 per
1339 863 1485 929 viam
1510 862 1855 929 descenditur
1892 877 1959 917 ex
2003 879 2103 919 na-

540 969 658 1013 tura
686 944 831 1011 loci.'

608 1047 770 1107 Vens.
804 1047 897 1109 27.
919 1078 988 1090 -ρ
1007 1045 1278 1117 Αΰιιιὶορε.
1301 1044 1504 1109 Natura
1533 1053 1588 1099 et
1617 1044 1830 1103 merito.
1853 1042 2106 1114 Ethiops

535 1140 678 1196 enim
705 1140 1038 1194 tenebrosus.
1067 1136 1219 1193 Unde
1247 1153 1262 1190 :
1291 1135 1567 1207 zEtliiopia
1596 1138 1875 1206 praueniet
1918 1144 2104 1193 ntanus

534 1234 651 1303 ejus
676 1231 779 1286 Deo
803 1214 975 1303 (Psal..
1000 1229 1187 1300 vau).

608 1326 819 1392 Potens,
849 1332 953 1380 etc.
981 1323 1192 1395 (Βευι.)
1214 1322 1419 1393 Regina
1463 1319 1773 1393 Ethiopum
1817 1322 2103 1390 thesaura-

536 1417 678 1470 rium
702 1415 1055 1484 prtemittens.
1079 1421 1209 1477 etc.,
1237 1427 1395 1483 usque
1419 1411 1510 1478 ad,
1532 1410 1689 1479 Audi,
1711 1410 1844 1482 ﬁlia,
1859 1420 1907 1467 et
1923 1413 2035 1475 vide
2054 1420 2105 1473 et

534 1506 729 1574 inclina
759 1524 936 1567 aurem
957 1516 1101 1562 tuam
1122 1504 1294 1577 (Psal.
1319 1504 1486 1575 xuv),
1514 1512 1619 1560 etc.

606 1597 865 1653 Candacis
892 1600 1101 1670 regium.
1130 1597 1246 1655 Mos
1268 1604 1386 1652 erat
1413 1596 1553 1652 illius
1580 1595 1814 1666 regionis
1833 1610 1865 1651 a
1893 1593 2106 1651 feminis
2174 1652 2179 1659 ,

536 1689 670 1761 regi,
702 1695 758 1744 et
784 1704 881 1757 eas,
899 1688 1173 1745 Candaces
1198 1688 1402 1752 vocari.

610 1781 771 1837 Vens.
800 1782 888 1838 28.
916 1813 987 1823 —
1013 1782 1400 1838 Revertebatur.
1435 1780 1731 1852 [ncipiehat
1777 1781 1974 1837 reverti
2027 1781 2104 1836 le-

2807 500 3034 559 CAPUT
3070 500 3160 557 [Χ.

560 631 1242 755 ἵηνζζζΞθῑῗ-ψέὶιῖῃειιιε
1262 694 1456 738 autem.
1512 682 1641 738 Post
1686 682 1916 739 reditum
1970 697 2102 752 apo-

2275 635 2436 691 Vens.
2470 636 2520 689 Ι.
2544 665 2613 675 --
2641 634 2838 690 Saulus
2865 643 3058 689 auum.
3090 633 3251 689 Redit
3276 631 3346 689 ad
3373 632 3475 688 hoc
3511 632 3656 702 quod
3686 648 3769 687 su-

2210 743 2297 755 η...
2339 731 2539 755 ,ηιξ-Α--.
2591 749 2603 755 -
2654 729 2845 755 Ω--.Ι..-
2898 729 3064 755 ...η...-
3116 728 3414 755 λ-....-ο,..1υ.ι
3474 725 3747 755 ΡΑΑῘΑοιι-..ι

2204 743 2301 799 pra
2336 731 2544 786 dixerat
2591 749 2604 783 :
2650 729 2845 784 Saulus
2892 729 3064 784 adhuc
3111 728 3414 784 deuastabat
3465 725 3766 780 Ecclesium.

2205 821 2491 893 Minarum,
2520 830 2626 887 etc.
2653 822 2810 887 Minis
2840 831 3052 889 terrens
3074 822 3221 876 caede
3246 817 3512 875 afﬁciebat
3543 832 3769 887 praesen-

2204 919 2321 980 tes:
2349 906 2626 967 dubitatur
2651 921 2832 966 utrum
2870 911 3142 965 occideret
3181 924 3278 973 seu
3326 908 3646 979 ﬁagellarct,
3700 908 3769 962 vel

2172 1016 2173 1019 ‘
2203 1010 2491 1070 utrumque
2515 999 2737 1055 faceret.
2778 998 3019 1069 Spirans.
3055 998 3238 1069 Spirat
3268 998 3325 1053 in
3356 997 3577 1051 modum
3619 996 3766 1065 ignis,

2203 1102 2311 1144 non
2342 1080 2538 1143 ab‘alio
2566 1087 2827 1157 incitatus
2852 1087 2968 1156 ipse
2994 1074 3130 1141 alios
3158 1085 3503 1141 accendebat.

2273 1178 2437 1234 Vens.
2462 1179 2516 1233 Δ.
2544 1208 2616 1220 -
2641 1178 2709 1233 Et
2739 1163 2949 1233 cadens.
2974 1177 3221 1234 Territus
3239 1176 3309 1232 ad
3339 1184 3541 1233 terram
3562 1172 3767 1245 refugit,

2203 1266 2287 1323 vel
2307 1268 2461 1337 quasi
2484 1267 2715 1322 adorans
2737 1268 2791 1321 in
2814 1266 3009 1322 faciem
3035 1267 3201 1322 cadit.
3514 1310 3519 1315 .

2274 1356 2415 1422 Quid
2436 1373 2535 1423 me,
2563 1365 2670 1412 etc.
2704 1355 2916 1431 (ΒευΑ.)
2958 1355 3076 1411 Νοη
3120 1357 3200 1411 ait
3232 1373 3245 1410 :
3275 1355 3389 1410 Cur
3434 1355 3766 1425 persequeris

2202 1452 2336 1511 etc.,
2362 1461 2522 1516 usque
2542 1447 2631 1512 ad,
2661 1445 2909 1512 Quandiu
2948 1446 3040 1501 uni
3069 1462 3133 1500 ea:
3164 1444 3393 1501 minimis
3416 1444 3532 1501 istis
3561 1444 3763 1514 fecistis,

2203 1535 2331 1589 mihi
2354 1534 2549 1604 fecistis
2579 1535 2793 1607 (Matth.
2818 1535 2967 1605 xxv).
3345 1596 3349 1601 ,

2275 1625 2439 1683 Vens.
2471 1628 2611 1684 5.-
2629 1627 2741 1699 Ego
2769 1644 2883 1683 sum
2906 1626 3080 1682 Iesus.
3108 1626 3225 1696 Non
3255 1627 3424 1684 Deum
3450 1626 3538 1683 vel
3570 1626 3665 1682 Dei
3689 1626 3764 1680 Fi-

2204 1714 2335 1770 lium
2371 1731 2429 1772 se
2454 1724 2631 1783 vocat,
2671 1717 2766 1772 sed
2797 1715 3118 1772 humilitatis
3147 1733 3301 1784 [11633,
3332 1717 3532 1787 inquit,
3566 1717 3761 1771 inﬁma

2206 1821 2437 1876 suscipe,
2472 1814 2526 1862 et
2546 1806 2809 1877 superbia:
2838 1814 2943 1861 tute
2968 1820 3221 1876 squamas
3255 1807 3479 1879 depone.

532 1890 666 1969 gens
691 1874 904 1930 lsaiam.
936 1873 1252 1969 Ubicunque
1282 1873 1336 1969 in
1367 1873 1515 1969 Novo
1558 1873 1906 1969 Testamento
1957 1873 2103 1969 salu-
2131 1868 2179 1928 Β
2275 1868 2436 1953 vi“;
2469 1868 2809 1969 7._'Su,ge_
2839 1868 3070 1968 Impigér
3089 1868 3404 1968 operam’m
3436 1898 3563 1963 bos,
3585 1907 3640 1954 ει
3659 1907 3759 1953 δη,

537 1963 605 2034 tis
630 1973 882 2035 narratur
909 1964 1254 2036 principium,
1283 1964 1350 2019 de
1394 1962 1531 2018 isaia
1575 1964 1809 2019 sumitur
1857 1964 2103 2019 testimo-

534 2057 704 2122 nium,
733 2056 825 2127 qui
857 2057 1241 2127 interpretatur
1268 2055 1411 2120 salus
1439 2055 1670 2118 Domini.

607 2146 770 2203 Vens.
799 2146 887 2202 30.
909 2178 978 2187 —
1006 2146 1239 2203 Putasne
1265 2146 1533 2217 intelligis,
1577 2154 1684 2201 etc.
1732 2143 1912 2218 (ΚΑΒ.)
1969 2143 2106 2202 Suas

533 2239 767 2295 invicem
788 2238 997 2310 linguas
1021 2245 1337 2310 agnoscunt,
1367 2236 1452 2292 vel
1480 2251 1578 2308 per
1612 2237 1913 2293 doctrinam
1939 2252 2107 2293 eunu-

531 2328 620 2394 chi
644 2327 725 2383 vel
752 2342 847 2398 per
864 2327 1111 2398 spiritum
1132 2327 1382 2397 Philippi.
1431 2349 1435 2354 ν

603 2419 767 2475 Vens.
797 2419 886 2474 5t.
915 2449 987 2460 --
1021 2418 1311 2484 Quomodo,
1352 2424 1462 2479 etc.
1518 2415 1620 2477 Hic
1660 2417 1837 2490 arguit
1889 2417 2101 2475 illorum

530 2508 808 2569 audaciam
863 2508 951 2577 qui
983 2508 1297 2569 existimant
1337 2507 1456 2564 sine
1494 2507 1717 2564 doctore
1767 2507 2105 2581 Scripturam

530 2600 765 2655 divinam
796 2600 1094 2672 intelligere

602 2691 765 2758 Vens.
802 2689 890 2744 35.
914 2721 983 2730 -
1010 2689 1075 2743 In
1096 2689 1407 2745 humilitate.
1434 2688 1650 2764 (BEDA.)
1697 2691 1908 2747 Etenim
1937 2693 2100 2763 iudex

528 2778 793 2845 omnium,
824 2779 1104 2835 veritatem
1126 2779 1316 2850 judicii
1345 2794 1452 2835 non
1482 2780 1706 2850 reperit,
1737 2781 1831 2836 sed
1854 2780 1970 2838 sine
1997 2782 2101 2854 ulla

530 2884 629 2937 sua
656 2868 828 2939 culpa,
860 2868 1120 2945 seditione
1145 2868 1475 2943 indecorum,
1498 2878 1555 2941 et
1579 2885 1710 2927 voce
1744 2869 1925 2943 Pilati,
1956 2872 2104 2927 dam-

532 2966 691 3028 natus
719 2966 823 3028 est,
1526 3020 1531 3025 ,

603 3045 933 3115 Humilitate.
964 3047 1424 3120 (Rtn.)Passione
1444 3063 1550 3119 qua
1587 3050 1873 3107 humi/iuvit
1920 3067 1975 3110 se
2021 3051 2102 3121 [α-

529 3145 642 3192 ctus
672 3137 909 3192 obediens
932 3155 1091 3210 usque
1120 3139 1188 3193 ad
1211 3148 1428 3194 mortem
1462 3138 1681 3211 (Philip.
1708 3140 1786 3213 ιι).

600 3226 850 3284 Tolletur.
880 3228 1155 3286 Secundus
1176 3230 1336 3285 homo
1374 3231 1441 3287 de
1483 3231 1622 3287 ctelo
1666 3232 1918 3298 caelestis,
1977 3249 2101 3289 san-
2126 3215 2170 3278 ε

528 3321 718 3393 ctitate
746 3331 1059 3395 segregatus
1084 3339 1116 3378 a
1144 3322 1394 3396 terrenis,
1428 3324 1628 3391 vel,.de
1652 3325 1765 3382 vita
1788 3326 1846 3381 in
1868 3335 2098 3392 mortem

527 3414 798 3471 transibit.

601 3505 766 3563 Vens.
790 3506 880 3562 55.
905 3507 1230 3578 -Aperuit.
1269 3508 1450 3582 (ΗΑΒ.)
1481 3508 1819 3566 Thesaurnm
1862 3511 2101 3567 scientia:

530 3596 765 3666 aperuit.
795 3594 894 3653 Vel
919 3599 1132 3669 aperuit
1155 3614 1237 3666 os,
1269 3607 1331 3655 ut
1353 3600 1588 3670 Spiritus
1616 3599 1867 3670 loquatur
1911 3601 1964 3656 in
2011 3616 2097 3673 eo,

528 3687 823 3743 secundum
872 3688 997 3745 illud
1031 3708 1044 3744 :
1074 3689 1255 3746 Dilata
1296 3708 1354 3747 os
1394 3701 1564 3759 tuum,
1605 3701 1656 3757 et
1701 3691 1921 3765 implebo
1967 3692 2097 3755 illud

531 3774 704 3847 (Psal.
737 3777 923 3855 Lux).

601 3868 841 3941 Mystice,
867 3886 927 3926 os
952 3871 1206 3927 Ecclesiae
1233 3871 1508 3944 Philippus
1534 3874 1766 3944 aperuit,
1808 3882 1868 3931 ut
1905 3891 1970 3932 ex
1998 3876 2101 3941 hoc

530 3958 800 4029 Gentibus
850 3962 895 4017 is
917 3963 1239 4033 praedicetur
1261 3978 1421 4034 quem
1452 3964 1603 4034 prius
1627 3965 1955 4021 nesciebant.

601 4047 1006 4122 Euangelizavil.
1032 4052 1203 4109 Solvit
1224 4054 1575 4124 quaestionem
1596 4054 1739 4110 illius
1764 4055 2101 4128 interrogan-

534 4143 634 4197 tis:
664 4141 738 4196 De
766 4159 868 4214 quo
892 4144 1146 4215 propheta
1174 4144 1309 4199 dixit
1332 4145 1358 4199 ?
1382 4144 1725 4217 Dentonstrat
1753 4155 1930 4217 autem
1956 4147 2097 4220 quod

528 4235 594 4291 de
623 4232 748 4290 Iesu
773 4236 1145 4305 prophetatum
1166 4243 1267 4302 est.

602 4327 763 4382 Vens.
791 4328 880 4382 56.
908 4359 979 4387 -—_
1000 4329 1080 4382 Ad
1106 4328 1388 4399 quamdam
1421 4344 1631 4399 aquam.
1671 4330 1752 4384 Ad
1806 4330 1908 4385 hoc
1954 4332 2097 4387 enim

527 4417 837 4489 praedicatio
849 4418 1096 4485 duxerat,
1111 4425 1168 4480 ut
1181 4432 1319 4488 aqua
1332 4417 1609 4488 indigeret,
1626 4433 1745 4489 qua:
1760 4421 1824 4475 de
1837 4421 2098 4493 baptismo

529 4506 582 4560 in
607 4506 691 4572 via
711 4507 971 4577 audierat.

600 4597 760 4655 Vens.
794 4599 883 4655 57.
912 4630 985 4641 ——
1009 4598 1071 4656 Si
1091 4598 1281 4653 credis.
1311 4597 1493 4671 (ΗΑΒ.)
1517 4598 1635 4655 Non
1662 4599 1943 4669 ignorabat
1979 4599 2094 4669 ejus

526 4691 709 4757 ﬁdem,
734 4690 829 4747 sed
856 4691 1071 4747 volebat
1094 4688 1430 4751 manifestam
1458 4689 1870 4767 confessionem,
1902 4697 1962 4745 ut
1992 4690 2092 4749 ba-
2156 4728 2157 4735 η

527 4782 807 4851 ptizatnris
831 4791 885 4836 et
921 4781 1261 4852 baptizandis
1293 4781 1513 4836 daretur
1533 4781 1835 4853 exemplum
1865 4782 2095 4841 interro.-

526 4873 685 4944 gandi
719 4881 773 4928 et
800 4871 1104 4935 confitendi.

598 4965 758 5020 Vens.
781 4964 870 5022 59.
895 4996 965 5007 --
993 4965 1222 5037 Spiritus
1248 4966 1479 5021 Domini.
1513 4965 1693 5037 (Band
1742 4966 1837 5021 Vel
1861 4964 2094 5036 Spiritus

528 5057 686 5111 irruit
710 5057 766 5112 in
786 5072 909 5112 eum
938 5055 1166 5123 fortiter,
1193 5058 1333 5114 sicut
1358 5066 1413 5114 et
1443 5058 1497 5113 in
1524 5058 1815 5128 apostolos,
1845 5067 1979 5124 etc.,
2011 5076 2098 5114 us-

524 5166 623 5220 que
647 5148 717 5203 ad
738 5148 790 5203 in
825 5164 961 5218 quos
984 5150 1218 5229 Spiritus
1244 5152 1629 5223 descenderat?

600 5240 764 5295 Vens.
788 5239 876 5295 40.
902 5271 970 5281 -
996 5240 1242 5298 Inventus
1268 5253 1363 5297 est.
1405 5243 1486 5297 Ab
1535 5241 1842 5298 hominibus
1901 5244 1992 5313 qui
2042 5245 2095 5299 in

529 5338 684 5399 raptu
714 5345 821 5385 non
855 5330 1244 5396 inveniebatur,
1300 5333 1427 5404 quia
1468 5335 1762 5401 ambulavit
1806 5336 1858 5390 in
1900 5334 2091 5400 solitu-

527 5420 672 5486 dine,
694 5419 780 5474 vel
803 5419 965 5474 nimia
994 5420 1299 5475 velocitate.

591 5506 907 5567 Casaream.
940 5509 1150 5579 (Βεω.)
1195 5509 1492 5565 Caesaream
1521 5510 1821 5566 Paltcstinae
1849 5512 1980 5566 dicit
2002 5511 2090 5566 ubi

526 5600 663 5673 infra
687 5600 904 5657 domum
931 5600 1180 5655 habuisse
1200 5600 1543 5667 describitur,
1586 5617 1704 5672 qua:
1734 5618 1903 5671 usque
1935 5601 2093 5656 hodie

524 5697 941 5759 demonstratur,
974 5707 1178 5746 necnon
1231 5701 1283 5746 et
1334 5690 1633 5748 cubiculum
1682 5694 1909 5748 filiarum
1958 5708 2090 5762 qua-

525 5796 642 5863 tuor
662 5787 777 5855 ejus
799 5784 1231 5855 proplictantium
1262 5784 1544 5854 virginum.

2206 1992 2394 2047 doctor
2416 1990 2686 2053 Ecclesias.
2716 1989 2771 2044 In
2794 1990 2911 2062 lege
2935 1991 3192 2061 scriptum
3223 1998 3307 2046 est
3333 2007 3348 2047 :
3384 1988 3509 2044 Non
3533 1988 3758 2060 alligatis

2207 2097 2263 2136 os
2302 2081 2417 2140 bovi
2444 2082 2713 2135 trituranti
2746 2079 2793 2151 (1
2821 2078 2945 2135 Cor.
2983 2079 3081 2140 Ix).

2275 2168 2574 2241 Ingredere.
2604 2169 2787 2240 (ΗΑΒ.)
2821 2168 3172 2239 Ingressurns
3210 2169 3483 2226 civitatem
3516 2176 3757 2231 terretur,

2205 2275 2274 2317 ne
2302 2254 2503 2317 sanctis
2529 2261 2807 2316 tristitiam
2839 2258 3067 2325 inferat;
3097 2260 3291 2315 dehinc
3322 2258 3592 2314 Dominus
3618 2258 3757 2328 jube-

2205 2357 2294 2405 tur
2320 2349 2544 2421 ingredi,
2581 2358 2642 2405 ut
2668 2348 2826 2407 ﬁdem
2857 2349 3028 2405 discat
3050 2363 3212 2419 quam
3236 2350 3669 2420 impugnaverat.

2274 2440 2344 2495 Et
2372 2441 2591 2496 dicetur.
2618 2439 2932 2509 Exemplum
2959 2439 3200 2495 discendi
3229 2439 3405 2506 datur,
3435 2447 3502 2495 et
3524 2437 3757 2509 superbia

2205 2534 2530 2604 increpatur,
2571 2540 2631 2588 ut
2657 2532 2845 2591 nullus,
2871 2531 3037 2587 alium
3081 2531 3362 2603 indignum
3410 2530 3686 2593 existimet
3723 2544 3749 2582 a

2203 2641 2310 2697 quo
2332 2626 2587 2681 doceatur
2620 2625 2763 2696 quod
2786 2624 3017 2703 ignorat.
3434 2694 3442 2702 .

2274 2717 2435 2773 Vens.
2471 2718 2525 2772 8t
2556 2747 2628 2757 —
2649 2717 2856 2787 Apertis
2889 2715 3075 2771 oculis.
3128 2714 3311 2787 (Rem)
3360 2714 3681 2772 Ostenditur
3714 2713 3752 2767 ei

2204 2808 2258 2863 in
2299 2823 2525 2880 corpore
2563 2808 2708 2879 quod
2753 2808 2905 2888 prius
2949 2809 3254 2879 patiebatur
3301 2808 3356 2863 in
3392 2808 3607 2862 anima.
3626 2806 3755 2862 Sicut

2202 2898 2345 2954 enim
2376 2907 2593 2969 apertus
2615 2898 2804 2955 oculus
2833 2892 3114 2965 sine‘visu,
3160 2899 3239 2955 sic
3286 2898 3374 2955 lex
3423 2898 3637 2967 inutilis
3657 2898 3755 2954 sine

2204 2988 2307 3045 ﬁde
2330 2988 2550 3045 Christi.

2273 3080 2485 3152 (BI-3m.)
2513 3080 2695 3137 Oculis
2714 3096 2821 3157 non
2847 3090 3029 3152 posset
3061 3096 3248 3136 rursus
3272 3080 3413 3136 bene
3435 3079 3646 3147 videre,
3666 3079 3751 3151 nisi

2203 3173 2353 3243 prius
2383 3182 2713 3240 excaecatus,
2744 3182 2799 3229 et
2821 3174 3093 3245 propriam
3122 3172 3466 3242 sapientiam,
3496 3188 3622 3243 qua:
3661 3180 3754 3227 tur-

2200 3265 2374 3329 batur,
2408 3264 2717 3333 excludens,
2756 3266 2879 3322 ﬁdei
2909 3280 2968 3320 se
3002 3265 3384 3347 committeret.

2270 3372 2434 3430 Vens.
2469 3376 2523 3432 9.
2552 3407 2621 3417 —
2650 3375 2716 3430 Et
2740 3385 2873 3432 erat.
2912 3374 3091 3446 (ΗΑΒ.)
3122 3375 3220 3432 Hic
3245 3376 3406 3433 datur
3446 3375 3625 3432 forma
3652 3392 3750 3447 pa:-

2200 3467 2513 3534 nltentibus,
2539 3476 2598 3523 ut
2627 3485 2693 3524 ex
2718 3468 2894 3523 triduo
2922 3468 3201 3539 incipiant,
3228 3469 3330 3524 hoc
3377 3469 3545 3525 etiam
3592 3470 3752 3526 triduo

2198 3561 2708 3627 catechumenorum
2732 3562 2933 3632 gradus
2960 3547 3257 3616 dedicatur.

2274 3652 2460 3710 Tribus
2482 3656 2684 3709 diebus.
2716 3654 2954 3726 Apparet
2982 3656 3124 3725 quod
3147 3670 3244 3724 per
3274 3654 3513 3711 triduum
3538 3664 3755 3722 emeatus

2202 3742 2373 3799 lucem
2402 3746 2590 3816 gratiae
2612 3746 2975 3816 exSpectabat,
3006 3760 3112 3800 non
3137 3753 3357 3815 torpens
3393 3758 3529 3812 ouo,
3569 3748 3671 3802 sed
3707 3746 3755 3800 il-

2200 3836 2457 3907 lustratus
2485 3854 2515 3892 a
2558 3837 2668 3894 Deo
2709 3837 2949 3894 cmlestia
2998 3837 3314 3892 rimabatur.
3364 3837 3641 3894 Credibile
3686 3845 3755 3892 est

2200 3930 2341 3999 quod
2384 3928 2549 3985 etiam
2592 3945 2658 3986 eo
2707 3938 2947 4001 tempore
2995 3930 3451 4001 dispensationem
3495 3930 3755 3998 Evangelii

2083 4022 2093 4029 '
2200 4023 2419 4079 edoctus
2444 4025 2533 4079 sit.

2271 4112 2395 4167 Non
2430 4113 2624 4170 videns.
2651 4113 2786 4182 Quia
2832 4129 2945 4173 non
2981 4114 3235 4186 credebat
3276 4116 3448 4173 Deum
3494 4115 3656 4171 tertia
3683 4114 3755 4183 die

2199 4204 2530 4274 resurgendo
2557 4215 2789 4273 mortem
2810 4205 3020 4275 vicisse,
3053 4223 3158 4269 suo,
3185 4207 3435 4278 exemplo
3458 4207 3750 4272 instruitur,

2198 4293 2297 4363 qui
2319 4294 2568 4364 tenebras
2597 4295 2757 4349 tridui
2787 4295 2908 4352 luce
2937 4312 3153 4357 reversa
3177 4296 3427 4352 mulavit.

2272 4382 2395 4438 Non
2417 4385 2770 4443 manducavit.
2797 4386 2981 4460 (ΗΑΒ.)
3027 4387 3142 4443 Hoc
3186 4389 3381 4444 anima:
3421 4402 3534 4445 sua:
3561 4389 3755 4446 accido.

2202 4483 2307 4541 rat,
2338 4491 2457 4549 qua:
2481 4477 2660 4532 cibum
2688 4477 3000 4534 interiorem
3037 4493 3145 4533 non
3193 4479 3461 4534 habuerat
3485 4487 3541 4555 et
3560 4492 3749 4551 petum.

2120 4558 2171 4617 D
2201 4571 2275 4624 Ex
2304 4571 2484 4626 inedia
2505 4580 2685 4627 autem
2727 4573 2971 4643 corporis
3010 4579 3064 4629 et
3088 4572 3181 4628 siti
3205 4572 3510 4628 ostenditur
3532 4573 3753 4633 animam

2197 4661 2527 4732 indigentem
2554 4662 2745 4717 satiari
2769 4673 3040 4733 oportere.

2268 4772 2429 4841 Vens.
2455 4772 2541 4826 10.
2570 4802 2641 4813 -
2668 4772 2893 4827 Anania.
2918 4771 3041 4855 (111.)
3070 4772 3331 4842 Indicium
3368 4764 3741 4841 familiaritatis

2198 4860 2428 4931 aliquem
2464 4862 2645 4918 vocari
2675 4877 2773 4923 suo
2799 4862 3032 4931 nomine.

2269 4953 2431 5012 Vens.
2462 4954 2548 5009 Η.
2576 4953 2735 5013 -Ιη
2765 4956 2950 5019 vicum.
3003 4954 3125 5028 (Ιυ.)
3170 4954 3286 5010 Vici
3333 4954 3587 5019 dicuntur
3631 4955 3751 5025 agri,

2198 5052 2290 5098 aut
2320 5045 2647 5110 civitatibus,
2676 5055 2767 5099 aut
2796 5046 2894 5100 sibi
2929 5045 3255 5102 intrinsecus
3295 5046 3348 5101 in
3377 5046 3601 5102 civitate
3640 5060 3750 5117 pro—

2199 5135 2350 5189 ximi.

2267 5224 2430 5279 Vens.
2466 5225 2548 5279 13.
2577 5256 2645 5265 —
2681 5224 2852 5291 Vade,
2876 5237 2980 5282 etc.
3020 5227 3133 5282 Non
3162 5237 3247 5283 cst
3291 5228 3564 5284 timendus
3606 5225 3751 5297 quasi

2196 5324 2529 5391 perseeutor,
2557 5315 2651 5370 sed
2676 5316 3059 5385 amplexaudus
3104 5327 3163 5371 ut
3206 5316 3375 5371 frater
3407 5335 3419 5371 :
3453 5316 3583 5387 quia
3625 5315 3747 5373 mala

2195 5423 2315 5478 qua:
2341 5408 2540 5463 sanctis
2571 5408 2770 5474 intulit,
2792 5417 3012 5479 paratus
3037 5418 3121 5465 cst
3145 5409 3437 5466 sustinere.

2269 5498 2427 5555 Vens.
2463 5499 2892 5555 l7.—-Introivit.
2929 5501 3147 5570 impleta
3186 5510 3268 5555 est
3292 5500 3574 5572 prophetia
3610 5496 3752 5581 lsaia;

2193 5595 2457 5661 dicentis:
2488 5585 2937 5667 Habitabitlupus
2966 5613 3083 5657 cum
3126 5614 3277 5668 agno,
3320 5598 3373 5653 id
3414 5608 3516 5663 est,
3566 5593 3745 5651 Saulus

2193 5704 2314 5741 cum
2356 5687 2582 5755 Anania.

2268 5777 2426 5831 Vens.
2464 5776 2948 5843 iss—Ceciderunt,
2975 5786 3075 5830 etc.
3110 5777 3317 5848 (Bent)
3344 5777 3621 5847 Serpentis
3639 5786 3743 5829 cor-

3900 5690 3914 5793 l
