3958 6314
227 362 321 416 ιες)

1051 359 1314 413 GLOSSA
1354 357 1744 413 ORDLVABIA.
1785 387 1854 396 ——
1891 356 2020 410 LIB.
2061 355 2346 411 ACTUUM
2384 356 2622 415 APOST.

3339 363 3442 418 J50

226 488 316 544 pus
347 467 580 540 squamis
605 469 822 540 tegitur,
849 478 978 533 etc.,
1006 487 1164 540 usque
1197 470 1264 522 ad
1305 473 1448 539 quod
1484 469 1659 525 lumen
1691 485 1769 522 re-
1799 470 1848 529 Α
1878 466 2039 519 tiliam
2077 467 2484 538 archisynagogi
2518 468 2775 537 principis
2801 468 3175 537 resuscitantis
3216 471 3319 526 hoc
3351 472 3432 526 fa-

222 565 355 635 cepit
382 563 433 617 in
463 570 657 616 mente.

287 651 459 724 (Βλιι.)
495 651 647 718 Quod
673 652 878 707 cadunt
905 669 1163 722 squama),
1195 651 1492 708 similitudo
1518 661 1600 706 est
1631 651 1769 706 inte-

223 745 370 801 rioris
394 743 613 797 visionis
639 755 910 798 renovata:
937 744 1003 798 de
1033 744 1164 814 legis
1185 742 1466 797 velamine.

285 837 436 892 Vens.
453 833 544 888 20.
559 863 631 873 -
647 832 714 887 Et
743 835 1009 888 continuo.
1036 835 1224 904 Implet
1239 847 1540 889 sermonem
1563 833 1771 888 Domini

219 925 428 981 dicentis
457 941 470 978 :
506 924 609 989 Qui
646 924 753 977 vult
783 925 954 978 venire
979 935 1090 994 post
1128 941 1206 978 me
1226 964 1241 990 ,
1273 924 1484 994 abneget
1508 923 1772 994 semetip-

216 1035 320 1072 sum
345 1015 492 1087 (Luc.
526 1015 630 1086 lx),
658 1023 765 1070 etc.

278 1107 434 1163 Vens.
452 1105 620 1158 2L—
637 1105 846 1160 Nonne.
874 1106 1382 1177 (Ran.)Exemplum
1407 1106 1497 1161 dat
1522 1120 1626 1161 non
1651 1120 1770 1161 erit.

222 1197 486 1262 bescendi,
517 1197 608 1252 ubi
636 1206 812 1267 potest
845 1199 1044 1253 veritas
1070 1208 1280 1267 mutare
1300 1198 1597 1254 sententias
1618 1214 1763 1254 suas.

280 1289 433 1343 Vens.
463 1286 555 1340 24.
577 1285 1054 1341 -—Custodiebant.
1097 1285 1213 1341 Non
1248 1286 1441 1353 Judaei,
1481 1288 1574 1343 sed
1622 1289 1768 1344 cives

214 1398 325 1437 cum
361 1397 488 1451 rege
510 1395 607 1436 suo
633 1381 856 1446 Aretha,
884 1391 944 1436 ut
972 1383 1085 1453 ipse
1115 1383 1303 1438 scribit
1321 1383 1388 1437 ad
1411 1380 1648 1436 Galatas.
1673 1379 1767 1435 Ju-

212 1475 330 1527 dieis
367 1473 516 1527 enim
563 1473 966 1529 concordabant
1005 1473 1242 1530 Gentiles
1292 1473 1346 1528 in
1391 1473 1766 1544 persecutione

208 1564 649 1632 Christianorum.

267 1653 419 1707 Vens.
453 1653 544 1708 ‘26.
571 1652 784 1709 —Cunt
815 1666 991 1710 autem
1027 1657 1268 1712 venisset.
1306 1655 1422 1711 Non
1465 1672 1625 1728 quam
1655 1658 1764 1711 cito

198 1745 495 1812 baptizatus
515 1752 597 1798 est
622 1763 632 1798 :
667 1747 812 1800 venit
839 1747 894 1801 in
923 1746 1222 1802 Jerusalem
1253 1749 1318 1804 ad
1352 1749 1646 1817 apostolos,
1669 1748 1761 1804 sed

1877 567 2021 612 ctum
2065 567 2178 621 est,
2217 559 2283 612 ad
2331 560 2603 614 vitandam
2653 559 2962 625 elationem,
2997 561 3077 615 vel
3127 578 3193 617 ne
3244 562 3441 634 indigni

1873 648 2081 718 signum
2127 649 2389 703 viderent.
2419 649 2656 719 Aperuit.
2702 650 2914 722 (Bem.)
2964 652 3162 708 Rectus
3188 663 3277 710 est
3310 657 3444 710 ordo

1874 739 2303 809 resurgentium;
2321 749 2380 794 ut
2404 740 2554 810 prius
2579 741 2764 796 oculos
2786 743 2984 798 mentis
3009 745 3232 814 aperiat,
3257 756 3442 816 postea

1872 828 2051 901 agnita
2105 846 2236 885 voce
2282 831 2430 886 Petri
2478 833 2742 898 resedeat,
2771 833 2948 889 lumen
2981 851 3091 891 sua:
3118 837 3443 908 circumspe-

1870 923 2067 978 ctionis
2092 922 2350 977 amissum
2375 923 2623 993 recipiat,
2645 932 2702 976 ut
2728 925 2795 978 ad
2815 925 3114 980 doctrinam
3142 942 3327 982 eorum
3350 930 3442 997 qui

1869 1013 2143 1084 adjuvant,
2169 1015 2332 1068 vivat.
2362 1014 2575 1084 Aperuit
2599 1013 2797 1069 oculos.
2826 1016 2915 1070 Isti
2949 1026 3073 1071 sunt
3105 1025 3218 1073 tres
3245 1020 3442 1090 gradus

1869 1103 2321 1158 resusci'tationis.

1939 1192 2101 1251 ,Vens.
2144 1192 2237 1246 Ill.
2267 1222 2338 1231 —
2366 1191 2512 1246 Dans
2542 1202 2731 1246 autent.
2785 1192 3043 1249 Contacta
3083 1212 3243 1251 manu
3287 1197 3431 1252 Petri

1870 1281 2100 1336 Tabitha
2133 1283 2384 1354 resurgit,
2417 1283 2542 1352 quia
2584 1284 2763 1338 anima
2794 1284 3058 1354 languens
3085 1287 3138 1340 in
3183 1290 3438 1358 peccatis,

1868 1370 2013 1424 nullo
2041 1371 2232 1426 melius
2257 1372 2446 1428 ordine
2469 1387 2632 1442 quam
2675 1381 2990 1428 sanctorum
3029 1377 3290 1444 exemplis
3315 1392 3441 1432 con-

1866 1461 2108 1517 valescit.

2468 1534 2696 1591 CAPUT
2751 1535 2820 1590 Χ.

1950 1644 2110 1698 Vens.
2148 1645 2196 1698 l.
2220 1675 2290 1684 —
2343 1644 2432 1698 l’ir
2457 1659 2653 1713 autem,
2683 1657 2787 1703 etc.
2833 1646 3018 1720 (il-sa.)
3056 1647 3244 1704 Merito
3266 1649 3441 1718 perle-

1867 1734 2061 1788 ctionis
2086 1742 2138 1788 et
2163 1749 2324 1804 opere
2350 1735 2493 1789 virili
2524 1736 2612 1791 hic
2641 1739 2886 1792 centurio
2911 1737 3108 1792 dicitur
3123 1738 3223 1802 vir,
3249 1752 3440 1793 secun-

199 1837 348 1904 (sicut
389 1836 604 1891 Galatis
651 1839 860 1909 scribit)
909 1840 1084 1908 primo
1127 1841 1259 1896 abiit
1306 1841 1360 1896 in
1397 1841 1668 1906 Arabiam,
1705 1851 1759 1895 et

1873 1828 1987 1882 dum
2017 1827 2145 1881 illud
2174 1845 2186 1880 :
2221 1827 2314 1882 Vir
2343 1839 2453 1882 erat
2482 1829 2534 1882 in
2561 1837 2700 1883 terra
2727 1827 2864 1893 llus,
2899 1831 3106 1883 nomine
3134 1829 3256 1884 Job.

198 1926 310 1980 inde
356 1941 616 1982 reversus
660 1937 745 1983 est
790 1930 1143 1995 Damascum;
1186 1930 1382 1986 deinde
1420 1941 1544 2002 post
1591 1948 1762 1988 annos

197 2026 296 2070 tres
323 2018 476 2072 venit
499 2017 797 2074 Jerusalem
827 2021 1012 2076 videre
1042 2020 1283 2086 Petrum,
1315 2033 1422 2078 etc.
1456 2023 1677 2090 Deinde,
1703 2033 1762 2079 ut

195 2105 353 2161 Lucas
378 2118 637 2173 testatur,
667 2111 812 2164 venit
846 2111 898 2165 in
929 2122 1112 2182 partes
1143 2111 1314 2183 Syria:
1334 2123 1388 2166 et
1412 2112 1632 2169 Ciliciae.

257 2199 416 2254 Vens.
453 2200 639 2254 TI.—
666 2200 956 2256 Barnabas.
995 2203 1206 2275 (BEDA.)
1245 2203 1342 2259 Hic
1381 2203 1484 2259 fuit
1527 2203 1760 2276 Cyprius

193 2304 393 2358 genere,
423 2291 668 2357 Levites,
701 2294 790 2361 qui
814 2294 1046 2362 pretium
1077 2295 1191 2364 agri
1234 2295 1301 2350 ad
1329 2295 1492 2364 pedes
1542 2305 1758 2366 apostoo

193 2381 354 2436 lorum
387 2399 555 2452 supra
588 2392 922 2438 memoratur
949 2384 1215 2439 attulisse.

258 2473 412 2530 Vens.
445 2476 541 2530 29.
563 2506 634 2515 —
655 2462 1034 2531 CumGrazcis.
1068 2475 1241 2532 Grzeei
1283 2475 1450 2532 Judaei
1478 2477 1754 2546 dicuntur,

195 2567 325 2634 quod
359 2567 506 2622 inter
532 2567 749 2622 Graecos
778 2568 1117 2638 dispersione
1146 2577 1273 2624 sunt
1300 2571 1434 2624 nati.

260 2655 416 2712 Vens.
435 2658 603 2713 ’δα-ά
617 2657 931 2713 Cwsaream.
952 2659 1195 2714 Caesarea
1215 2659 1440 2732 Philippi
1465 2661 1657 2718 civitas
1677 2671 1762 2720 est

193 2744 374 2816 Syriae.
401 2749 650 2805 Tharsus
677 2749 868 2806 civitas
893 2761 976 2806 est
1003 2750 1225 2806 Cilicite.

257 2838 416 2895 Vens.
451 2841 538 2896 5i.
561 2872 633 2883 ——
658 2841 914 2896 Ecclesia.
944 2842 1116 2908 Talia,
1153 2853 1212 2897 ut
1235 2859 1394 2915 supra
1423 2843 1620 2900 dictum
1651 2855 1754 2912 est,

186 2927 234 2982 in
265 2929 368 2986 ﬁne
399 2933 790 2999 narrationum,
814 2942 869 2988 et
888 2934 1154 3004 principio
1179 2934 1575 2990 intersernntur
1593 2950 1753 3006 ssepe,

181 3018 243 3072 ad
269 3019 486 3075 laudem
515 3022 880 3090 apostolorum
904 3032 960 3078 et
979 3023 1355 3080 ecclesiastica:
1377 3026 1520 3082 ﬁdei.
1547 3025 1616 3079 Et
1633 3045 1756 3081 con-

177 3109 456 3164 solatione.
511 3111 822 3166 Consolatio
867 3113 922 3166 in
969 3111 1151 3168 labore
1198 3114 1377 3180 datur,
1429 3117 1572 3172 unde
1608 3126 1754 3187 patet

175 3200 319 3266 quod
353 3198 602 3254 Ecclesia
630 3201 953 3255 tentahatur.

247 3290 412 3344 Vens.
441 3290 531 3345 55.
550 3321 616 3330 ——
635 3291 860 3346 Nomine
874 3291 1123 3347 zEneam.
1153 3294 1332 3366 (ΗΑΒ.)
1355 3294 1558 3352 Encas
1579 3296 1755 3366 signat

181 3394 343 3448 genus
373 3381 671 3436 humanum
703 3382 982 3454 languens,
1011 3392 1140 3449 etc.,
1173 3401 1336 3456 usque
1382 3387 1452 3440 ad
1486 3388 1577 3457 qui
1605 3387 1752 3443 inﬁr-

182 3482 354 3526 matur
386 3473 658 3543 voluptate
688 3475 889 3540 carnis,
914 3484 968 3530 et
988 3476 1347 3533 delectatione
1381 3480 1583 3534 saeculi.

250 3561 412 3618 Vens.
457 3564 545 3618 54.
566 3563 832 3636 —Surge.
867 3566 1038 3634 Quem
1076 3569 1140 3623 de
1176 3571 1409 3642 paralysi
1443 3583 1744 3639 curaverat,

186 3671 402 3725 surgere
449 3667 504 3712 et
534 3667 776 3714 sternere
801 3657 904 3713 sibi
945 3663 1221 3731 praecepit,
1265 3663 1546 3720 insinuans
1571 3675 1629 3719 ut
1656 3668 1747 3735 qui

185 3747 332 3799 ﬁdem
359 3747 411 3800 in
443 3749 610 3802 corde
630 3758 970 3818 perceperat,
1002 3767 1106 3804 non
1138 3751 1310 3806 solum
1340 3763 1611 3824 torporem
1638 3756 1748 3810 dis-'

179 3840 359 3902 cutiat,
393 3840 490 3894 sed
517 3841 679 3894 etiam
714 3855 878 3910 opera
907 3850 1062 3911 paret
1091 3841 1144 3896 in
1173 3844 1368 3911 quibus
1399 3847 1662 3915 quiescat.

247 3931 401 3986 Vens.
434 3933 528 3988 55.
549 3932 831 4004 —Lgdd¢e
859 3943 906 3988 et
928 3933 1167 3990 Sarome.
1201 3936 1327 3991 Duae
1352 3937 1599 3994 civitates
1627 3939 1743 3994 fue-

180 4032 295 4076 runt
328 4040 611 4080 conversae
641 4025 709 4081 ad
744 4026 935 4093 Deum,
969 4027 1088 4082 ideo
1113 4028 1256 4082 enim
1289 4029 1490 4085 ﬁebant
1519 4033 1746 4089 virtutes

179 4128 226 4166 Ill
250 4132 345 4170 εις.

244 4205 397 4262 Vens.
429 4207 864 4264 56.——Nomine
897 4208 1138 4266 Tabitlta.
1188 4213 1368 4287 (Ras)
1409 4210 1634 4272 Tabitha
1679 4219 1745 4275 de

177 4293 386 4354 Hebraeo
413 4301 473 4355 in
501 4299 751 4354 Latinum
779 4299 980 4354 Dorcas
1008 4303 1354 4369 transfertur,
1381 4306 1467 4361 vel
1489 4306 1740 4374 Damula,

176 4397 227 4440 ut
254 4388 301 4443 in
331 4392 688 4460 quisbusdam
717 4392 1115 4462 exemplaribus
1141 4396 1428 4450 invenitur.

1930 1915 2224 1971 Cornelius.
2269 1917 2481 1990 (Βεω.)
2523 1918 2638 1973 Νοη
2678 1920 2968 1975 virtutibus
3011 1921 3078 1975 ad
3125 1920 3306 1985 ﬁdem,
3337 1921 3430 1975 sed

1860 2009 1966 2065 ﬁde
2005 2011 2346 2081 pertingebat
2383 2011 2450 2064 ad
2475 2011 2722 2066 virtutes.
2765 1995 2980 2081 (Gnec.)
3013 2012 3309 2075 Cornelius,
3345 2029 3439 2068 cu-

1853 2102 1942 2172 jus
1959 2103 2312 2174 eleemosynze
2334 2111 2458 2158 ante
2479 2105 2806 2173 baptismum
2821 2105 3010 2174 angelo
3028 2114 3282 2170 testante,
3299 2115 3404 2161 etc.
3417 2147 3430 2171 ,

1857 2209 2020 2262 usque
2049 2193 2118 2246 ad
2147 2193 2200 2246 in
2233 2193 2338 2247 ﬁde
2372 2209 2503 2248 vero
2531 2194 2792 2249 solidatur
2819 2211 2914 2264 per
2939 2211 3120 2265 opera.

1930 2283 2094 2338 Vens.
2123 2282 2250 2336 2.—
2266 2281 2576 2353 Religiosus,
2591 2293 2696 2338 etc.
2723 2283 2904 2355 (Rue)
2937 2285 3058 2340 llaac
3082 2286 3264 2341 omnia
3294 2285 3437 2342 bono

1858 2380 2086 2437 natura},
2139 2383 2268 2438 etc.,
2311 2390 2469 2444 usque
2513 2376 2581 2428 ad
2623 2375 2739 2431 sine
2783 2376 2925 2430 virili
2967 2377 3192 2444 semine,
3241 2378 3294 2434 id
3325 2388 3432 2444 est,

1859 2464 2102 2519 doctrina
2137 2465 2379 2535 magistri
2411 2465 2728 2534 concepisse
2765 2467 3037 2520 credatur.

1931 2559 2096 2614 Vens.
2123 2557 2178 2611 3.-
2203 2589 2273 2597 —
2295 2557 2351 2612 Is
2383 2558 2528 2612 vidit.
2562 2558 2743 2629 (ΗΑΒ.)
2777 2558 2889 2612 Non
2930 2559 2983 2613 in
3021 2567 3200 2625 nocte,
3233 2574 3338 2614 non
3380 2561 3432 2614 in

1857 2651 2079 2714 somnis,
2116 2650 2238 2720 quia
2267 2649 2505 2705 Gentiles
2533 2665 2721 2721 grosso
2764 2665 2946 2717 sensu,
2997 2659 3130 2716 etc.,
3174 2668 3334 2721 usque
3361 2653 3430 2705 ad

1859 2743 1999 2797 sicut
2025 2743 2176 2812 prius
2223 2741 2280 2796 in
2326 2741 2474 2797 Petri
2511 2750 2564 2797 et
2587 2741 2810 2798 Joannis
2855 2742 3103 2812 exemplo
3152 2751 3429 2799 ostensum

1857 2836 1978 2892 fuit.

1926 2928 2182 3000 Angelum
2212 2927 2328 2982 Dei.
2363 2926 2488 2998 (11).)
2519 2926 2636 2981 Non
2672 2925 2910 2982 Satanae.
2943 2927 3001 2981 In
3037 2927 3140 2982 hoc
3160 2942 3429 2982 excusan-

1858 3031 1945 3075 tur
1957 3020 2183 3091 apostoli
2212 3019 2462 3090 gentibus
2497 3020 2853 3088 praedicantes
2874 3027 2927 3073 et
2953 3024 3046 3074 ea's
3059 3020 3426 3090 baptizantes:

1857 3111 2124 3180 quomodo
2149 3111 2295 3165 enim
2339 3110 2608 3166 zelaretur
2639 3110 2708 3164 ab
2750 3110 2968 3165 homine
3015 3111 3157 3179 quod
3205 3111 3431 3166 manife-

1781 3177 1825 3237 (ἶ
1857 3177 2106 3258 stabatur
2125 3204 2192 3257 ab
2214 3202 2436 3271 angelo?
2464 3200 2840 3266 Inlroeuntem,
2875 3202 2940 3255 ad
2969 3177 3304 3268 selorsitan,
3332 3219 3424 3256 vo-

1856 3304 2072 3352 cantem
2103 3308 2246 3357 cem,
2289 3302 2345 3347 et
2378 3293 2536 3347 datur
2560 3293 2856 3346 excusandi
2891 3293 3105 3346 occasio
3150 3292 3309 3347 Petro
3335 3293 3429 3347 Jn-

1855 3389 1984 3445 daeis
2013 3395 2202 3442 contra
2240 3401 2364 3441 eum
2397 3384 2820 3454 disceptantibus
2854 3392 2909 3437 et
2945 3383 3285 3438 dicentibus:
3317 3382 3428 3437 Cur

1852 3479 2077 3534 introisti
2105 3477 2175 3532 ad
2200 3477 2336 3531 viros
2363 3477 2676 3546 pra'putium
2717 3475 2960 3528 habentes
3009 3472 3143 3546 (Act.
3178 3473 3279 3546 x1),
3314 3483 3421 3531 etc.

1851 3570 2078 3624 Corneli.
2105 3567 2468 3622 Familiaritas
2497 3566 2820 3630 ostenditur,
2849 3581 2955 3635 qua
2987 3581 3183 3620 nomen
3213 3567 3427 3639 gentilis

1848 3660 2084 3716 hominis
2112 3658 2319 3713 notitiae
2355 3656 2667 3728 angelorum
2695 3663 2778 3710 est
2807 3656 3090 3710 insertum.

1919 3751 2084 3805 Vens.
2117 3749 2170 3803 5.
2199 3779 2270 3790 —
2304 3747 2372 3801 Et
2401 3763 2538 3802 nunc
2575 3747 2721 3800 mitte
2767 3748 2929 3812 viros,
2961 3755 3070 3803 etc.
3113 3748 3294 3819 (Rue)
3328 3748 3426 3804 llic

1849 3841 2038 3911 incipit
2069 3840 2372 3904 retributio,
2403 3848 2463 3892 ut
2511 3838 2603 3908 qui
2644 3838 2952 3892 misericors
2982 3846 3067 3894 est
3105 3840 3423 3896 misereatur

1848 3930 1926 3985 tui
1958 3931 2121 3994 Deus,-
2150 3929 2276 3998 quia
2312 3945 2325 3980 :
2357 3926 2510 3980 Beati
2539 3927 2918 3992 misericordes,
2945 3929 3194 3997 quoniam
3221 3931 3422 3984 miseris

1847 4021 2101 4082 cordt'am,
2124 4027 2228 4072 etc.
2248 4018 2462 4088 (Matth.
2495 4015 2571 4088 τ).

1918 4109 2138 4179 Joppen.
2175 4107 2296 4180 (ln.)
2325 4106 2529 4160 Civitas
2568 4103 2652 4161 est
2680 4113 2836 4160 terrae
2876 4107 3250 4186 promissionis
3282 4113 3418 4166 mari

1846 4188 2128 4274 Tyrrheno
2159 4199 2422 4270 proxima,
2441 4206 2495 4252 et
2523 4197 2576 4251 in
2602 4197 2770 4268 ipsius
2799 4187 3049 4276 orientali
3077 4200 3259 4255 littore
3287 4201 3412 4267 sita,

1847 4295 1899 4349 in
1945 4309 2107 4363 quam
2151 4291 2315 4348 Jonas
2345 4277 2676 4347 descendens
2725 4279 2948 4346 intravit
2991 4308 3200 4357 navem,
3240 4304 3296 4350 ut
3338 4297 3417 4351 fu-

1845 4395 2014 4458 geret.

239 4481 454 4541 Dorcas.
481 4484 777 4555 Allegorice
798 4500 811 4538 :
835 4484 1037 4540 Dorcas
1065 4496 1147 4541 est
1170 4489 1382 4542 damula
1412 4491 1493 4544 vel
1515 4506 1738 4560 caprea:

1923 4480 2080 4534 Vens.
2112 4472 2261 4546 6._——
2290 4476 2622 4547 Dospitatur,
2651 4485 2753 4531 etc.
2788 4465 3102 4548 Hospitatur
3125 4475 3318 4534 Petrus
3361 4481 3412 4534 in

175 4571 429 4641 signiﬁcat
441 4584 630 4631 autem
645 4576 880 4630 animam
895 4576 1072 4631 studio
1085 4578 1300 4634 virtutis
1321 4579 1624 4646 Sublimem,
1644 4585 1735 4637 sed

176 4662 442 4722 hominmn
506 4669 760 4739 opinione
813 4670 1290 4738 contemptibilem.
1335 4671 1738 4743 Interpretatio-

176 4769 286 4810 nem
316 4769 502 4816 autem
524 4759 758 4814 nominis
780 4759 952 4814 Lucas
971 4776 1193 4831 ponens,
1216 4767 1528 4834 mysterium
1559 4766 1737 4824 inesse

175 4845 449 4914 signiﬁcat.
515 4849 640 4906 Hate
694 4851 947 4906 animalia
1003 4855 1265 4908 morantia
1323 4855 1376 4909 in
1427 4859 1732 4926 montibus,

177 4949 319 4995 acute
363 4943 554 4997 vident
600 4959 614 4995 :
662 4941 803 4996 unde
863 4943 932 4996 ab
987 4944 1231 4998 acumine
1280 4946 1430 5002 visus
1477 4948 1736 5006 dorcades

175 5027 350 5084 Graece
373 5041 662 5087 vocantur.
700 5030 790 5086 Sic
830 5034 1038 5088 meritis
1068 5050 1289 5103 operum
1336 5041 1533 5095 excelsi
1581 5058 1739 5114 supe-

179 5119 282 5174 rius
316 5122 620 5187 intendunt,
645 5132 699 5176 et
732 5122 832 5177 sibi
857 5123 1245 5194 circumspecte
1288 5127 1587 5199 invigilant,
1614 5134 1737 5187 sim-

175 5209 371 5274 pliciter
390 5216 581 5270 vivunt
608 5211 843 5270 discreto
869 5216 1037 5285 gradu
1063 5217 1264 5284 operis,
1299 5221 1455 5286 quasi
1479 5220 1602 5276 ﬁssa
1633 5241 1734 5278 un-

177 5301 287 5367 gula
317 5304 594 5371 incedunt,
622 5304 845 5359 verbum
873 5304 970 5360 Dei
1002 5305 1220 5360 assidua
1258 5307 1606 5366 meditatione
1648 5329 1736 5367 ru-

177 5392 389 5451 minant.

241 5481 397 5540 Vens.
423 5487 593 5542 39.—
612 5485 679 5540 In
709 5486 994 5540 caenaculo.
1033 5486 1214 5560 (ΗΑΒ.)
1238 5487 1294 5542 ln
1325 5488 1444 5545 loco
1469 5492 1730 5561 superiOri

177 5574 402 5642 ponitur,
437 5578 521 5632 vel
546 5587 766 5648 propter
794 5577 1134 5633 altitudinem
1169 5580 1366 5646 meriti,
1396 5583 1478 5636 vel
1507 5594 1731 5654 propter

177 5667 546 5724 sublimitatem
573 5669 834 5739 miraculi,
857 5671 997 5739 quod
1025 5671 1325 5726 iaciendum
1356 5683 1472 5728 erat
1495 5676 1560 5729 de
1579 5691 1662 5729 ea.

243 5757 401 5816 Vens.
424 5766 597 5822 ML—
621 5763 832 5834 Ejectis.
865 5762 986 5834 (ιο.)
1016 5762 1172 5817 Juxta
1197 5765 1497 5836 exemplum
1528 5768 1728 5824 Christi

1846 4573 2006 4630 domo
2033 4571 2294 4635 Simonis,
2327 4571 2380 4625 id
2413 4569 2853 4633 est,obedientis,
2893 4570 2982 4638 qui
3013 4579 3096 4625 est
3123 4570 3410 4634 coriarius,

1844 4668 1970 4738 quia
1998 4667 2184 4721 doctor
2209 4663 2462 4719 Ecclesia:
2495 4662 2566 4717 ibi
2605 4662 2836 4716 libenter
2876 4659 3102 4738 habitat,
3149 4663 3238 4718 ubt
3289 4675 3414 4719 sunt

1846 4757 2182 4822 obedientes,
2218 4754 2309 4826 qui
2335 4754 2606 4822 castigant
2639 4767 2836 4822 corpus
2874 4761 2928 4806 et
2965 4752 3210 4806 servituti
3240 4754 3409 4822 subji-

1847 4851 2018 4916 ciunt,
2067 4847 2391 4918 transgressi
2433 4845 2626 4900 ﬁuctus
2663 4839 2844 4898 satculi
2899 4831 3148 4898 libertate
3194 4847 3406 4899 mentis.

1843 4939 2160 5000 Constantia
2196 4941 2342 4997 enim
2375 4940 2500 4994 ﬁdei
2526 4933 2724 4994 ﬂuxam
2766 4935 2988 5010 gloriam
3022 4939 3204 4993 mundi
3228 4948 3281 4995 et
3306 4949 3412 4995 ter-

1841 5043 1990 5094 rores
2018 5043 2382 5091 contemnunt.

1911 5127 2074 5181 Vens.
2107 5123 2156 5180 7.
2182 5125 2343 5177 —Et
2370 5138 2486 5177 cum
2535 5121 2868 5176 discessisset.
2923 5121 3104 5193 (ΗΑΒ.)
3154 5121 3270 5177 Νοη
3309 5123 3404 5186 ait,

1839 5239 1961 5278 cum
1984 5219 2292 5290 evigilasset
2308 5217 2605 5281 Cornelius,
2636 5217 2760 5286 quia
2789 5216 2837 5270 ei
2865 5231 2962 5270 nec
2991 5232 3088 5285 per
3112 5218 3402 5283 somnium,

1839 5330 1941 5370 nec
1973 5313 2025 5366 in
2052 5310 2276 5373 exstasi,
2308 5308 2401 5363 sed
2429 5306 2711 5361 manifeste
2736 5305 2958 5376 angelus
2983 5306 3132 5362 visus
3157 5314 3258 5362 est.

1913 5403 2153 5458 Militem.
2187 5397 2310 5470 (11).)
2341 5398 2455 5453 Non
2477 5399 2608 5452 dicit
2629 5397 2954 5452 domesticos
2982 5406 3282 5454 metuentes
3304 5394 3408 5453 Do-

1839 5497 2068 5561 minum,
2118 5494 2245 5563 quia
2293 5493 2349 5546 in
2378 5491 2643 5561 principio
2687 5490 2899 5545 dixerat
2945 5504 3066 5544 eum
3100 5489 3414 5559 religiosum

1836 5589 2027 5651 fuisse,
2062 5586 2338 5640 timentem
2363 5583 2651 5638 Dominum
2673 5597 2794 5637 cum
2823 5581 2969 5636 omni
3011 5581 3169 5636 domo
3196 5595 3308 5634 sua.

1909 5679 2074 5732 Vens.
2097 5677 2236 5732 9.-
2264 5677 2834 5746 Appropinquantibus,
2884 5684 2990 5730 etc.
3028 5675 3143 5728 Alia
3181 5674 3356 5727 littera
3391 5691 3410 5726 :-

1836 5770 2215 5842 Apparentibns
2241 5769 2363 5836 illis,
2392 5769 2596 5825 scilicet
2630 5770 2718 5839 qui
2749 5785 2778 5822 a
2807 5767 3055 5823 Cornelio
3082 5767 3232 5821 missi
3257 5778 3403 5831 sunt,
