3958 6314
511 355 612 412 451

1009 354 1400 413 WALAFRlDl
1441 353 1688 412 STRABI
1728 356 1930 413 FULD.
1975 357 2138 414 MON.
2184 358 2334 414 OPP.
2377 359 2557 413 PARS
2597 360 2635 413 I.
2677 391 2745 400 —
2782 358 3240 415 THEOLOGICA.

3673 359 3768 415 ιδι

513 473 569 528 id
583 478 693 535 est,
718 469 791 527 ita
813 468 1319 542 propinquantibus,
1345 478 1404 524 ut
1432 469 1601 524 videri
1625 479 1845 541 possent
1871 487 1901 526 a
1923 470 2084 526 domo
2112 477 2159 535 Α
2189 489 2351 530 causa
2418 475 2859 543 eonvocationis;
2904 475 3231 548 proximitas
3285 472 3634 544 cognationis
3653 513 3670 536 ,
3722 483 3769 530 et

515 562 754 618 Simonis
777 560 1016 616 coriarii.

586 650 769 724 (Rm)
797 651 922 717 Pro,
951 650 1006 704 in
1026 649 1318 722 superiora,
1347 650 1453 707 alia
1486 650 1666 706 littera
1701 651 1884 718 habet,
1911 654 1967 706 in
1994 669 2093 707 coe-

515 743 786 807 naculum,
817 750 872 796 et
899 743 1038 796 bene
1075 758 1089 794 :
1133 741 1263 810 quia
1306 741 1528 811 gentilis
1555 741 1784 811 populus
1818 751 1901 797 est
1938 741 2094 811 quasi

516 839 765 905 superior
799 834 990 888 domus
1033 850 1046 886 :
1099 831 1383 906 Synagoga
1422 849 1551 889 vero
1590 843 1678 888 est
1733 833 1874 888 infra
1901 873 1918 899 ,
1969 833 2093 903 quia

517 924 716 979 mundo
747 923 1022 977 immersa.

585 1016 782 1071 Dicens
805 1016 859 1069 in
883 1015 1178 1084 superiora,
1208 1013 1534 1086 signiﬁcavit
1563 1013 1882 1080 Ecclesiam,
1907 1014 2094 1070 relicta

515 1108 806 1178 cupiditate
837 1115 1198 1170 terrenorum,
1231 1107 1698 1160 conversationem
1725 1105 1777 1159 in
1806 1105 1958 1159 ccelis
1994 1106 2093 1159 lia-'-

515 1197 769 1252 bituram.
803 1195 966 1250 Sexta
992 1195 1130 1248 hora
1152 1194 1346 1248 Petrus
1366 1195 1508 1249 inter
1529 1195 1714 1264 preces
1742 1193 1931 1257 esurit,
1956 1193 2097 1247 salti-

519 1299 624 1345 tem
669 1289 856 1358 utique
898 1288 1104 1353 mundi,
1146 1302 1304 1356 quem
1345 1285 1503 1341 .lesus
1544 1295 1694 1340 sexta
1728 1294 1884 1340 aetate
1913 1284 2096 1339 smculi

519 1397 764 1454 querere
785 1391 840 1437 et
864 1381 1073 1436 salvare
1095 1381 1237 1436 venit
1263 1397 1276 1434 :
1305 1379 1449 1449 quod
1473 1379 1730 1434 indicavit
1762 1395 1882 1434 cum
1907 1379 2096 1434 eadem

523 1473 657 1527 hora
690 1486 850 1541 super
873 1480 1093 1540 puteum
1127 1467 1386 1523 Samaria:
1415 1469 1574 1523 sedit.

590 1563 752 1618 Vens.
780 1561 867 1615 10.
899 1559 1134 1618 -—.Cum
1168 1561 1408 1615 esuriret.
1451 1560 1633 1632 (ΗΑΒ.)
1674 1560 1915 1615 Salutem
1963 1575 2097 1630 gen-

519 1655 650 1707 tium
673 1653 1048 1723 compatiendo
1073 1653 1266 1718 esurit,
1296 1669 1416 1722 quae
1443 1669 1587 1708 nunc
1612 1653 1664 1707 in
1689 1652 1896 1708 visione
1917 1662 2099 1706 osten-

519 1744 684 1808 ditur,
708 1758 828 1812 quae
850 1742 969 1796 ideo
991 1751 1143 1796 sexta
1175 1743 1307 1798 hora
1331 1751 1414 1797 est
1437 1743 1572 1808 visa,
1604 1743 1730 1812 quia
1758 1750 1912 1797 sexta
1937 1749 2098 1796 aetate

520 1835 701 1890 saeculi
723 1843 806 1888 est
834 1834 999 1889 facta.

590 1927 755 1982 Vens.
804 1929 891 1982 Η.
940 1955 1010 1968 —-
1056 1924 1255 1981 Catum
1297 1931 1554 1998 apertum.
1611 1927 1824 1999 (Βεωλ.)
1873 1925 2098 1996 Ap‘ertio

520 2020 641 2076 cmli
665 2020 918 2075 revelatio
939 2027 1022 2074 est
1048 2029 1509 2074 sacramentorum
1532 2019 1836 2074 ctelestium
1860 2018 2102 2088 proxime

521 2110 702 2166 futura
720 2111 987 2181 gentibus.
1008 2110 1262 2180 Designat
1281 2119 1458 2168 autem
1478 2111 1531 2164 in
1551 2112 1651 2165 hoc
1663 2110 1831 2165 caelos
1854 2111 2101 2182 gentibus

521 2218 640 2260 esse
671 2211 906 2272 apertos,
935 2211 990 2256 et
1015 2189 1294 2256 introitttm
1332 2216 1453 2256 esse
1477 2201 1842 2270 pandendum.

602 2295 706 2349 Vas
727 2295 1012 2366 quoddam.
1046 2295 1170 2367 (lo.)
1204 2292 1307 2349 Vas
1337 2294 1468 2348 illud
1499 2293 1746 2363 designat
1779 2289 2100 2357 Ecclesiam,

521 2397 647 2450 etc.,
676 2403 836 2457 usque
864 2387 932 2440 ad
971 2402 1069 2457 per
1103 2399 1241 2457 quos
1284 2385 1523 2441 Ecclesia
1565 2384 1776 2440 caelesti
1814 2385 1956 2439 dono
2002 2382 2102 2437 im-

521 2480 653 2535 buta
683 2479 1025 2534 sublimatur.

595 2570 851 2624 Linteum.
892 2569 996 2624 Pro
1030 2569 1300 2635 Ecclesia,
1344 2584 1441 2641 pro
1482 2568 1716 2624 candere
1767 2567 2100 2633 sanctitatis,

520 2669 576 2715 et
615 2659 1028 2714 mortillcatione
1050 2660 1252 2714 carnis.
1294 2659 1370 2714 De
1415 2659 1540 2713 coelo
1580 2660 1632 2712 in
1675 2668 1888 2712 terram.
1919 2657 2103 2729 (nam)

522 2754 648 2809 Inde
689 2768 970 2808 monemur
995 2793 1009 2818 ,
1051 2762 1113 2807 ut
1137 2753 1225 2807 ubi
1248 2760 1409 2822 caput
1449 2760 1694 2806 nostrum
1733 2759 1816 2805 est
1850 2759 1906 2804 et
1953 2751 2104 2804 radix

523 2851 698 2920 (cujus
720 2848 850 2902 rami
869 2849 1074 2920 sumus)
1095 2848 1218 2901 illuc
1233 2855 1476 2916 penetret
1497 2846 1730 2900 anchora
1746 2845 1860 2915 spei
1883 2853 2101 2898 nostra}.

2192 563 2451 619 amicitia.

2263 655 2426 709 Vens.
2449 653 2540 708 27.
2569 684 2640 695 —
2668 653 2737 708 Et
2761 655 2999 722 loquens,
3040 662 3148 709 etc.
3183 652 3397 726 (Βεω.)
3424 653 3771 710 Contntuaio-

2193 759 2316 798 nem
2348 745 2674 814 aequalitatis
2697 747 2898 800 meruit
2941 732 3205 800 sanctitas
3235 745 3498 810 actionis,
3548 744 3690 799 sicut
3727 745 3773 800 in

2193 836 2414 890 Ananiae
2441 846 2496 892 et
2520 837 2798 910 Sapphiraz
2825 837 2982 908 culpa
3014 837 3162 892 zelus
3183 837 3408 893 ultionis
3426 837 3548 906 ejus
3568 839 3775 907 aperuit

2193 931 2494 1001 potestatis.

2266 1021 2428 1076 Vens.
2454 1021 2542 1086 50,
2557 1021 2618 1076 51
2632 1020 2792 1075 .--Et
2815 1038 2929 1076 ecce
2949 1023 3048 1084 vir,
3069 1029 3176 1076 etc.
3209 1018 3326 1076 Non
3349 1020 3481 1076 dicit
3505 1019 3775 1092 angelum,

2196 1112 2331 1167 adeo
2357 1112 2562 1168 alienus
2587 1121 2706 1166 erat
2743 1127 2773 1166 a
2803 1099 2942 1167 fastu
2964 1153 2978 1178 ,
3011 1121 3065 1166 et
3096 1112 3271 1182 inquit
3299 1131 3312 1166 :
3342 1109 3592 1175 Corneli,
3623 1129 3778 1166 exau-

2195 1203 2306 1255 dita
2330 1203 2588 1256 estoratio
2612 1211 2805 1268 tua,.et
2838 1202 3176 1272 eleemosyna:
3199 1212 3304 1256 tua?
3329 1203 3384 1256 in
3409 1204 3669 1256 memoria
3701 1204 3778 1255 Ita-

2198 1292 2317 1346 bita:
2341 1301 2460 1346 sunt
2487 1309 2666 1345 coram
2693 1291 2824 1348 Deo.

2266 1379 2334 1434 In
2361 1391 2636 1451 conspectu
2659 1381 2794 1435 ‘Dei.
2828 1381 3012 1453 (Rm)
3056 1381 3114 1435 ln
3153 1380 3371 1446 Graeco,
3402 1381 3471 1436 In
3505 1394 3779 1452 conspectu

2198 1471 2297 1526 Dei
2320 1471 2594 1525 adsumus.
2628 1470 2742 1527 Hoc
2769 1481 2918 1528 recte
2943 1473 3143 1528 dicitur
3163 1473 3231 1527 ab
3253 1488 3319 1528 eo
3345 1473 3438 1542 qui
3464 1475 3580 1528 Deo
3601 1490 3778 1543 prom-

2196 1573 2320 1634 ptus
2349 1573 2467 1619 erat
2487 1565 2886 1636 obtemperare,
2918 1564 3150 1621 credens
3175 1581 3298 1620 eum
3324 1565 3526 1636 ubique
3550 1581 3781 1637 praesen-

2199 1663 2307 1710 tem
2336 1669 2475 1710 esse.
3721 1661 3726 1664 ’

2274 1745 2438 1800 Vens.
2468 1744 2558 1799 δι.
2601 1775 2672 1786 —-
2718 1745 2843 1802 Non
2871 1755 2947 1802 est
2990 1763 3336 1818 personarum
3384 1757 3654 1818 acceptor,
3685 1757 3780 1803 etc.

2129 1828 2176 1887 B
2207 1835 2418 1908 (Beos.)
2447 1835 2602 1892 Patet
2623 1836 2796 1892 Deum
2839 1853 2946 1893 non
2987 1853 3104 1894 esse
3143 1853 3496 1910 personarum
3538 1850 3783 1911 accepto-

2200 1943 2335 1993 rem,
2365 1937 2496 1993 etc.,
2527 1944 2688 1983 usaue
2713 1929 2782 1982 ad
2807 1928 2903 1985 sed
2927 1945 3118 1985 omnes
3143 1931 3427 1986 credentes
3450 1932 3780 2002 acciperent.

2271 2019 2433 2074 Vens.
2457 2017 2546 2073 37.
2566 2049 2639 2060 ——
2667 2019 2771 2075 Vos
2799 2021 2967 2087 scitis,
2997 2029 3103 2076 etc.
3132 2021 3316 2091 (ΚΑΒ.)
3343 2020 3437 2077 Sic
3465 2021 3778 2094 legendum:

2201 2110 2566 2167 ScitisJesum
2602 2121 2662 2166 ut
2685 2113 3010 2182 praedicavit
3037 2112 3273 2168 Joannes
3301 2131 3315 2167 :
3344 2112 3532 2168 Jesum
3563 2129 3595 2168 a
3623 2113 3782 2167 Naza-

2202 2202 2344 2266 reth,
2374 2200 2644 2271 quomodo
2667 2202 2826 2256 unxit
2849 2216 2997 2267 eum,
3026 2213 3132 2257 etc.
3167 2201 3263 2256 Vel
3294 2219 3308 2256 :
3339 2202 3443 2258 hoc
3470 2203 3784 2273 praedicavit

2199 2289 2452 2357 Joannes,
2468 2291 2610 2362 quod
2633 2293 2787 2346 unxit
2809 2308 2955 2358 eum,
2980 2308 3085 2347 non
3107 2291 3323 2363 quidem
3348 2300 3570 2348 terreno
3612 2308 3781 2356 more,

2201 2381 2295 2435 sed
2317 2381 2506 2450 spiritu
2541 2389 2598 2434 et
2624 2381 2823 2436 virtute
2853 2382 3154 2454 signorum.

2273 2470 2436 2525 Vens.
2467 2473 2556 2528 38.
2581 2502 2652 2512 —
2678 2472 2780 2538 Qui
2809 2473 3142 2543 pertransiit,
3179 2481 3284 2529 etc.
3309 2473 3368 2528 in
3404 2472 3602 2529 Graeco
3639 2475 3782 2528 addi-

2206 2569 2309 2625 tur,
2337 2578 2427 2632 per
2459 2563 2813 2634 quadraginta
2835 2562 2968 2628 dies,
2992 2579 3098 2618 non
3122 2563 3264 2633 quod
3285 2563 3528 2632 quotidie
3551 2579 3677 2619 cum
3702 2564 3783 2619 illo

2204 2655 2593 2709 manducarent
2636 2664 2694 2710 et
2734 2656 3020 2722 biberent,
3069 2671 3196 2710 nam
3247 2664 3391 2711 esset
3449 2656 3779 2712 contrarium

2203 2745 2418 2812 Joanni,
2443 2747 2532 2815 qui
2556 2757 2679 2802 octo
2701 2747 2816 2802 dies
2839 2748 3135 2819 interponit
3169 2748 3366 2817 quibus
3393 2749 3474 2804 eis
3501 2749 3653 2803 visus
3675 2764 3779 2802 non

2205 2845 2309 2903 est,
2345 2846 2403 2891 ut
2447 2837 2605 2891 tertio
2646 2837 3107 2902 manifestaretur,
3141 2847 3196 2893 et
3241 2839 3460 2893 totidem
3494 2839 3686 2894 diebus
3707 2840 3783 2909 je-

596 2937 762 2992 Vens.
809 2937 894 2991 12.
921 2967 994 2977 -
1025 2935 1214 2991 Omnia
1255 2936 1635 3007 quadrupedia.
1677 2931 1874 2990 Omnes
1921 2944 2106 3004 gentes
2198 2927 2411 3000 junavit
2435 2936 2562 2982 ante
2589 2937 2840 2993 tnortem,
2871 2929 2993 2984 cibo
3015 2930 3282 2999 indigens,
3311 2930 3456 2999 quod
3491 2931 3783 2984 manduca-

523 3014 810 3083 crediturze
835 3037 891 3082 et
925 3027 978 3081 in
1006 3028 1267 3082 unitatem
1296 3027 1542 3096 corporis
1577 3025 1778 3080 Christi
1820 3039 2104 3081 assumen-

522 3119 624 3180 dae,
659 3125 717 3171 ut
737 3132 925 3171 omnes
949 3115 1252 3170 eﬂiciantur
1275 3116 1518 3170 membra
1549 3115 1685 3184 ejus.

2204 3019 2281 3074 vit
2306 3027 2426 3089 post
2452 3019 2902 3074 resurrectionem
2924 3019 3036 3088 jam
3068 3021 3189 3075 cibo
3211 3035 3318 3075 non
3344 3019 3618 3090 indigens.
3644 3017 3783 3087 Jeju-

2206 3111 2356 3169 navit
2382 3119 2509 3165 ante
2543 3119 2792 3175 mortem,
2835 3119 2897 3166 ut
2925 3127 3024 3166 nos
3062 3112 3461 3167 abstineremus
3503 3127 3534 3164 a
3573 3111 3780 3166 deside-

595 3206 764 3261 Vens.
794 3205 877 3260 l3.
905 3235 974 3245 -
997 3205 1209 3260 Occide.
1239 3204 1460 3270 Munda,
1488 3180 1776 3270 moi-tilica,
1813 3212 1870 3261 et
1897 3213 2095 3272 macta,
2127 3180 2176 3244 ο
2205 3206 2302 3260 riis
2326 3204 2484 3274 hujus
2509 3203 2711 3261 Smculi.
2747 3203 3088 3258 Mandueavit
3107 3244 3122 3268 ,
3153 3203 3355 3258 docens
3373 3218 3472 3273 per
3496 3203 3602 3258 hoc
3643 3204 3780 3272 quod

521 3304 582 3350 ut
609 3297 813 3351 hostias
837 3296 950 3350 Deo
977 3293 1165 3360 facias,
1194 3302 1254 3348 ut
1284 3294 1426 3349 eruti
1455 3294 1524 3350 de
1545 3304 1814 3350 vetustate
1849 3295 1904 3349 in
1941 3296 2097 3350 novi»

523 3396 687 3442 tatem
727 3392 1025 3440 transeant.

594 3479 758 3533 Vens.
776 3475 1283 3543 H.—Manducavi,
1310 3485 1414 3533 etc.
1445 3477 1659 3550 (Bt-1m.)
1683 3476 1785 3545 Qui
1810 3477 2098 3534 manducat

521 3572 702 3628 cibum
729 3572 862 3626 foris
890 3570 1121 3641 positum
1147 3570 1200 3626 in
1229 3587 1385 3626 suum
1419 3572 1617 3642 trajicit
1643 3587 1858 3642 corpus.
1891 3571 2099 3628 Praece—

523 3668 598 3738 pit
629 3682 760 3739 ergo
779 3675 965 3736 gentes
992 3680 1090 3736 per
1110 3667 1561 3732 incredulitatem,
1596 3664 1729 3720 foris
1757 3665 1978 3736 positas,
2011 3680 2098 3719 so-

521 3761 701 3816 cietati
732 3759 981 3814 Ecclesia:
1011 3763 1192 3829 (quam
1223 3759 1417 3815 Petrus
1447 3758 1735 3831 signiﬁcat)
1770 3758 1959 3813 inseri.

593 3851 715 3923 (lo.)
750 3851 988 3908 Gentiles
1017 3853 1210 3908 Petrus
1237 3853 1542 3908 immundos
1567 3851 1819 3921 putabat,
1848 3841 1978 3917 etc.,
2010 3849 2098 3905 us-

520 3959 619 4012 que
643 3943 712 3996 ad
741 3943 836 3998 sed
865 3942 917 3996 in
949 3943 1061 3998 sola
1090 3944 1182 3998 Dei
1215 3944 1501 3998 dilectione
1529 3943 1880 4013 constringat.

595 4055 752 4109 Vens.
782 4055 886 4110 21:
907 4087 976 4096 —
1004 4057 1355 4111 Desctendens.
1404 4055 1615 4127 (Bene)
1657 4055 1991 4111 Descenderc
2029 4057 2096 4110 de

519 4151 681 4209 tecto,
704 4154 760 4200 et
780 4144 846 4199 ad
873 4145 1268 4215 praedicandum
1295 4147 1370 4201 ire
1395 4139 1632 4217 iubetur,
1657 4155 1788 4210 etc.,
1817 4162 1977 4216 usque
2003 4146 2091 4212 ad,

521 4236 833 4293 Sanctorum
858 4256 974 4293 vero
996 4237 1315 4294 Conversatio
1336 4249 1406 4294 est
1445 4241 1497 4292 in
1524 4239 1662 4293 artis
1705 4237 1956 4310 (Philipp.
1988 4236 2089 4309 ui).

600 4347 736 4402 Ecce
755 4365 869 4418 ego,
897 4359 1002 4403 etc.
1033 4347 1280 4404 Ostendit
1308 4355 1364 4404 se
1386 4348 1523 4403 scire
1551 4350 1836 4403 adventum
1859 4348 2090 4413 illorum,

516 4435 835 4491 humilitatis
871 4437 1032 4491 etiam
1066 4437 1200 4492 dans
1225 4437 1527 4507 exemplum
1553 4477 1567 4502 ,
1601 4436 1876 4492 dimittens
1898 4438 2084 4493 circui-

519 4533 631 4580 tum
665 4528 972 4581 verborum.

501 4673 504 4676 ,
589 4613 720 4680 Quir
741 4633 900 4670 causa
929 4625 1026 4681 est,
1068 4626 1171 4670 etc.
1206 4611 1441 4686 Spiritus
1479 4614 1668 4672 adesse
1697 4612 1893 4674 milites
1923 4616 2088 4684 dixit,

517 4715 570 4760 et
593 4721 694 4776 qua
725 4707 789 4762 de
811 4723 973 4762 causa
1023 4712 1281 4760 venerant
1310 4707 1496 4771 tacuit,
1527 4710 1652 4776 quia
1676 4709 1741 4762 ad
1767 4712 2093 4765 'conscrvan-

515 4801 639 4856 dam
685 4801 1042 4856 humilitatem
1083 4802 1370 4870 aliquando
1410 4802 1708 4872 prophetiae
1755 4802 1975 4871 spiritus
2023 4818 2086 4858 ex

515 4903 668 4961 parte
693 4893 931 4946 animum
964 4893 1154 4962 tangit,
1183 4902 1238 4948 et
1259 4908 1322 4947 ex
1355 4903 1506 4964 parte
1531 4910 1636 4948 non
1669 4895 1858 4966 tangit.

585 5007 748 5061 Vens.
785 5008 874 5061 22.
901 5037 972 5048 —-
1013 4993 1334 5078 Responsum
1375 5011 1592 5078 accepit.
1633 5005 1998 5079 Eieemosynis
2035 5017 2089 5064 et

513 5095 851 5150 orationibus
897 5095 1013 5166 ejus
1049 5113 1144 5167 per
1189 5098 1440 5169 angelum
1486 5100 1763 5169 respondit
1811 5099 2083 5154 Dominus.

517 5183 583 5238 In
617 5186 846 5240 domum.
886 5187 988 5242 Per
1022 5189 1124 5244 hoc
1167 5188 1394 5244 suadent
1422 5190 1546 5260 quia
1573 5190 1794 5261 angelus
1810 5188 1971 5258 jussit
2010 5193 2090 5244 in-

517 5277 681 5331 troire
704 5277 758 5332 in
784 5279 1000 5334 domum
1031 5279 1167 5350 ejtts,
1199 5281 1446 5352 quamvis
1473 5281 1687 5351 gentilis
1715 5289 1876 5337 esset.

588 5389 748 5445 Vens.
773 5391 864 5446 23.
887 5423 954 5434 —
976 5389 1342 5460 Introduceus,
1369 5402 1474 5450 etc.
1503 5393 1600 5449 Hic
1629 5395 1817 5466 incipit
1839 5404 2084 5450 commu-

515 5479 606 5536 nio
626 5483 989 5550 apostolorum
1011 5493 1133 5538 eum
1165 5484 1443 5554 gentibus,
1483 5485 1605 5553 quia
1639 5485 1992 5540 descenderat
2019 5486 2086 5538 ad

515 5573 729 5642 eos.qui
755 5575 1039 5629 audierant
1063 5559 1131 5629 ab
1169 5567 1358 5644 angelo
1388 5585 1713 5645 praeceptum
1738 5585 1794 5630 ut
1818 5577 2087 5631 intrarent

515 5661 566 5714 in
593 5661 808 5717 domum
839 5663 1077 5733 gentilis,
1111 5665 1228 5718 ideo
1253 5663 1480 5734 gentiles
1501 5664 1736 5734 hospitio
1763 5666 1984 5735 recepit.

588 5754 741 5807 Vnus.
791 5753 880 5808 24.
916 5785 986 5795 —
1029 5753 1333 5808 Conrocatis
1388 5757 1660 5823 cognatis,
1709 5765 1814 5812 etc.
1877 5758 2079 5828 Duplex

2199 3299 2478 3354 nobiscum
2491 3307 2763 3366 estusque
2783 3297 2850 3350 ad
2878 3296 3399 3351 consummationem
3418 3296 3624 3350 saeculi.
3639 3293 3779 3363 Jeju-

2199 3394 2346 3449 nium
2374 3399 2458 3447 est
2487 3392 2540 3446 in
2563 3391 2877 3456 certamine,
2895 3390 3019 3459 quia
3051 3388 3142 3459 qui
3175 3387 3229 3441 in
3253 3388 3429 3458 agone
3447 3396 3556 3453 est,
3581 3386 3651 3440 ab
3668 3402 3780 3440 om-

2199 3483 2358 3540 nibus
2384 3498 2442 3538 se
2457 3483 2712 3537 abstinet.
2731 3481 2894 3536 Cibus
2915 3487 3002 3536 est
3023 3481 3076 3534 in
3100 3492 3195 3551 spe
3218 3479 3526 3550 pacis,qu:e
3547 3476 3782 3548 perfecta

2197 3575 2324 3640 erit,
2357 3590 2478 3629 cum
2511 3573 2736 3628 mortale
2759 3574 2864 3630 hoc
2893 3572 3132 3627 induerit
3159 3570 3647 3626 immortalitatem.
3680 3569 3783 3624 Nos

2197 3676 2377 3722 autem
2407 3682 2530 3721 cum
2557 3665 2700 3719 viam
2729 3664 2942 3720 Domini
2964 3663 3258 3735 carpimus,
3284 3679 3313 3718 a
3338 3663 3586 3718 vanitate
3607 3661 3781 3718 seculi

2191 3756 2521 3830 jejunamus,
2551 3765 2606 3810 et
2631 3754 2810 3810 futura
2838 3755 3259 3825 repromissione
3290 3751 3595 3808 reﬁcimnr.

2269 3845 2449 3917 (Rm)
2475 3845 2579 3899 Per
2599 3845 2957 3916 quadraginta
2980 3845 3095 3899 dies
3115 3885 3128 3909 ,
3155 3859 3258 3899 non
3287 3843 3526 3906 assidue,
3545 3843 3641 3898 sed
3661 3844 3779 3912 qni-

2196 3935 2422 3990 busdam
2460 3935 2668 3990 vicibus
2714 3935 2767 3989 in
2810 3932 2902 3988 illo
2939 3933 3372 4005 quadragenario
3421 3933 3634 3988 dierum
3678 3949 3777 3986 nu-

2197 4040 2348 4081 mero
2374 4023 2556 4081 factis.

2271 4117 2434 4172 Vens.
2472 4118 2562 4172 4|.
2589 4149 2660 4159 ——
2699 4118 2766 4172 Et
2797 4118 3036 4173 bibimus.
3063 4117 3276 4188 (Bem.)
3309 4116 3410 4173 llic
3435 4118 3658 4190 exponit
3681 4117 3778 4172 Pe-

2198 4217 2314 4264 trus
2339 4210 2483 4278 quod
2509 4210 2561 4264 in
2585 4210 2876 4278 Evangelio
2899 4219 3136 4275 tacetur,
3163 4217 3283 4280 post
3314 4211 3776 4266 resurrectionem

2196 4315 2256 4356 se
2294 4299 2496 4355 bibisse
2521 4315 2642 4354 cum
2668 4299 2905 4365 Christo,
2931 4299 3035 4355 nisi
3069 4298 3208 4354 forte
3247 4299 3356 4354 illic
3387 4299 3677 4355 credamus
3705 4301 3778 4354 in-

2196 4391 2455 4455 dicatum,
2474 4392 2563 4446 ubi
2605 4392 2680 4445 ait
2708 4407 2722 4444 :
2761 4391 2934 4446 Donec
2962 4391 3094 4444 illud
3117 4391 3286 4445 bibam
3307 4391 3580 4445 vobiscum
3614 4393 3670 4445 in
3701 4409 3776 4445 re-

2200 4499 2302 4552 gno
2328 4481 2508 4536 Patris
2538 4484 2639 4536 mei
2676 4483 2892 4553 (Matth.
2931 4481 3102 4551 ιινι).

2269 4575 2433 4630 Vens.
2460 4576 2548 4631 45.
2572 4608 2642 4616 ——
2665 4576 2914 4648 Spiritus.
2945 4577 3199 4647 Spiritus,
3221 4578 3421 4634 donum
3447 4577 3544 4634 Dei
3566 4587 3669 4644 est,
3700 4581 3777 4634 in-

2198 4677 2457 4736 quantmn
2481 4668 2560 4722 eis
2578 4669 2734 4723 datur
2754 4669 2842 4737 qui
2872 4684 2966 4739 per
2993 4685 3114 4724 eum
3151 4669 3379 4737 diligunt
3407 4669 3575 4724 Deum
3599 4687 3614 4735 ;
3641 4670 3772 4740 apud

2197 4771 2256 4812 se
2283 4766 2460 4812 autem
2484 4760 2626 4813 Deus
2655 4767 2758 4825 est,
2787 4759 2999 4814 etiamsi
3031 4759 3159 4814 nulli
3181 4758 3362 4823 datur,
3387 4759 3536 4814 Patri
3562 4770 3620 4815 et
3647 4761 3774 4815 Filio

2195 4857 2514 4902 comternus.
2548 4847 2687 4912 Nec,
2713 4848 2837 4916 quia
2869 4847 2943 4903 illi
2974 4849 3137 4911 dant,
3161 4856 3215 4903 ct
3243 4849 3356 4918 ipse
3391 4849 3570 4917 datur,
3604 4851 3774 4904 minor

2195 4947 2277 4993 est
2303 4939 2428 4992 illis.
2460 4939 2539 4994 lta
2562 4940 2703 4994 enim
2728 4940 2888 4994 datur
2913 4940 3053 4994 sicut
3080 4941 3280 4995 donum
3306 4939 3428 5003 Dei,
3460 4951 3519 4995 ut
3540 4941 3772 5010 seipsum

2190 5029 2280 5083 det
2299 5030 2590 5084 sicntDeus
2612 5049 2624 5083 :
2643 5024 2871 5099 Spiritus
2894 5031 3030 5084 enim
3052 5030 3138 5083 ubi
3156 5028 3261 5084 vult
3278 5031 3442 5099 spirat
3459 5030 3641 5101 (Joan.
3670 5033 3771 5098 ut);

2260 5118 2423 5174 Vens.
2470 5120 2558 5173 47.
2598 5150 2669 5160 --
2716 5119 2968 5190 Nunquid
3013 5135 3224 5189 aquam,
3269 5128 3374 5174 etc.
3427 5120 3592 5187 Quasi
3635 5120 3771 5175 Deus

2189 5208 2331 5276 quod
2355 5209 2530 5280 majus
2555 5217 2660 5272 est,-
2686 5209 2837 5277 prius
2863 5208 3030 5272 dedit,
3057 5217 3113 5262 et
3140 5208 3385 5263 ordinem
3418 5213 3772 5280 prtepostera-

2189 5298 2297 5362 vit,
2331 5298 2568 5366 nunquid
2592 5299 2732 5366 quod
2757 5299 2936 5352 minus
2959 5307 3076 5362 est,
3111 5307 3286 5366 potest
3329 5301 3618 5367 prohibere
3669 5297 3770 5352 Vos

2191 5391 2413 5444 venistis
2440 5390 2507 5444 ad
2537 5381 2638 5444 hoc
2669 5399 2724 5443 ut
2746 5399 2911 5444 testes
2937 5391 3076 5455 sitis,
3107 5407 3237 5461 ergo
3254 5391 3519 5460 iudicate.

2261 5481 2422 5536 Vens.
2469 5481 2631 5537 48.——
2673 5480 2739 5534 In
2783 5482 2989 5535 nomine
3028 5481 3240 5536 Clit-isti.
3283 5483 3417 5538 Cum
3466 5485 3541 5540 sit
3586 5482 3765 5554 regula

2188 5574 2460 5637 Ecclesiae,
2494 5574 2816 5644 baptisman
2845 5573 2984 5628 tradi
3012 5575 3064 5628 in
3089 5577 3306 5632 nomine
3334 5575 3642 5632 Trinitatis.
3667 5576 3766 5630 Lu«

2187 5685 2277 5724 cas
2299 5678 2474 5723 tamen
2500 5678 2727 5723 testatur
2748 5668 2800 5723 in
2825 5669 3040 5724 nomine
3069 5669 3192 5723 Jesu
3219 5670 3424 5725 Christi
3452 5670 3598 5726 illum
3624 5668 3761 5724 dari.

2186 5759 2334 5825 Quod
2362 5760 2678 5815 Ambrosius
2699 5760 2929 5825 solvens,
2959 5758 3086 5815 dicit
3111 5774 3206 5830 per
3229 5763 3490 5817 unitatem
3531 5760 3766 5816 nominis
