3958 6314
173 373 284 430 ιόὄ

1029 369 1292 426 CLOSSA
1331 365 1724 424 ORDINARIA.
1767 393 1835 403 —
1870 361 1996 415 LIB.
2040 356 2328 414 ACTUUM
2363 355 2604 413 APOST.

3320 355 3425 410 ιδι

173 487 494 560 mysterium
520 486 737 558 plenum
764 485 901 550 fieri,
933 483 1058 553 quia
1094 483 1184 552 qui
1208 481 1480 537 Christum
1511 480 1664 543 dicit,
1689 487 1744 535 et
1775 479 1818 535 A
1847 471 2048 527 dicitur
2076 469 2324 560 princeps
2349 477 2583 560 quatuor
2614 464 2866 520 militum.
2887 463 3043 560 Sicut
3067 464 3208 560 enim
3235 476 3426 560 centu-

173 579 395 634 Patrem
411 591 442 632 a
467 591 572 646 quo
597 576 785 640 Filius,
810 584 862 629 et
886 573 1142 643 Spiritum
1167 579 1409 627 sanctum
1435 570 1595 624 etiam
1619 570 1756 624 desi-

174 678 306 740 gnat
333 689 346 723 :
377 669 465 739 qui
488 668 649 723 etiam
678 667 893 721 Patrem
919 665 1077 729 dicit,
1111 672 1163 718 et
1186 663 1382 716 Filium
1411 669 1464 716 et
1493 660 1752 730 Spiritum

173 759 377 827 pariter
438 757 674 811 ostendit
719 769 733 808 :
774 763 828 810 et
879 754 970 823 qui
1021 751 1280 822 Spiritum
1324 751 1606 815 nominat,
1655 751 1754 805 Pa-

178 858 319 901 trem
349 861 379 899 a
405 858 511 914 quo
536 845 772 914 procedit
799 843 1050 913 Spiritus,
1084 849 1139 896 et
1164 840 1378 902 Filium,
1406 837 1560 906 cujus
1583 840 1746 894 etiam

177 936 419 1004 Spiritus
465 943 582 998 est,
610 943 900 1001 nuncupat.
943 932 1108 993 Unde,
1147 941 1208 985 ut
1233 931 1427 985 rationi
1475 930 1756 999 copuletur
1807 991 1820 1006 ο

177 1026 500 1089 auctoritas,
547 1027 710 1079 etiam
750 1025 801 1078 in
840 1024 1040 1093 Spiritu
1080 1023 1416 1091 baptizatur,
1460 1023 1751 1076 secundum

176 1117 312 1170 illud
349 1132 364 1170 :
418 1115 519 1170 Vos
559 1126 732 1170 autem
774 1115 1166 1186 baptizabimim'
1223 1116 1275 1168 in
1327 1114 1527 1184 Spiritu
1573 1125 1752 1169 sancto

176 1207 320 1275 (Act.
355 1207 456 1276 ιι),
485 1217 541 1262 et
570 1206 856 1276 Apostolus
887 1223 900 1260 :
933 1205 999 1260 In
1028 1222 1132 1260 uno
1161 1205 1362 1276 Spiritu
1387 1204 1636 1274 baptizati
1662 1220 1738 1258 su-

176 1313 298 1351 mus
327 1296 377 1368 (1
415 1295 538 1353 Cor.
573 1296 693 1368 xu).

791 1383 1016 1439 CAPUT
1053 1383 1145 1439 XI.

253 1475 417 1532 Vens.
450 1476 504 1532 6.
531 1507 600 1516 —
634 1475 1008 1546 Quadrupedia
1037 1485 1209 1540 terras,
1237 1483 1344 1529 etc.
1371 1473 1552 1546 (ΗΑΒ.)
1592 1473 1756 1529 Miror

175 1570 441 1638 quosdam
470 1569 572 1624 hoc
595 1567 946 1638 interpretari
967 1582 1128 1636 super
1161 1565 1322 1632 escis,
1348 1576 1478 1632 etc.,
1505 1579 1665 1632 usque
1684 1565 1753 1618 ad

177 1659 499 1734 mysterium
530 1659 688 1728 hujus
711 1658 934 1712 visionis
960 1657 1228 1726 exposuit.

252 1753 589 1807 Vens—18.
621 1752 761 1822 Ergo
787 1760 833 1828 et
855 1750 1114 1821 gentibus,
1146 1759 1251 1804 etc.
1286 1749 1400 1804 Hoc
1421 1758 1503 1804 est
1529 1749 1670 1829 quod
1700 1749 1750 1803 in

1851 563 1932 617 rio
1946 570 2184 624 centum,
2201 559 2274 613 ita
2289 558 2573 629 quaternio
2588 565 2821 627 quatuor
2834 557 2934 612 sub
2959 569 3017 612 se
3030 555 3228 612 milites
3240 556 3420 612 habet.

1931 653 2140 718 Valens,
2167 660 2271 708 etc.
2298 651 2481 722 (ΗΑΒ.)
2525 649 2768 719 Amplior
2802 649 2948 705 enim
2989 648 3161 719 gratia
3184 657 3350 714 esset,
3378 651 3424 706 si

1852 745 1952 816 ipsi
1975 761 2096 800 eum
2119 741 2642 808 occiderentludzei,
2686 741 2813 811 quia
2849 740 3099 812 princeps
3124 749 3242 798 erat
3265 782 3279 807 ,
3317 757 3424 797 non

1852 839 1966 907 ipse
1990 836 2248 900 Herodes,
2281 835 2420 890 sicut
2448 841 2502 888 et
2528 831 2783 888 Iacobus.

1923 929 2085 983 Vens.
2143 929 2195 983 6.
2227 959 2297 969 —-—
2338 927 2554 992 Milites,
2591 929 2817 992 vinctus,
2840 935 2946 982 etc.
2980 926 3163 999 (ΗΑΒ.)
3187 925 3430 994 Quatuor

1852 1019 2193 1074 dilllcultates
2231 1018 2514 1074 cumulant
2549 1017 2849 1072 custodiam
2879 1034 2893 1070 :
2938 1018 3161 1085 milites,
3188 1026 3394 1073 catenae

1851 1124 2060 1173 carcer,
2085 1109 2352 1162 custodes.

1925 1199 2087 1254 Vens.
2123 1199 2174 1252 7.
2205 1228 2276 1238 —
2303 1197 2520 1251 Lumen.
2554 1195 2778 1267 Signum
2806 1199 3105 1268 praesentiae
3132 1198 3305 1268 angeli
3334 1197 3429 1253 Dei

1855 1287 2009 1356 cujus
2042 1288 2328 1358 praesentia
2354 1285 2453 1343 soli
2477 1286 2640 1342 Petro
2665 1285 3162 1356 lumen-prabebat,
3187 1302 3287 1343 nec
3309 1287 3430 1344 aliis

1853 1379 2174 1450 refulgebat.

1925 1468 2304 1540 Percussoque.
2331 1466 2512 1539 (BAL)
2551 1467 2780 1522 Tactum
2807 1467 3163 1535 corporalem,
3195 1480 3424 1536 corporo

1853 1571 1922 1615 ex
1952 1575 2077 1614 aere
2109 1569 2342 1630 sumpto,
2372 1558 2547 1629 potuit
2579 1553 2779 1613 liabere
2801 1556 3039 1627 angelus.

1925 1650 2089 1706 Vens.
2134 1652 2295 1705 Il.—
2318 1652 2400 1704 Ad
2430 1667 2485 1704 se
2504 1665 2754 1704 reversus.
2780 1648 2827 1703 A
2848 1648 3082 1703 culmine
3106 1647 3433 1719 contempla-

1856 1745 2018 1800 tionis
2047 1745 2113 1800 ad
2142 1743 2245 1800 hoc
2274 1758 2524 1801 reversus
2567 1751 2671 1810 est,
2708 1743 2852 1815 quod
2891 1743 2949 1798 iu
2981 1742 3256 1798 intellectu
3284 1758 3432 1798 com-

175 1841 281 1898 Job
321 1842 513 1913 legitur
536 1841 648 1896 :Ab
673 1825 938 1912 Aquilone
958 1856 1148 1895 aurum
1173 1840 1372 1905 veniet,
1397 1848 1451 1895 et
1490 1840 1556 1894 ad
1585 1825 1752 1895 Deum
1783 1825 1828 1886 Β
1856 1837 2005 1890 muni
2040 1837 2190 1906 prius
2208 1835 2329 1890 fuit.

179 1933 529 1988 formidolosa
558 1933 813 1998 laudatio,
843 1931 966 2002 quia
1002 1931 1154 2000 prius
1181 1930 1377 2002 frigido
1423 1930 1661 2002 gentium
1699 1929 1753 1984 in

179 2035 402 2095 pectore
448 2025 700 2096 splendor
746 2024 870 2079 fidei
913 2033 1133 2079 exortus
1174 2032 1273 2086 est,
1333 2033 1389 2078 ct
1427 2037 1525 2094 pro
1564 2021 1752 2079 eadem

179 2116 460 2186 inopinata
509 2115 642 2180 fide,
679 2115 860 2170 Iudaea
890 2115 1058 2169 Deum
1091 2111 1369 2168 tremendo
1399 2112 1692 2184 .glorificat.

254 2206 418 2262 Vens.
457 2205 540 2260 l9.
571 2236 640 2246 -—
667 2205 733 2258 Et
763 2204 842 2258 illi
869 2204 1097 2274 quidem,
1130 2211 1236 2258 etc.
1269 2202 1576 2258 Revertitur
1596 2203 1664 2258 ad
1701 2203 1754 2257 id

180 2300 328 2368 quod
353 2298 559 2352 dixerat
585 2316 598 2350 :
633 2297 794 2366 igitur
815 2297 905 2368 qui
932 2295 1151 2367 dispersi
1175 2304 1343 2362 erant,
1374 2295 1756 2366 pertransibunt

179 2388 594 2458 euangelizantth
620 2387 846 2442 verbum.
879 2387 1169 2441 lnterserta
1193 2393 1277 2440 est
1307 2392 1485 2440 antem
1518 2385 1756 2440 narratio

181 2480 252 2534 de
279 2479 545 2549 Philippo,
582 2479 759 2542 Petro,
781 2477 1009 2541 Joanne,
1046 2476 1232 2531 Paulo.

260 2569 420 2624 Vens.
445 2570 536 2623 20.
568 2600 631 2610 —-
671 2569 838 2622 Erant
866 2578 1038 2622 autem
1059 2567 1292 2639 quidam.
1332 2566 1514 2640 (ΚΑΒ.)
1548 2567 1664 2622 Νοη
1694 2567 1759 2622 de

180 2661 294 2716 illis
317 2661 406 2728 qui
440 2660 649 2714 fuerant
675 2659 903 2729 dispersi
930 2660 998 2713 ab
1016 2657 1335 2722 Jerusalem,
1369 2658 1486 2722 sed,
1514 2668 1646 2722 etc.—,
1669 2673 1759 2710 us-

179 2770 286 2823 que
313 2753 381 2804 ad
413 2753 554 2806 inter
576 2750 792 2806 Grmcos
825 2750 1131 2806 conversati
1157 2756 1282 2804 sunt
1311 2749 1364 2802 in
1403 2747 1753 2816 dispersione.

261 2839 426 2893 Vens.
450 2839 539 2893 21.
566 2870 636 2879 -
652 2838 952 2910 Multusque
978 2854 1242 2892 numerus.
1269 2836 1479 2908 (Βεω.)
1499 2836 1617 2892 Iam
1640 2843 1761 2906 post

183 2929 573 2984 revelationem
599 2929 919 2999 evangelicae
944 2929 1200 2999 syndonis
1223 2929 1416 2998 (inqua
1441 2936 1627 2983 sancta
1649 2927 1762 2980 ani-

188 3022 356 3075 malia
382 3035 614 3089 superna
647 3034 741 3089 spe
777 3020 1150 3091 quiescerent)
1185 3020 1348 3088 coepit
1379 3019 1616 3074 Ecclesia
1644 3032 1761 3072 cre-

187 3130 366 3178 scere,
399 3127 521 3168 cum
549 3126 647 3180 per
671 3120 884 3166 exteras
907 3112 1230 3179 provincias,
1259 3112 1460 3166 insulas
1494 3119 1547 3164 et
1575 3111 1762 3164 civitas

1927 1926 2089 1981 Vens.
2112 1927 2196 1981 15.
2220 1955 2293 1967 --
2319 1923 2585 1981 Processit
2605 1925 2801 1998 puella,
2824 1933 2930 1981 etc.
2957 1925 3025 1981 Et
3048 1924 3333 1981 Dominum
3361 1922 3430 1980 de

1855 2018 2062 2072 tumulo
2097 2033 2374 2088 egressum
2422 2018 2595 2087 prima
2639 2018 2878 2073 omnium
2925 2017 3120 2073 mulier
3155 2017 3432 2088 discipulis

1853 2109 2136 2170 nuntiavit,
2169 2117 2228 2163 ut
2255 2109 2344 2164 ubi
2385 2109 2681 2164 abundavit
2709 2109 2982 2175 delictum,
3022 2109 3430 2178 superabunda-

1855 2211 1936 2256 rct
1957 2211 2009 2255 et
2033 2202 2228 2272 gratia.-
3177 2253 3180 2255 Α

1925 2290 2086 2346 Vens.
2114 2292 2198 2346 15.
2220 2311 2292 2334 -ι
2311 2292 2536 2364 Angelus
2561 2293 2675 2363 ejus
2696 2300 2792 2348 est.
2816 2290 3022 2364 (Ηιειι.)
3047 2290 3237 2360 Magna
3261 2291 3429 2360 digni-

1859 2387 1940 2434 tas
1970 2382 2271 2436 auimarum
2298 2401 2310 2436 :
2338 2392 2395 2437 ut
2420 2397 2753 2452 unaquaeque
2780 2382 2847 2438 ab
2868 2392 2991 2437 ortu
3014 2381 3310 2437 nativitatis
3337 2383 3434 2436 lia-

1858 2471 1981 2524 beat
2011 2470 2257 2541 angelum
2285 2471 2338 2526 in
2367 2473 2666 2526 custodiam
2695 2472 2779 2525 sui
2807 2471 3132 2540 delegatum.

1931 2561 2072 2631 (ιο.)
2120 2561 2274 2628 Quod
2319 2571 2498 2617 autem
2542 2561 2906 2631 unusquisque
2950 2569 3192 2616 nostrum
3238 2561 3433 2618 habeat

1859 2653 2101 2722 angelos,
2131 2662 2261 2718 etc.,
2291 2668 2451 2720 usque
2477 2654 2545 2706 ad
2570 2653 2658 2707 isti
2683 2663 2806 2708 sunt
2833 2653 2923 2722 qui
2949 2653 3243 2714 ascendunt
3268 2663 3322 2708 et
3348 2657 3435 2708 de-

1860 2745 2123 2800 scendunt
2151 2760 2311 2814 super
2339 2744 2535 2798 Filium
2566 2744 2820 2798 hominis.

1936 2836 2096 2888 Vens.
2133 2836 2218 2889 17.
2246 2865 2316 2874 -
2343 2833 2610 2898 Tacerem,
2637 2841 2741 2888 etc.
2774 2834 2954 2888 Donec
2985 2841 3232 2888 narraret
3261 2833 3430 2887 virtu-

1865 2933 2010 2979 tem:
2040 2924 2124 2978 vel
2165 2933 2341 2978 tacere
2360 2923 2546 2994 jubet,
2587 2937 2655 2976 ne
2697 2921 2930 2980 clamore
2961 2922 3303 2992 gaudentium
3335 2922 3432 2974 ad-

1863 3025 2059 3069 ventus
2083 3015 2200 3084 ejus
2223 3013 2516 3069 incivitate
2542 3021 2916 3084 cognoscatur.
3075 3023 3080 3028 '

1938 3107 2097 3160 Vens.
2121 3107 2210 3160 25.
2241 3136 2312 3145 —
2339 3104 2648 3173 Confestim,
2678 3114 2781 3158 etc.
2814 3103 2946 3157 Dum
2977 3104 3304 3174 impietatem
3334 3104 3436 3159 illi-

189 3217 273 3262 tes
306 3177 415 3260 non
444 3177 614 3259 solum
633 3203 834 3260 Iudaeis
853 3244 868 3270 ,
905 3177 998 3260 sed
1031 3205 1195 3260 etiam
1241 3206 1488 3272 gentibus
1522 3206 1762 3274 Evangc-
1790 3177 1834 3238 (δ
1867 3198 1984 3252 citae
2005 3198 2325 3253 adulationis
2347 3213 2452 3252 non
2478 3196 3120 3264 exhorreret,rcspiciens
3139 3197 3296 3266 paulo
3317 3206 3438 3266 post

188 3300 322 3354 lium
350 3297 693 3366 praedicatur.

265 3387 430 3442 Vens.
458 3386 547 3440 22.
577 3415 648 3426 —-
676 3385 745 3440 Et
773 3386 1022 3440 miserunt
1052 3383 1373 3439 Barnabam.
1415 3384 1595 3456 (11η.)
1635 3384 1764 3438 Bar-

194 3480 364 3534 nabas
389 3477 560 3532 virilis
586 3477 640 3532 in
663 3477 923 3531 bonitate.
951 3475 1225 3548 Barnabas
1247 3491 1386 3544 saepe
1417 3476 1469 3529 in
1505 3476 1608 3531 hoc
1628 3474 1765 3530 libro

195 3569 470 3632 laudatur,
498 3581 565 3622 ne
605 3565 675 3622 ob
716 3565 1090 3634 indignitatem
1131 3564 1307 3620 meriti
1347 3563 1648 3634 apostolatu
1677 3581 1766 3618 ca-

197 3660 371 3714 ruisse
397 3658 670 3722 credatur,
692 3657 781 3726 qui
803 3664 988 3726 postea
1012 3655 1077 3711 ab
1097 3653 1353 3726 apostolis
1372 3655 1610 3726 gentium
1638 3669 1767 3724 apo-

194 3749 367 3805 stolus
396 3758 480 3803 est
511 3749 814 3804 ordinatus.

267 3839 430 3894 Vens.
463 3839 553 3894 23.
588 3869 657 3880 --
682 3837 745 3892 Ει
775 3838 1104 3903 hortabatur,
1125 3847 1229 3893 etc.
1256 3822 1397 3892 Nihil
1429 3840 1659 3893 mutavit
1685 3840 1768 3893 vel

195 3929 437 3993 addidit,
485 3929 577 3983 sed
613 3929 1072 3998 perseverantiam
1131 3928 1333 3995 docuit,
1375 3929 1512 3998 quia
1544 3944 1672 3983 vera
1714 3939 1770 3984 et

193 4020 350 4089 plena
380 4017 510 4072 fides
533 4025 655 4072 erat
674 4017 728 4071 in
753 4018 850 4072 eis.

268 4105 433 4161 Vens.
465 4107 556 4161 95.
606 4137 676 4147 —
709 4107 948 4162 Tarsum.
995 4108 1206 4163 Dictum
1230 4117 1316 4162 est
1345 4108 1486 4163 enim
1523 4109 1770 4180 superius

194 4197 341 4267 quod
370 4196 568 4251 fratres
588 4197 922 4252 deduxerunt
944 4213 1065 4252 eum
1097 4206 1255 4250 nocte
1276 4195 1588 4252 Ca>sarteam
1609 4206 1664 4252 et
1689 4198 1770 4252 di-

194 4291 466 4344 miserunt
499 4288 744 4343 Tarsum.
762 4286 830 4343 Ut
859 4299 1110 4359 quwrerct
1142 4287 1380 4343 Saulum.
1399 4289 1536 4344 Ecce
1557 4290 1772 4344 bonitas

193 4383 489 4446 Barnabas,
519 4383 609 4452 qui
651 4397 759 4436 non
790 4383 936 4437 solus
980 4383 1254 4451 pratsumit
1293 4383 1486 4438 docere
1523 4382 1767 4451 plebem,

195 4473 286 4528 sed
318 4473 648 4542 apostolatus
673 4473 864 4542 quaerit
895 4483 1220 4527 consortem.

270 4562 436 4616 Vens.
463 4563 552 4626 26,
580 4563 668 4616 Ξῖ.
697 4593 768 4602 -—-
799 4563 1075 4632 Discipuli,
1104 4559 1409 4615 Christiani.
1435 4560 1500 4615 In
1535 4561 1634 4627 Itis,
1657 4570 1762 4616 etc.

195 4655 463 4710 Videntur
494 4655 735 4724 discipuli
782 4655 836 4709 in
866 4654 968 4708 hoc
1008 4667 1114 4707 non
1166 4666 1411 4706 servasse
1457 4653 1766 4708 mandatum

196 4748 294 4802 Dei
327 4746 555 4801 dicentis
585 4761 599 4801 :
635 4745 812 4800 Nolite
834 4743 1044 4800 solliciti
1071 4760 1180 4798 esse
1200 4743 1264 4797 de
1295 4745 1521 4796 crastino
1551 4742 1762 4814 (Matth.

192 4840 295 4908 vr).
337 4836 445 4892 Sed
477 4846 688 4891 constat
723 4852 827 4891 non
845 4837 945 4892 hoc
983 4836 1105 4891 eu'm
1128 4833 1514 4904 improbare,si
1535 4834 1656 4904 quis
1677 4835 1768 4889 hu-

195 4944 363 4986 mano
395 4943 544 4984 more
568 4929 669 4983 ista
695 4935 965 4998 procuret,
997 4927 1092 4981 sed
1124 4941 1228 4980 non
1257 4941 1354 4996 pro
1376 4925 1455 4979 eis
1488 4925 1598 4980 Deo
1634 4925 1774 4979 mili-

197 5029 301 5086 tet,
327 5019 461 5072 utin
489 5033 651 5088 Opere
679 5034 777 5072 suo
806 5033 910 5073 non
944 5033 1164 5088 regnum
1191 5017 1304 5082 Dei,
1332 5017 1426 5072 sed
1457 5015 1769 5087 temporalia

197 5113 500 5167 intueatur.
547 5109 629 5163 Ad
667 5109 805 5164 hanc
847 5123 974 5178 ergo
1019 5107 1254 5177 regulam
1312 5108 1412 5161 hoc
1447 5117 1770 5177 praeceptum

198 5201 486 5271 redigitur,
514 5208 572 5254 ut
599 5200 651 5254 in
675 5201 861 5253 horum
890 5199 1196 5269 provisione
1227 5211 1446 5266 regnum
1481 5198 1572 5252 Dei
1600 5208 1774 5254 atten-

198 5293 399 5350 damus
429 5309 442 5344 :
474 5292 568 5347 sed
590 5291 642 5345 in
671 5291 860 5345 militia
891 5290 985 5344 Dei
1023 5289 1122 5343 ista
1154 5304 1257 5342 non
1285 5289 1603 5360 cogitemus.

276 5382 579 5454 Prop/tene.
609 5383 792 5455 (11η.)
830 5383 905 5438 De
934 5384 1127 5452 quibus
1158 5382 1359 5437 dictum
1385 5390 1469 5437 est
1499 5399 1512 5435 :
1543 5382 1610 5435 Et
1646 5399 1772 5452 pro-

194 5473 488 5549 phetabunt
518 5473 616 5542 ﬁlii
647 5473 801 5527 vestri
840 5471 1000 5542 (Joel.
1047 5471 1129 5544 ll).
1160 5471 1303 5526 Laus
1349 5479 1433 5526 est
1471 5471 1772 5528 Antiochiae

197 5583 311 5640 quo
341 5565 494 5621 multi
525 5565 744 5636 perfecti
768 5564 1178 5619 conveniebant.

812 5657 1034 5713 CAPUT
1069 5656 1181 5710 XII.

277 5754 444 5807 Vens.
495 5752 547 5807 ι.
597 5783 664 5793 --
710 5751 950 5819 Quatuor
993 5752 1437 5821 quaternionibus.
1476 5752 1772 5819 Quaternio

1797 4525 1844 4584 Ι)

1866 3287 2236 3342 imminentem
2257 3296 2312 3342 et
2341 3288 2678 3342 insistentem
2705 3287 2864 3355 capiti
2888 3301 2984 3340 suo
3005 3287 3136 3340 vidit
3164 3287 3434 3357 angelum,

1866 3393 2096 3447 eumque
2131 3379 2298 3433 sensit
2327 3379 2582 3433 continuo
2608 3379 2759 3432 exitii
2790 3377 2869 3433 sui
2902 3378 3206 3433 ministrum
3226 3417 3240 3442 ,
3271 3394 3431 3447 quem

1867 3468 2016 3538 prius
2048 3476 2270 3523 noverat
2298 3467 2633 3538 provisorem
2680 3467 2961 3522 bonorum.
3013 3466 3140 3521 Inde
3173 3469 3440 3522 continuis

1867 3569 2070 3629 septem
2099 3558 2290 3614 diebus
2317 3558 2523 3615 ventris
2563 3557 2747 3614 dolore
2777 3558 3080 3624 cruciatus,
3121 3558 3288 3612 vitam
3326 3559 3440 3613 rio-

1869 3651 2039 3706 lcnter
2063 3651 2297 3723 abrupit.

2450 3744 2676 3802 CAPUT
2715 3743 2851 3800 XIII.

1939 3823 2104 3892 Vens.
2145 3841 2198 3892 1.
2347 3837 2516 3892 Erant
2540 3848 2712 3892 autent
2732 3839 2786 3891 in
2820 3837 3087 3904 Ecclesia,
3129 3848 3234 3895 etc.
3271 3839 3434 3894 Iidem

1868 3939 2026 3985 crant
2070 3932 2346 3999 prophetae
2390 3939 2444 3984 et
2483 3930 2748 3985 doctores.
2784 3931 2914 3994 Vel,
2951 3930 3039 3986 alii
3081 3947 3268 3988 eorum
3313 3949 3438 4003 pro-

1867 4022 2067 4091 pltelaa,
2101 4019 2189 4073 alii
2219 4019 2467 4074 doctores
2497 4016 2728 4074 fuerunt.

1942 4111 2124 4180 Niger.
2155 4109 2333 4180 (11η.)
2359 4108 2402 4164 Α
2429 4110 2631 4173 colore,
2657 4110 2701 4162 si
2725 4109 2972 4164 Latinum
2996 4118 3097 4165 est.
3124 4110 3239 4174 Vel,
3265 4127 3438 4164 ascen-

1867 4201 1992 4254 dens
2025 4199 2434 4268 interpretatur,
2462 4198 2506 4252 si
2537 4198 2838 4253 Ilebrteum.

1939 4286 2102 4340 Vens.
2129 4285 2182 4340 4.
2204 4316 2274 4325 -
2298 4284 2447 4338 Missi
2476 4303 2508 4339 a
2535 4283 2734 4355 Spiritu
2765 4294 2964 4339 sancto.
2993 4284 3199 4358 (Rue)
3228 4287 3308 4342 Ab
3335 4287 3436 4340 lto—

1870 4377 2103 4431 minibus
2133 4376 2362 4442 dimissi,
2390 4392 2513 4430 mox
2537 4393 2566 4429 a
2597 4374 2800 4447 Spiritu
2838 4385 3026 4431 sancto
3057 4379 3341 4432 mittuntur
3369 4379 3435 4433 ad

1875 4467 2196 4522 Seleuciam.
2228 4467 2343 4520 Dux
2377 4466 2558 4521 itineri
2583 4480 2771 4521 eorum
2797 4465 2916 4533 fuit,
2940 4468 3033 4538 qui
3052 4484 3146 4524 eos
3165 4473 3439 4540 separavit

1872 4576 1901 4614 a
1927 4558 2154 4614 caeteris.

1944 4651 2193 4704 Abierunt
2223 4647 2534 4705 Seleuciam.
2568 4648 2689 4721 (lo.)
2724 4648 2781 4704 In
2806 4649 3124 4720 quibusdam
3162 4653 3438 4722 exempla-

1874 4747 2021 4802 ribus
2067 4744 2372 4800 invenitur:
2404 4743 2653 4796 Abierant
2680 4741 2991 4806 Seleuciam,
3018 4759 3135 4813 qute
3161 4753 3236 4798 est
3279 4742 3438 4800 Sala-

1875 4840 2017 4894 mina
2042 4856 2059 4900 ;
2093 4838 2198 4892 duo
2226 4846 2405 4892 autem
2433 4845 2557 4892 sunt
2584 4837 2798 4890 nomina
2825 4836 2983 4890 unius
3008 4835 3262 4891 civitatis.

1951 4930 2112 4984 Vens.
2143 4929 2198 4983 7.
2221 4927 2484 4999 —Sergio
2503 4925 2694 4982 Paulo.
2723 4926 2838 4981 Duo
2867 4926 3025 4981 unius
3049 4927 3265 4996 nomina
3291 4936 3436 4991 sunt,

1877 5021 2098 5090 Sergius
2122 5028 2175 5074 et
2202 5019 2418 5075 Paulus.

1946 5113 2111 5168 Vens.
2151 5113 2204 5167 8.
2245 5142 2318 5152 —
2361 5110 2597 5181 Elymas.
2647 5109 2844 5182 (11η.)
2887 5109 3124 5182 Elymas,
3148 5112 3439 5168 secundum

1873 5207 2132 5277 quosdam
2164 5207 2564 5276 interpretatur,
2585 5203 2677 5259 Dei
2706 5205 2804 5260 mei
2828 5222 3090 5271 mensura,
3115 5204 3197 5261 vel
3227 5204 3438 5278 Μαρια,

1875 5308 1932 5354 et
1963 5300 2082 5354 ideo
2111 5299 2413 5354 resistebat.

1947 5389 2206 5444 Avertere.
2236 5388 2358 5461 (In.)
2381 5388 2514 5443 Eum
2553 5388 2640 5456 qui
2669 5389 2962 5459 incmperat
2989 5389 3250 5455 converti,
3279 5405 3309 5444 a
3337 5388 3441 5444 fide

1877 5480 1943 5535 ad
1975 5480 2458 5552 transgressionem
2493 5478 2705 5534 volebat
2728 5489 3042 5538 convertere
3061 5481 3217 5548 juxta
3244 5495 3446 5535 nomen.

1876 5587 2051 5628 suum.

1949 5665 2110 5718 Vens.
2139 5663 2191 5718 9.
2213 5693 2283 5704 —
2304 5661 2516 5718 Saulus.
2543 5662 2662 5736 (διο.)
2687 5664 2882 5722 Saulus
2906 5665 3288 5735 interpretatur
3310 5654 3443 5716 Ten-

1879 5755 2006 5809 tntio
2031 5753 2366 5822 respicientis,
2399 5753 2480 5809 vel
2507 5755 2782 5816 securitas.
2807 5756 2890 5810 vel
2915 5755 3187 5808 mirabilis.
