3958 6314
503 346 611 403 155
1008 347 1398 403 Ἆᾉὶῐιῆἰτιὶωι
1440 348 1688 405 ΞΤΒΛΒι
1727 349 1926 405 FULD.
1972 351 2078 407 MOI

2203 353 2326 408 )PP.
2365 354 2543 411 PARS
2582 354 2622 409 1.
2664 386 2731 395 -
2767 355 3226 414 THEOLOGICA.
3664 355 3763 413 156

577 463 682 527 Qui
701 445 747 517 et
777 459 1003 515 Paulus.
1033 460 1246 530 (Bene)
1281 458 1326 514 Α
1360 459 1549 531 Sergio
1575 460 1742 516 Paulo
1765 451 2086 532 proconsule
2112 470 2161 531 Α
2190 467 2415 535 dicitur,
2467 471 2569 525 hoc
2615 472 2683 526 ad
2730 468 3033 542 apostolos,
3062 471 3157 543 qui
3186 469 3430 535 membra
3467 484 3588 539 ejus
3620 482 3762 537 sunt,

510 553 692 620 (quem
720 551 840 607 ﬁdei
867 548 1100 622 subegit)
1129 551 1354 606 sortitus
1380 560 1467 607 est
1495 568 1693 609 nomen
1714 552 1887 608 Pauli.

573 645 710 713 Apte
737 642 976 713 gentium
1004 641 1376 713 apostolus‘de
1401 644 1585 713 gentili
1616 659 1810 700 nomen
1841 646 2085 700 sortitur.

582 735 764 807 (Ras?)
779 735 819 789 A
838 733 1028 804 Sergio
1056 733 1222 789 Paulo
1243 734 1419 790 dictus
1446 743 1530 790 est
1554 736 1847 805 apostolus,
1866 736 2086 802 Paulus,

502 846 631 896 ec.,
694 846 855 900 usque
917 828 1018 895 ad,
1075 827 1189 899 Ego
1246 844 1364 883 sum
1428 828 1673 883 minimus
1733 828 2087 899 apostolorum

505 921 558 991 (Ι
591 921 714 975 Cor.
742 920 856 990 xv).

577 1011 735 1066 Vens.
772 1011 858 1064 11.
884 1040 955 1049 -—
980 1008 1048 1063 Et
1073 1020 1233 1076 nunc,
1263 1019 1370 1064 etc.
1400 1009 1526 1064 Eris
1549 1026 1716 1064 aecus
1734 1050 1749 1076 ,
1776 1017 1883 1065 etc.
1912 992 2117 1079 Oporf

503 1099 607 1152 tuit
655 1098 882 1153 Paulum
929 1098 1189 1153 miracula
1240 1114 1401 1169 agerc
1448 1098 1515 1153 ad
1565 1099 2085 1154 consummationem

507 1189 858 1258 apostolatus,
890 1204 1047 1258 quem
1078 1189 1169 1244 diu
1206 1196 1395 1244 contra
1435 1188 1685 1243 stimulos
1711 1187 2086 1243 calcitramcm

510 1281 772 1335 Dominus
795 1281 1052 1351 elegerat.
1290 1314 1297 1323 ι

574 1373 734 1429 Vens.
767 1372 855 1426 14.
874 1403 944 1412 --
965 1373 1296 1427 Antiochiam
1336 1372 1575 1429 Pisidia'.
1616 1372 1800 1446 (11η.)
1823 1373 1908 1429 Ad
1931 1374 2085 1430 dill'e-

501 1464 730 1518 rentiam
760 1464 982 1519 alterius
1003 1464 1323 1530 Antiochiae,
1357 1468 1420 1519 ut
1441 1466 1873 1533 crcditur;seda
1901 1466 2087 1522 multis

500 1555 686 1608 eadem
714 1569 836 1609 esse
867 1564 1106 1623 putatur.

572 1642 849 1699 Sederunt.
879 1646 1001 1718 (11).)
1038 1646 1203 1713 Quasi
1247 1650 1482 1704 audituri
1522 1650 1728 1721 legem,
1760 1666 1867 1706 non
1892 1650 2087 1722 pradi-

501 1736 697 1790 caturi.
729 1736 870 1793 Ecce
900 1738 1203 1808 exemplum
1234 1740 1574 1797 humilitatis.

571 1826 733 1882 Vens.
764 1829 849 1884 19.
895 1860 967 1870 -
1010 1829 1173 1885 Terra
1202 1828 1458 1887 Chanaan
1479 1873 1495 1901 ,
1535 1842 1640 1889 etc.
1675 1832 1878 1906 (111111.)
1916 1833 1975 1889 ld
2001 1842 2084 1890 est
2111 1824 2158 1883 Β

495 1921 890 1989 promissionis,
918 1938 1041 1993 quae
1067 1922 1190 1979 ideo
1219 1925 1300 1995 (ut
1326 1924 1599 1995 plerisque
1635 1925 1868 1998 videtur)
1896 1926 2082 1982 lsraeli

495 2014 747 2079 estdata,
777 2025 910 2081 etc.,
932 2032 1095 2086 usque
1119 2016 1187 2070 ad
1216 2024 1274 2071 et
1292 2016 1415 2073 ideo
1444 2018 1690 2074 maledici
1718 2018 1936 2074 meruit.

566 2105 727 2161 Vens.
760 2106 849 2160 20.
875 2137 944 2147 —
968 2106 1158 2173 Dedit,
1196 2116 1323 2164 etc.-
1344 2108 1580 2182 Tempus
1616 2111 1858 2182 iudicum
1891 2112 2085 2168 transit

496 2200 565 2250 ad
592 2198 924 2266 probandam
953 2199 1272 2270 patientiam
1303 2201 1420 2256 Dei.

568 2290 730 2345 Vens.
760 2290 850 2345 26.
873 2321 945 2330 -
977 2290 1155 2346 Vobis.
1186 2292 1371 2365 (11η.)
1393 2292 1614 2351 Judteis.
1658 2294 1783 2349 Non
1823 2295 1939 2350 veni
1980 2297 2081 2351 nisi

492 2383 563 2436 ad
590 2401 704 2439 oves
725 2402 843 2455 qua:
862 2386 1128 2456 perierunt
1169 2387 1357 2443 domus
1396 2387 1568 2443 Israel
1596 2389 1811 2461 (Matth.
1844 2391 1958 2463 xv).
1984 2391 2080 2447 Vel

495 2476 647 2531 vobis
669 2518 683 2542 ,
713 2478 805 2547 qui
835 2476 970 2532 estis
1011 2477 1277 2548 dispersi,
1316 2479 1440 2549 quia
1469 2480 1552 2552 (ut
1576 2480 1842 2554 sequitur)
1869 2482 2081 2538 habita-

494 2574 640 2622 tores
666 2566 967 2624 Jerusalem
1007 2570 1322 2640 repulerunt
1349 2571 1497 2627 illud.

566 2659 729 2716 Vens.
754 2662 845 2716 27.
874 2690 947 2704 -
971 2660 1304 2719 Judicantes.
1339 2662 1484 2735 (11).)
1531 2663 1716 2719 JeSum
1761 2676 1883 2721 esse
1927 2681 2079 2722 reum

493 2736 704 2809 mortis.
749 2753 877 2819 Vel,
918 2753 1225 2824 iudicantes
1252 2771 1412 2812 voces
1440 2759 1859 2827 prophetarum,
1906 2759 1959 2813 id
1996 2767 2079 2814 est

495 2860 600 2897 non
617 2844 902 2901 credentes
926 2864 940 2900 :
965 2845 1055 2916 qui
1076 2847 1221 2901 enim
1242 2848 1477 2903 detrahit
1500 2848 1677 2914 fratri,
1694 2850 1931 2904 detrahit
1950 2849 2074 2921 legi,

400 2982 409 2993 ,
492 2931 768 3000 et-judicst
789 2934 989 3006 legem,
1021 2944 1226 3005 quanto
1248 2938 1421 3008 magis
1444 2937 1660 2993 Christo
1689 2938 2081 2995 detrahentes?

564 3022 761 3077 Sancta
796 3024 970 3078 David
998 3024 1197 3095 ﬁdelia.
1236 3026 1472 3101 (ΒευΑ.)
1516 3029 1686 3085 Isaias
1715 3029 1847 3085 Novi
1871 3032 2077 3117 [Testa-

493 3119 658 3175 menti
699 3120 953 3191 mysteria
999 3131 1371 3191 prmgustans,
1414 3124 1530 3178 ait:
1580 3123 1908 3181 Constituam
1932 3127 2074 3181 vobis

492 3220 854 3266 testamentum
886 3224 1138 3267 arternum
1184 3223 1368 3269 sancta
1406 3215 1576 3270 David
1619 3217 1819 3287 ﬁdelia.
1869 3218 1929 3274 ln
1968 3219 2076 3277 He-

492 3305 676 3358 hrieo:
716 3303 785 3358 Et
820 3305 1009 3374 feriam
1050 3306 1312 3361 vobiscum
1343 3318 1552 3377 pactum
1582 3311 1953 3381 sempiternum
1982 3316 2079 3369 mi-

493 3393 804 3448 sericordias
826 3392 997 3448 David
1016 3394 1218 3463 ﬁdeles.

549 3483 708 3537 Vens.
725 3483 1021 3538 5'5.—Non
1034 3484 1208 3551 dabis,
1222 3494 1327 3542 etc.
1349 3487 1470 3558 (11).)
1484 3488 1612 3543 Post
1624 3493 2075 3549 resurrectionem

490 3588 597 3626 non
624 3573 869 3638 moritur,
892 3587 1042 3628 mors
1069 3574 1145 3628 illi
1170 3576 1309 3630 ultra
1339 3592 1447 3632 non
1470 3579 1856 3647 dominabitur,
1881 3591 1938 3637 et
1958 3584 2079 3639 ideo
2140 3629 2147 3635 .

489 3661 622 3716 dicit
650 3672 837 3718 sancta
863 3663 1041 3719 ﬁdelia
1062 3702 1078 3730 ,
1122 3664 1173 3719 id
1214 3675 1299 3721 est
1327 3668 1643 3739 incorrupta
1668 3676 1725 3725 et
1750 3674 2077 3728 mternaliter

490 3768 869 3824 permansura.

562 3844 727 3899 Vens.
753 3847 843 3901 41.
868 3860 939 3887 -‘—
968 3838 1151 3905 Videte
1192 3858 1586 3924 contemptores.
1616 3855 1671 3909 111
1700 3855 1889 3911 Gneco
1914 3874 1927 3910 :
1967 3856 2076 3911 Au-

486 3934 599 3989 dite
629 3944 1047 4005 contemptores,
1079 3948 1134 3993 et
1160 3941 1411 4011 respicite
1434 3952 1489 3997 et
1514 3945 1909 4016 diSperdimini.

556 4024 927 4081 Admirantiui.
957 4028 1141 4099 (111111.)
1169 4029 1259 4086 Sic
1274 4030 1443 4104 juugc
1470 4051 1483 4087 :
1513 4034 1863 4093 Admiramini
1893 4054 1940 4092 et
1966 4038 2074 4094 dis-

482 4116 759 4187 pergimini
785 4118 855 4173 ab
900 4118 1141 4191 Assyriis
1175 4130 1231 4175 et
1266 4122 1553 4191 Chaldwis,
1587 4128 1876 4184 novissime
1904 4145 1934 4184 a
1967 4131 2071 4185 Ro-

485 4209 693 4273 manis,
737 4210 863 4280 quia
908 4225 1045 4282 cpus
1087 4227 1283 4282 operor
1322 4218 1604 4288 utriusque
1631 4219 1899 4275 vindictse.
1948 4221 2070 4276 Non

485 4301 726 4367 credetis,
752 4308 859 4357 etc.
886 4301 985 4357 Vel
1010 4314 1231 4373 prOptcr
1272 4308 1555 4377 utriusque
1581 4310 1832 4365 vindictae
1864 4314 2072 4384 magni-

2191 560 2439 629 pertinet.
2462 558 2625 616 Posui
2647 571 2697 617 te
2716 563 2773 617 in
2798 560 2976 617 lumen
2997 563 3256 633 gentibus.
3288 561 3506 634 (Deum)
3537 561 3655 617 Hoc
3687 563 3766 617 di-

2189 656 2334 704 ctum
2357 658 2440 707 est
2464 651 2775 721 specialiter
2798 651 3047 717 Christo,
3076 663 3133 709 et
3159 661 3339 709 tamen
3371 652 3513 709 idem
3550 652 3657 708 sibi
3696 654 3765 708 dio

2188 746 2335 794 ctum
2362 754 2481 795 esse
2510 741 2846 795 arbitrantur
2871 742 3128 811 apostoli,
3162 741 3289 812 quia
3326 742 3570 797 membra
3603 742 3766 812 ipsius

2189 836 2344 882 sunt:
2369 828 2509 883 sicut
2526 837 2746 899 propter
2764 828 3002 899 ejusdem
3026 832 3270 901 corporis
3289 832 3542 888 unionem
3565 832 3766 888 dictum

2187 926 2291 982 est,
2321 917 2503 984 Saule,
2528 918 2709 986 Saule,
2729 921 2857 992 quid
2875 937 2957 977 me
2985 924 3349 993 persequeris?
3375 932 3482 979 etc.

2262 1010 2422 1065 Vens.
2447 1009 2536 1067 48.
2557 1040 2627 1051 ——
2650 1008 3030 1067 Praeordinati.
3062 1012 3207 1069 Ordo
3228 1015 3318 1070 hic
3336 1023 3442 1080 est,
3467 1023 3530 1069 ut
3547 1024 3679 1085 post
3700 1016 3770 1070 la-

2188 1101 2350 1157 bores
2372 1112 2667 1172 praesentes
2693 1113 2749 1160 et
2776 1105 3247 1162 mortiﬁcationem
3288 1107 3496 1173 carnis,
3528 1107 3651 1162 vita
3693 1122 3771 1162 se.

2189 1201 2406 1260 quatur.
2470 1262 2475 1271 .

2260 1283 2424 1338 Vens.
2458 1282 2546 1338 50.
2597 1315 2668 1325 -
2712 1284 3005 1357 Religiosas
3032 1288 3294 1342 mulieres.
3318 1286 3505 1360 (RAI.)
3551 1287 3684 1343 Sive
3710 1289 3766 1342 de

2187 1373 2386 1430 Judmis
2416 1376 2508 1446 qui
2544 1376 2677 1448 legis
2706 1377 3018 1451 religionem
3050 1380 3365 1446 servabant,
3395 1379 3513 1435 sive
3539 1379 3611 1435 de
3646 1394 3764 1451 εει)-
3810 1447 3815 1451 η

2189 1466 2334 1521 tibus
2360 1466 2672 1536 religibnem
2697 1466 2908 1522 salvare
2936 1468 3273 1537 incipientes.

2262 1558 2425 1613 Vens.
2454 1559 2542 1613 51.
2568 1588 2637 1598 -—
2663 1558 2899 1613 Excussa
2919 1558 3145 1629 pulvere,
3168 1568 3275 1615 etc.
3306 1559 3617 1616 Secundum
3643 1575 3767 1629 pra-

2188 1656 2402 1718 ceptum
2429 1647 2742 1718 Evangelii,
2772 1648 3045 1703 excutitur
3070 1648 3249 1718 pulvis
3292 1649 3348 1705 in
3398 1648 3765 1705 testiinonium

2186 1740 2331 1810 quod
2361 1740 2576 1794 inanem
2604 1738 2851 1794 fecerunt
2876 1738 3132 1796 laborem.

2259 1829 2440 1902 (ΕΑΒ.)
2466 1830 2657 1885 Merito
2687 1830 2956 1885 excutitur
2980 1831 3186 1900 pulvis,
3226 1832 3353 1901 quia
3378 1832 3431 1888 in
3456 1829 3670 1900 judicio
3695 1832 3765 1889 sic

2186 1938 2219 1977 a
2243 1921 2462 1978 Christo
2489 1919 2793 1989 ejicieutur,
2816 1921 2959 1977 sicut
2980 1921 3148 1991 pulvis
3169 1939 3321 1993 quem
3354 1922 3569 1993 proiicit
3591 1934 3763 1976 ventus

2186 2032 2218 2070 a
2239 2014 2377 2084 [acie
2403 2024 2558 2069 terra:
2579 2013 2752 2086 (Psal.
2782 2015 2843 2085 1).
2877 2013 2935 2070 Si
2962 2030 3093 2071 vero
3121 2014 3391 2084 apostolos
3427 2015 3761 2084 reciperent,

2182 2108 2347 2177 pedes
2377 2122 2535 2173 suos,
2585 2107 2638 2163 id
2672 2114 2756 2163 est
2788 2122 3012 2173 sensus,
3055 2123 3085 2161 a
3112 2106 3364 2177 pulvere,
3394 2105 3450 2159 id
3481 2112 3571 2160 est
3597 2104 3762 2169 vitiis,

2183 2198 2470 2256 solverent.

2751 2290 2979 2348 CAPUT
3037 2291 3173 2345 XIV.

2253 2384 2417 2440 Vens.
2463 2385 2518 2439 6.
2540 2413 2610 2425 —-
2634 2382 3013 2455 Confugerunt.
3048 2382 3251 2456 (11η.)
3292 2382 3440 2454 Fuga
3489 2381 3759 2452 apostolo-

2183 2493 2303 2532 rum
2332 2493 2438 2532 non
2461 2476 2582 2547 plus
2605 2475 2707 2530 fuit
2733 2492 2801 2531 ex
2828 2476 3042 2539 timore,
3070 2490 3234 2544 quam
3262 2489 3445 2529 amore
3466 2473 3620 2528 verbi
3644 2472 3759 2527 Dei.

2182 2567 2253 2622 Et
2296 2568 2621 2635 universam,
2661 2575 2768 2622 etc.
2798 2565 2953 2633 Quod
2990 2566 3046 2621 in
3084 2564 3272 2621 Graeco
3299 2565 3547 2634 sequitur
3571 2584 3589 2619 :
3622 2564 3760 2618 Dm

2180 2669 2357 2712 autem
2380 2673 2559 2726 pacem
2580 2655 2732 2726 fecit,
2767 2656 2985 2726 quidam
3014 2654 3189 2710 Latini
3215 2654 3430 2710 codices
3459 2654 3639 2709 minus
3671 2652 3759 2708 bs-

2179 2748 2331 2803 bent.

2255 2842 2417 2898 Vens;
2467 2843 2553 2898 10.
2580 2843 3015 2899 —Levauerunt.
3062 2844 3245 2915 (11η.)
3292 2843 3350 2898 in
3392 2845 3498 2899 hoc
3543 2851 3760 2898 notatur

2180 2933 2499 3006 petulantia.
2538 2933 2647 2998 Vel,
2680 2934 2842 2989 altior
2881 2944 3002 2990 erat
3026 2937 3293 2991 sententia
3327 2950 3490 3006 quam
3534 2950 3633 2991 sua
3664 2936 3760 2989 lin-

2179 3040 2282 3096 gua
2305 3026 2537 3084 barbara
2563 3033 2619 3082 et
2637 3027 2796 3081 unius
2819 3026 2911 3081 Dei
2941 3027 3149 3095 ignara;

2252 3118 2417 3174 Vens.
2448 3118 2535 3174 12.
2564 3149 2634 3161 --
2658 3118 2910 3174 Coronas.
2940 3119 3062 3191 (11).)
3090 3119 3161 3176 Ut
3182 3118 3379 3175 faciem
3397 3117 3582 3189 templi
3603 3116 3755 3188 juxta

2104 3183 2148 3247 (ἶ
2182 3211 2344 3266 ritum
2374 3211 2618 3283 gentium
2653 3219 2891 3275 ornaret,
2924 3183 3006 3264 vel
3039 3183 3119 3265 eis
3150 3210 3325 3281 (quasi
3372 3209 3478 3265 diis

2180 3302 2358 3374 turus)
2406 3304 2727 3373 imponeret.
2775 3301 2889 3357 Mos
2931 3309 3049 3356 erat
3089 3300 3492 3372 gentiliummt
3532 3301 3752 3356 deorum

2098 3462 2105 3469 ο
2179 3406 2402 3449 suorum
2438 3395 2630 3450 honori
2670 3393 3042 3450 sacriﬁcantes
3080 3391 3358 3449 Sumerent
3389 3405 3646 3456 coronas,
3675 3393 3750 3445 vi-

2177 3485 2356 3540 ctimis
2379 3483 2539 3540 simul
2564 3485 2856 3543 coronatis.

2251 3576 2413 3631 Vens.
2452 3576 2540 3631 16.
2569 3607 2641 3617 -
2665 3575 2895 3648 Implens
2936 3578 3069 3641 cibo,
3111 3586 3217 3634 etc.
3255 3574 3381 3650 (11).)
3412 3575 3490 3631 De
3526 3575 3754 3632 carnali-

2177 3668 2276 3723 bus
2305 3669 2564 3739 loquitur,
2592 3670 2718 3740 quia
2750 3670 2933 3724 ltetitia
2975 3679 3059 3725 est
3106 3670 3174 3726 de
3205 3669 3342 3725 cibis
3380 3678 3435 3724 et
3462 3668 3591 3725 vino
3611 3669 3753 3740 quod

2176 3759 2414 3814 laetiﬁcat
2451 3775 2546 3813 cor
2571 3759 2824 3815 hominis.

2246 3844 2408 3906 Vtens.
2440 3852 2526 3907 18.
2554 3881 2625 3891 -—
2651 3851 2963 3906 Traxerunt.
2993 3853 3118 3923 (11).)
3146 3853 3221 3908 Ad
3245 3853 3594 3924 lapidandum
3614 3852 3753 3907 sicut

2174 3943 2428 4006 cadaver,
2453 3942 2520 3997 de
2545 3942 2648 3998 hoc
2677 3942 2791 4013 ipse
2819 3943 2885 3997 ad
2911 3944 3220 3999 Corinthios
3247 3962 3259 3997 :
3286 3943 3458 3998 Semel
3489 3944 3750 4014 lapidatus

2171 4052 2287 4089 sum
2311 4034 2391 4107 (ΙΙ
2426 4035 2546 4090 Cor.
2578 4034 2679 4108 st),
2711 4044 2816 4091 etc.

2246 4125 2408 4181 Vens.
2453 4127 2542 4181 21.
2577 4157 2648 4167 ——
2678 4125 2748 4182 Ut
2786 4128 3143 4199 pernianerent
3176 4131 3231 4182 in
3271 4130 3398 4199 ﬁde.
3433 4124 3561 4203 (11).)
3612 4129 3750 4186 Con-

2173 4227 2255 4273 tra
2291 4218 2490 4274 multas
2522 4219 2933 4277 lribulationes:
2964 4221 3088 4291 quia
3126 4221 3415 4278 multitudo
3447 4223 3748 4278 tribulatio-

2172 4322 2299 4361 num
2328 4306 2453 4363 ﬁdei
2484 4309 2658 4379 poscit
2685 4311 3161 4381 persevcrantiam.
3191 4312 3456 4379 Quoniam
3486 4331 3581 4384 per
3616 4314 3749 4369 mul-

485 4390 726 4445 tndinem
754 4432 769 4459 ,
822 4407 929 4447 non
980 4395 1202 4451 credere
1257 4397 1512 4452 dicuntur
1565 4399 1736 4454 donec
1792 4403 2069 4473 completzc
2170 4411 2252 4454 tas
2300 4400 2684 4457 tribulationes.
2729 4402 2908 4458 Labor
2951 4404 3331 4473 pmmittitur,‘
3364 4405 3565 4461 dehinc
3600 4406 3744 4477 regni

487 4484 710 4538 fuerint.-

2175 4492 2423 4549 introitus
2449 4495 2791 4564 pra-dicatur,
2822 4496 2946 4565 quia
2990 4508 3113 4567 spes
3140 4497 3348 4567 praemii
3383 4497 3640 4553 solatium
3667 4508 3744 4553 est

555 4573 714 4630 Vens.
761 4573 852 4630 45.
886 4576 1043 4631 -Εε
1078 4576 1373 4633 colentium.
1416 4579 1535 4651 (11).)
1577 4578 1720 4636 Bene
1753 4580 1950 4653 legitur
1974 4600 2064 4639 co-

2203 4584 2387 4640 thuris.

481 4662 698 4719 lentium
736 4666 935 4733 Deam,
980 4666 1119 4722 sicut
1161 4668 1214 4722 in
1247 4668 1447 4728 Cra-co
1492 4673 1737 4727 habetur.
1788 4667 2064 4745 Signiﬁcat

483 4765 664 4811 autem
704 4773 799 4813 eos
835 4760 929 4828 qui
975 4768 1165 4813 natura
1209 4760 1436 4830 gentiles
1467 4773 1657 4830 erant,
1689 4766 1785 4821 sed
1809 4769 2067 4839 religione

480 4849 678 4915 Judaei,-
696 4849 883 4906 Crscce
914 4851 1091 4905 vocati
1117 4851 1395 4923 proselyti.

446 4968 451 4971 -
556 4942 717 4999 Vens.
746 4943 837 4998 46.
859 4973 932 4983 —-
958 4941 1219 4997 Primum.
1247 4944 1371 5018 (11).)
1402 4945 1583 5003 Primo
1615 4950 1777 5005 ﬁliam
1808 4954 2064 5025 principis

482 5049 676 5089 curare
709 5034 857 5089 venit
887 5033 1043 5089 .Iesus
1062 5074 1075 5100 ,
1105 5037 1198 5090 sed
1230 5036 1648 5094 mulieroﬁuxum
1673 5044 1951 5112 sanguinis
1971 5061 2066 5114 pa-

482 5125 621 5178 tiens
661 5125 941 5195 praeripuit
975 5128 1282 5181 sanitatem.
1326 5126 1566 5185 Afterntc
1596 5133 1733 5187 υἰιιιν.
1780 5132 1897 5189 Νοη
1937 5138 2061 5206 quia

480 5215 682 5270 scirent
707 5215 870 5269 vitam
914 5225 1174 5271 aeternam
1214 5233 1338 5274 esse
1379 5235 1541 5289 quam
1582 5226 1935 5294 respuebant,
1968 5230 2063 5285 sed

478 5322 546 5360 ex
576 5320 673 5360 suo
701 5321 864 5362 sensu
893 5316 950 5363 et
975 5307 1080 5362 ﬁde
1111 5324 1208 5363 sua
1236 5309 1401 5366 locuti
1427 5321 1553 5367 sunt
1576 5315 1827 5385 apostoli.

551 5397 713 5454 Vens.
741 5397 1021 5454 47.-—‘Sic
1049 5401 1207 5466 en’im,
1233 5408 1339 5457 etc.
1364 5402 1488 5475 (Ib.)
1510 5403 1795 5476 Prophetia
1817 5417 1901 5465 est
1922 5427 2061 5482 prte-

476 5498 692 5561 eeptum
728 5490 1001 5547 immobile
1030 5491 1186 5547 nobis
1212 5510 1229 5546 :
1259 5493 1492 5563 primum
1524 5497 1741 5568 dicitur,
1769 5501 1962 5558 deinde
1985 5504 2062 5559 in-

477 5582 648 5636 fertur
668 5579 950 5652 Propheta:
972 5582 1339 5639 testimonium
1366 5585 1432 5640 ad
1456 5601 1743 5657 personam
1776 5590 1956 5650 Patris
1982 5595 2059 5650 lo.

476 5675 691 5746 quentis
713 5674 778 5729 ad
816 5673 1033 5729 Filium.

544 5767 710 5823 Ροεκί
736 5778 802 5823 te.
831 5766 947 5826 Non
981 5767 1087 5836 ait,
1136 5765 1296 5828 Posui
1334 5786 1459 5843 vos,
1487 5774 1612 5845 quis
1658 5775 1799 5847 quod
1841 5777 2057 5835 Christo

2760 4656 2987 4715 CAPUT
3024 4656 3142 4714 XV.

2242 4768 2408 4826 Vens.
2452 4772 2508 4826 2.
2536 4804 2607 4814 —-—
2632 4771 2920 4829 Seditione.
2946 4774 2993 4829 Α
3017 4774 3187 4831 Paulo
3231 4785 3288 4832 et
3327 4768 3600 4845 Barnaba,
3625 4790 3742 4834 cou-

2168 4873 2249 4918 tra
2282 4864 2419 4931 illos,
2457 4866 2548 4935 qui
2582 4867 2697 4921 haec
2721 4866 2990 4922 dicebant.

2239 4952 2567 5010 Statuerunt.
2600 4956 2782 5028 (Rm)
2816 4956 3035 5015 Scilicet
3061 4959 3115 5014 hi
3146 4959 3241 5031 qui
3267 4959 3661 5017 descenderant
3681 4961 3740 5017 de

2163 5042 2370 5110 Judma,
2398 5054 2531 5111 etc.,
2569 5064 2734 5118 usque
2763 5048 2834 5101 ad
2856 5049 2922 5103 ad
2958 5049 3117 5105 ﬁdem
3145 5052 3356 5106 venisse
3384 5054 3673 5123 probatur.

2234 5135 2397 5192 Vens.
2422 5138 2473 5192 6.
2502 5170 2571 5179 —
2599 5138 3062 5212 Conveneruntque
3096 5142 3337 5212 apostoli.
3371 5143 3498 5216 (11).)
3529 5144 3629 5200 llic
3652 5144 3737 5200 ds-

2163 5234 2252 5282 tur
2288 5229 2592 5300 exemplum
2640 5231 2870 5287 faciendi
2910 5241 3227 5299 conventus,
3272 5235 3340 5291 ad
3381 5234 3734 5293 discernenda

2161 5335 2223 5375 ea
2244 5335 2364 5390 qua:
2393 5319 2516 5375 ﬁdei
2546 5330 2670 5376 sunt
2705 5324 3035 5378 necessaria.

2234 5406 2400 5468 Vens.
2436 5413 2487 5467 7.
2518 5444 2590 5453 —
2615 5410 2809 5468 Peras
2856 5424 3047 5469 meum.
3082 5412 3207 5487 (lv.)
3245 5415 3364 5473 Non
3415 5415 3643 5473 alterius
3670 5433 3739 5473 es

2160 5507 2439 5577 apostolis,
2473 5507 2627 5579 quasi
2656 5508 2799 5563 dieat
2824 5524 2839 5564 :
2863 5510 2963 5579 Qui
3010 5512 3215 5581 primus
3247 5513 3535 5584 prmdicavi
3562 5512 3730 5586 genti~

2160 5597 2279 5662 bus,
2306 5598 2513 5667 primus
2539 5599 2609 5656 ab
2635 5600 2715 5656 eis
2737 5599 2927 5671 jugum
2967 5603 3099 5674 legis
3136 5605 3427 5660 eXcu‘tiam.
3478 5603 3612 5659 Nam
3647 5608 3733 5660 eu-

2162 5689 2341 5742 nncho
2398 5688 2577 5745 nullus
2616 5694 2981 5760 apostolorum
3017 5695 3373 5763 praedicavit:
3415 5696 3512 5751 sed
3545 5694 3738 5765 Philip:

2160 5794 2261 5850 pus
2299 5779 2580 5850 diaconus,
2611 5791 2666 5838 et
2690 5784 2927 5855 gratuito
2954 5784 3204 5857 impletus
3229 5788 3313 5842 est
3336 5787 3502 5843 dono.-
