3958 6314
206 440 290 495 157

1025 433 1289 491 GLOSSA
1329 432 1723 489 ORDINARIA.
1764 460 1834 471 ν-
1867 429 1996 485 LIB.
2037 426 2325 484 ACTUUM
2362 424 2603 481 APOST.

3298 424 3400 476 45³5

262 552 408 608 Vsus.
437 550 490 604 9.
524 578 593 589 —
626 547 760 602 Fide
779 549 1083 618 puriﬁcans.
1113 546 1355 620 (Csars)
1384 547 1432 601 A
1465 546 1576 601 sola
1604 544 1731 610 lide,
1760 547 1815 608 Α
1910 542 2132 614 Spiritui
2170 547 2369 595 sancto.
2411 538 2593 611 (ΗΑΒ.)
2615 537 2683 592 Et
2721 538 2875 593 nobis
2920 537 3153 592 humano
3187 535 3404 606 quidem

201 642 372 710 mquit,
406 639 495 694 illa
547 637 780 694 assecuti
818 645 963 704 sunt,
994 645 1178 694 etnon
1219 636 1469 708 operibus
1508 635 1591 690 vel
1628 634 1735 690 cir—

198 732 521 791 cumcisione.
560 730 769 785 Etenim
796 730 913 786 hac
932 745 1038 785 non
1066 730 1250 785 dicunt
1286 728 1457 784 solum
1490 742 1590 797 pro
1609 742 1737 798 gen-

1838 648 2023 699 sensu,
2048 632 2142 688 sed
2164 646 2313 688 sano.

1910 721 1978 776 Et
2004 721 2171 776 nobis.
2209 718 2324 775 Non
2360 730 2542 775 tamen
2576 720 2748 775 solum
2777 717 3048 775 voluntate
3073 726 3280 786 nostra,
3306 719 3406 775 sed

200 824 326 878 tibus
368 819 627 875 rationem
669 819 973 887 reddentes,
1026 820 1120 875 sed
1173 820 1338 875 etiam
1382 818 1501 873 illos
1552 833 1584 872 a
1622 817 1738 887 lege
1840 811 2098 867 instinctu
2122 810 2362 880 ejusdem
2383 809 2635 878 Spiritus.

197 916 440 970 abducere
475 911 755 982 cupientes
797 929 811 964 :
854 927 1039 967 verum
1078 912 1190 982 jam
1232 912 1338 967 hoc
1386 910 1621 966 nondum
1661 909 1741 963 di—

197 1014 327 1062 ευηι.

1914 902 2087 968 Quam
2119 902 2231 957 lucc
2285 902 2597 956 necessaria.
2653 900 2865 972 (ΗΑΒ.)
2914 901 3038 957 Haec
3102 901 3411 958 necessaria

1094 1040 1104 1050 .
1845 1001 1972 1049 sunt
1992 994 2109 1049 sine
2137 993 2331 1064 quibus
2367 1009 2473 1048 non
2501 1001 2583 1049 est
2618 992 2784 1057 salus,
2828 995 2921 1049 sed
2946 996 3284 1051 circumcisio
3320 1009 3415 1051 ne-

257 1093 410 1150 νεεδ.
442 1092 529 1149 12.
560 1124 630 1134 -
657 1092 841 1148 Tacuit
883 1101 1056 1146 autem
1093 1092 1260 1146 omnis
1300 1088 1598 1144 multitudo.
1631 1088 1745 1159 ‘No-
1846 1083 2082 1139 cessaria
2118 1099 2223 1138 non
2267 1091 2351 1138 est
2390 1100 2403 1137 :
2438 1097 2624 1137 verum
2674 1098 2738 1137 ea
2777 1099 2895 1153 quae
2934 1083 3087 1139 vobis
3136 1086 3254 1140 ﬁeri
3307 1100 3416 1141 non

152 1194 153 1197 ‘
196 1190 373 1244 tandus
398 1187 532 1242 ordo
565 1186 817 1256 loquendi
858 1185 939 1241 vel
976 1185 1331 1256 loquentium,
1358 1185 1484 1254 quia
1524 1182 1748 1254 singulis
1846 1172 2027 1235 Vultis,
2060 1172 2246 1228 aliine
2272 1174 2504 1229 faciatis.

197 1280 524 1352 loquentibus
556 1286 756 1345 tacent,
782 1279 1017 1349 primum
1041 1277 1221 1333 Petro.

1922 1261 2087 1317 Vsus.
2124 1264 2214 1319 29.
2260 1296 2330 1305 —
2380 1263 2448 1318 Ut
2513 1267 2816 1320 abstineatis
2892 1283 2995 1331 vos,
3042 1277 3148 1324 etc.
3197 1269 3422 1341 (Τεκτ.)

260 1372 408 1425 Vens.
441 1370 529 1426 15.
550 1399 621 1409 -
644 1369 715 1423 Et
751 1377 1045 1440 postquam,
1080 1376 1185 1423 etc.
1224 1367 1470 1439 (Cunvs.)
1498 1366 1598 1422 Hic
1634 1374 1753 1422 erat

1892 1362 2145 1424 'ropterea
2182 1354 2346 1423 igitur
2373 1355 2627 1425 quoniam
2651 1367 2880 1425 utraque
2907 1358 3138 1426 species,
3170 1369 3300 1424 etc.,
3329 1376 3420 1420 us-

191 1461 463 1531 episcopns
490 1458 745 1514 Ecclesiae
771 1457 1288 1528 Hierosolymitanar,
1327 1465 1458 1523 etc.,
1485 1473 1645 1527 usque
1682 1456 1751 1511 ad

188 1553 267 1607 ubi
295 1551 504 1606 scilicet
534 1558 590 1605 et
616 1550 777 1605 linem
808 1550 1035 1620 imponit
1053 1551 1326 1620 operibus.

250 1643 407 1699 Vsus.
461 1643 546 1698 16.
575 1674 646 1684 -
675 1642 924 1698 Revertar
949 1653 998 1697 et
1028 1643 1377 1711 reaediﬁcabo,
1409 1652 1515 1699 etc.
1556 1643 1757 1698 Rever-

188 1745 263 1789 tar
285 1735 350 1788 ad
384 1741 604 1803 gentes,
632 1747 766 1803 quas
788 1732 941 1802 prius
965 1733 1178 1788 dixerat
1218 1733 1427 1802 ingredi
1452 1733 1570 1787 vias
1608 1746 1757 1797 suas,

185 1825 267 1880 cui
312 1824 504 1879 sensui
548 1822 814 1878 ﬁrmando
860 1822 1094 1879 Jacobus
1136 1825 1506 1879 testimonium
1551 1823 1753 1877 intulit.

1852 1460 1951 1513 que
1971 1445 2040 1499 ad
2058 1459 2289 1514 quorum
2316 1445 2580 1501 munditia
2625 1448 2797 1518 magis
2835 1448 2899 1502 ad
2949 1447 3119 1503 Deum
3170 1451 3425 1519 pertinet,

1857 1552 2018 1608 quam
2063 1538 2460 1593 intestinorum.

1930 1628 2094 1686 Vitas.
2124 1630 2213 1686 '54.
2238 1663 2309 1672 —
2336 1630 2517 1687 Visum
2559 1642 2633 1687 est
2661 1643 2833 1688 autem
2888 1636 3065 1705 (ΚΑΒ.)
3090 1635 3310 1692 Materia
3350 1645 3434 1692 est

1860 1719 2025 1777 futuri
2058 1722 2354 1778 sermonis:
2382 1720 2536 1779 Solus
2567 1734 2740 1777 autem
2763 1723 2794 1775 J
2804 1726 2935 1778 udas
2959 1725 3086 1778 abiit
3115 1724 3431 1781 Jerusalem.

1934 1813 2099 1868 Vsus.
2121 1813 2209 1869 59.
2239 1813 2615 1869 —Dissensio.
2646 1814 2761 1870 Non
2805 1816 2859 1870 in
2904 1817 3006 1872 hoc
3033 1818 3433 1889 delinquebant,

190 1915 295 1973 Hoc
332 1924 527 1985 aperte
554 1915 925 1970 testimonium
953 1917 1246 1971 concordat
1279 1916 1460 1971 verbis
1500 1914 1758 1971 Simonis.
1789 1921 1838 1982 B
1865 1903 1990 1975 quia
2014 1919 2123 1959 non
2151 1905 2328 1960 omnis
2350 1905 2639 1961 οοῐηῐῐιοιίο
2664 1916 2748 1961 εει
2777 1916 3074 1976 peccauit“.
3103 1910 3197 1964 sed
3223 1910 3440 1966 irratio-

249 2007 429 2080 (Rsn.)
475 2006 675 2062 Umbra
705 2006 855 2077 legis,
881 2023 1002 2078 quae
1040 2008 1425 2063 traditionibus
1458 2008 1758 2063 Pharisaeo-

183 2115 297 2156 rum
322 2106 608 2166 corrupta,
649 2097 877 2153 Domino
915 2098 1207 2166 revelante,
1241 2099 1293 2155 id
1318 2106 1403 2154 est
1442 2099 1670 2154 Domino
1705 2099 1759 2154 in

182 2205 339 2246 carne
385 2197 710 2260 apparente,
758 2203 855 2259 per
899 2190 1127 2259 gratiam
1183 2199 1268 2245 est
1311 2199 1513 2256 erecta,
1552 2198 1612 2243 ut
1653 2204 1762 2244 non

183 2290 387 2337 tantum
423 2279 627 2345 Judaei,
670 2279 763 2334 sed
789 2279 951 2334 etiam
978 2288 1162 2351 gentes
1191 2293 1385 2335 nomen
1427 2279 1545 2349 ejus
1584 2278 1765 2348 requi-

183 2378 323 2425 rant.

248 2462 439 2518 Vens:
466 2462 555 2517 17.
581 2491 653 2503 --
673 2463 847 2532 Super
885 2478 1016 2532 quas
1042 2465 1361 2516 invocatum.
1392 2460 1519 2531 (Ιυ.)
1563 2460 1742 2516 Secun

181 2555 306 2608 dum
333 2553 476 2609 illud
500 2573 513 2608 :
548 2553 870 2609 Invocabnnt
890 2554 1184 2608 sacerdotes
1210 2570 1396 2608 nomen
1422 2570 1594 2628 meum
1613 2569 1769 2623 super

179 2643 318 2712 ﬁlios
363 2643 542 2699 Israel
571 2643 759 2716 (Num.
801 2645 921 2713 vx);
972 2651 1027 2697 et
1068 2644 1192 2698 alibi
1218 2662 1232 2696 :
1257 2643 1461 2714 Moyses
1498 2652 1547 2699 et
1589 2644 1768 2699 Aaron

177 2738 551 2792 sacerdotibus
582 2737 695 2808 ejus
726 2734 897 2807 (Psal.
927 2736 1137 2807 XCVIII),
1168 2746 1272 2792 etc.

250 2826 572 2883 Invocatum
591 2836 689 2883 est.
720 2828 826 2883 Pro
851 2826 1054 2893 futuro,
1086 2843 1235 2884 more
1262 2828 1596 2899 prophetico.

247 2934 428 2995 Vsus.
466 2941 551 2996 19.
576 2967 646 2981 --
672 2940 783 3011 Ego
799 2940 1003 3010 judico.
1032 2940 1211 3013 (Rara)
1238 2940 1405 2997 Recte
1419 2940 1769 3011 iudicandum

176 3044 321 3103 erat,
355 3034 512 3105 quod
543 3034 705 3089 trium
744 3033 1054 3089 testimonio
1081 3032 1350 3099 limatur,
1377 3033 1607 3088 duorum
1651 3048 1775 3102 apo-

170 3127 463 3183 stolorum
488 3132 544 3178 et
568 3123 972 3194 prophetarum.

247 3237 431 3292 Vens.
478 3232 568 3289 20.
593 3261 661 3273 -
680 3232 753 3287 Et
795 3233 1083 3302 sulfocatis.
1113 3232 1442 3289 Sutl'ocatum
1481 3244 1567 3291 est
1594 3235 1777 3290 morti—

167 3328 401 3391 cinum,
440 3324 513 3380 de
538 3340 647 3395 quo
688 3322 938 3379 Ezechiel
979 3324 1147 3380 dicit:
1173 3324 1337 3379 Omne
1370 3326 1703 3381 morticinum
1729 3335 1780 3382 et

171 3429 405 3490 captum
460 3432 494 3469 a
534 3415 696 3469 bestia
740 3414 806 3468 de
851 3414 1033 3469 avibus
1073 3423 1121 3469 et
1152 3416 1442 3485 pecoribus,
1489 3418 1780 3473 sacerdotes

170 3526 281 3564 non
310 3506 605 3564 comedunt
632 3503 852 3578 (Ezech.
889 3503 987 3575 tv).
1021 3503 1133 3560 Hoc
1177 3514 1504 3576 praeceptum
1532 3507 1783 3562 convenit

173 3615 414 3657 servare
472 3598 600 3662 illis,
632 3597 724 3667 qui
761 3596 911 3651 uncti
959 3605 1085 3651 sunt
1114 3596 1233 3653 oleo
1262 3597 1548 3667 spirituali,
1592 3613 1660 3653 ne
1698 3612 1783 3653 co-

169 3694 415 3749 medant
457 3690 617 3755 illud,
659 3687 814 3759 cujus
853 3688 1076 3759 sanguis
1119 3704 1223 3744 non
1260 3697 1344 3745 est
1391 3687 1612 3757 eﬂ'usus,
1639 3691 1782 3760 quod

171 3783 421 3857 epistola
463 3779 830 3852 apostolorum
854 3779 1175 3857 servandum
1207 3779 1461 3835 decrevit.

240 3876 320 3931 Et
372 3873 663 3944 sanguine.
724 3869 903 3943 (ΚΑΒ.)
955 3854 1227 3925 Ell'usione
1277 3870 1500 3925 humani
1562 3874 1779 3941 sangui-

170 3969 281 4034 nis,
316 3974 467 4031 etc.,
497 3978 662 4032 usque
687 3960 756 4015 ad
786 3960 881 4015 sed
918 3968 977 4014 ut
998 3960 1133 4015 casti
1170 3960 1281 4015 sint
1307 3969 1363 4016 et
1384 3960 1707 4016 abstineant.

246 4078 427 4134 Vens.
451 4074 554 4131 22.
574 4103 647 4115 --
670 4071 814 4126 Tunc
833 4071 1051 4141 placuit.
1085 4070 1209 4143 (11).)
1239 4071 1460 4127 Dicente
1480 4071 1643 4128 Petro
1665 4089 1785 4129 nar-

170 4170 446 4226 rantibus
490 4164 746 4221 Barnaba
778 4171 833 4219 et
861 4162 1047 4229 Paulo,
1069 4163 1347 4235 judicante
1389 4165 1590 4222 Jacobo
1632 4165 1786 4223 Jero-

166 4260 541 4332 solymorum
578 4255 849 4326 episcopo,
878 4255 1076 4310 merito
1110 4255 1312 4324 placuit
1341 4259 1629 4314 sententia.
1656 4255 1785 4312 Pla-

167 4353 279 4406 cuit
311 4352 545 4406 mittere
578 4347 920 4402 Antiochiam.
962 4346 1111 4403 Missi
1158 4363 1189 4403 a
1216 4348 1432 4406 Christo
1456 4351 1616 4423 legati
1658 4365 1785 4407 suos

1866 1995 2081 2062 nabilis,
2117 2005 2172 2051 et
2195 1996 2479 2066 qutejuste
2504 2012 2611 2051 non
2652 1996 2733 2051 ﬁt.
2777 1998 3056 2067 Assumpto
3094 1999 3298 2055 Marco.
3337 2001 3437 2057 Hic

1863 2093 1981 2142 erat
2019 2084 2295 2142 allinitatis
2316 2087 2530 2143 vinculo
2552 2086 2870 2156 coniunctus
2891 2088 3172 2156 Barnabas,
3204 2092 3346 2147 unde
3384 2101 3443 2148 et

1862 2174 2114 2246 leguntur
2135 2175 2301 2232 fuisse
2324 2177 2656 2232 consobrini.
2694 2177 2972 2235 Barnabas
3002 2196 3033 2234 a
3069 2180 3236 2236 Paulo
3257 2183 3441 2238 dimis-

1861 2279 1976 2344 sus,
2019 2266 2250 2334 patriam
2300 2266 2530 2321 insulam
2559 2266 2793 2337 repetiit,
2825 2276 2879 2322 et
2915 2268 3267 2326 nihilominus
3307 2288 3443 2343 opus

1865 2354 2140 2426 Evangelii
2177 2357 2278 2412 sibi
2304 2358 2609 2428 injunctum
2632 2360 2893 2414 exercuit.

1937 2448 2103 2503 Vens.
2144 2447 2233 2503 40.
2270 2480 2341 2490 -
2368 2448 2548 2504 Electa
2592 2449 2725 2504 Sila.
2757 2449 2941 2521 (ΗΑΒ.)
3000 2453 3081 2507 Ad
3124 2455 3228 2509 hoc
3268 2471 3443 2510 remac

1866 2554 1997 2595 nere
2025 2556 2147 2595 eum
2176 2538 2304 2596 fecit
2338 2539 2793 2609 Dominus..juxta
2820 2540 2946 2594 illud
2974 2560 2985 2594 :
3023 2542 3202 2597 Visum
3237 2554 3311 2599 est
3350 2564 3441 2598 au-

1867 2638 1970 2685 tem
1998 2629 2126 2686 Sila:
2152 2631 2225 2685 ibi
2262 2648 2550 2698 remanere,
2587 2626 2659 2686 ’bt
2685 2632 2852 2688 Paulo
2889 2645 3274 2704 cooperaretur
3307 2638 3447 2692 sicut

1869 2721 2084 2778 Marcus
2124 2721 2404 2778 Barnabas.
2452 2722 2579 2778 Fuit
2614 2724 2758 2778 enim
2796 2726 2853 2778 in
2893 2725 2997 2781 hoc
3034 2727 3273 2783 divinum
3317 2744 3447 2785 con-

1871 2813 2072 2869 silium.

2453 2883 2683 2940 CAPUT
2726 2884 2863 2942 XVI.

1950 2994 2105 3050 Vsus.
2143 2995 2195 3049 1.
2219 3024 2287 3034 —
2324 2993 2508 3048 Vidua:
2539 2994 2701 3062 ﬁlius.
2731 2994 2910 3061 (ΚΑΒ.)
2937 2994 3029 3052 Vel
3054 2998 3268 3053 Iudaeae.
3313 3000 3448 3061 Eam

1872 3101 2001 3141 vero
2027 3086 2193 3140 fuisse
2217 3099 2414 3154 genere
2435 3083 2691 3149 Iudaeam,
2720 3097 2940 3156 apparet
2967 3103 3032 3142 ex
3058 3088 3163 3144 hoc
3191 3089 3336 3158 quod
3377 3091 3452 3146 ait

1874 3188 2023 3246 patre
2052 3178 2231 3248 gentili
2262 3178 2426 3232 fuisse
2456 3177 2762 3231 oriundum.

1952 3270 2116 3324 Vnns.
2147 3270 2202 3324 5.
2230 3299 2302 3308 -
2330 3268 2399 3322 Ει
2435 3268 2782 3322 circumcidit.
2817 3264 2939 3341 (11).)
2976 3270 3317 3327 Timotheum
3348 3288 3455 3329 c.r‘

1881 3361 2140 3417 cumcidit
2186 3375 2285 3430 pro
2314 3358 2564 3415 scandalo
2611 3357 2938 3424 Iudaeorum,
2976 3375 3046 3415 ne
3074 3361 3245 3431 legem
3285 3363 3455 3435 Moysi

1883 3454 2157 3510 videretur
2183 3452 2458 3515 damnare,
2489 3452 2580 3506 sed
2603 3466 2720 3507 eam
2750 3452 2906 3523 quasi
2947 3470 3054 3508 non
3092 3456 3455 3511 necessariam

1882 3547 2131 3618 gentibus
2165 3562 2272 3602 non
2313 3546 2608 3615 imponere.
2643 3545 2823 3599 Titum
2866 3562 2973 3601 non
3000 3546 3358 3616 circumcidit,
3388 3565 3458 3606 ne

1881 3641 2223 3698 occasionem
2251 3638 2672 3695 circumcidendi
2700 3641 3008 3711 acciperent
3050 3651 3236 3697 centes
3270 3643 3339 3697 ab
3369 3658 3454 3699 eo.

1880 3733 1948 3789 Et
1983 3733 2125 3803 quod
2162 3739 2246 3788 est
2273 3732 2417 3802 quod
2452 3732 2616 3787 dicit:
2645 3729 2751 3786 Sed
2787 3740 2998 3802 propter
3038 3733 3461 3789 subintroductos

1882 3823 2071 3892 fratres
2093 3821 2277 3892 falsos,
2308 3830 2416 3876 etc.

1952 3913 2117 3968 Vsus.
2146 3913 2214 3985 _4.
2250 3943 2302 3952 —
2342 3911 2614 3966 Custodire
2660 3910 2926 3982 dogmata,
2961 3928 3079 3983 qua:
3132 3922 3300 3967 erant.
3339 3916 3469 3986 (ινδ

1883 4001 1999 4057 Non
2049 4002 2414 4072 praedicabant
2459 4001 2601 4070 quod
2653 4001 2754 4069 ipsi
2784 4000 3041 4065 fecerant,
3093 4004 3186 4057 sed
3223 4004 3277 4058 id
3319 4006 3463 4074 quod

1883 4104 2103 4168 propter
2136 4095 2470 4149 voluntatem
2491 4094 2589 4148 Dei
2613 4094 2838 4163 apostoli
2870 4096 3243 4151 decreverant.
3276 4097 3342 4151 Et
3380 4107 3467 4154 est

1885 4188 2189 4260 exemplum
2214 4196 2363 4243 recte
2391 4186 2618 4242 docendi
2644 4187 2807 4241 etiam
2835 4189 2979 4258 quod
3022 4204 3127 4243 non
3167 4189 3379 4245 feceris.
3404 4190 3464 4245 In

1886 4283 2057 4354 ﬁgura
2088 4281 2247 4352 hujus
2278 4280 2406 4336 facti
2434 4279 2776 4337 feminalibus
2810 4282 3174 4337 induebantur
3210 4286 3463 4342 sacerdo-

1888 4384 1990 4440 tes,
2022 4375 2168 4431 velut
2196 4374 2512 4430 seminaturi
2540 4389 2676 4445 opus
2724 4389 2831 4430 non
2863 4382 3045 4431 autem
3088 4384 3342 4447 tanquam
3385 4377 3466 4433 fa-

161 4451 421 4514 possunt
455 4439 685 4495 mittere
714 4436 937 4507 legatos.
1887 4436 2045 4524 θιὼ.

240 4534 433 4590 γελθο
638 4560 710 4629 _—
733 4529 988 4629 APO“O“_
1019 4542 1067 4586 ⁸⁸
1110 4534 1358 4629 senm?"
1406 4534 1786 4629 AROS‘OIQWP
1961 4560 2124 4615 Vens.
2155 4559 2210 4614 5.
2237 4589 2309 4599 —
2332 4557 2404 4613 Et
2437 4557 2667 4613 ecclesiae
2684 4556 2913 4629 quidem,
2944 4564 3047 4612 etc.
3075 4558 3199 4628 (Ιυ.)
3232 4558 3343 4613 lloc
3387 4575 3447 4615 es

165 4629 515 4689 Communis
539 4626 727 4681 mulus
747 4624 1106 4720 ΡΓπΡ⁰¹¹Ῐί¹¹τν
1137 4640 1207 4680 ne
1231 4624 1414 4694 aliqua
1440 4624 1791 4682 ἀίδδθηδίοηίδ
1814 4631 1868 4691 Ῑ)
1894 4648 2264 4720 superioribus
2305 4647 2554 4719 capitulis
2585 4624 2781 4718 saepius
2811 4624 3135 4717 expositum,
3169 4624 3289 4704 cum
3329 4651 3466 4705 dixi-

167 4722 556 4792 relinquatur
583 4716 816 4773 occasio.

1897 4757 2019 4796 mus
2057 4740 2363 4810 hujusmodi
2389 4740 2655 4796 sententia
2700 4738 3033 4808 superiorem
3070 4739 3243 4794 claudi
3282 4758 3469 4798 narra-

242 4813 575 4870 Fratribus
599 4825 663 4865 ea:
690 4809 945 4881 gentibus.
978 4808 1160 4881 (ΗΑΒ.)
1189 4807 1429 4863 Primum
1472 4808 1597 4879 styli
1632 4808 1793 4865 bene-

1896 4807 2200 4896 tionem,'et
2225 4828 2436 4884 initium
2463 4827 2579 4882 ﬁeri
2614 4807 2909 4896 sequentis.

169 4908 381 4963 ﬁcium
431 4910 559 4967 est,
599 4901 744 4972 quod
784 4900 1011 4972 apostoli
1069 4898 1294 4971 gentiles
1331 4906 1527 4954 vocant
1576 4898 1792 4965 fratres,

1971 4923 2130 4979 Vsus.
2161 4923 2289 4977 7.—
2312 4921 2596 4977 Tentabant
2631 4923 2726 4975 ire.
2756 4920 2879 4993 (ιο.)
2905 4920 3294 4978 Permittuntur
3331 4941 3463 4998 apo-

167 4997 228 5054 id
255 5004 355 5054 est
382 4995 570 5051 unius
600 4991 697 5046 Dei
726 4989 885 5046 ﬁlios.
930 4988 1188 5045 Salutem.
1220 4988 1448 5060 Eclipsis
1468 5030 1485 5055 ,
1520 4989 1645 5059 quia
1673 4989 1793 5044 lati-

1898 5016 2020 5073 stoli
2048 5015 2204 5081 velle,
2230 5015 2323 5070 sed
2349 5029 2455 5069 non
2490 5014 2590 5079 ire,
2620 5022 2747 5077 etc.,
2772 5028 2933 5083 usque
2956 5013 3025 5067 ad
3063 5013 3233 5069 Lucas
3275 5016 3329 5070 in
3380 5016 3464 5071 Bi-

167 5090 381 5145 tndine
402 5082 707 5142 charitatis
738 5095 899 5137 omne
912 5080 1137 5136 verbum
1164 5080 1442 5149 angustius
1460 5088 1563 5134 est.
1595 5087 1649 5133 et
1674 5079 1794 5134 ideo
1898 5108 2106 5178 thyma,
2142 5079 2247 5162 θέο,

168 5181 409 5238 nullum
460 5176 697 5232 verbum
739 5174 981 5246 ponitur.
1024 5181 1084 5228 ut
1124 5173 1303 5228 omnia
1350 5172 1509 5227 simul
1547 5174 1687 5228 bona
1716 5172 1793 5228 eis

1961 5172 2133 5252 'Vsns.
2163 5197 2216 5251 9.
2246 5225 2316 5235 --
2354 5193 2445 5249 Vir
2474 5194 2711 5250 Macedo.
2745 5198 2981 5266 Angelus
3011 5195 3152 5252 illius
3179 5199 3353 5270 gentis
3385 5216 3471 5256 as—

165 5272 328 5330 velle
360 5266 779 5338 intelligantur.

1899 5285 2165 5339 similatus
2215 5285 2332 5338 viro
2385 5283 2689 5350 Macedoni,
2739 5285 3066 5356 proprietate
3113 5266 3340 5356 linguae,
3385 5292 3468 5346 vel

254 5383 459 5440 Vsus:
506 5378 599 5434 24.
624 5409 695 5419 -
715 5377 1012 5433 Evertentes
1053 5378 1275 5432 animas.
1303 5377 1359 5431 ln
1388 5376 1577 5433 Graeco
1601 5396 1615 5432 :
1638 5377 1793 5433 Ever-
1901 5374 2073 5430 forma
2101 5373 2340 5445 speciali,
2369 5373 2452 5428 vel
2473 5371 2675 5442 judicio
2698 5376 2865 5430 verbi.

168 5482 358 5532 te'ntes
413 5471 640 5526 animas
683 5478 902 5531 vestras,
941 5469 1202 5523 dicentes:
1236 5468 1552 5522 Circumcidi
1582 5478 1799 5541 oportet,
1975 5467 2181 5536 Adjuva
2218 5483 2331 5521 nos.
2376 5466 2560 5539 (ΚΑΒ.)
2600 5466 2713 5523 Hoc
2750 5483 2818 5523 ex
2855 5484 3087 5539 persona
3130 5472 3361 5529 hominis
3388 5474 3472 5529 di-

167 5575 223 5620 et
254 5565 574 5621 observare
598 5558 759 5629 legem
783 5559 969 5629 quibus
996 5574 1099 5612 non
1123 5557 1505 5613 mandavimus.
1904 5567 2071 5623 ctum,
2100 5572 2205 5611 non
2235 5557 2378 5611 enim
2404 5556 2578 5628 angeli
2610 5557 2846 5614 humano
2868 5560 3071 5615 auxilio
3094 5562 3349 5633 indigent.
3376 5565 3475 5622 Vel

245 5657 453 5714 Vens.
508 5650 605 5706 28.
628 5675 700 5691 -ι-
728 5645 911 5704 Visum
958 5658 1053 5704 est.
1094 5649 1152 5704 ld
1201 5658 1284 5704 est
1323 5649 1543 5721 placuit.
1586 5649 1805 5722 Spiritui
1907 5652 2013 5707 hoc
2036 5650 2169 5705 dicit
2208 5648 2430 5719 angelus
2467 5658 2689 5721 propter
2727 5650 2849 5707 illos
2878 5652 3075 5723 quibus
3102 5654 3374 5723 praesidet,
3420 5667 3476 5711 ut

165 5746 411 5805 uncto.
444 5742 567 5810 Qui
607 5743 810 5800 arbiter
843 5758 958 5798 suae
991 5741 1294 5812 potestatis,
1321 5741 1415 5798 ubi
1456 5741 1573 5798 vult
1614 5743 1808 5815 spirat,
1909 5743 2250 5813 baptizentur
2274 5749 2329 5798 et
2352 5741 2482 5796 salvi
2506 5740 2653 5797 ﬁant.

163 5853 231 5901 ct
262 5857 412 5915 quae
438 5836 574 5893 vult
600 5836 855 5907 loquitur.
1742 5887 1750 5894 .
1983 5836 2186 5906 Adjuva
2240 5852 2352 5891 nos.
2399 5833 2644 5893 Ostendit
2679 5836 2996 5895 Macedones
3045 5834 3147 5895 vel
3184 5843 3399 5916 angelos
3448 5860 3485 5898 a

554 5887 1100 5994 agilem.
1742 5887 1750 5894 ’
