3958 6314
495 310 601 367 459

996 312 1669 386 WALAFBIDLSTRABI
1706 317 1908 375 FULD.
1953 318 2121 376 MON.
2163 316 2314 376 OPP.
2357 315 2537 371 PARS
2572 316 2612 369 l.
2651 345 2721 355 —
2760 311 3219 371 THEOLOGICA.

3651 314 3753 367 ιθο

493 430 608 488 Deo
639 431 889 502 inspirari
918 472 933 497 ,
968 432 1049 487 vel
1076 433 1284 503 aliquos
1314 435 1564 493 doctores
1604 439 1831 508 coepisse
1858 439 2059 495 doceri.
2090 444 2140 502 Α
2168 436 2305 506 gelio
2336 454 2347 489 :
2384 435 2567 490 Omnis
2605 436 2693 506 qui
2718 452 2771 489 se
2805 452 2970 506 regem
3000 436 3161 504 facit,
3209 434 3525 488 contradicit
3551 433 3755 489 Ctrsari

565 525 730 580 Vens.
760 526 848 580 ll.
870 555 940 565 —
968 514 1408 583 Samothraciam.
1445 528 1698 596 Thracia,
1741 530 1990 603 Neapolis
2017 542 2073 588 et

489 615 741 687 Philippi,
771 616 1017 672 civitates
1046 628 1191 672 sunt.

562 709 727 765 Vens.
774 708 861 763 i2.
889 738 959 749 --
988 708 1223 780 Aliquot,
1266 712 1604 781 conferentes.
1648 712 1706 767 In
1750 714 2070 784 quibusdam

488 800 642 857 libris
664 801 938 856 invenitur
957 801 1341 859 :Conferentes
1364 802 1588 860 verbum
1608 803 1821 861 Domini
1848 805 1935 862 die
1952 808 2071 863 sab-

484 893 617 949 bati.

556 986 720 1040 Vens.
764 984 851 1040 Η.
888 1016 959 1026 -
995 986 1347 1057 Purpuraria.
1406 988 1611 1060 Regina
1656 988 1844 1043 induta
1900 988 2066 1060 regali

485 1091 723 1148 purpura
776 1077 858 1132 vel
904 1093 1159 1148 purpurae
1197 1079 1414 1145 textrix,
1478 1080 1562 1135 vel
1595 1094 1887 1150 purpuram
1934 1094 2065 1134 ven-

482 1166 649 1231 dens,
697 1166 970 1238 signiﬁcat
1013 1167 1312 1224 Ecclesiam
1352 1186 1472 1239 quae
1508 1185 1804 1241 purpuram
1858 1171 2062 1238 vendit,

478 1259 606 1313 dum
633 1259 949 1331 sanguinem
978 1248 1091 1330 'pro
1126 1259 1344 1316 Christo
1379 1262 1576 1330 fundit,
1601 1275 1660 1319 ut
1693 1267 1805 1321 vita
1834 1266 2065 1322 mercari

480 1353 671 1425 possit.
702 1351 952 1423 Purpura
997 1361 1146 1408 recte
1189 1354 1507 1425 sanguinem
1549 1356 1734 1411 colore
1777 1366 1831 1412 et
1868 1366 2065 1413 natura

478 1445 748 1517 designat,
779 1446 905 1516 quia
936 1446 1002 1501 de
1027 1448 1289 1517 sanguine
1329 1449 1739 1519 conchyliorum
1771 1461 1854 1506 est
1885 1451 2065 1508 confe-

477 1546 583 1592 cta.
611 1536 798 1610 Lydda
836 1537 1158 1609 apostolum,
1186 1553 1310 1594 cum
1358 1539 1522 1595 sociis
1569 1541 1682 1596 suis
1730 1542 1949 1601 domum
1978 1543 2063 1598 in-

476 1637 626 1685 trare
670 1630 849 1700 coegit
886 1648 903 1684 :
934 1632 1061 1701 quia
1102 1631 1373 1702 repulsam
1410 1632 1852 1703 praedicationem
1903 1652 1933 1690 a
1971 1635 2065 1692 Ju-

475 1721 607 1778 daeis
634 1721 875 1779 Ecclesia
895 1723 1089 1779 devoto
1116 1725 1278 1780 corde
1316 1728 1572 1798 suscepit.

2174 529 2353 597 (Joan.
2378 529 2556 600 xvui).
2584 529 2826 599 Apostoli
2854 543 2983 583 vero
3004 527 3450 584 contradicebant
3473 528 3756 583 Christum

2174 636 2353 692 regem
2383 637 2502 676 esse
2525 620 2837 676 Iudaeorum
2858 661 2871 685 ,
2902 621 2954 674 id
2980 628 3065 675 est
3085 619 3461 676 conﬁtentium
3482 662 3496 686 ,
3531 620 3681 675 unde
3708 630 3759 676 et

2171 714 2342 771 Judaei
2380 714 2554 785 ipsum
2585 715 2859 770 Christum
2886 712 3233 769 accusabant.

2242 806 2404 861 Vens.
2437 806 2519 860 I5.
2544 836 2611 846 --
2639 804 2681 858 Α
2709 805 2903 860 Paulo.
2930 804 3029 873 Qui
3058 814 3177 860 erat
3201 806 3308 860 dux
3332 806 3481 861 verbi
3513 821 3529 859 :
3552 815 3613 862 et
3644 808 3759 862 ideo

2169 908 2353 969 postea
2378 900 2521 955 solus
2551 899 2810 955 dimissus
2838 907 2950 965 est,
2982 909 3040 953 ut
3079 900 3183 954 iret
3226 899 3292 954 de
3329 896 3653 956 Macedonia
3698 903 3762 957 ad

2171 1008 2339 1048 mare.

2238 1080 2403 1137 Vens.
2450 1080 2905 1153 l5.—Profecti.
2952 1082 3136 1157 (ΗΑΒ.)
3182 1082 3261 1139 Ab
3288 1084 3517 1141 Athenis
3554 1084 3763 1141 fratres

2169 1173 2244 1228 illi
2283 1176 2374 1244 qui
2406 1175 2679 1230 duxerunt
2722 1174 2968 1241 Paulum,
2999 1174 3225 1246 profecti
3255 1184 3399 1231 sunt.
3430 1178 3677 1243 Quidam
3701 1178 3763 1232 de

2169 1266 2279 1321 Sila
2309 1267 2511 1321 dictum
2543 1276 2734 1336 putant
2763 1275 2819 1322 et
2849 1267 3168 1334 Timotheo,
3206 1266 3349 1340 quod
3393 1268 3459 1325 de
3500 1269 3762 1326 Macedo-

2165 1357 2255 1412 nia
2285 1357 2350 1412 ad
2375 1355 2601 1411 Paulum
2630 1357 2859 1427 profecti
2889 1358 3018 1414 sint.

2238 1448 2402 1503 Vens.
2432 1448 2864 1519 i8.—Epicurei.
2894 1449 3016 1521 (ιιι.)
3043 1447 3320 1505 Vocantur
3340 1452 3418 1506 sic
3439 1451 3508 1507 ab
3532 1463 3763 1509 auctore

2166 1554 2297 1603 suo,
2330 1540 2425 1609 qui
2457 1539 2657 1593 dicitur
2695 1538 2988 1610 voluptatis
3036 1551 3292 1596 assertor.
3333 1540 3497 1597 Stoici
3529 1542 3762 1611 (ἔπηξε,

2164 1629 2357 1685 Latine
2377 1630 2663 1696 elementa;
2684 1632 2776 1701 qui
2791 1633 3187 1688 contendebant
3207 1634 3356 1704 paria
3371 1648 3487 1691 esse
3501 1646 3759 1705 peccata,

2169 1722 2219 1777 ld
2244 1731 2325 1777 est
2352 1737 2512 1778 omne
2542 1733 2821 1794 peccatum
2850 1724 3120 1779 uniforme
3144 1740 3282 1782 esse.

545 1814 707 1871 γης,
751 1813 841 1871 15,
870 1814 1144 1887 -σορρίι
1188 1834 1302 1872 nos,
1331 1817 1516 1892 (Rga)
1547 1816 1648 1876 Hic
1683 1821 1843 1875 datur
1880 1835 2057 1876 exem-
2088 1803 2137 1863 B
2237 1811 2377 1878 Quid
2424 1812 2530 1867 vult
2584 1813 2995 1869 seminiverbius.
3055 1813 3475 1872 Seminiverbius
3523 1827 3615 1872 est
3672 1819 3760 1889 qui

469 1905 618 1976 plum
659 1905 745 1962 vel
786 1907 890 1963 duo
920 1908 1166 1979 exempla
1208 1908 1407 1964 dantur
1433 1926 1446 1964 :
1470 1927 1639 1966 unum
1669 1911 1911 1983 hospites
1972 1926 2064 1967 co-

470 2001 650 2071 gendi,
688 1999 1014 2056 alterumad
1039 2017 1214 2072 nuper
1242 2018 1536 2060 conversos
1562 2005 1821 2060 intrandi.

542 2090 709 2146 Vens.
758 2091 845 2145 17.
873 2122 944 2131 -
979 2090 1269 2146 Subsecuta
1318 2091 1570 2146 Paulum.
1631 2093 1757 2166 (Ιυ.)
1804 2090 2061 2162 Quamvis

469 2182 765 2250 obviasset,
793 2198 901 2238 non
941 2183 997 2237 in
1022 2182 1178 2248 facie,
1209 2184 1304 2240 sed
1342 2192 1466 2254 post
1492 2200 1587 2242 eos
1614 2185 1816 2242 clamat
1836 2185 2056 2253 femina,

466 2287 694 2330 servans
720 2273 1060 2344 pudicitiam.

545 2366 700 2423 Vitas.
739 2365 831 2421 25.
857 2396 928 2407 --
952 2365 1215 2421 Miserum
1245 2384 1332 2422 eos
1381 2369 1437 2423 in
1474 2386 1756 2424 carcerem.
1802 2369 1925 2442 (In.)
1954 2369 2058 2425 Per

464 2458 568 2513 hoc
593 2456 767 2527 major
796 2457 971 2513 virtus
1002 2465 1085 2513 est
1118 2457 1422 2515 liberantis.
1469 2460 1551 2516 Ad
1581 2462 1724 2516 idem
1766 2470 1976 2532 spectat
2002 2468 2058 2516 et

461 2553 605 2625 quod
640 2554 925 2624 sequitur:
959 2552 1107 2608 Misit
1137 2555 1189 2607 in
1230 2555 1531 2610 interiorem
1566 2573 1847 2622 carcerem,
1885 2568 1932 2611 et
1961 2574 2053 2627 pe-

460 2645 550 2701 des
586 2663 767 2702 eorum
792 2647 1003 2701 strinxit
1025 2647 1187 2719 ligno.

532 2735 697 2794 Vens.
744 2737 1133 2794 25.—Hedia
1178 2750 1355 2794 autem
1399 2752 1568 2807 nocte,
1619 2752 1724 2798 etc.
1777 2743 2051 2799 Orandum

460 2839 545 2885 est
590 2830 766 2886 media
794 2839 957 2887 nocte
992 2840 1047 2887 et
1087 2832 1143 2891 in
1170 2833 1431 2905 periculis
1468 2838 1736 2892 servanda
1770 2838 2049 2910 diligentia

460 2924 742 2980 orationis.

528 3012 696 3070 Vens.
720 3013 812 3069 26.
841 3044 914 3057 -
940 3014 1117 3070 Terra:
1141 3026 1313 3071 motus
1342 3017 1515 3087 factus
1555 3030 1628 3074 est
1656 3036 1901 3093 magnus,
1941 3030 2046 3077 etc.

459 3104 684 3162 Devotio
727 3106 1003 3162 orantium
1042 3116 1097 3162 et
1158 3109 1333 3164 virtus
1385 3111 1649 3167 orationis
1702 3114 2045 3184 exprimitur,

458 3201 583 3272 quia
625 3200 732 3257 illis
783 3202 838 3255 in
883 3216 1103 3268 caream
1147 3201 1378 3273 hymnos
1414 3206 1758 3271 canentibus,
1808 3206 1924 3261 laus
1961 3222 2049 3261 eo-

455 3308 575 3349 rum
623 3300 824 3348 terram
866 3302 1086 3350 movet:
1114 3297 1355 3351 carceris
1385 3296 1737 3353 fundamenta
1784 3298 2045 3365 concutit,

454 3385 594 3443 ostia
622 3387 822 3458 aperit,
854 3395 1079 3442 catenas
1110 3388 1415 3442 vinctorum
1449 3389 1628 3443 solvit.

523 3475 688 3534 Vens.
734 3477 823 3533 29.
851 3509 923 3519 —
945 3476 1204 3542 Providit,
1236 3487 1344 3534 etc.
1376 3478 1559 3549 (ΡιΑΒ.)
1599 3478 1825 3549 Propter
1856 3489 2047 3549 poten-

456 3573 590 3627 tiam
620 3580 677 3626 et
728 3573 1015 3628 scientiam
1042 3591 1055 3625 :
1083 3573 1354 3643 potentia,
1386 3575 1512 3643 quia
1564 3583 1875 3630 terraemotu
1905 3576 2045 3631 ostia

454 3678 580 3735 sunt
617 3676 843 3738 aperta:
876 3669 1128 3734 scientia,
1156 3670 1285 3739 quia
1325 3670 1574 3740 cognovit
1613 3667 1811 3739 Paulus
1839 3686 1937 3724 cur
1986 3686 2045 3726 se

452 3757 615 3815 vellet
642 3757 949 3815 interficere
975 3778 987 3813 :
1016 3758 1140 3816 ideo
1182 3775 1293 3829 pra:
1319 3761 1570 3815 omnibus
1612 3758 1779 3814 Paulo
1814 3768 1869 3814 et
1918 3759 2043 3815 Silre

450 3852 683 3924 procidit
713 3851 781 3907 ad
806 3853 989 3922 pedes.

522 3944 685 4000 Vsus.
720 3942 810 4000 33.
847 3976 917 3985 —
948 3943 1098 3999 Lavit
1139 3945 1321 4014 plagas
1351 3961 1552 3998 eorum.
1596 3942 1776 4015 (ΒΕυ.)
1805 3946 2039 4002 Pulchra

451 4050 633 4089 rerum
680 4035 938 4090 varietas.
996 4034 1205 4102 Quibus
1246 4034 1433 4105 plagas
1474 4034 1711 4090 vulneris
1754 4034 1903 4100 lavit,
1944 4051 2040 4105 per

446 4140 540 4181 eos
560 4125 748 4196 plagas
782 4123 1029 4181 criminis
1055 4124 1258 4179 amisit.
1290 4123 1573 4181 Continuo.
1607 4125 1791 4197 (ΚΑΒ.)
1832 4123 2038 4179 Veloci-

447 4229 533 4272 tas
556 4213 876 4272 obedientiam
902 4216 1170 4287 signatur.
1210 4215 1390 4273 Nescit
1426 4219 1578 4271 tarda
1602 4214 1879 4270 molimina
1913 4214 2036 4285 Spi-

447 4311 584 4364 ritus
614 4309 789 4364 sancti
812 4309 1011 4382 gratia.

521 4400 679 4456 Vens.
737 4400 824 4457 54.
870 4432 939 4441 —
982 4398 1215 4472 Curaque
1260 4401 1620 4472 perduxisset,
1667 4399 1906 4469 apposuit
1958 4398 2031 4451 eis

444 4511 699 4561 mensam,
730 4504 836 4551 etc.
870 4494 996 4567 (Io.)
1028 4494 1305 4564 Optimum
1352 4492 1633 4560 utriusque
1674 4491 1977 4561 exemplum
2012 4509 2023 4544 :

444 4587 719 4658 ingressus
750 4585 961 4651 domus,
998 4594 1053 4640 et
1076 4600 1277 4640 mensa:
1300 4582 1584 4653 appositio.

1027 4719 1259 4776 CAPUT
1299 4718 1458 4773 XVII.

514 4854 675 4910 Vens.
704 4854 759 4908 ι.
786 4884 860 4895 -—
886 4853 956 4907 Et
990 4852 1056 4908 de
1087 4852 1372 4907 colentibus
1395 4851 1797 4924 gemitibusque.
1824 4853 2022 4920 Id’est,

439 4956 495 5002 et
522 4945 590 5003 de
616 4948 701 5002 his
726 4947 819 5018 qui
845 4944 1103 5015 gentilem
1134 4948 1293 5002 ritum
1338 4945 1617 5001 Judaismo
1649 4955 2024 5013 mutaverunt,

438 5046 493 5094 et
520 5039 585 5093 de
613 5038 695 5093 his
730 5053 821 5107 qui
847 5038 1076 5109 gentiles
1120 5048 1535 5108 permanserant
1573 5038 1725 5092 multi
1764 5039 1829 5093 ad
1860 5038 2020 5095 Chri-

439 5137 583 5183 stum
617 5126 985 5184 confluebant.

511 5219 692 5293 (ΗΑΒ.)
725 5218 907 5275 Prima
956 5238 1118 5278 causa
1169 5223 1389 5278 malitia:
1444 5232 1526 5278 est
1564 5224 1706 5293 quod
1752 5223 1784 5277 ii
1815 5222 1925 5277 sint
1956 5224 2023 5278 de

438 5309 624 5381 vulgo;
651 5312 887 5367 secunda
915 5314 1060 5384 quod
1084 5324 1138 5371 et
1164 5314 1292 5368 mali
1314 5322 1475 5369 erant
1504 5330 1612 5384 prae
1654 5315 1832 5386 vulgo.

509 5398 672 5456 Vens.
705 5402 1153 5461 6.—Traltebant
1177 5404 1448 5461 Iasonem.
1492 5407 1669 5478 (Βευ.)
1701 5407 1757 5461 In
1786 5407 1975 5463 Graeco
2004 5424 2016 5460 :

435 5487 686 5549 Iasonem
711 5506 759 5551 et
788 5497 1044 5567 quosdam
1089 5498 1220 5553 alios
1265 5498 1474 5569 fratres.
1519 5499 1670 5555 Unde
1712 5498 2015 5570 intelligen-

434 5578 562 5638 dum
587 5596 670 5641 est
690 5585 949 5644 Jasonem
990 5588 1211 5645 fratrem
1240 5598 1295 5645 et
1325 5590 1537 5646 ﬁdelem
1561 5589 1751 5645 fuisse.

508 5678 669 5735 Vsus.
694 5682 748 5735 7.
773 5680 1039 5753 —Regem
1068 5681 1253 5736 alium.
1280 5681 1463 5755 (ΗΑΒ.)
1491 5682 1697 5737 Praeter
1722 5682 2013 5738 Caesarem.

441 5771 551 5828 Hoc
580 5783 766 5830 contra
798 5776 1077 5832 decretum
1119 5773 1350 5833 Caesaris
1395 5785 1544 5840 erat,
1590 5776 1731 5831 unde
1761 5776 1813 5832 in
1840 5775 2018 5843 Evan-

2160 1905 2384 1960 verbum
2417 1907 2680 1974 seminat;
2712 1907 2797 1963 vel
2842 1906 3292 1976 seminiverbius,
3337 1908 3389 1965 id
3422 1920 3506 1966 est
3539 1927 3761 1967 sermo-

2162 1998 2313 2070 logus
2342 2015 2356 2063 ;
2392 2000 2515 2068 quia
2546 2014 2731 2055 semen
2757 2007 2840 2055 est
2875 2000 3101 2056 verbum
3140 1999 3266 2067 Dei;
3297 2000 3470 2057 unde:
3505 2001 3564 2058 Si
3596 2006 3760 2060 vobis

2159 2088 2546 2144 seminavimus
2564 2130 2578 2155 ,
2610 2096 2717 2144 etc.

2231 2178 2412 2251 (Auc.)
2438 2180 2692 2252 Legimus
2720 2178 2944 2235 Paulum
2990 2182 3294 2252 apostolum
3335 2183 3536 2240 dictum
3578 2184 3757 2244 fuisse

2173 2270 2543 2326 icminatorem
2566 2269 2859 2325 verborum
2878 2312 2893 2338 ,
2918 2272 3063 2343 quod
3087 2270 3290 2328 dictum
3317 2284 3401 2330 est
3426 2276 3492 2331 ab
3517 2276 3756 2333 irriden—

2158 2361 2327 2427 tibus,
2381 2364 2473 2417 sed
2532 2378 2639 2416 non
2687 2364 3046 2433 respuendum
3111 2380 3140 2418 a
3196 2366 3576 2433 credentibus;
3635 2378 3755 2425 erat

2157 2453 2354 2524 quippe
2383 2452 2684 2509 seminator
2734 2454 3061 2520 verborum,
3113 2456 3207 2511 sed
3255 2472 3458 2512 messor
3506 2474 3747 2516 morum.

2155 2542 2223 2597 Et
2252 2559 2369 2610 nos,
2403 2543 2529 2599 licet
2556 2542 2907 2614 parvuli,nec
2934 2543 3009 2598 illi
3039 2547 3388 2616 comparandi
3409 2548 3461 2602 in
3492 2564 3629 2620 agro
3655 2550 3751 2608 Dei

2156 2637 2321 2709 (quod
2350 2647 2435 2693 est
2474 2653 2567 2692 cor
2601 2638 2865 2711 vestrum)
2895 2638 3227 2695 seminamus
3256 2641 3472 2696 verbum
3499 2641 3621 2710 Dei,
3654 2661 3747 2700 ex-

2155 2739 2462 2800 spectantes
2499 2731 2721 2785 uberem
2747 2728 2978 2800 frugem,
3011 2728 3094 2785 vel
3125 2730 3359 2787 fructum
3397 2732 3463 2787 de
3498 2735 3747 2793 moribus

2153 2823 2370 2878 vestris.
3574 2830 3579 2833 ‘

2224 2915 2331 2971 Alii
2371 2931 2511 2970 vero.
2553 2913 2740 2987 (ΗΑΒ.)
2772 2916 2818 2969 Α
2847 2913 3047 2970 Judaeis
3095 2916 3383 2971 audierunt
3419 2918 3740 2975 vocabulum

2153 3008 2538 3064 daemoniorum
2568 3022 2690 3063 esse
2714 3007 3076 3062 abominabile
3098 3047 3112 3073 ,
3143 3016 3198 3062 et
3223 3008 3345 3063 ideo
3377 3010 3505 3064 huic
3534 3011 3738 3066 abomi-

2153 3102 2357 3156 nationi
2384 3110 2700 3171 comparant
2724 3101 3024 3156 doctrinam
3056 3096 3239 3167 Pauli;
3284 3101 3367 3157 vel
3412 3100 3584 3179 Judei
3615 3113 3736 3159 sunt

2076 3168 2120 3231 (ἶ
2151 3194 2243 3262 qui
2283 3194 2385 3248 hoc
2410 3168 2598 3249 dicunt
2617 3232 2631 3257 ,
2656 3192 2709 3247 id
2738 3201 2822 3249 est
2849 3193 3141 3250 sadducaei.

2226 3282 2386 3340 Vens.
2436 3284 2714 3339 i9.—-Ad
2764 3282 3115 3355 Areopagum.
3168 3284 3355 3357 (Βη.)
3400 3284 3608 3342 Nomen
3655 3296 3733 3343 est

2048 3429 2053 3433 .
2148 3376 2313 3431 curia
2346 3375 2486 3446 apud
2513 3374 2754 3431 Athenas
2780 3416 2793 3441 ,
2833 3375 3039 3432 dictum
3070 3377 3137 3431 ab
3166 3375 3313 3433 idolo
3340 3376 3563 3442 Martis,
3591 3379 3729 3448 quod

2147 3466 2288 3536 apud
2316 3482 2410 3522 eos
2435 3466 2595 3523 Arios
2624 3475 2869 3522 vocatur.

2219 3560 2381 3617 Vns.
2428 3560 2532 3628 22,
2578 3562 2762 3616 23.—
2794 3559 2904 3615 Viri
2957 3561 3329 3629 Athenienses,
3401 3573 3508 3620 etc.
3579 3565 3727 3632 Quod

2144 3653 2443 3724 ignorantes
2470 3655 2670 3723 colitis,
2702 3659 2799 3711 hoc
2826 3659 3105 3712 annuntio.
3153 3657 3466 3730 Respondet
3514 3663 3581 3717 ad
3628 3663 3724 3719 hoc

2145 3747 2286 3815 quod
2328 3748 2577 3802 dixerant
2604 3748 2689 3803 vel
2718 3748 3096 3819 praemiserant
3125 3767 3138 3803 :
3177 3749 3330 3805 Nova
3370 3754 3613 3822 quantum
3648 3757 3723 3809 in-

2144 3840 2270 3906 fers,
2294 3842 2448 3909 quasi
2469 3839 2647 3896 dicat:
2668 3839 2819 3896 Nova
2839 3856 2960 3911 quae
2980 3841 3155 3898 infero
3178 3843 3323 3900 inter
3341 3855 3528 3902 vetera
3549 3860 3720 3904 vestra

2142 3929 2369 3985 habetis.
2420 3930 2532 3984 Hoc
2578 3939 2756 3986 autem
2811 3932 2945 3987 dicit
3002 3935 3067 3988 ad
3137 3939 3604 4005 persuadendum,
3659 3954 3719 3997 ne

2140 4023 2294 4091 quasi
2337 4038 2472 4078 nova
2505 4022 2743 4079 refutent
2764 4042 2861 4082 sua
2885 4027 3072 4083 verba.

2209 4115 2395 4185 Ignoto
2432 4116 2562 4171 Deo.
2596 4116 2779 4188 (ΗΑΒ.)
2804 4119 2856 4175 Id
2885 4130 2966 4175 est
2988 4160 3003 4184 ,
3036 4135 3165 4176 vero
3193 4122 3332 4187 Deo,
3362 4136 3526 4192 quem
3569 4139 3716 4181 nemo

2138 4207 2291 4261 novit
2327 4216 2383 4261 ut
2411 4217 2516 4273 est,
2543 4218 2673 4275 ctc.,
2699 4225 2858 4280 usque
2880 4212 2949 4265 ad
2971 4213 3115 4281 quod
3152 4220 3387 4279 tacetur,
3409 4215 3494 4270 vel
3516 4216 3714 4287 simpli-

2137 4298 2272 4352 citer
2292 4300 2553 4370 scriptum
2581 4310 2702 4356 erat
2734 4321 2746 4357 ;
2777 4302 2966 4372 Ignoto
3006 4303 3137 4358 Deo.

2206 4390 2368 4444 Vens.
2394 4390 2481 4443 24.
2499 4422 2569 4431 —
2586 4392 2745 4460 Deus,
2768 4395 2858 4464 qui
2880 4394 2999 4462 fecit
3020 4395 3294 4450 mundum.
3313 4394 3450 4452 Nota
3475 4398 3709 4454 ordinet:

2134 4478 2295 4548 hujus
2325 4480 2740 4551 disputationis,
2777 4485 2904 4553 quia
2932 4485 3109 4554 primo
3137 4502 3301 4541 unum
3334 4488 3509 4546 Deum
3534 4500 3707 4546 aucto-

2134 4585 2249 4625 rem
2280 4573 2460 4627 mundi
2483 4574 2724 4628 omnium
2745 4574 2902 4629 docet
2928 4589 3047 4632 esse
3064 4616 3081 4641 ,
3107 4577 3161 4631 in
3182 4592 3291 4647 quo
3315 4580 3552 4637 vivimus
3567 4622 3582 4646 ,
3606 4597 3710 4637 mo—

2135 4681 2343 4732 vemur,
2382 4675 2436 4721 et
2465 4683 2682 4732 sumus,
2729 4668 2883 4739 cujus
2929 4676 2984 4724 et
3032 4684 3203 4741 genus
3246 4686 3438 4728 sumus
3470 4694 3485 4728 ;
3517 4685 3575 4729 ut
3610 4690 3708 4730 non

2133 4760 2304 4815 solum
2350 4776 2447 4830 pro
2496 4761 2614 4816 luce
2642 4771 2695 4816 et
2724 4762 2868 4827 vita,
2913 4763 3009 4816 sed
3047 4764 3213 4819 etiam
3258 4780 3361 4835 pro
3394 4768 3709 4839 cognatione

2130 4853 2363 4923 generis,
2393 4853 2696 4923 diligendus
2729 4856 3067 4909 ostendatur.

2200 4942 2364 4998 Vens.
2390 4943 2478 4997 26.
2504 4975 2575 4984 --
2601 4944 2682 4999 Ea:
2738 4962 2842 4999 uno
2901 4962 3051 5000 omne
3101 4962 3263 5017 genus
3311 4949 3605 5004 hominum.
3653 4950 3708 5006 ιι

2130 5036 2318 5092 Graeco
2348 5056 2360 5091 :
2387 5054 2453 5092 ea;
2488 5054 2590 5092 uno
2636 5041 2911 5109 sanguine,
2951 5040 3076 5110 quia
3118 5042 3338 5112 sanguis
3362 5044 3708 5115 propagine.

2130 5129 2309 5183 carnis
2331 5129 2593 5200 designat.
2627 5138 2682 5185 et
2709 5145 2806 5199 per
2832 5146 3049 5185 carnem
3079 5131 3240 5186 homo
3267 5132 3604 5204 intelligitur.

2204 5222 2357 5275 Vsus.
2390 5221 2478 5277 28.
2504 5253 2573 5261 —
2596 5220 2663 5275 In
2688 5224 2798 5292 ipso
2826 5224 2961 5277 enim
2988 5224 3223 5279 vivimus.
3256 5224 3444 5297 (Δυο.)
3480 5226 3620 5294 Quia
3658 5227 3709 5282 id

2126 5321 2381 5381 operatur
2408 5312 2459 5366 in
2487 5313 2660 5373 nobis,
2687 5314 2827 5382 quod
2881 5315 3121 5380 vivimus,
3144 5332 3415 5371 movemur
3433 5328 3481 5372 et
3504 5336 3707 5385 8W8,

2124 5410 2251 5465 etc.,
2281 5417 2441 5472 usque
2469 5401 2537 5454 ad
2563 5401 2688 5470 quia
2717 5403 2844 5472 quid
2878 5418 2983 5460 non
3005 5419 3071 5458 ex
3095 5404 3212 5475 ipso
3240 5405 3306 5461 de
3332 5422 3442 5477 quo
3471 5408 3708 5463 dicitur:

2122 5492 2207 5546 Ea:
2235 5494 2369 5562 ipso,
2394 5504 2441 5548 et
2462 5512 2551 5563 per
2570 5494 2762 5564 ipsum,
2785 5505 2832 5549 et
2856 5497 2909 5549 in
2931 5498 3042 5566 ipso
3065 5507 3185 5551 sunt
3203 5499 3380 5554 omnia
3401 5497 3584 5569 (Rom.
3611 5500 3712 5571 it)?

2194 5585 2337 5641 Sicut
2371 5600 2418 5641 et
2448 5587 2660 5659 quidam
2695 5597 2987 5643 vestrorum
3014 5599 3307 5661 poetarum.
3342 5591 3437 5646 His
3466 5594 3561 5662 qui
3587 5608 3714 5663 pro-

2120 5679 2309 5751 phetas
2345 5694 2449 5735 non
2491 5674 2853 5749 recipiebant,
2884 5696 2990 5735 non
3034 5680 3239 5754 Moysi,
3267 5698 3374 5738 non
3401 5682 3589 5749 Isaia),
3628 5681 3715 5739 vel

2120 5770 2342 5841 alicujus
2366 5773 2771 5843 prophetarum,
2795 5776 2890 5831 sed
2912 5784 3193 5832 auctorum
3216 5792 3439 5835 suorum
3462 5779 3710 5851 inlinitur
