3958 6314
228 408 314 465 461

1021 402 1290 463 GLOSSA
1326 395 1722 458 OBDINARIA.
1762 420 1832 436 --
1867 388 1996 447 LIB.
2037 390 2325 449 ACTUUM
2361 384 2606 449 AROST.

3347 389 3452 446 462

228 521 606 587 testimonium,
654 534 868 576 versum
925 521 1076 576 Arati
1136 534 1372 591 ponens,
1417 526 1472 572 et
1517 516 1584 570 de
1628 511 1817 574 falsis,

1912 506 2092 576 ’rofuit
2140 504 2359 561 multum
2399 505 2750 569 credentibus,
2795 519 2894 575 per
2936 503 3195 575 gratiam,
3243 504 3346 561 hoc
3370 515 3457 560 est

224 631 397 673 eorum
425 614 618 683 quibus
645 613 1017 669 contradicere
1056 628 1163 668 non
1198 618 1472 682 poterant.
1506 623 1658 664 suam
1680 620 1776 660 ve-

1912 596 2020 666 ;uod
2063 595 2352 667 Apostolus
2378 596 2566 651 scribit
2593 615 2605 649 :
2638 596 2754 667 Ego
2789 594 3059 668 plantavi,
3089 594 3279 665 Apollo
3315 596 3456 669 riga-

225 708 424 764 ritatem
449 712 735 761 conservat
761 713 815 760 ot
845 706 1148 760 conﬁrmat.
1173 704 1349 775 Ipsius
1377 704 1535 766 enim,
1563 708 1669 756 etc.
1700 698 1779 753 De

223 802 376 854 Arato
402 806 557 868 poeta
600 797 705 853 hoc
731 806 1121 882 sumptum.est
1146 794 1551 859 testimonium,
1578 806 1687 848 non
1717 789 1785 846 de

223 888 391 944 divina
413 887 608 957 pagina
629 927 645 953 ,
667 902 737 942 ne
761 903 898 943 nova
932 888 1179 943 videatur
1208 886 1426 941 inferre.

290 977 438 1033 Vsus.
466 973 806 1035 29.-—Génus
838 996 980 1053 ergo,
1010 987 1141 1045 etc.,
1173 996 1277 1035 non
1306 978 1570 1034 debemus:
1597 973 1785 1047 (ΗΑΒ.)

222 1069 380 1125 Homo
409 1070 463 1123 in
495 1070 673 1125 medio
694 1080 782 1126 est
802 1112 817 1138 ,
848 1060 1055 1127 habens
1094 1071 1265 1126 Deum
1292 1072 1625 1141 superiorem
1646 1107 1662 1134 ,
1691 1082 1787 1121 au-

118 1168 119 1171 ‘
222 1177 330 1217 rum
353 1176 406 1216 et
425 1170 733 1231 argentum,
758 1180 881 1219 cum
923 1165 1138 1220 caeteris
1168 1162 1480 1232 huiusmodi
1506 1162 1783 1227 inferiora,

220 1268 328 1323 quae
352 1268 457 1307 non
484 1255 681 1309 debent
712 1256 763 1310 ei
792 1256 1115 1325 comparari.

283 1342 445 1398 Vsus.
475 1343 981 1414 50.,—-Despiciens
1025 1345 1189 1401 Deus.
1219 1344 1341 1417 (ιιι.)
1370 1346 1429 1401 1d
1457 1354 1575 1410 est,
1608 1345 1787 1413 ignos-

216 1446 334 1489 cens
358 1440 415 1487 ut
440 1434 705 1501 veniatis,
732 1443 789 1491 et
814 1446 944 1492 tunc
970 1436 1275 1506 despieiens
1291 1475 1331 1497 ..
1345 1435 1399 1492 id
1429 1445 1541 1502 est,
1569 1434 1786 1507 indigna

211 1527 453 1597 judicans
474 1543 572 1584 sua
606 1528 817 1583 notitia.

279 1618 441 1671 Vsus.
480 1617 569 1671 51.
595 1615 859 1672 -—Fidcnt
881 1618 1116 1688 praebens
1143 1618 1403 1674 omnibus.
1434 1616 1554 1689 (ιιι.)
1581 1617 1782 1673 Resur-

214 1713 471 1771 rectionis
498 1728 610 1769 suae
634 1713 882 1785 exemplo
916 1733 929 1769 :
961 1713 1043 1770 vel
1067 1714 1256 1769 statuit
1274 1713 1519 1784 judicare
1544 1754 1557 1779 ,
1589 1721 1645 1767 et
1666 1720 1790 1782 post

212 1807 285 1862 sic
324 1806 667 1877 jungendum
712 1813 829 1873 est,
860 1805 1018 1862 ﬁdem
1060 1805 1306 1877 praebens
1350 1806 1605 1862 omnibus
1645 1805 1788 1876 quod

211 1903 513 1969 resurgent.

275 1986 439 2043 Vens.
479 1987 571 2044 3b.
591 2017 663 2028 —
684 1987 991 2059 Dionysius.
1037 1989 1219 2059 (Βευ.)
1252 1990 1352 2047 Hie
1382 1998 1465 2047 est
1502 1990 1792 2063 Dionysius

211 2080 316 2150 qui,
340 2087 539 2149 postea
564 2080 848 2151 episcopus
873 2081 1276 2137 Corinthiorum
1305 2084 1608 2149 ordinatus,
1653 2083 1793 2141 bene

212 2170 345 2225 rexit
387 2171 734 2239 Ecclesiam,
779 2172 846 2227 ad
891 2174 1046 2244 cujus
1097 2174 1387 2231 utilitatem
1432 2175 1599 2231 etiam
1627 2176 1793 2231 multa

210 2262 422 2334 reliquit
460 2263 753 2331 volumina,
782 2278 1081 2336 cognomen
1106 2283 1134 2320 a
1154 2266 1275 2321 loco
1294 2268 1379 2321 cui
1403 2276 1632 2336 praeerat
1651 2267 1795 2321 aeei¢

209 2355 379 2426 piens.
408 2352 841 2427 Areopagus'est
868 2357 1204 2412 Athenarum
1231 2360 1382 2414 curia
1399 2397 1414 2424 ,
1456 2373 1653 2414 nomen
1680 2368 1791 2413 tra-

210 2448 340 2506 hens
374 2464 406 2506 a
430 2449 630 2516 Marte,
661 2450 752 2522 qui
775 2450 961 2506 Graece
990 2451 1148 2506 Arios
1177 2452 1393 2519 dicitur,
1421 2460 1612 2523 pagus,
1643 2451 1790 2506 villa.

782 2570 1010 2640 CAPUT
1042 2570 1223 2639 XVI".

279 2714 444 2774 ths.
469 2716 525 2771 2.
553 2747 624 2758 --
644 2717 725 2772 Εο
741 2718 881 2790 quod
902 2718 1227 2790 praecepisset
1254 2717 1508 2775 Claudius
1529 2721 1796 2777 discedere

210 2824 405 2863 omnes.
434 2810 614 2882 (Βευ.)
640 2810 754 2867 Hoc
774 2810 1041 2881 Iosephus
1068 2826 1212 2867 nono
1260 2827 1406 2869 anno
1449 2812 1655 2870 Claudii
1684 2814 1795 2871 fae-

209 2908 318 2956 tum
346 2912 560 2958 narrat.
587 2904 884 2960 Suetonius
928 2904 1061 2960 dicit
1114 2905 1259 2975 quod
1303 2904 1561 2961 Claudius
1582 2904 1794 2962 Judazos

203 2992 377 3049 Roma
412 2995 647 3065 expulit.

274 3083 441 3141 Vens.
468 3083 1002 3155 5.-—Scenofactoriw
1015 3087 1164 3140 artis.
1182 3087 1259 3158 (lo
1271 3086 1311 3159 .)
1331 3087 1492 3154 Quasi
1516 3088 1729 3143 exsules
1742 3096 1796 3143 et

199 3178 487 3248 peregrini
542 3178 773 3233 tentoria
820 3179 925 3232 sibi
958 3179 1154 3248 quibus
1177 3179 1233 3233 in
1262 3179 1349 3233 via
1376 3188 1601 3234 utantur
1627 3179 1795 3235 adiﬁ-

200 3227 369 3331 bantj
398 3276 532 3333 etc.,
562 3284 723 3337 usque
765 3267 834 3321 ad
862 3275 918 3323 et
944 3227 993 3321 θ’
1010 3268 1183 3323 ventis
1211 3267 1532 3323 insidiarum
1556 3268 1722 3323 verbo
1740 3276 1795 3324 et
1819 3227 1867 3290 Β

203 3373 376 3428 opere
406 3358 673 3413 defendit.

279 3448 453 3503 Vnns.
485 3448 538 3503 6.
566 3479 637 3489 —-
656 3447 888 3519 Sanguis
913 3461 1098 3504 vester.
1142 3450 1384 3523 (Csars)
1411 3450 1527 3507 Hoc
1551 3450 1715 3518 facit,
1741 3463 1801 3508 ut

209 3556 317 3596 non
345 3540 654 3596 solo'verbo
682 3548 916 3609 terreat,
941 3548 998 3597 et
1046 3542 1418 3599 vehementius
1442 3544 1687 3609 disserit,
1722 3551 1801 3598 ut-

208 3640 338 3702 pote
361 3631 554 3688 multis
574 3631 869 3702 persuasis.
1038 3708 1041 3713 Ι

284 3723 452 3778 Vens.
480 3723 530 3777 7.
557 3753 628 3764 —
648 3722 751 3778 Titi
770 3723 936 3791 Iusti,
960 3708 1179 3781 colentis
1215 3726 1405 3781 Deum.
1430 3708 1583 3782 Titus
1617 3725 1802 3784 Justus

213 3826 306 3870 aut
329 3816 618 3887 proprium
646 3830 844 3871 nomen
872 3816 994 3872 viro
1037 3817 1170 3883 fuit,
1215 3826 1308 3872 aut
1353 3818 1550 3874 merito
1576 3817 1802 3888 justitia:

211 3908 290 3963 sic
307 3907 733 3979 cognominatus
754 3915 860 3962 est.
889 3906 1003 3962 Non
1039 3908 1141 3962 fuit
1190 3908 1278 3963 hic
1328 3906 1481 3963 Titus
1509 3908 1804 3978 discipulus

212 3998 362 4055 Pauli
407 4000 500 4055 cui
531 3996 645 4069 ipse
668 3999 959 4069 Epistolam
1002 4000 1249 4068 scripsit,
1286 4008 1343 4053 et
1383 3998 1556 4054 Creta:
1586 4000 1803 4070 episco-

211 4106 338 4160 pum
367 4090 680 4156 ordinavit;
714 4105 840 4146 cum
859 4105 967 4160 quo
991 4098 1045 4145 et
1070 4091 1344 4146 Barnabas
1372 4092 1673 4146 ascendens
1717 4090 1805 4147 Je-

212 4185 552 4255 rosolymam
570 4223 584 4251 ,
608 4183 837 4239 contulit
864 4183 1214 4255 Evangelium
1244 4200 1368 4239 cum
1399 4185 1658 4254 apostolis
1676 4225 1691 4251 ,
1718 4185 1804 4239 in-

213 4279 436 4350 quirens
491 4278 544 4332 in
590 4278 818 4334 concilio
847 4292 1037 4334 eorum
1066 4294 1135 4333 an
1181 4287 1328 4334 recte
1354 4279 1672 4348 praedicaret
1711 4293 1809 4348 per

214 4371 491 4443 baptisma
538 4371 659 4426 tidei
704 4382 891 4442 gentes
939 4374 1055 4427 sine
1110 4371 1525 4426 circumcisione
1577 4369 1806 4437 salvari,

215 4481 320 4521 non
348 4465 487 4535 quia
520 4464 633 4534 ipse
657 4464 723 4519 de
768 4464 873 4519 hoc
919 4463 1221 4526 dubitaret,
1251 4464 1346 4517 sed
1375 4470 1432 4516 ut
1476 4470 1686 4517 mentes
1714 4461 1810 4543 du-

216 4555 519 4609 bitantium
543 4560 912 4623 apostatarum
944 4553 1273 4608 auctoritate
1296 4552 1663 4608 conﬁrmaret.

290 4646 458 4702 Vens.
516 4645 604 4701 15.
632 4643 788 4702 -—Si
829 4661 946 4699 vero
994 4644 1306 4715 qumstiones
1357 4654 1475 4698 sunt
1523 4645 1586 4698 de
1634 4643 1802 4698 verbo.

219 4740 375 4797 Nunc
404 4743 671 4798 nimirum
698 4742 976 4798 declarato
1001 4750 1057 4799 et
1090 4751 1346 4808 narrato,
1375 4742 1431 4797 id
1459 4752 1543 4797 est
1564 4742 1806 4812 Evange-

221 4830 290 4885 lio
341 4850 355 4885 :
399 4842 453 4887 et
501 4831 796 4886 nominibus
864 4830 1061 4903 (Jesus)
1108 4841 1162 4887 et
1203 4830 1342 4903 (Dei)
1400 4831 1483 4886 vel
1537 4831 1657 4901 (Dei
1709 4830 1810 4885 Pa-

220 4924 364 4994 tris).
426 4923 491 4978 ln
520 4922 708 4978 Gmoo
747 4942 757 4977 :
794 4924 1243 4993 Apprelwndentes
1283 4937 1461 4976 omnes
1504 4918 1675 4975 Graeci
1704 4919 1807 4976 So-

220 5016 459 5070 sthenens
484 5055 501 5080 ,
531 5023 638 5071 etc.

296 5107 469 5162 Vens.
527 5109 612 5164 i8.
638 5107 826 5174 -Qui
856 5107 958 5162 sibi
998 5107 1313 5162 totonderat.
1344 5104 1526 5179 (ΗΑΒ.)
1577 5104 1678 5173 Qui
1708 5103 1807 5162 sibi

227 5200 567 5257 totonderint
590 5208 751 5271 caput
770 5210 856 5257 est
885 5202 1150 5257 incertum
1171 5240 1185 5268 ,
1221 5200 1371 5257 fuere
1403 5207 1582 5254 tamen
1614 5199 1811 5255 Paulus

224 5295 309 5349 vel
340 5292 571 5365 Aquila;
598 5295 682 5352 vel
707 5296 901 5351 timore
925 5294 1229 5351 Jedaaorum
1246 5335 1263 5361 ,
1287 5293 1371 5349 vel
1402 5293 1657 5349 aviditate
1685 5307 1811 5348 con-

225 5387 482 5441 vertendi
511 5386 934 5458 eosiAmbigue
962 5396 1140 5442 tamen
1183 5388 1286 5441 hoc
1327 5385 1529 5440 dictum
1566 5392 1679 5449 est,
1718 5378 1813 5439 sed

228 5476 535 5533 secundum
561 5476 965 5549 Hieronymum,
993 5477 1059 5532 de
1087 5477 1253 5532 Paulo
1279 5484 1364 5532 est
1384 5475 1810 5547 intelligendum.

299 5565 475 5623 Vens.
503 5567 592 5622 22.
615 5598 684 5608 —
711 5565 1025 5622 Cwsaream.
1056 5566 1178 5639 (Ιυ.)
1214 5565 1460 5621 Casarea
1504 5563 1815 5634 metropolis

228 5666 314 5712 est
338 5658 717 5729 Cappadociae.
763 5658 1008 5715 Nondum
1045 5659 1189 5713 enim
1218 5658 1273 5713 in
1302 5656 1513 5729 Syriam
1542 5654 1815 5711 Phoenicis

229 5756 488 5803 venerat.

310 5842 480 5897 Vnus.
523 5840 958 5898 27.-Gontnlit
1013 5838 1257 5895 multum.
1307 5838 1424 5893 Alia
1477 5838 1810 5893 translatio:

1881 687 1950 741 vis
1978 684 2029 755 (ι
2057 683 2181 741 Cor.
2206 686 2292 757 ut)
2310 724 2325 752 ,
2353 694 2460 742 etc.

2452 819 2682 877 CAPUT
2716 819 2859 877 XIX.

1959 975 2113 1031 Vens.
2141 975 2521 1033 b.—Joannes
2550 976 2851 1047 baptizavit.
2879 976 3061 1049 (Βκυι)
3091 976 3207 1034 Non
3235 986 3456 1050 peccata

1884 1062 2117 1120 Joannes
2147 1081 2244 1122 suo
2271 1066 2597 1137 baptismate
2646 1067 2891 1131 remisit,
2940 1067 3033 1122 sed
3081 1070 3456 1139 pteuitentiam

1886 1156 2083 1211 docuit.
2102 1157 2236 1212 Nam
2253 1159 2750 1215 sicutcircumcisio
2777 1163 2831 1214 in
2860 1160 3186 1229 patriarchis
3211 1163 3460 1234 signacu—

1886 1243 1994 1299 lum
2023 1246 2146 1301 ﬁdei
2174 1262 2337 1317 quam
2382 1247 2657 1303 habebant
2698 1246 2834 1302 fuit.
2876 1248 2949 1302 ita
2973 1256 3030 1302 et
3060 1249 3161 1305 hoc
3188 1250 3460 1306 lavacrum

1888 1335 2115 1404 populus
2159 1337 2431 1405 paenitens
2463 1337 2620 1407 quasi
2663 1337 3001 1407 signaculum
3027 1352 3139 1394 suae
3164 1338 3467 1395 (levationis

1887 1427 2091 1496 accepit
2124 1445 2137 1482 :
2166 1428 2307 1498 quod
2332 1427 2534 1485 Christi
2566 1430 2853 1498 baptisma,
2893 1428 2948 1484 in
2977 1443 3085 1498 quo
3112 1428 3171 1483 ﬁt
3194 1430 3461 1496 remissio,

1890 1516 2175 1588 ﬁgurabat.

1920 1652 1929 1660 .
1960 1608 2143 1681 (ΗΑΒ.)
2169 1610 2284 1667 Non
2310 1619 2396 1666 est
2424 1612 2719 1681 baptisma.
2741 1613 2883 1682 quod
2921 1627 3028 1667 non
3064 1612 3223 1668 datur
3268 1613 3322 1667 in
3370 1627 3466 1669 uo—

1887 1697 2035 1752 mine
2064 1697 2366 1757 Trinitatis.
2386 1701 2650 1779 Baptizati
2681 1716 2711 1755 a
2740 1700 2877 1757 Juda
2902 1717 3009 1756 non
3038 1702 3462 1771 rebaptizantur,

1888 1786 2013 1855 quia
2044 1787 2099 1841 in
2129 1787 2233 1842 ﬁde
2255 1786 2566 1856 Trinitatis;
2598 1790 2690 1844 sed
2731 1790 2987 1860 baptizati
3018 1806 3047 1843 a
3076 1790 3310 1857 Joanne,
3337 1791 3464 1860 quia

1814 1877 1864 1937 Β
1888 1876 2121 1934 Joannes
2151 1880 2207 1934 in
2227 1896 2366 1950 aqua
2393 1890 2627 1936 tantum:
2651 1891 2706 1937 at
2735 1881 2984 1939 Christus
3014 1884 3067 1938 in
3111 1882 3317 1953 Spiritu
3343 1899 3468 1939 san-

1894 1976 1981 2024 cto
2028 1970 2285 2040 baptizat.
2326 1972 2462 2028 Cum
2507 1988 2636 2044 ergo
2689 1974 2865 2029 bonus
2891 1973 2977 2030 vel
3014 1976 3187 2030 malus
3222 1976 3469 2032 minister

1891 2059 2151 2129 baptizat,
2184 2062 2229 2117 si
2256 2062 2409 2131 plena
2440 2071 2522 2117 est
2557 2063 2842 2119 Trinitatis
2867 2066 3031 2127 ﬁdes,
3072 2065 3334 2121 Dominus
3370 2064 3467 2123 ba-

1892 2149 2102 2219 ptizat;
2152 2150 2208 2204 in
2260 2168 2397 2222 aqua
2438 2168 2568 2208 vero
2615 2154 2726 2208 sola
2778 2170 2808 2209 a
2846 2153 3054 2210 Joanne
3101 2156 3385 2226 baptizati,
3438 2173 3470 2212 a

1892 2237 2059 2296 Paulo
2088 2251 2214 2296 sunt
2246 2243 2528 2313 baptizati.

1964 2330 2144 2403 (Bm)
2172 2333 2406 2400 Quaestio
2437 2343 2546 2402 est,
2571 2344 2751 2391 utrum
2771 2336 2860 2392 ille
2879 2338 2971 2408 qui
2996 2352 3094 2409 per
3115 2338 3473 2409 ignorantiam

1893 2423 2030 2481 forte
2058 2442 2089 2480 a
2123 2442 2224 2482 non
2258 2428 2567 2499 baptizato,
2597 2432 2691 2487 sed
2723 2440 2901 2487 tamen
2933 2441 3096 2488 recta:
3141 2432 3266 2490 ﬁdei
3302 2434 3475 2505 bapti-

1895 2527 2048 2574 zatus
2093 2530 2178 2575 est
2216 2522 2411 2576 debeat
2460 2524 2824 2593 rebaptizari?
2868 2523 3042 2592 Quam
3083 2525 3187 2582 hoc
3239 2526 3476 2596 capitulo

1896 2612 2195 2679 expositam
2228 2628 2370 2667 reor.
2398 2613 2537 2680 Quid
2567 2616 2712 2670 enim
2744 2615 2943 2683 diﬂ'ert,
2975 2632 3043 2672 an
3077 2626 3204 2673 tunc
3224 2627 3352 2673 ante
3373 2620 3477 2674 ini-

1898 2702 2030 2757 tium
2064 2703 2319 2775 baptismi
2347 2705 2571 2773 Christi,
2598 2722 2665 2761 an
2698 2723 2841 2764 nunc
2883 2724 2916 2763 a
2941 2709 3197 2779 quopiam
3232 2711 3348 2764 sine
3385 2726 3476 2765 su-

1894 2798 2169 2864 sceptione
2195 2796 2434 2865 ejusdem
2458 2799 2745 2869 quisquam
2770 2801 3172 2871 baptizaretur?
3194 2817 3316 2858 cum
3341 2818 3478 2873 quos

1892 2883 2130 2942 Joannes
2155 2888 2207 2941 in
2234 2887 2336 2943 ﬁde
2364 2898 2419 2944 et
2444 2891 2662 2945 nomine
2679 2890 2883 2946 Christi
2915 2893 3126 2946 venturi
3158 2893 3474 2963 baptizavit,

1894 2974 2087 3029 iterum
2118 2976 2473 3047 baptizandos
2497 2981 2836 3050 praedicavit,
2867 2981 3053 3037 dicens
3082 2999 3095 3035 :
3126 2982 3239 3053 Ego
3269 2984 3477 3054 baptiso

1894 3068 1949 3121 in
1969 3085 2125 3138 aqua,
2157 3069 2245 3124 ille
2272 3071 2555 3140 baptizabit
2587 3074 2642 3127 in
2671 3073 2874 3142 Spiritu
2900 3085 3104 3129 sancto.

1967 3157 2131 3213 Vens.
2187 3160 2525 3216 7.—Erant
2575 3172 2749 3216 autem
2794 3180 2991 3218 omnes.
3040 3164 3221 3236 (ΗΔΒ.)
3265 3164 3478 3223 Judicia

1899 3248 1997 3305 Dei
2044 3249 2271 3320 abyssus
2319 3251 2508 3306 multa.
2540 3252 2679 3307 Ecce
2727 3253 2855 3325 Asia
2896 3254 3262 3324 apostolorum
3292 3256 3480 3313 visita-

1900 3340 2044 3395 tione
2078 3339 2296 3411 indigna
2326 3382 2341 3406 ,
2374 3356 2520 3396 nunc
2564 3343 2860 3411 apostolico
2907 3359 3135 3400 numero
3180 3354 3391 3403 sacrata
3426 3358 3482 3404 et

1899 3433 2198 3505 prophetia
2224 3448 2446 3514 munere
2465 3443 2552 3489 est
2573 3434 2884 3490 sublimata.
2918 3434 2987 3489 Et
3012 3437 3306 3491 notandum
3333 3438 3479 3508 quod

1902 3525 2138 3597 Spiritus
2160 3533 2385 3581 sanctus
2422 3526 2511 3581 hic
2540 3526 2595 3580 in
2628 3526 2910 3581 duodecim
2947 3525 3268 3598 discipulos,
3303 3538 3357 3584 et
3391 3546 3481 3586 suo

1901 3633 1996 3689 pra
2049 3618 2103 3673 in
2146 3625 2363 3674 centum
2407 3626 2463 3673 et
2508 3618 2697 3686 viginti
2745 3617 2859 3689 (qui
2909 3634 3166 3675 numerus
3204 3621 3483 3691 perﬁcitur

1901 3708 2233 3764 duodenario
2279 3710 2458 3765 decies
2501 3708 2683 3781 ducto)
2713 3710 2976 3766 adventus
3016 3710 3097 3766 sui
3144 3712 3293 3784 signa
3326 3728 3482 3769 mon-

1902 3801 2096 3857 stravit
2123 3801 2251 3855 illud
2279 3801 2330 3855 in
2357 3801 2654 3858 Jerusalem
2672 3842 2688 3868 ,
2729 3802 2834 3858 hoc
2875 3802 2929 3857 in
2961 3802 3174 3873 Epheso
3194 3844 3210 3867 ,
3250 3821 3370 3875 quae
3397 3813 3482 3861 est

1904 3894 2093 3949 civitas
2132 3892 2465 3949 Graecorum.
2509 3896 2566 3949 In
2611 3908 2719 3965 quo
2763 3896 3068 3951 ostenditur
3113 3895 3232 3952 illos
3274 3906 3480 3954 tantum

1906 3986 2042 4058 (sive
2090 3988 2154 4042 de
2182 3984 2401 4053 Judzeis,
2432 3987 2544 4042 sive
2572 3988 2639 4043 de
2669 3987 2938 4057 gentibus)
2966 3988 3212 4056 spiritum
3239 3989 3446 4060 replere
3464 4031 3480 4058 ,

1907 4081 1998 4150 qui
2035 4087 2158 4134 sunt
2185 4079 2237 4133 in
2267 4078 2531 4133 catholica
2560 4079 2785 4131 unitate.

1980 4168 2143 4225 Vsus.
2173 4168 2311 4225 9.—
2326 4170 2569 4235 Quotidie
2587 4168 2862 4234 disputans
2889 4168 2943 4221 in
2966 4167 3167 4222 schola.
3193 4158 3372 4242 (Ben)
3397 4168 3480 4227 Ab

1911 4264 2045 4319 hora
2091 4261 2279 4332 quinta
2329 4276 2499 4331 usque
2542 4261 2611 4314 ad
2651 4259 2839 4315 horam
2868 4274 3065 4315 nonam
3094 4268 3149 4318 et
3177 4260 3478 4317 decimam:

1912 4353 2052 4409 sicut
2079 4353 2308 4407 traditur
2333 4368 2363 4407 a
2392 4352 2711 4420 quibusdam
2737 4369 2753 4406 :
2784 4352 2910 4422 quia
2950 4352 3112 4407 horas
3142 4352 3293 4424 operi
3327 4354 3483 4424 quin-

1913 4460 2048 4514 que,
2102 4444 2235 4500 alias
2284 4446 2522 4517 quinque
2570 4446 2861 4512 doctrinae,
2904 4447 3039 4502 duas
3085 4448 3245 4503 dabat
3276 4449 3396 4505 cibo
3430 4458 3484 4506 et

1913 4536 2165 4601 orationi,
2207 4538 2349 4607 quod
2376 4537 2519 4593 nulla
2554 4546 2734 4593 tamen
2768 4538 3092 4595 auctoritate
3121 4540 3388 4596 ﬁrmatur.
3418 4543 3485 4598 In

1912 4628 2089 4685 schola
2135 4631 2361 4700 tyranni.
2412 4628 2593 4701 (ΗΑΒ.)
2631 4630 2867 4701 Tyranni
2899 4646 3092 4686 nomen
3142 4632 3371 4701 positum
3401 4642 3484 4689 est

1912 4738 2010 4794 pro
2036 4723 2313 4794 dignitate,
2338 4718 2422 4778 vel
2443 4732 2527 4778 est
2562 4728 2836 4796 proprium
2864 4742 3085 4792 nomen,
3118 4734 3172 4780 et
3213 4726 3482 4797 interpre-

1919 4825 2059 4870 tatur
2088 4818 2351 4871 conlinens
2380 4832 2496 4883 eos,
2520 4816 2605 4871 vel
2629 4818 2963 4887 conﬁrmans.
3320 4820 3343 4833 ‘

1969 4903 2148 4960 ‘Vnns.
2182 4906 2269 4960 lO.
2286 4938 2352 4947 —
2374 4903 2480 4962 Per
2501 4907 2783 4961 biennium.
2809 4898 2921 4961 Hoc
2935 4914 3195 4977 tempore,
3218 4896 3486 4966 Partitisin

1923 5003 1935 5053 ί
1967 5004 2049 5067 μὲι(
2072 5016 2130 5055 .~o
2157 5000 2373 5071 scripsit
2400 5000 2627 5071 primam
2657 4996 2950 5069 Epistolam
2987 5000 3054 5054 ad
3084 4999 3411 5058 Corinthios.

1990 5092 2146 5148 Vens.
2180 5090 2348 5146 12.-
2382 5088 2713 5145 Semicinctia
2747 5089 2926 5164 (ΗΑΒ.)
2953 5091 3141 5147 Vestes
3174 5108 3240 5148 ex
3268 5110 3376 5151 uno
3412 5094 3490 5151 la»

1915 5190 2029 5238 tere
2055 5182 2381 5251 pendentes,
2422 5178 2506 5235 vel
2545 5195 2692 5235 zonae
2726 5181 2837 5235 sive
2862 5192 3035 5237 vestes
3068 5182 3377 5252 nocturnae,
3404 5185 3488 5242 vel

1914 5286 2083 5345 genus
2110 5271 2335 5336 sudarii,
2364 5284 2471 5340 quo
2500 5269 2711 5325 Hebraei
2747 5280 2970 5327 utuntur
3005 5272 3059 5328 in
3090 5272 3288 5345 capite.

1987 5367 2147 5423 Vens.
2180 5348 2264 5421 l3.
2291 5396 2363 5407 -—
2388 5365 2693 5421 Exorcistis.
2727 5360 3061 5439 Excogitavit
3100 5368 3352 5425 Salomon
3380 5412 3394 5435 ,
3438 5381 3492 5427 et

1917 5461 2098 5516 docuit
2124 5475 2274 5515 suam
2302 5467 2512 5530 gentem
2540 5457 2727 5515 modos
2759 5460 3044 5517 exorcismi
3069 5502 3084 5527 ,
3115 5460 3166 5516 id
3195 5464 3278 5517 est
3308 5462 3495 5529 conju-

1916 5554 2141 5609 rationis
2166 5552 2361 5622 quibus
2390 5551 2650 5606 immundi
2682 5550 2902 5622 spiritus
2942 5551 3150 5621 expulsi
3182 5568 3283 5605 non
3325 5552 3491 5604 audc-

1916 5650 2047 5704 bant
2075 5648 2142 5703 ad
2178 5647 2421 5703 homines
2448 5650 2667 5703 reverti.
2692 5644 2779 5702 Fit
2815 5658 2992 5703 autem
3032 5647 3135 5702 hoc
3178 5662 3275 5716 per
3312 5659 3495 5713 repro-

1923 5742 2014 5796 bos
2064 5740 2129 5795 ad
2214 5738 2717 5795 condemnationem
2788 5738 3021 5808 ipsorum
3096 5744 3151 5790 et
3207 5732 3492 5788 utilitatem

1917 5846 2104 5887 eorum
2139 5829 2229 5900 qui
2255 5828 2439 5885 vident
2478 5837 2529 5885 et
2569 5828 2793 5885 audiunt
2818 5844 2830 5881 :
2854 5827 2976 5897 quia
3004 5826 3129 5881 licet
3168 5825 3284 5881 illos
3320 5821 3496 5894 despi-
