3958 6314
468 396 574 456 ωδ

967 392 1357 449 WALAFRIDI
1396 392 1643 449 STRABI
1678 391 1880 449 FULD.
1925 389 2089 447 MON.
2129 390 2279 447 OPP.
2322 390 2500 447 PARS
2536 386 2577 446 l.
2618 420 2688 431 —
2725 386 3180 446 THEOLOGICA.

3616 388 3731 446 864

466 512 613 568 ciant
638 509 731 580 qui
761 508 910 577 signa
958 505 1188 572 faciunt,
1237 516 1415 561 tamen
1450 509 1618 562 Deum
1648 508 1938 571 honorant,
1971 504 2039 559 ad
2065 512 2115 570 Α
2147 506 2315 561 moria
2341 506 2504 560 etiam
2545 506 2787 577 magistri
2811 504 2925 575 jam
2964 501 3254 559 discessuri
3301 502 3507 556 arctius
3552 501 3734 555 menti

466 602 621 673 cujus
649 601 1041 657 invocationem
1066 600 1144 653 ﬁt.

535 699 700 754 Vsus.
740 697 825 753 i4.
860 727 929 737 —
950 695 1153 767 Septem
1174 695 1295 764 ﬁlii,
1318 704 1421 750 etc.
1451 694 1626 767 (Bnn.)
1656 692 1916 760 Quoniam
1942 692 2040 745 Sa-

464 801 617 848 tanas
645 789 993 861 transﬁgurat
1018 804 1075 843 se
1104 791 1156 843 in
1187 789 1428 858 angelum
1448 788 1601 851 lucis,
1627 796 1758 851 etc.,
1784 802 1941 856 usque
1970 786 2036 836 ad

462 884 698 941 ostendit
746 884 812 938 de
856 881 1052 951 quibus
1100 881 1414 935 custodibus
1476 878 1730 933 Ecclesiae
1792 874 2035 947 praccipi-

462 993 587 1033 tur:
617 976 796 1047 Capite
836 974 983 1030 nobis
1028 972 1326 1043 vulpeculas
1370 987 1487 1042 qua:
1534 970 1805 1023 devastant
1865 967 2036 1020 vineas

462 1066 639 1141 (Cant.
663 1066 747 1137 ιι).

530 1161 693 1215 Vnus.
726 1155 1066 1213 l9.-—Multi
1095 1164 1268 1208 autem
1291 1170 1355 1207 ea:
1383 1153 1455 1206 eis
1479 1152 1566 1221 qui
1597 1151 1803 1202 curiosa
1829 1147 2038 1215 fuerant

457 1252 656 1308 sectati.
688 1247 866 1323 (Βευ.)
892 1247 1109 1317 Magicaa
1134 1246 1265 1298 artis
1291 1241 1608 1297 industriam
1636 1257 1648 1292 :
1676 1238 1831 1306 cujus
1866 1246 2039 1290 secta-

457 1353 606 1400 tores
635 1342 833 1396 merito
873 1339 1040 1393 libros
1083 1335 1375 1391 incendunt
1400 1374 1416 1397 ,
1465 1331 1591 1385 licet
1629 1329 1802 1399 pretio
1842 1340 2039 1395 magno

456 1435 777 1496 aestimatos,
810 1430 938 1500 quia
965 1429 1237 1482 daemones
1267 1424 1485 1495 (quibus
1510 1416 1833 1489 servierant)
1853 1415 2038 1470 Jesum

457 1525 728 1595 appellare
757 1531 811 1578 et
834 1519 1105 1593 apostolos
1133 1516 1250 1585 ejus
1276 1515 1460 1569 vident
1488 1514 1775 1567 honorare.

532 1618 690 1673 Vnus.
708 1616 798 1670 2L
830 1643 901 1654 —
933 1610 1033 1665 His
1060 1617 1235 1664 autem
1261 1605 1475 1677 expletis
1494 1646 1509 1670 ,
1537 1612 1643 1658 etc.
1671 1600 1911 1673 (CHRYS.)
1945 1598 2040 1654 Sat

457 1709 549 1764 diu
574 1713 926 1764 conversatus
948 1703 1005 1757 in
1034 1700 1277 1763 civitate,
1297 1704 1430 1761 etc.,
1460 1710 1623 1766 usque
1643 1693 1711 1746 ad
1737 1693 1810 1746 ita
1840 1690 2039 1757 ubique

456 1800 701 1856 contexit
725 1812 910 1868 opera.

2143 597 2418 667 inligatur.

2213 690 2371 745 Vnus.
2418 691 2505 745 10.
2533 721 2603 730 -
2628 689 2761 743 Cum
2809 688 3155 743 descendisset
3204 685 3433 749 Paulus,
3463 683 3730 737 incubuit.

2142 784 2263 854 (lo.)
2306 783 2593 837 Descendit
2647 790 2703 836 et
2746 782 3017 843 incubuit,
3067 778 3380 847 complexus
3427 782 3539 838 est,
3586 783 3732 837 etc.,

2140 898 2302 951 usque
2329 880 2398 933 ad
2426 890 2478 933 et
2509 879 2621 933 sole
2646 877 2871 948 justitia:
2903 874 3137 938 alllante,
3184 872 3461 926 redivivus
3504 867 3738 923 adduci-

2140 983 2245 1029 tur.
2282 974 2469 1027 Anima
2488 972 2624 1026 enim
2648 969 2812 1040 ipsius
2837 970 2893 1022 in
2919 968 3029 1037 ipso
3052 974 3146 1019 est.
3184 963 3366 1036 (ΗΑΒ.)
3391 963 3449 1017 Id
3484 971 3570 1016 est
3618 975 3740 1013 non

2139 1083 2204 1121 ex
2232 1073 2344 1120 toto
2370 1064 2638 1127 discessit,
2663 1061 2747 1115 vel
2780 1060 2956 1114 rediit.
2994 1057 3108 1112 Hoc
3149 1064 3373 1125 propter
3414 1051 3743 1108 incredulos

2139 1160 2294 1225 dixit,
2320 1167 2404 1213 ut:
2422 1157 2547 1212 Non
2568 1165 2643 1210 est
2663 1164 2872 1208 mortua
2894 1150 3093 1222 puella,
3114 1148 3203 1203 sed
3227 1147 3451 1201 dormit:
3474 1146 3558 1201 sic
3579 1144 3741 1199 enim

2139 1252 2445 1322 desperatio
2472 1249 2695 1304 tollitur.

2213 1344 2372 1400 Vsus.
2401 1344 2487 1398 16.
2513 1373 2581 1383 -
2614 1340 2973 1395 Pentecosien.
3004 1335 3231 1391 Constat
3257 1334 3475 1389 Pascha:
3511 1340 3745 1401 tempus

2138 1447 2193 1494 et
2217 1417 2932 1503 Pentecostes‘temporibus
2966 1428 3337 1500 apostolorum
3387 1426 3745 1481 celebratum

2139 1547 2279 1589 esse.

2208 1623 2372 1679 Vnus.
2399 1618 2846 1677 5L—Memoria
2875 1617 3169 1670 retinentes.
3203 1612 3386 1685 (ΗΑΒ.)
3415 1609 3566 1677 Quod
3592 1609 3747 1679 ipsis

2139 1715 2383 1780 dixerat,
2413 1713 2528 1767 vult
2564 1711 2694 1767 illud
2738 1725 2857 1764 esse
2899 1706 3160 1761 memoria
3200 1702 3577 1765 retinendum,
3620 1716 3745 1753 non

2139 1807 2285 1861 enim
2310 1820 2476 1876 parva
2501 1800 2878 1864 estcustodia,
2907 1797 3074 1851 divini
3102 1794 3360 1866 praecepti
3386 1793 3687 1847 memoria.

525 1896 750 1950 Romam
779 1892 968 1948 videre.
996 1885 1178 1961 (ΗΑΒ.)
1204 1883 1356 1939 Hanc
1376 1882 1528 1951 prius
1552 1894 1659 1933 non
1688 1877 1895 1930 viderat
1929 1875 2034 1928 fors

2210 1867 2374 1952 Vsus.
2420 1894 2506 1950 55.
2532 1926 2602 1935 -
2625 1892 2843 1946 Beatius
2876 1898 2971 1943 est.
3007 1886 3127 1959 (lo.)
3170 1884 3283 1940 Hoc
3330 1885 3382 1939 in
3428 1881 3747 1951 Evangelia

454 1992 615 2054 sitan,
642 1987 730 2044 vel
753 1987 880 2056 quia
907 1984 1079 2039 levem
1127 1980 1355 2034 ducebat
1404 1972 1802 2028 tribulationem
1877 1983 2037 2037 quam

455 2084 529 2139 ibi
558 2094 815 2153 passurus
849 2082 999 2138 erat;
1050 2072 1222 2126 videre
1257 2076 1467 2123 tantum
1496 2062 1654 2126 dicit,
1702 2074 1807 2114 non
1862 2066 2038 2112 autem

456 2172 623 2228 multa
656 2168 788 2240 pati.

526 2265 691 2319 Vnus.
719 2260 811 2315 22.
841 2289 911 2300 -—
934 2254 1002 2310 In
1025 2254 1409 2308 Macedoniam.
1441 2249 1624 2320 (ΗΑΒ.)
1659 2245 1911 2301 Transire
1941 2260 2036 2299 vo-

454 2357 601 2411 lebat
628 2353 694 2407 de
719 2350 871 2412 Asia,
900 2349 953 2402 in
984 2361 1088 2415 qua
1118 2354 1200 2398 est
1222 2343 1489 2413 Ephesus,
1544 2340 1596 2392 in
1630 2338 1920 2405 Eumpam,
1947 2333 2036 2387 ubi

454 2446 761 2504 Macedonia
781 2450 835 2499 et
854 2440 1057 2495 Achaia
1082 2446 1235 2503 sunt;
1261 2444 1316 2489 et
1343 2435 1420 2489 sic
1444 2448 1630 2487 rursus
1656 2431 1733 2484 ire
1756 2430 1809 2483 in
1827 2428 2033 2487 Asiam,

453 2538 505 2592 id
533 2545 616 2593 est
642 2530 943 2590 Jerusalem
987 2533 1112 2582 cum
1142 2525 1517 2594 eleemosyna,
1570 2520 1637 2574 de
1680 2534 1784 2587 qua
1819 2515 2038 2584 scripsit

452 2624 767 2683 Corinthiis.

524 2721 686 2776 Vsus.
731 2716 823 2771 28.
853 2743 925 2754 —
972 2710 1168 2781 Magna
1216 2708 1393 2761 Diana
1437 2702 1802 2775 Ephesiorum.
1860 2698 2035 2769 (ΒΕι.)

452 2815 626 2883 Quam
654 2809 961 2866 Demetrius
990 2803 1286 2875 perituram
1316 2799 1449 2853 dixit
1478 2797 1703 2851 Dianam
1726 2835 1739 2858 ,
1770 2793 1844 2847 illi
1873 2807 2038 2847 econ-

454 2905 621 2960 trario
644 2915 895 2972 magnam
924 2911 1043 2952 esse
1072 2894 1355 2947 mirantur.

522 2994 689 3050 Vnus.
739 2971 829 3046 32.
860 3020 927 3030 —
956 2986 1063 3040 Alii
1104 2994 1280 3038 autem
1331 2980 1477 3035 aliud
1533 2977 1848 3032 clamabant.
1902 2971 2038 3026 Illud

453 3089 599 3146 aliud
645 3084 791 3157 quod
827 3080 1138 3137 clamabant
1173 3084 1330 3139 erat,
1382 3071 1467 3125 vel
1511 3079 1573 3126 ut
1614 3072 1935 3138 raperentur
1982 3064 2037 3117 in

454 3153 722 3236 theatrum
748 3217 763 3241 ,
792 3173 876 3229 vel
922 3171 1066 3241 quod
1110 3168 1245 3222 alius
1291 3172 1436 3220 esset
1474 3160 1618 3216 Deus
1654 3171 1903 3227 magnus,
1952 3153 2035 3207 vel

451 3275 594 3348 quod
634 3270 776 3326 aliud
822 3266 1047 3331 idolum,
1076 3262 1161 3317 vel
1193 3260 1357 3316 etiam
1398 3257 1454 3310 in
1492 3252 1718 3309 Paulum
1748 3245 2036 3319 opprobria
2065 3244 2109 3307 C

447 3366 741 3440 iaciebant.

521 3457 686 3513 Vsus.
714 3452 805 3509 54.
834 3482 901 3491 -
936 3446 1052 3500 Vox
1077 3445 1217 3516 facta
1244 3451 1316 3496 est
1344 3457 1450 3495 una
1489 3438 1741 3495 omnium,
1773 3432 1921 3504 quasi
1947 3444 2037 3499 per

452 3552 611 3605 horas
640 3548 775 3601 duas
810 3540 1155 3597 clamantium
1180 3550 1196 3586 :
1222 3533 1279 3588 Μ
1284 3550 1420 3603 agna
1456 3530 1636 3583 Diana
1665 3524 2032 3594 Ephesiorum.

454 3642 648 3698 Merito
697 3635 993 3693 extrahunt
1041 3628 1214 3684 Judaei
1268 3624 1504 3681 scribam
1553 3616 1918 3674 Alexandrum
1971 3612 2037 3666 de

457 3737 614 3790 turba
646 3730 736 3785 illa
767 3743 889 3799 qua:
923 3733 1036 3781 tota
1070 3722 1300 3776 Dianam
1328 3714 1609 3771 adorabat.

534 3828 689 3883 Vsus.
716 3822 806 3879 57.
832 3851 901 3861 -
930 3817 1112 3888 Neque
1141 3810 1445 3879 sacrilegos,
1480 3820 1642 3875 neque
1679 3800 2037 3869 blaspheman-

457 3930 530 3973 tes
565 3917 717 3970 deam
746 3924 991 3968 vestram.
1041 3903 1222 3979 (Rau)
1259 3897 1521 3967 Sacrilegi
1562 3895 1817 3950 dicuntur
1858 3905 1889 3943 a
1917 3904 2037 3958 pro-

458 4015 583 4067 fana
612 4007 906 4082 diligentia.
933 4004 1161 4060 Sacrum
1190 3996 1335 4053 enim
1385 3990 1644 4048 mundum
1671 3974 2036 4053 el'profanum

459 4103 749 4163 signiﬁcat.

546 4122 749 4161 mucar.

509 4122 692 4251 th-zus.
740 4190 831 4247 50.
862 4218 934 4229 —
970 4186 1039 4241 Et
1082 4200 1201 4237 cum
1237 4182 1348 4236 haec
1390 4178 1623 4232 dixisset.
1658 4160 1770 4226 Hoc
1803 4171 2041 4239 loquitur

458 4290 613 4361 quasi
643 4285 879 4349 Judaeus,
907 4280 1098 4337 nolens
1126 4275 1339 4330 Iudaeos
1363 4274 1430 4327 ab
1454 4270 1722 4326 idolorum
1745 4264 2041 4320 cultoribus

460 4378 634 4436 occidi
659 4394 675 4444 ;
704 4383 796 4430 aut
822 4372 977 4443 quasi
1005 4367 1351 4426 Christianus
1377 4362 1590 4416 locutus
1611 4365 1713 4412 est.

1059 4521 1284 4582 CAPUT
1333 4504 1450 4573 XX.

2140 2004 2246 2043 non
2273 1987 2492 2058 legitur,
2524 2000 2633 2039 non
2664 1982 2808 2036 enim
2838 1980 3019 2035 omnia
3050 1977 3251 2046 scripta
3279 1983 3434 2038 sunt,
3459 1973 3555 2027 sed
3584 1971 3746 2025 Pau-

2138 2078 2222 2133 lus
2272 2075 2499 2131 forsitan
2549 2076 2652 2129 hoc
2696 2074 2763 2126 ab
2811 2068 3070 2140 apostolis
3107 2065 3348 2129 audivit,
3391 2063 3476 2118 vel
3518 2078 3551 2118 a
3596 2060 3742 2131 Spi-

2139 2168 2247 2222 ritu
2299 2173 2488 2221 sancto
2538 2162 2781 2232 accepit,
2816 2159 2903 2213 vel
2949 2166 3127 2227 potest
3172 2155 3277 2210 dici
3327 2152 3488 2223 quod,
3519 2151 3569 2206 si
3620 2166 3743 2204 non

2139 2258 2306 2312 verba
2329 2298 2343 2320 ,
2380 2269 2598 2310 sensum
2627 2252 2791 2307 istum
2820 2247 2977 2304 Jesus
3009 2244 3488 2309 indicavit,dicens
3514 2257 3531 2295 :
3566 2239 3743 2295 Omni

2143 2348 2338 2419 petenti
2394 2347 2493 2410 da;
2534 2353 2591 2400 et
2634 2342 2802 2397 alibi:
2835 2339 3014 2395 Nolite
3061 2338 3296 2406 accipere
3336 2349 3558 2395 aurum,
3598 2330 3736 2387 etc.

2140 2436 2317 2510 (Βευ.)
2363 2434 2482 2489 Νοιι
2532 2432 2639 2488 illis
2684 2426 2776 2501 qui
2818 2427 3024 2484 relictis
3067 2424 3321 2480 omnibus
3376 2422 3547 2477 secuti
3600 2430 3741 2475 sunt

2139 2529 2446 2592 Dominum,
2472 2526 2666 2581 divites
2692 2518 3152 2591 eleemosynarios
3175 2514 3462 2587 praeponit,
3489 2513 3585 2569 sed
3606 2512 3739 2569 illos

2139 2621 2377 2676 maxime
2410 2616 2679 2689 gloriﬁcat
2699 2657 2713 2682 ,
2739 2614 2829 2685 qui
2856 2612 3068 2667 cunctis
3114 2624 3234 2679 qua:
3261 2606 3541 2677 possident
3561 2605 3615 2659 in
3643 2621 3737 2660 se.

2139 2722 2252 2769 met
2300 2712 2713 2776 renuntiantes,
2762 2705 3114 2762 nihilominus
3160 2700 3409 2756 laborant
3454 2698 3736 2769 operando

2141 2806 2392 2860 nianibus
2420 2810 2481 2857 ut
2510 2802 2747 2857 habeant
2778 2798 2918 2853 unde
2945 2797 3186 2851 tribuant
3220 2792 3599 2851 necessitatem
3635 2805 3736 2859 pa-

2140 2896 2314 2951 tienti.
2355 2892 2465 2948 Vos
2492 2892 2655 2964 igitur
2689 2888 2952 2961 episcopi,
2980 2895 3154 2947 estote
3185 2883 3400 2941 solliciti
3430 2883 3495 2937 de
3521 2881 3733 2937 alendis

2138 2986 2378 3059 pupillis,
2402 2992 2508 3041 etc.

2714 3073 2940 3129 CAPUT
3008 3071 3148 3126 XXI.

2212 3187 2377 3243 Vnus.
2417 3188 2468 3241 1.
2492 3215 2562 3227 -
2579 3184 2711 3239 Cum
2735 3193 2929 3249 autem,
2952 3192 3058 3237 etc.
3087 3180 3273 3243 Coum,
3313 3178 3583 3242 Rhodam,
3608 3178 3730 3231 inde

2142 3276 2421 3333 Pataram.
2465 3275 2646 3348 (ΗΑΒ.)
2680 3274 2821 3330 Cous
2845 3281 2899 3329 et
2926 3272 3122 3328 Patara
3148 3270 3334 3326 insulse
3368 3278 3512 3325 sunt.
3654 3252 3663 3258 ’

2209 3368 2373 3424 Vnus.
2415 3368 2469 3422 8.
2507 3397 2580 3407 —
2616 3364 2850 3437 Philippi
2897 3363 3243 3434 evangelistw.
3295 3362 3377 3418 Ob
3417 3372 3728 3433 promptum

2139 3462 2541 3534 praedicationis
2568 3458 2801 3514 ofﬁcium
2831 3456 3162 3528 evangelista
3195 3455 3395 3510 meruit
3427 3454 3633 3509 vocari.

2140 3566 2143 3567 '
2211 3551 2375 3606 Vnus.
2414 3551 2466 3606 9.
2497 3580 2568 3590 —
2607 3548 2746 3601 Huic
2786 3557 2959 3601 autem
2993 3555 3140 3600 erant
3169 3544 3316 3613 ﬁlim.
3346 3544 3533 3615 (Rau)
3586 3543 3726 3597 Alibi

2141 3644 2263 3699 lilia:
2283 3641 2513 3711 Philippi
2532 3638 2759 3710 apostoli
2781 3638 3135 3708 prophetissa:
3160 3636 3411 3704 leguntur
3431 3634 3617 3695 fuisse.
3632 3635 3729 3689 sed

2141 3733 2351 3789 veritati
2390 3730 2550 3799 hujus
2576 3730 2679 3785 loci
2710 3744 2816 3786 non
2854 3736 2938 3783 est
2964 3726 3468 3793 eontradiceadum,
3491 3725 3597 3779 nisi
3619 3722 3730 3779 for-

2141 3835 2284 3880 tasse
2303 3832 2530 3893 uterque
2560 3822 2697 3877 ﬁlias
2725 3821 3092 3892 prophetissas
3103 3818 3358 3873 habuisse
3373 3816 3724 3887 intelligatur.

2212 3918 2374 3972 Vnus.
2414 3917 2500 3969 ll.
2544 3945 2612 3954 -
2655 3911 2785 3966 Ha'c
2834 3912 2973 3965 dicit.
2992 3908 3219 3979 Spiritus
3268 3917 3508 3962 sanctus.
3549 3906 3727 3979 (Βευ.)

2142 4009 2443 4078 PrOphetas
2491 4014 2704 4059 veteres
2757 4003 3031 4064 imitatur,
3084 4000 3178 4068 qui
3218 4000 3401 4054 dicere
3449 3996 3724 4054 solebant:

2146 4099 2276 4155 Ha’c
2318 4098 2444 4151 dicit
2514 4096 2766 4149 Dominus
2820 4092 2982 4157 Deus,
3027 4090 3154 4161 quia
3202 4089 3436 4159 Spiritus
3484 4098 3726 4151 sanctus.

2143 4209 2294 4265 aeque
2331 4201 2394 4248 ut
2417 4191 2581 4247 Pater
2614 4197 2670 4244 et
2692 4187 2881 4251 Filius,
2911 4185 3175 4240 Dominus
3212 4191 3270 4238 et
3304 4183 3446 4237 Deus
3476 4191 3586 4246 est,
3628 4196 3727 4236 nec

2145 4302 2333 4343 eorum
2382 4281 2624 4354 separari
2671 4278 2916 4350 operatio
2942 4284 3125 4347 potest
3172 4290 3405 4345 quorum
3451 4284 3643 4329 natura
3673 4281 3729 4329 et

2150 4377 2393 4433 voluntas
2421 4389 2528 4429 una
2553 4380 2656 4428 est.

2216 4462 2380 4518 Vsus.
2423 4462 2513 4516 21.
2535 4492 2605 4501 —
2626 4459 2816 4514 Dicens
2845 4465 2950 4513 non
2978 4459 3181 4513 debere.
3220 4455 3400 4530 (Βεθ.)
3447 4455 3617 4526 Quasi
3648 4455 3727 4514 di-

2148 4562 2336 4613 cerent
2377 4571 2391 4607 :
2445 4552 2499 4606 In
2557 4552 2803 4607 doctrina
2849 4548 3053 4604 Christi
3105 4549 3331 4603 damnas
3374 4546 3525 4605 velut
3566 4546 3727 4601 sacri-

530 4670 696 4727 Vnus.
726 4663 962 4722 2.-Αά
986 4659 1265 4716 Crwciam.
1288 4654 1496 4711 Grcccia
1510 4652 1784 4721 provincia
1805 4647 2038 4713 Achaiae;
2073 4625 2120 4685 D
2150 4649 2286 4719 lega,
2318 4655 2448 4710 etc.,
2480 4660 2638 4715 usque
2674 4643 2743 4696 ad
2774 4642 2867 4696 sed
2895 4640 3065 4695 Judaei
3105 4655 3211 4694 non
3242 4637 3687 4709 prohibebantur.

466 4766 533 4823 ad
575 4765 719 4823 hanc
759 4758 906 4813 venit
944 4753 1145 4809 Paulus
1193 4758 1318 4821 post
1360 4745 1767 4801 Macedoniam:
1801 4742 1928 4812 quia
1968 4740 2047 4795 sic

465 4859 838 4929 proposuerat,
874 4856 935 4901 ut
976 4860 1138 4914 supra
1185 4842 1388 4895 dictum
1420 4850 1536 4905 est;
1569 4836 1766 4892 transit
1805 4841 1985 4913 autem
2016 4848 2044 4884 a

468 4943 781 5003 Macedonia
812 4948 867 4995 et
890 4937 1093 4993 Achaia
1124 4936 1201 4988 ire
1228 4932 1548 4987 Jerusalem.

537 5039 704 5094 Vsus.
728 5036 782 5089 4.
813 5064 870 5074 -λκ
908 5030 1195 5099 Sosipater.
1229 5027 1284 5081 In
1314 5026 1540 5080 llebrrco
1569 5021 1845 5091 Sesipater
1871 5018 2042 5072 inter—

469 5138 714 5203 pretatur
738 5125 879 5180 idem
909 5136 1028 5177 esse
1081 5119 1221 5189 quod
1262 5133 1485 5173 narrans
1523 5113 1911 5183 dispersionem,
1961 5107 2044 5165 vel

466 5221 676 5278 salvans
703 5217 983 5285 dispersos.

543 5312 706 5366 Vsus.
738 5310 790 5362 7.
820 5337 885 5347 -—
911 5303 1028 5359 Una
1064 5314 1236 5358 autem
1263 5301 1485 5356 sabbati.
1525 5298 1732 5352 Nomen
1766 5293 1870 5347 diei
1908 5292 2041 5345 dici-

364 5394 379 5400 -
473 5415 578 5469 tur,
616 5410 676 5456 ut
719 5401 788 5455 sit
817 5398 1134 5470 prmpwratio
1164 5394 1381 5449 virtutis
1412 5390 1669 5446 facienda:
1696 5395 1750 5441 ct
1778 5385 2038 5440 dicendis.

539 5493 715 5569 (Βευ.)
749 5491 1131 5554 Cmnaculum,
1179 5485 1403 5542 altitudo
1453 5478 1860 5538 charismatum.
1894 5475 2039 5542 Nox,

469 5568 775 5643 obScuritas
810 5574 1235 5653 Scripturarum',
1268 5588 1402 5643 etc.,
1436 5591 1600 5645 usque
1631 5572 1700 5624 ad
1728 5568 2001 5638 subjunxit
2030 5586 2042 5621 :

470 5680 599 5734 Herc
630 5688 801 5733 autem
828 5685 946 5731 sunt
977 5676 1080 5728 duo
1113 5672 1461 5725 Testamenta.

538 5771 704 5825 Vsus.
745 5770 798 5823 9.
824 5798 894 5809 -—
922 5764 1193 5824 Euticlius,
1237 5771 1342 5815 etc.
1392 5757 1511 5831 (In.)
1539 5756 1799 5814 Hebraice
1838 5772 2045 5819 amens,

470 5867 654 5921 Graece
683 5864 979 5932 fortunatus
1011 5859 1425 5925 interpretatur,
1468 5862 1553 5908 etc
1585 5894 1595 5907 .
1627 5868 1787 5909 usque
1830 5848 1898 5901 ad
1930 5862 2045 5901 me-

2220 4740 2402 4810 Neque
2426 4735 2730 4791 secundum.
2770 4732 2888 4787 Non
2923 4739 3050 4787 sunt
3082 4729 3340 4800 prohibiti
3388 4744 3454 4784 eo
3489 4737 3725 4798 tempore

2146 4834 2313 4889 Judaei
2352 4834 2407 4887 in
2443 4831 2717 4888 Christum
2756 4827 3060 4891 credentes,
3090 4825 3387 4881 secundum
3431 4823 3609 4894 legem
3649 4822 3729 4874 in-

2146 4927 2317 4998 gredi,
2347 4933 2523 4980 stante
2551 4924 2726 4977 adhuc
2764 4920 2959 4989 templo
2992 4927 3049 4973 et
3086 4933 3181 4973 sua
3219 4916 3506 4987 religione,
3542 4929 3728 4984 quam-

2146 5020 2226 5073 vis
2252 5019 2306 5072 in
2329 5014 2684 5072 sacramentis
2704 5012 2835 5065 Novi
2858 5008 3188 5064 Tcstamenti
3212 5006 3445 5063 salutem
3464 5003 3724 5065 habituri,

2154 5113 2245 5168 sed
2284 5108 2568 5163 ore-lentes
2605 5121 2668 5160 ex
2709 5102 2958 5175 gentibus
2983 5100 3408 5172 prohibebantur
3441 5098 3513 5152 ad
3557 5096 3725 5166 legem

2156 5199 2429 5263 converti,
2481 5198 2571 5266 qui
2617 5204 2799 5249 tamen
2850 5193 2984 5263 legis
3031 5190 3281 5245 mandata
3329 5188 3397 5244 ad
3444 5201 3629 5242 mores
3674 5193 3729 5237 et

2152 5291 2467 5346 munditiam
2504 5287 2746 5357 corporis
2771 5282 3114 5355 pertinentia,
3155 5290 3213 5335 ut
3239 5290 3346 5335 est:
3382 5275 3508 5333 Non
3532 5291 3727 5331 concu-

2148 5386 2334 5455 pisces,
2366 5390 2497 5443 etc.,
2544 5380 2831 5447 diligenter
2858 5376 3150 5430 observare
3184 5371 3537 5441 jubebantur.
3585 5367 3728 5434 Qua-

2147 5475 2373 5543 druplex
2420 5471 2653 5543 synodus
2677 5465 3023 5536 Jerosolymis
3050 5462 3231 5517 habita
3258 5469 3342 5514 est
3379 5479 3392 5513 :
3423 5459 3599 5530 prima
3631 5455 3730 5509 fuit

2149 5566 2215 5619 de
2248 5564 2508 5618 electione
2553 5558 2778 5614 alterius
2804 5554 3029 5627 apostoli
3071 5570 3167 5624 pro
3200 5551 3365 5616 Juda;
3400 5548 3635 5606 secunda
3664 5547 3729 5600 de

2158 5659 2414 5714 rlcctione
2457 5663 2665 5724 septem
2713 5652 3102 5712 diaconorum;
3147 5646 3304 5700 tertia
3343 5644 3413 5699 de
3445 5638 3732 5698 circumci—

2150 5753 2299 5807 sione
2342 5766 2445 5804 non
2497 5744 2815 5817 imponenda
2862 5742 2968 5797 illis
3003 5741 3094 5811 qui
3137 5739 3431 5795 credebant
3452 5735 3528 5790 de
3553 5730 3732 5803 genti-

2149 5844 2250 5898 bus
2275 5860 2289 5908 ;
2336 5848 2528 5911 quarta
2556 5838 2669 5892 hzec
2697 5836 2762 5891 de
2786 5833 2984 5890 Judzeis
3013 5832 3104 5887 illo
3133 5837 3376 5900 tempore
3403 5841 3513 5883 non
3537 5820 3730 5895 prohi-
