3958 6314
248 464 351 520 465

1051 465 1318 523 GLOSSA
1354 466 1750 523 oneramus.
1792 424 1873 508 -’
1896 466 2020 522 LIB.
2060 466 2352 547 aereum
2389 467 2629 524 APOST.

3374 461 3480 517 406

250 576 429 631 bendis
474 574 582 646 (ubi
610 576 903 631 necessitas
929 578 1213 651 exigeret.)
1265 579 1522 650 legalibus
1555 593 1810 633 caeremo-
1834 583 1887 642 Α
1914 578 2161 634 tribunus
2213 578 2449 634 civitatis
2486 579 2742 634 Romana:
2785 577 2921 633 civis
2966 591 3087 633 esse
3124 591 3232 632 non
3271 584 3480 646 posset,

248 672 346 727 niis
374 669 571 725 initiari
596 680 819 742 propter
855 674 1168 729 scandalum
1204 689 1391 730 eorum
1427 675 1520 744 qui
1546 675 1809 745 putabant

249 762 509 835 apostolos
571 763 741 835 legem
802 765 969 838 Moysi
1032 769 1171 824 sicut
1214 767 1509 824 idololatria
1556 768 1807 838 dogmata

248 858 515 912 damnare.
972 922 976 928 ‘

310 947 465 1003 Vsus.
513 947 857 1015 24.—-Quia
894 968 1010 1023 qua:
1047 953 1110 1006 de
1149 962 1217 1019 te,
1250 961 1356 1008 etc.
1398 952 1515 1006 Non
1555 953 1700 1007 enim
1732 954 1809 1008 ita

245 1039 489 1109 reprobas
533 1038 727 1107 legalia
775 1041 915 1095 sicut
959 1043 1158 1097 dictum
1204 1052 1321 1111 est,
1369 1044 1416 1099 si
1458 1056 1638 1099 autem
1686 1045 1807 1101 ideo

240 1129 565 1196 celebraret,
631 1140 689 1186 ut
739 1134 953 1188 actione
1012 1134 1261 1189 simulata
1308 1151 1462 1190 suam
1512 1135 1808 1192 occultaret

240 1225 574 1288 sententiam,
602 1239 707 1280 non
738 1226 839 1281 hoc
861 1227 1067 1283 diceret
1090 1228 1344 1284 Iacobus.

304 1316 460 1372 Vsus.
494 1315 584 1369 27.
602 1346 671 1356 -
690 1314 821 1371 Cum
848 1326 1020 1371 autem
1050 1330 1240 1390 septem
1267 1319 1397 1384 dies,
1419 1328 1525 1374 etc.
1559 1317 1805 1373 Nondum

236 1406 587 1461 consummati
627 1416 803 1473 erant,
849 1408 941 1461 sed
975 1423 1164 1462 eorum
1189 1425 1383 1464 cursus
1421 1409 1684 1481 agebatur
1712 1408 1805 1464 ad-

233 1498 351 1564 huc,
390 1510 522 1560 etc.,
552 1516 714 1569 usque
745 1500 813 1553 ad
844 1513 912 1554 ne
935 1501 1183 1556 venirent
1214 1500 1447 1557 Romani
1470 1511 1525 1557 ct
1556 1500 1804 1557 tollerent

232 1594 398 1649 locum
428 1604 482 1649 et
506 1604 744 1665 gentem.

302 1684 455 1740 Vens.
489 1686 585 1741 55.
610 1717 682 1726 —
702 1687 769 1740 Et
800 1703 918 1741 cum
966 1689 1184 1742 venisset
1233 1688 1302 1742 ad
1331 1688 1548 1759 gradus.
1593 1687 1806 1743 Gradus

232 1792 332 1831 non
354 1777 726 1833 descensionis
748 1777 814 1833 de
838 1778 1057 1850 templo,
1073 1781 1166 1835 sed
1193 1780 1523 1835 ascensionis
1554 1780 1608 1834 in
1623 1789 1803 1835 castra

232 1866 519 1937 signiﬁcat.

1898 662 2010 723 sed
2043 668 2372 722 consortium
2409 669 2641 723 civitatis
2670 677 2895 733 emerat,
2939 677 3000 722 ut
3019 675 3160 723 esset
3184 666 3478 738 particeps.

1912 760 2109 815 Paulus
2154 775 2219 815 eo
2268 762 2439 831 magis
2481 770 2600 816 erat
2646 763 2781 817 civis
2822 761 3119 825 Romanus,
3167 760 3309 831 quod
3372 772 3480 815 non

1912 853 2293 921 comparando,
2326 853 2420 907 sed
2447 854 2548 907 hoc
2577 855 2845 908 nascendo
2875 852 3124 908 habebat.

2470 989 2699 1046 CAPUT
2736 989 2919 1044 XXIII.

1996 1138 2144 1177 iens.
2192 1123 2244 1176 5.
2267 1153 2337 1162 -
2359 1120 2626 1179 Percutiet
2663 1134 2731 1177 te.
2785 1121 2964 1195 (Rm)
2996 1122 3115 1177 Non
3143 1121 3275 1177 dicit
3297 1137 3483 1192 pereu-

1910 1212 2025 1277 tiat,
2052 1212 2177 1282 quia
2203 1214 2482 1283 prophetia
2521 1224 2621 1277 est,
2657 1229 2759 1267 non
2789 1212 3112 1276 maledictio,
3145 1220 3273 1277 etc.,
3322 1227 3484 1282 usque

1910 1305 1979 1357 ad
2007 1305 2097 1357 sed
2130 1305 2479 1373 inspiratione
2507 1305 2684 1358 divina
2708 1304 2843 1358 dixit
2868 1302 3176 1372 Apostolus.

1981 1394 2142 1450 Vens.
2181 1396 2233 1449 5.
2256 1426 2326 1436 -—
2358 1396 2682 1460 Nesciebam,
2712 1395 2920 1465 fratres.
2953 1394 3010 1448 Id
3040 1400 3123 1448 est
3155 1408 3260 1447 non
3288 1406 3483 1461 cogno-

1910 1492 2123 1545 scebam
2164 1504 2283 1543 esse
2305 1489 2604 1554 Auaniam;
2629 1487 2710 1546 vel
2740 1487 3008 1542 subtiliter
3031 1486 3161 1542 dicit
3188 1499 3247 1539 se
3271 1485 3484 1539 nescire

1907 1583 2224 1654 principem,
2253 1584 2378 1652 quia
2413 1582 2772 1637 sacerdotium
2799 1580 3108 1636 Iudaeorum
3136 1572 3483 1650 reprobatum

1909 1686 2012 1731 est.

1980 1766 2141 1823 Vens.
2184 1769 2237 1823 9.
2263 1799 2333 1808 —
2355 1766 2494 1834 Quid
2535 1769 2581 1823 si
2619 1767 2833 1837 spiritus
2859 1766 2883 1818 ?
2910 1763 3092 1835 (ΗΑΒ.)
3139 1761 3239 1817 Hic
3264 1769 3487 1832 apparet

1905 1859 2059 1929 juxta
2095 1846 2479 1931 Hieronvmum
2514 1860 2827 1913 sadducazos
2874 1856 3121 1925 spiritum
3166 1870 3276 1908 non
3315 1852 3487 1907 confi-

296 1955 456 2013 V'Ens.
487 1958 578 2014 57.
603 1990 672 1999 —
694 1957 873 2015 Graece
903 1962 1084 2016 nosti?
1115 1960 1297 2033 (ΗΑΒ.)
1338 1960 1696 2032 Interrogatio
1724 1973 1807 2018 es;
1833 1944 1881 2004 B
1909 1952 2011 2006 teri
2047 1960 2103 2005 et
2122 1950 2361 2021 angelos,
2395 1958 2450 2005 et
2483 1950 2604 2004 ideo
2631 1947 2892 2002 Pharisaei
2926 1946 3174 2016 spiritum
3205 1942 3488 1997 nominant

226 2048 305 2103 vel
356 2048 667 2119 allirmatio,
717 2054 842 2122 quia
892 2053 973 2125 (ut
1029 2055 1272 2124 putatur)
1324 2054 1570 2110 tribunus
1617 2055 1804 2111 Graeca

225 2137 399 2208 lingua
425 2139 769 2211 loquebatur,
796 2144 899 2210 vel,
939 2159 1008 2200 ne
1031 2142 1202 2201 Judaei
1235 2155 1646 2216 cognoscerent.

290 2226 454 2286 Vens.
488 2228 579 2288 39.
603 2262 675 2273 —
700 2234 744 2286 A
788 2232 973 2301 Tarso,
995 2242 1102 2290 etc.
1153 2233 1290 2307 (Im)
1321 2235 1439 2303 Quo
1462 2246 1653 2308 captus
1680 2252 1799 2295 cum

222 2322 539 2391 parentibus
568 2325 966 2396 commigravit.

798 2458 1025 2517 CAPUT
1069 2422 1233 2517 ΠΗ.

290 2586 455 2643 Vens.
482 2582 538 2644 3.
560 2616 631 2630 --
653 2589 830 2645 Natus
860 2593 914 2646 in
942 2591 1124 2649 Tarso.
1153 2594 1329 2665 (Βευ.)
1352 2594 1520 2651 Natus
1544 2596 1599 2650 in
1613 2598 1806 2669 oppido

221 2668 454 2738 Galilazze
487 2682 686 2739 Giscali
713 2686 929 2741 nomine
973 2686 1076 2742 fuit
1104 2687 1320 2754 Paulus,
1366 2698 1495 2755 etc.,
1533 2668 1787 2763 usquead

221 2776 297 2831 sic
325 2773 597 2845 Christus,
646 2777 702 2832 in
729 2776 1006 2835 Bethleem
1051 2788 1230 2846 natus,
1256 2780 1568 2837 Nazarenus
1588 2791 1670 2838 est
1703 2798 1798 2853 ap-

218 2865 475 2935 pellatus.

289 2956 608 3014 zEmulator
654 2960 801 3032 legis.
845 2962 903 3016 In
933 2962 1121 3018 Graeco
1149 2981 1162 3017 :
1186 2964 1493 3020 xEmulator
1538 2967 1666 3038 legis
1704 2968 1805 3024 Dei

216 3053 511 3117 existentis,
559 3055 854 3109 secundum
909 3056 1075 3111 illud:
1099 3057 1470 3113 Testimonium
1500 3060 1603 3113 illis
1630 3063 1805 3131 per/ib

215 3142 334 3207 beo,
358 3143 503 3213 quod
529 3142 916 3199 wmulationem
931 3146 1025 3199 Dei
1048 3148 1258 3213 habent,
1280 3150 1368 3203 sed
1394 3166 1494 3203 non
1517 3152 1802 3207 secundum

214 3234 500 3288 scientiam
526 3232 701 3304 (Rom.
732 3236 809 3308 Χ).

289 3326 462 3383 VERS.
507 3326 559 3382 7.
581 3354 645 3369 -ο
671 3326 854 3394 Saule,
879 3328 1059 3384 Saule.
1102 3330 1285 3404 (ΚΑΒ.)
1322 3332 1577 3399 Quaedam
1620 3352 1804 3392 exem-
1831 3323 1877 3386 C

215 3420 393 3492 plaria
423 3420 662 3475 habent:
697 3420 851 3487 Saul,
881 3422 1035 3488 Saul,
1066 3434 1125 3479 ut
1150 3426 1467 3481 ostendatur
1489 3426 1557 3481 de
1585 3430 1805 3484 nomine

217 3511 403 3568 Saulis
433 3506 657 3567 Saulum
684 3514 1020 3569 nominatum
1048 3531 1189 3571 esse.

287 3604 459 3659 Vens.
492 3603 558 3658 ~9.
602 3633 673 3644 -—
710 3604 1021 3660 Audierant.
1085 3607 1207 3678 (Ιυ.)
1253 3609 1652 3676 Intellexerunt,
1709 3614 1802 3667 sed

219 3697 396 3752 solum
438 3711 632 3752 sonum
657 3697 807 3751 vocis
830 3696 1003 3764 Pauli,
1029 3698 1114 3754 vel
1143 3697 1261 3768 ejus
1285 3701 1378 3772 qui
1409 3701 1576 3756 Paulo
1620 3703 1802 3773 loque-

218 3784 401 3840 batur.

290 3878 459 3935 Vsns.
492 3879 580 3934 10.
606 3910 674 3919 --
698 3880 764 3933 Et
806 3882 895 3937 ibi.
940 3881 1073 3953 (Ιυ.)
1102 3883 1419 3954 Exemplum
1459 3885 1800 3949 humilitatis,

218 3980 413 4028 contra
442 3972 699 4029 doctores
731 3990 836 4027 non
871 3974 1202 4044 disputandi,
1240 3993 1339 4032 nec
1375 3979 1441 4033 de
1479 3979 1633 4033 nobis
1666 3996 1807 4050 pra:-

216 4064 497 4125 sumendi,
525 4063 675 4134 quasi
714 4079 742 4117 a
776 4063 883 4118 Deo
910 4064 1078 4118 simus
1105 4066 1303 4120 edocti.

286 4153 451 4210 Vsus.
491 4154 577 4208 15.
601 4142 675 4194 -έ
698 4154 860 4210 Saule
882 4155 1065 4226 frater,
1096 4160 1308 4228 respice.
1360 4159 1482 4233 (Ιυ.)
1513 4163 1625 4216 Duo
1652 4172 1807 4218 erant

215 4245 267 4301 in
309 4247 493 4303 oculis
535 4247 709 4315 Pauli,
748 4252 1040 4307 exaecatio
1092 4261 1146 4306 et
1191 4252 1514 4311 illuminatio
1547 4275 1557 4309 :
1591 4268 1647 4312 et
1684 4256 1805 4311 ideo

216 4342 414 4396 merito
447 4341 704 4395 credidit.

287 4436 453 4492 Vens.
512 4434 597 4489 14.
643 4465 711 4474 —-
752 4433 1136 4491 Prii-ordinavit
1172 4448 1239 4493 te.
1290 4439 1413 4510 (ln.)
1465 4440 1803 4498 Conveniens

215 4529 345 4595 ordo
366 4548 377 4582 :
406 4528 1015 4600 primo,pra-ordinatus
1040 4531 1089 4583 iu
1107 4532 1443 4601 praescientia
1470 4534 1560 4588 Dei
1580 4552 1593 4600 ;
1614 4536 1803 4591 deinde

1908 2052 1963 2097 et
2010 2041 2298 2112 angelum,
2352 2042 2477 2111 quia
2526 2042 2629 2096 hoc
2678 2046 2942 2095 noverant
2987 2036 3323 2092 contrarium
3364 2047 3487 2089 esse

1906 2132 2031 2187 illis.

1978 2224 2142 2280 Vens.
2190 2223 2278 2278 10.
2319 2253 2391 2264 --
2435 2223 2518 2278 Ne
2558 2221 2934 2290 discerperetur
2977 2218 3182 2276 Paulus
3229 2218 3294 2273 ab
3334 2218 3484 2286 ipsis.

1908 2314 2030 2386 ilo.)
2081 2314 2392 2371 Sadducaeis
2442 2313 2745 2368 volentibus
2808 2328 2932 2368 eum
2993 2325 3207 2381 rapere,
3266 2316 3354 2364 vel
3415 2308 3487 2364 ab

1907 2406 2152 2474 utrisque
2184 2404 2345 2459 simul
2379 2404 2850 2460 contendentibus.

1978 2496 2140 2552 Vens.
2176 2496 2262 2550 12.
2286 2526 2359 2536 -
2377 2496 2699 2549 Devoverunt
2726 2512 2781 2549 se
2799 2495 3056 2566 (dicentes.
3086 2492 3272 2548 Gmce
3290 2533 3306 2559 ,
3350 2507 3483 2547 ana-

1906 2589 2430 2644 thematizaverunt:
2463 2588 2566 2643 hoc
2595 2588 2819 2642 verbum
2847 2596 3064 2657 quantae
3089 2588 3160 2641 sit
3190 2586 3486 2641 auctorita-

1908 2682 1976 2737 tis
2014 2691 2215 2736 norunt
2255 2682 2349 2752 qui
2393 2683 2740 2736 anathemate
2784 2680 3104 2736 sacerdotali
3137 2696 3167 2734 a
3226 2680 3487 2735 societate

1907 2771 2107 2827 Christi
2136 2781 2189 2827 et
2212 2771 2469 2827 Ecclesia:
2497 2772 2823 2827 alienantur.

1978 2871 2140 2925 Vens.
2186 2869 2274 2923 25.
2297 2868 2584 2923 «Par-ate
2625 2867 2814 2922 milites
2852 2868 3123 2933 ducentos,
3156 2875 3258 2921 etc.
3303 2865 3486 2936 (ΗΑΒ.)

1908 2965 2022 3020 lIoc
2056 2964 2177 3019 ﬁeri
2198 2964 2373 3033 jubet,
2399 2979 2467 3016 ne
2490 2978 2611 3016 eum
2634 2961 2807 3016 Judaai
2838 2960 3133 3025 auferrent,
3159 2968 3216 3014 et
3250 2959 3365 3028 ipse
3391 2958 3487 3011 tri-

1906 3052 2084 3112 bunus
2132 3056 2374 3111 criminis
2419 3064 2767 3110 accusaretur
2817 3055 2956 3124 apud
3000 3054 3306 3124 praesidem,
3364 3061 3487 3105 tan-

1908 3163 2069 3216 quam
2121 3154 2441 3214 aeeepturus
2466 3148 2752 3214 pecuniam
2787 3161 2817 3199 a
2867 3145 3099 3211 Iudaeis,
3142 3153 3195 3200 et
3253 3143 3488 3213 pretium

1909 3237 2099 3292 mortis
2122 3236 2294 3290 Pauli.

2461 3305 2688 3362 CAPUT
2747 3304 2933 3359 XXIV.

1982 3422 2143 3477 Vens.
2177 3419 2264 3475 14.
2288 3450 2358 3462 -
2380 3418 2533 3474 Patri
2560 3430 2608 3474 et
2630 3420 2741 3475 Deo
2777 3437 2910 3475 meo.
2944 3419 3125 3493 (ΗΑΒ.)
3155 3417 3320 3490 Cujus
3347 3418 3486 3474 [ilius

1908 3516 2269 3579 dei‘uonstror,
2307 3527 2416 3568 non
2453 3529 2654 3579 servus,
2697 3521 2757 3566 ut
2805 3512 2859 3567 iu
2908 3511 3027 3567 aliis
3065 3511 3343 3566 codicibus
3384 3510 3484 3564 ha—

1905 3608 2079 3662 betur.

1976 3699 2140 3753 Vens.
2170 3697 2261 3753 21.
2285 3728 2352 3737 -
2375 3696 2498 3751 Nisi
2530 3699 2593 3751 de
2623 3714 2731 3753 una
2758 3698 2877 3752 hac.
2925 3696 3046 3767 (ln.)
3094 3694 3208 3749 Hoc
3247 3693 3487 3763 loquitur

1905 3806 1998 3863 per
2022 3789 2399 3859 antiphrasim,
2431 3790 2635 3843 sciebat
2661 3788 2805 3842 enim
2829 3789 2933 3842 hoe
2962 3787 3041 3840 eis
3067 3786 3310 3856 placere:
3330 3783 3486 3855 quasi

1905 3886 2051 3940 dicat
2074 3883 2207 3938 nihil
2246 3882 2510 3947 commisi,
2532 3882 2632 3935 nisi
2660 3882 2786 3950 quia
2809 3880 3095 3951 praedicavi
3126 3877 3270 3948 quod
3300 3886 3355 3932 et
3380 3877 3485 3948 ipsi

1906 3977 2153 4032 credunt.

1978 4069 2143 4122 Vens.
2193 4068 2283 4121 25.
2308 4068 2475 4122 —-De
2512 4068 2621 4121 suis
2659 4068 2977 4119 ministrare.
3033 4064 3155 4135 (11).)
3196 4063 3488 4133 Discipuli:

1906 4169 1961 4214 et
1986 4159 2180 4224 sociis;
2231 4159 2409 4224 aliter,
2461 4157 2624 4227 jussit
2672 4172 2779 4210 non
2824 4156 3112 4226 prohibere
3159 4169 3485 4224 quemquam

1906 4258 2215 4315 ministrare
2240 4257 2288 4310 ei
2320 4257 2387 4311 de
2421 4256 2533 4309 suis
2563 4256 2722 4309 rebus
2751 4252 2833 4309 vel
2861 4252 3226 4308 facultatibus.

1978 4352 2141 4407 Vsus.
2188 4350 2276 4405 25.
2302 4381 2372 4392 --
2399 4347 2788 4419 Tremefactus,
2816 4357 2945 4411 etc.,
2996 4357 3042 4401 et
3083 4363 3315 4417 sperans.
3358 4346 3481 4418 (ln.)

1909 4444 1998 4499 Sic
2024 4442 2187 4515 junge
2212 4462 2225 4499 :
2252 4442 2604 4497 tremefactus
2654 4449 2709 4495 et
2747 4455 2996 4510 sperans,
3028 4454 3125 4509 pro
3164 4438 3248 4492 his
3274 4438 3484 4493 duobus

1908 4537 2113 4592 dimisit
2141 4552 2265 4591 eum
2290 4534 2472 4589 liberae
2509 4534 2784 4598 custodite,
2831 4548 2943 4592 ora:
2971 4532 3164 4586 timore
3187 4530 3280 4584 Dei
3303 4539 3358 4584 et
3388 4544 3485 4599 spe

215 4622 501 4692 cognoscit
543 4622 823 4677 veritatem
850 4665 864 4687 ,
922 4624 1069 4677 videt
1114 4621 1347 4693 Justum,
1401 4627 1552 4681 audit
1598 4645 1665 4682 ex
1711 4644 1867 4697 ore_
1905 4628 2165 4697 pecuniae.
2216 4672 2237 4690 κ

218 4714 388 4784 ipsius
418 4733 433 4782 ;
464 4723 655 4785 postea
690 4715 750 4770 fit
786 4716 941 4771 testis
972 4732 1159 4773 eorum
1186 4734 1305 4787 qua:
1340 4722 1613 4791 cognovit,
1643 4716 1796 4788 vidit,
1829 4692 1881 4751 D
1907 4692 1921 4697 ’
1981 4716 2141 4772 Vsus.
2164 4716 2254 4771 27.
2277 4746 2346 4757 ——
2365 4715 2591 4786 Reliquit
2612 4712 2840 4767 Paulum
2865 4712 3112 4766 vinctum.
3140 4707 3262 4781 (ιο.)
3292 4707 3483 4764 Utrum

220 4811 454 4867 audivit.

287 4900 461 4958 Vens.
502 4901 589 4956 17.
613 4932 683 4941 —
708 4899 857 4956 Fieri
890 4919 972 4956 me
1004 4903 1059 4957 in
1089 4912 1297 4973 stupore
1321 4905 1520 4958 mentis.
1558 4904 1672 4960 lloc
1697 4922 1803 4961 non

218 5004 409 5049 narrat
455 4993 525 5047 ad
564 4992 885 5060 elationem,
936 4996 1026 5049 sed
1075 5004 1293 5064 propter
1325 4996 1719 5063 necessitatem,
1750 5006 1810 5052 ut

219 5085 472 5140 videatur
497 5084 720 5139 idoneus
743 5085 1114 5157 evangelizare
1138 5086 1404 5156 gentibus.

291 5175 464 5233 Vens.
493 5176 581 5231 20.
604 5206 675 5217 ——
698 5175 1108 5233 Consentiebam.
1145 5177 1460 5234 Conlitendo
1503 5182 1645 5250 quod
1677 5198 1805 5236 con-

221 5272 415 5337 sensit,
450 5278 601 5325 notat
632 5270 757 5340 quia
789 5286 896 5325 non
925 5271 1143 5336 occidit,
1181 5271 1287 5325 nisi
1322 5256 1531 5327 caedetis
1572 5274 1803 5342 accipia-

223 5373 315 5419 tur
338 5380 443 5435 pro
470 5364 740 5428 occidens,
770 5364 856 5418 vel
884 5365 1130 5420 occidere
1158 5380 1374 5419 curans.

290 5455 463 5511 Vens.
492 5456 581 5511 28.
608 5487 678 5497 -
700 5454 810 5525 Ego
837 5455 1002 5509 multa
1034 5472 1257 5509 summa.
1292 5454 1408 5509 Alia
1434 5455 1601 5509 editio
1638 5457 1805 5509 mani-

221 5550 418 5606 festius
464 5549 701 5604 insinuat
742 5550 870 5619 quid
911 5549 1107 5603 dixerit
1154 5549 1420 5603 tribunus.
1461 5547 1609 5602 Dixit
1638 5548 1805 5601 tribu-

220 5658 364 5698 nus:
393 5650 504 5695 tam
537 5642 695 5697 facile
720 5642 852 5696 dicis
881 5642 1051 5696 civem
1080 5641 1380 5695 llmuanum
1410 5650 1462 5696 te
1506 5657 1564 5695 es
1598 5640 1661 5695 e?
1704 5656 1806 5711 ego

220 5736 370 5790 enim
402 5743 602 5803 quanto
624 5734 795 5805 pretio
818 5734 1128 5788 civilitatem
1161 5734 1371 5803 possedi
1404 5733 1583 5787 istam.

293 5824 637 5881 Cirilitutem.
675 5825 731 5880 ld
757 5834 841 5879 est
878 5824 1131 5879 socialem
1174 5825 1314 5879 inter
1343 5825 1489 5880 cives
1524 5839 1810 5880 conversa-

222 5918 458 5983 tionem,
482 5918 561 5974 vel
593 5917 897 5993 reipublicae
937 5916 1476 5975 administrationem.
1524 5915 1640 5974 Non
1666 5919 1809 5977 enim

1907 4812 2056 4867 Felix
2098 4810 2285 4864 vivens
2329 4825 2396 4863 an
2440 4808 2678 4863 moriens
2702 4806 2929 4860 Paulum
2966 4801 3265 4874 reliquerit,
3309 4803 3487 4858 incer-

1910 4914 2022 4957 tum
2054 4912 2173 4969 est;
2225 4902 2319 4956 sed
2363 4913 2539 4955 tamen
2586 4899 2779 4953 melius
2828 4896 3061 4962 videtur,
3114 4896 3257 4966 quod
3298 4897 3485 4952 vivens

1910 4995 2107 5050 Judieis
2135 4992 2360 5062 gratiam
2392 4989 2723 5061 priestiterit.

2474 5130 2699 5187 CAPUT
2754 5128 2921 5184 XXV.

1984 5276 2141 5329 Vens.
2175 5273 2219 5324 l.
2250 5300 2323 5314 —
2368 5269 2555 5324 Festus
2583 5286 2702 5339 ergo
2744 5285 2861 5322 cum
2912 5269 3124 5322 venisset
3174 5268 3228 5319 in
3276 5266 3485 5337 provin-

1912 5367 2079 5427 ciam,
2130 5373 2233 5417 etc.
2275 5360 2457 5433 (ΗΑΒ.)
2498 5360 2798 5414 Palaestinae
2844 5359 3180 5429 provinciam
3230 5356 3485 5426 intellige,

1914 5458 2054 5511 sicut
2099 5455 2397 5509 Palaestina:
2447 5453 2705 5523 prmsides
2761 5454 2850 5507 alii
2891 5467 3103 5523 semper
3144 5452 3262 5505 aliis
3300 5465 3489 5505 succe-

1915 5550 2148 5603 dentesa
2179 5546 2435 5601 Romanis
2472 5547 2839 5602 mittebantur.

1984 5639 2147 5693 Vsus.
2188 5638 2272 5692 l8.
2298 5670 2367 5677 —
2398 5638 2470 5693 De
2509 5639 2714 5710 quibus,
2738 5649 2842 5692 etc.
2877 5636 3000 5709 (ln.)
3042 5636 3138 5690 His
3172 5633 3379 5698 causis,
3404 5633 3517 5713 vel‘

1916 5732 2099 5795 rebus,
2130 5731 2241 5785 sive
2272 5730 2449 5786 verbis
2480 5749 2492 5785 :
2528 5732 2593 5785 de
2621 5729 2815 5800 quibus
2844 5742 2944 5798 ego
2969 5723 3298 5794 suspicabar,
3328 5723 3380 5778 id
3407 5734 3491 5780 est

1916 5826 1985 5882 ab
2014 5825 2419 5881 accusatoribus
2457 5825 2853 5896 exspectabam,
2887 5821 2971 5877 vel
3009 5820 3148 5875 mala
3194 5820 3259 5875 de
3295 5819 3489 5890 quibus

1919 5919 2263 5991 suspicabar;
2317 5918 2495 5988 aliter,
2529 5917 2595 5974 de
2618 5917 2831 5990 quibus,
2864 5914 2917 5970 id
2962 5921 3046 5973 est
3088 5912 3489 5971 accusatoribus
