3958 6314
456 473 558 540 46⁷

955 483 1348 541 WALAFRIDI
1389 483 1636 542 STRABI
1674 487 1879 546 FULD.
1925 491 2090 550 MON.
2133 494 2288 551 OPP.
2328 493 2510 549 PARS
2549 492 2589 548 I.
2633 522 2701 532 -—
2741 490 3204 550 THEOLOGICA.

3633 490 3737 548 468

457 595 774 666 suspicabar
810 594 1012 668 malum
1056 614 1067 650 :
1117 579 1243 666 quia
1299 596 1506 654 nullam
1555 614 1776 656 causam
1824 602 2040 673 dignam
2070 611 2122 673 Α
2219 607 2300 660 Ad
2345 607 2605 678 Africum,
2631 615 2736 661 etc.
2786 603 3002 662 Africus
3049 614 3157 660 stat
3196 605 3341 660 inter
3376 605 3736 661 meridianam

457 696 631 744 morte
657 687 990 744 deferebant.

525 779 688 835 Vens.
723 780 810 856 19.
833 775 905 822 -'—-
928 779 1040 837 Sua
1065 784 1453 854 superstitione.
1483 784 1668 859 (Rara)
1713 785 2036 857 Amborum,

453 871 507 927 111
536 883 620 943 est
645 873 796 929 Pauli
831 882 887 930 et
909 872 1220 932 Iudaeorum
1265 877 1440 951 legem
1477 880 1710 936 vocabat
1761 883 2028 952 supersti-

451 964 676 1022 tionem.

525 1055 685 1112 Verts.
736 1056 922 1112 23.—
950 1057 1084 1114 Cum
1123 1063 1292 1116 multa
1332 1061 1633 1123 ambitione.
1684 1064 1805 1136 (11).)
1853 1065 1908 1119 Id
1955 1076 2042 1122 est

447 1147 620 1204 multa
663 1148 818 1204 turba
856 1150 1130 1208 ambiente
1178 1167 1296 1220 eos,
1353 1153 1438 1209 vel
1470 1171 1590 1211 cum
1626 1155 1794 1212 multo
1824 1157 2033 1214 deside-

446 1241 530 1296 rio
552 1239 780 1298 Paulum
824 1243 1096 1300 audiendi.
1146 1243 1254 1302 Pro
1293 1248 1590 1306 ambitione
1635 1249 1690 1305 in
1718 1248 1909 1306 Graeco
1938 1266 2035 1322 po-

445 1333 596 1389 nitur
642 1335 971 1424 phantasia,
1038 1335 1092 1392 id
1139 1347 1225 1398 est
1291 1341 1572 1414 multiplex
1640 1353 1932 1413 apparatus
1985 1350 2040 1398 et

444 1445 644 1504 pompa
671 1431 870 1504 regalis
893 1429 1052 1488 ofﬁcii
1097 1449 1111 1487 :
1147 1448 1254 1506 qua
1292 1431 1440 1490 illam
1491 1437 1763 1494 ambiente
1799 1439 2039 1512 undique

445 1523 770 1606 stipabatur.
1577 1539 1586 1550 -

999 1657 1228 1717 CAPUT
1283 1659 1476 1718 XXVI.

517 1787 682 1844 Vnus.
707 1787 760 1845 8.
787 1819 858 1830 —
881 1785 1022 1855 Quid
1059 1789 1363 1844 incredibile
1387 1791 1412 1844 .9
1434 1789 1617 1864 (11111.)
1640 1791 1738 1848 Vel
1767 1793 1846 1848 sic
1872 1809 1884 1846 :
1920 1792 2035 1848 Rex

443 1882 572 1958 quid
617 1879 790 1937 dicis?
841 1879 1160 1936 incredibile
1199 1881 1477 1951 iudicatur
1521 1883 1664 1954 apud
1712 1883 1846 1939 vos?
1894 1893 2025 1950 etc.,

440 1973 860 2047 interrogando,
929 1973 1080 2043 quasi
1134 1973 1279 2028 dicat
1321 1992 1333 2026 :
1379 1973 1496 2029 Non
1544 1983 1629 2030 est
1680 1975 2018 2033 incredibile.
2058 1979 2104 2038 Β

442 2065 740 2124 Suscitavit
761 2066 976 2137 quidem
1001 2077 1125 2120 ante
1150 2075 1392 2123 mortuos
1427 2069 1478 2122 in
1506 2069 1812 2138 exemplum
1841 2068 2028 2136 futuri,

439 2159 524 2216 vel
555 2159 802 2215 suscitat.

505 2253 676 2310 Vens.
716 2253 801 2309 I0.
826 2285 896 2296 ——
916 2251 1049 2308 Cum
1093 2251 1455 2309 occiderentur
1484 2252 1670 2309 detulit
1699 2253 2028 2310 sententiam.

439 2346 566 2422 (11).)
595 2347 712 2402 Alia
742 2347 908 2403 editio
937 2366 950 2401 :
981 2347 1414 2419 Occidendisque
1453 2347 1646 2402 detulit
1682 2347 2029 2413 sententiam,

437 2441 492 2496 id
535 2450 618 2496 eSt
665 2440 899 2512 qualiter
934 2440 1313 2495 occiderentur
1354 2440 1470 2510 ipse
1519 2439 1845 2495 sententiam
1886 2437 2028 2494 dedi.

439 2536 616 2591 Detuli
671 2537 1002 2591 sententiam.
1045 2516 1299 2591 ‘Judicavi
1337 2534 1457 2592 illos
1493 2535 1824 2593 occidendos.
1863 2553 1875 2588 :
1923 2549 2028 2589 non

436 2627 514 2682 ait
553 2627 749 2693 occidi,
791 2627 894 2682 nisi
937 2626 1076 2682 forte
1106 2627 1171 2682 ad
1213 2627 1542 2683 occisionem
1589 2629 1858 2697 pertineat
1887 2628 2030 2700 quod

436 2717 683 2790 sequitur
707 2739 718 2773 :
753 2718 982 2775 Punicus
1004 2737 1113 2786 eos,
1145 2728 1274 2786 etc.,
1297 2730 1347 2776 et
1361 2720 1588 2792 amplius
1609 2723 1896 2786 insaniens,
1919 2731 2026 2778 etc.

510 2813 672 2870 Vens.
735 2815 823 2868 14.
855 2845 927 2855 --
967 2815 1162 2870 Contra
1205 2813 1496 2872 stimulum.
1562 2814 1684 2888 (11).)
1739 2815 2029 2886 [lucusque

437 2907 553 2962 sine
591 2905 824 2982 stimulo
870 2905 1140 2972 restitisti,
1188 2907 1280 2961 sed
1324 2921 1471 2960 nunc
1505 2907 1549 2962 si
1591 2907 1802 2961 resistis
1840 2917 2028 2962 contra

436 2999 716 3056 stimulum
748 2999 1084 3065 calcitrahis,
1131 3001 1274 3069 quod
1305 3001 1437 3055 satis
1465 2999 1659 3056 durum
1691 3011 1793 3057 est.
1827 3000 2028 3056 Stimu-

435 3091 522 3148 Ius
552 3101 638 3148 est
663 3094 776 3167 ipsa
803 3095 1089 3149 correctio.

508 3182 741 3243 Insanis,
765 3179 954 3238 Paule.
988 3183 1451 3256 (BED.)Insaniam
1479 3193 1655 3254 putat,
1687 3184 1828 3254 quod
1861 3185 2022 3239 homo

434 3276 652 3331 vinctus
696 3276 814 3332 loco
863 3276 1185 3334 defendendi
1230 3291 1478 3348 accepto,
1506 3287 1638 3344 etc.,
1667 3295 1830 3349 usque
1863 3279 1934 3332 ad
1969 3288 2026 3334 et

2145 699 2356 772 plagam
2388 708 2444 754 et
2479 699 2892 768 occidentalem,
2918 698 3094 771 magis
3129 712 3358 770 vergens
3385 697 3456 752 ad
3485 697 3740 754 occiden-

2145 792 2338 859 talem;
2359 791 2532 848 Corus
2562 792 2703 846 inter
2725 791 3202 862 septentrionalem
3233 804 3288 847 et
3314 790 3736 860 occidentalem,

2143 885 2264 954 plus
2285 882 2526 940 deﬂexus
2555 883 2622 938 ad
2663 883 3037 948 occidentem;
3071 891 3126 937 et
3149 882 3434 954 provincia
3460 881 3740 939 Pluenicis

2141 975 2358 1032 Cretam
2386 977 2621 1033 habebat
2649 977 2715 1031 ad
2741 976 3102 1032 occidentem.

2213 1069 2378 1124 Vens.
2425 1070 2512 1126 15.
2549 1069 2832 1124 -Αδεοιι
2890 1067 3075 1141 (111111.)
3113 1066 3318 1122 Nomen
3365 1075 3454 1122 est
3504 1066 3611 1122 loci
3657 1066 3740 1122 sic

2140 1162 2354 1228 vocati,
2396 1161 2524 1234 quia
2565 1161 2690 1218 inde
2725 1159 3077 1216 solvebantur
3121 1171 3285 1214 naves
3323 1158 3380 1212 in
3417 1172 3572 1213 mare
3611 1172 3740 1228 pro-

2139 1257 2470 1328 gredientes.
2727 1311 2737 1322 _

2213 1347 2376 1404 Vens.
2411 1346 2498 1404 14.
2536 1379 2606 1389 --
2635 1345 2986 1419 Typhonicus.
3023 1343 3142 1398 Alia
3174 1342 3460 1398 translatio
3492 1356 3508 1396 :
3541 1352 3741 1398 ventus

2141 1449 2562 1513 tempestuosos.

2211 1535 2558 1608 Euroaquilo.
2617 1535 2800 1608 (11111.)
2849 1531 2907 1590 Id
2947 1541 3032 1590 est
3075 1531 3295 1594 Boreas,
3351 1537 3549 1584 ventus
3592 1528 3739 1583 inter

2139 1631 2447 1702 aquilonem
2482 1638 2536 1685 et
2567 1629 2868 1691 orientem;
2920 1626 3010 1680 hic
3041 1633 3234 1680 ventus
3271 1629 3396 1678 erat
3425 1620 3737 1677 contrarius

2137 1723 2262 1777 navi
2289 1721 2619 1793 navigatura:
2650 1717 3040 1774 111Ρ11ωο10011.

2210 1813 2374 1871 Vens.
2405 1814 2488 1868 17.
2513 1841 2582 1853 -
2603 1810 2818 1883 Syrtim.
2850 1809 2974 1882 (ln.)
3005 1807 3267 1880 Angustia
3297 1808 3411 1863 sive
3443 1804 3733 1862 tribulatio

2140 1905 2338 1960 dicitur
2361 1903 2559 1978 Syrtis.

2207 2020 2369 2078 VERS.
2417 2020 2508 2076 21.
2533 2050 2604 2060 -
2633 2017 2918 2090 Oportebat
2959 2017 3192 2094 quidem,
3235 2024 3339 2071 etc.
3408 2013 3537 2086 (In.)
3567 2011 3734 2080 Quasi

2133 2113 2318 2168 dicat:
2363 2113 2533 2179 Deum
2582 2129 2692 2172 non
2733 2113 2980 2176 audistis,
3026 2111 3172 2182 quod
3206 2125 3371 2182 supra
3411 2107 3732 2164 hortabatur

2133 2223 2226 2262 eos
2247 2207 2482 2276 Paulus;
2518 2207 2604 2266 vel
2631 2207 2917 2278 oportebat
2955 2222 3041 2262 me
3083 2204 3290 2270 audito,
3339 2204 3396 2260 id
3423 2213 3511 2268 est
3535 2212 3600 2260 ut
3639 2218 3734 2258 au—

2133 2300 2323 2356 diretis
2351 2314 2456 2355 me.

2205 2413 2366 2469 Vens.
2407 2414 2496 2469 26.
2523 2445 2594 2454 -
2622 2412 2688 2467 In
2725 2412 2955 2470 insulam
3002 2421 3176 2474 autem
3201 2410 3490 2480 quamdam
3525 2415 3729 2479 Oportet

2133 2526 2226 2564 nos
2259 2509 2516 2563 devenire.
2548 2506 2673 2579 (11).)
2707 2505 2872 2574 Quasi
2915 2503 3059 2561 dicat
3090 2501 3234 2560 :Pro
3261 2504 3416 2575 signo
3463 2510 3550 2556 est
3596 2516 3720 2572 pro-

2130 2602 2315 2672 phetia
2367 2599 2612 2655 veritatis
2670 2600 2736 2653 de
2778 2599 2976 2662 insula,
3017 2607 3095 2663 111,
3131 2611 3258 2652 cum
3288 2595 3356 2650 ad
3385 2595 3536 2650 illam
3571 2608 3729 2649 vene-

2132 2695 2260 2751 rint.
2289 2695 2354 2750 de
2377 2693 2551 2748 salute
2581 2708 2678 2748 sua
2705 2692 2842 2748 certi
2879 2692 3008 2747 sint.

2203 2807 2370 2864 Vens.
2401 2805 2491 2860 27.
2520 2836 2590 2846 —
2625 2804 2694 2860 In
2727 2804 2913 2859 Adria.
2953 2803 3124 2876 Regio
3154 2809 3240 2859 est
3267 2800 3334 2856 ad
3360 2813 3530 2870 quam
3574 2799 3726 2854 navi-

2132 2897 2367 2972 gabant";
2419 2896 2526 2962 vel,
2580 2911 2776 2952 nomen
2826 2895 3104 2966 cujusdam
3161 2893 3285 2949 freti
3347 2893 3401 2947 in
3442 2891 3724 2963 Tyrrhene

2131 2990 2294 3054 mari,
2325 3005 2417 3044 seu
2452 2987 2632 3059 potius
2669 2987 2882 3041 videtur
2917 3000 3114 3041 nomen
3149 2981 3292 3039 illius
3330 2993 3492 3038 terra:
3521 2982 3589 3036 de
3617 2995 3723 3052 qua

2135 3081 2441 3137 Adriaticus
2490 3081 2640 3134 sinus
2684 3087 2932 3135 vocatur.
2983 3075 3174 3140 Aliter,
3229 3075 3394 3130 Adria
3444 3072 3727 3146 pluraliter

2131 3176 2396 3246 accipitur
2436 3188 2536 3245 pro
2571 3171 2842 3242 scapulis,
2875 3180 2930 3226 et
2969 3171 3094 3226 ideo
3122 3167 3386 3240 putabant
3421 3173 3602 3224 nauta:
3641 3179 3727 3221 re-

2132 3269 2348 3338 gionem
2396 3277 2678 3336 apparere.
2731 3263 2788 3318 In
2833 3263 2973 3316 libro
3019 3261 3370 3316 Hebraeorum
3417 3258 3723 3322 nominum,

435 3367 708 3440 Propheta
732 3387 746 3422 :
781 3359 906 3422 Non
933 3371 1156 3441 respexit
1199 3371 1254 3424 in
1282 3372 1534 3428 vanitates
1563 3380 1610 3424 et
1641 3370 1877 3424 insanias
1920 3370 2024 3439 fal-
2053 3365 2099 3428 C
2131 3357 2320 3422 Αάτίῧν
2341 3355 2626 3412 continens
2654 3353 2819 3420 mala,
2845 3352 2932 3408 "el
2957 3353 3107 3408 lOCHS
3137 3350 3402 3412 malorum
3429 3349 3650 3405 dieitur-

434 3478 521 3515 sas
553 3458 727 3532 (Psal.
766 3461 956 3533 xxxu)

511 3552 674 3608 Vnus.
705 3552 799 3607 24.
823 3585 895 3594 -
926 3553 1112 3608 Multa:
1143 3563 1210 3608 te.
1243 3553 1424 3626 (111111.)
1445 3551 1759 3624 Philosophi
1785 3554 2025 3625 gentium

435 3645 605 3701 multa
651 3647 879 3714 legendo
928 3655 1105 3701 sectas
1149 3645 1573 3707 commutabant.
1626 3645 1708 3700 Ad
1739 3647 2027 3713 insan’am,

437 3735 664 3791 subaudi
732 3736 1101 3792 mutabilitati:
1135 3753 1150 3803 ;
1192 3735 1275 3792 vel
1309 3735 1576 3792 insaniam
1609 3737 1743 3792 dicit
1786 3753 2030 3793 resurre-

437 3828 671 3884 ctionem
708 3835 1066 3894 mortuorum,
1096 3843 1262 3900 quam
1297 3827 1606 3886 annuntiat.

987 3983 1218 4040 CAPUT
1255 3982 1468 4040 XXVII.

509 4115 670 4174 Vsus.
681 4119 704 4174 1
717 4158 730 4171 .
744 4149 814 4159 -
831 4114 900 4172 Ut
914 4128 1089 4174 autem
1095 4119 1125 4190 j
1131 4119 1399 4174 udicatum
1413 4129 1488 4174 est
1501 4136 1618 4174 eum
1637 4136 1904 4192 navigare,
1917 4129 2024 4176 etc.

436 4213 492 4268 In
512 4211 704 4268 Graeco
728 4229 741 4266 :
770 4211 838 4268 Ut
861 4211 1160 4282 judicatum
1183 4221 1268 4268 est
1295 4228 1392 4268 nos
1420 4213 1674 4284 navigare
1707 4212 1760 4266 in
1790 4211 2023 4279 Italiam,

438 4304 779 4360 tradiderunt
811 4301 1039 4358 Paulum
1080 4302 1423 4374 etiquosdam
1475 4303 1612 4358 alios
1650 4303 1862 4358 vinctos
1903 4318 2026 4357 cen-

438 4395 661 4450 turioni.

510 4488 677 4544 Vens.
695 4487 749 4546 2.
768 4486 1274 4541 —Adrumetinam.
1309 4485 1492 4558 (11η.)
1515 4485 1570 4540 Id
1593 4493 1677 4540 est
1706 4485 1770 4540 ad
1797 4483 2026 4541 Romam

439 4581 786 4652 navigantem
815 4593 980 4634 secun
1001 4580 1110 4631 tum
1137 4576 1422 4647 quosdam,
1456 4577 1548 4630 sed
1581 4575 1776 4631 melius
1807 4575 2026 4630 deriva-

441 4681 531 4732 tur
544 4673 611 4733 de
632 4671 852 4726 nomine
867 4665 1312 4723 civitatisAfricae
1324 4681 1445 4735 (111εο
1469 4665 1782 4726 Adrumetis
1804 4666 2024 4722 dicitur.

513 4759 677 4816 Vens.
706 4760 760 4816 5.
784 4789 857 4801 -—
900 4755 1146 4814 Venimus
1171 4755 1432 4828 Lystram.
1469 4755 1646 4828 (Bt-zu.)
1676 4756 1781 4812 Pro
1809 4757 2024 4828 Lystra,
2057 4735 2108 4794 Β

445 4856 500 4910 10
540 4851 732 4920 Graeco
779 4849 1010 4921 Smyrna
1055 4847 1316 4922 scriptum
1350 4857 1454 4902 est.
1505 4845 1866 4919 Hieronymus
1901 4864 2029 4904 vero

445 4946 719 5019 Myrrham
753 4943 924 5013 ponit.

516 5039 681 5094 Vens.
732 5037 786 5092 9.
827 5067 897 5076 —
941 5035 1234 5106 Jejunium.
1275 5032 1456 5104 (11111.)
1499 5029 1693 5088 Fames
1747 5048 1935 5104 magna
1974 5034 2027 5088 in

447 5131 660 5200 navigio
716 5126 1045 5182 infirmiores
1100 5127 1330 5182 reddens
1407 5133 1619 5181 nautas.
1675 5126 1774 5179 Alii
1843 5125 2028 5182 dicunt

447 5213 800 5288 tupc'fuisse
854 5219 1323 5290 quadragesimum
1393 5227 1520 5271 ante
1567 5216 1744 5270 natale
1791 5217 2025 5282 Domini,

445 5317 588 5388 quod
626 5329 732 5370 non
765 5321 848 5368 est
890 5309 1185 5384 probabile.
1226 5308 1415 5366 Melius
1443 5308 1708 5379 jejunium
1739 5308 2024 5378 septimum

447 5406 748 5480 putandum
798 5413 900 5468 est,
956 5403 1009 5458 in
1061 5417 1168 5472 quo
1219 5402 1432 5456 occisus
1463 5409 1582 5454 erat
1607 5397 1879 5454 Godolias.
1931 5397 2028 5454 Vel

447 5503 565 5555 dies
600 5497 796 5570 jejuuii
843 5495 1036 5550 decimi
1079 5494 1130 5548 in
1175 5492 1458 5558 Januario,
1506 5491 1724 5564 quando
1761 5507 2028 5563 cognove-

451 5601 573 5646 runt
629 5593 684 5646 in
736 5587 1009 5660 Babylone
1067 5583 1266 5658 captivi
1325 5583 1584 5655 templum
1647 5597 1768 5640 esse
1822 5584 2034 5640 destru-

448 5695 613 5738 ctum.

522 5775 684 5829 Vsus.
731 5771 819 5827 12.
842 5802 914 5812 -
934 5767 1180 5836 Portum,
1211 5778 1319 5824 etc.
1373 5767 1495 5840 (11).)
1523 5766 1720 5824 Portus
1747 5767 1922 5825 Cretae
1950 5770 2032 5826 di-

449 5869 592 5923 c‘tur
633 5866 725 5936 qui
757 5873 841 5920 est
871 5864 924 5920 in
947 5863 1206 5919 Phoenice
1254 5877 1284 5916 e
1313 5861 1532 5933 regione
1559 5860 1771 5918 Crctte:
1818 5872 2030 5932 portum

453 5969 633 6017 autem
659 5956 832 6015 Cretae
855 5957 1130 6029 petebant,
1165 5953 1292 6030 quia
1321 5953 1536 6010 Cretam
1577 5953 1920 6013 navigabant.

2202 3469 2362 3526 Vens.
2415 3469 2504 3523 '55-.
2527 3500 2598 3510 —
2622 3465 2838 3524 Sumere
2881 3465 3074 3521 cibum.
3125 3463 3305 3537 (Βευ.)
3337 3463 3513 3522 Nemo
3543 3462 3723 3520 saeculi

2132 3569 2484 3634 tempestates
2523 3561 2720 3623 evadit,
2765 3559 2869 3614 nisi
2907 3557 2998 3629 qui
3037 3572 3174 3630 pane
3216 3556 3340 3610 vitae
3377 3556 3644 3626 pascitur,
3671 3561 3726 3610 et

2129 3655 2222 3727 qui
2271 3654 2322 3706 111
2363 3657 2523 3707 00010
2560 3649 2992 3715 tribulationum,
3042 3647 3343 3720 sapientiae,
3393 3645 3723 3712 fortitudini,

2131 3743 2505 3816 temperantiae
2552 3751 2607 3798 et
2657 3742 2882 3812 Justituc
2936 3739 3210 3803 innititur,
3263 3739 3468 3794 auxilio
3511 3738 3725 3796 Doruiui

2130 3842 2451 3896 coruscaute
2498 3841 2715 3904 portum
2765 3833 2955 3890 salutis
3003 3830 3377 3902 consequitur,
3413 3831 3486 3886 ita
3529 3842 3588 3886 ut
3626 3847 3726 3887 sa:-

2129 3931 2252 3988 culo
2287 3929 2595 4001 expeditus,
2643 3925 2919 3982 ﬂammam
2967 3923 3274 3982 dilectionis
3315 3939 3422 3995 qua
3473 3923 3727 3979 ealeliunt

2130 4023 2388 4080 interiora
2401 4063 2415 4087 ,
2445 4028 2673 4091 quierat.

2199 4117 2364 4171 Vens.
2403 4111 2825 4168 37.—Eramus
2854 4110 3110 4166 universae
3141 4109 3354 4164 animtr.
3388 4105 3576 4181 (11η.)
3607 4105 3720 4162 Non

2129 4212 2206 4266 ait
2237 4210 2359 4273 viri,
2389 4206 2516 4278 quia
2548 4205 2782 4260 fortasse
2829 4211 2988 4260 erant
3022 4211 3077 4258 et
3120 4201 3415 4270 mulieres;
3457 4201 3564 4268 vel,
3596 4217 3720 4273 pro-

2130 4312 2252 4376 pter
2280 4300 2651 4357 confusionem
2677 4297 3132 4360 Christianorum,
3169 4291 3407 4352 militum
3443 4305 3501 4352 et
3531 4305 3722 4352 nauta-

2131 4410 2249 4450 rum
2286 4394 2358 4448 ita
2396 4392 2615 4448 dicitur.

2201 4487 2365 4545 Vens.
2395 4485 2484 4542 41.
2517 4515 2587 4525 -
2611 4475 2992 4536 Bithalassum.
3023 4477 3201 4552 (1101).)
3229 4479 3718 4536 GrteciThalassan

2128 4588 2326 4636 vocant
2377 4591 2548 4640 mare,
2588 4582 2718 4639 etc.,
2753 4591 2913 4644 usque
2955 4572 3024 4627 ad
3067 4581 3123 4628 et
3169 4587 3318 4628 mare
3351 4591 3381 4626 a
3411 4569 3719 4628 (1110010111-

2132 4675 2276 4730 citur
2297 4673 2614 4730 Thelasson.

2671 4781 2895 4836 CAPUT
2933 4780 3164 4836 XXVIII.

2223 4945 2386 4999 Vens.
2433 4944 2489 4999 ‘2.
2521 4974 2584 4984 ——
2612 4939 2776 5014 Pyra.
2809 4941 2992 5014 (11111.)
3035 4939 3263 5008 Quidam
3308 4938 3496 4994 dicunt
3530 4953 3716 5010 pyram

2139 5052 2336 5093 nomen
2373 5036 2498 5106 ligni
2527 5049 2667 5090 esse.

2216 5127 2379 5182 Vens.
2411 5127 2464 5182 8.
2492 5158 2563 5168 —
2585 5123 2893 5200 Dysenleria
2923 5126 3006 5182 vel
3043 5125 3218 5198 dysin.
3249 5123 3428 5197 (Rem)
3471 5125 3566 5180 Est
3594 5139 3718 5196 pas-

2133 5221 2214 5275 sio
2255 5219 2657 5274 intestinorum.
2698 5217 2930 5274 Salvavit
2979 5235 3118 5273 eum.
3171 5217 3281 5272 Cur
3315 5216 3586 5272 inﬁdelem
3637 5217 3715 5270 in-

2137 5311 2348 5366 ﬁrmum
2393 5325 2551 5380 prece
2588 5310 2781 5378 salvat,
2821 5311 2910 5380 qui
2943 5305 3307 5376 Timotheum,
3340 5309 3716 5380 Tmphimum-

2133 5418 2238 5473 que
2291 5403 2532 5457 intirmos
2574 5401 2758 5459 fideles
2789 5403 2866 5457 sic
2908 5409 3121 5465 tractat,
3155 5409 3214 5455 ut
3248 5415 3414 5455 unum
3443 5408 3618 5462 curet,
3642 5400 3714 5454 al-

2135 5507 2308 5552 terum
2351 5494 2662 5566 relinquat?
2701 5496 2807 5551 nisi
2843 5496 2970 5568 quia
3000 5495 3087 5550 ille
3113 5509 3212 5565 per
3239 5491 3554 5548 miraculum
3587 5490 3714 5545 foris

2134 5587 2408 5646 sanandus
2438 5593 2574 5655 erat,
2625 5589 2716 5662 qui
2757 5589 2985 5648 interius
3029 5603 3134 5644 non
3170 5587 3424 5642 vivebat:
3465 5587 3567 5641 hoc
3617 5601 3709 5637 au-

2139 5689 2246 5736 tem
2282 5697 2388 5736 non
2418 5681 2769 5753 indigebant,
2801 5681 2892 5753 qui
2931 5682 3074 5736 intus
3117 5678 3408 5735 salubriter
3444 5677 3708 5730 vivebant.

2213 5774 2374 5828 Vens.
2404 5769 2859 5829 l'5.—Puteolos.
2901 5771 3108 5830 Puteoli
3138 5773 3288 5829 locus
3312 5780 3394 5828 est
3421 5771 3562 5826 ultra
3605 5767 3707 5822 Ilo.

2143 5881 2283 5919 mam
2331 5866 2420 5921 ubi
2475 5867 2727 5937 Virgilius
2775 5867 2901 5923 fecit
2945 5867 3136 5923 balnea
3189 5863 3551 5928 medicinalia,
3599 5861 3706 5916 sine

2141 5957 2264 6032 gula
2326 5959 2560 6031 propriis
2605 5960 2862 6032 inscripta
2925 5961 3094 6016 titulis
3135 5961 3214 6026 (ut
3261 5957 3482 6031 dicitur)
3519 5959 3705 6013 contra
