3958 6314
469 398 570 456 171

966 403 1359 459 WALAFRIDI
1396 403 1645 460 STRABI
1682 403 1890 462 FULD.
1932 401 2099 460 MON.
2138 400 2289 460 OPP.
2330 404 2513 461 PARS
2546 405 2589 461 I.
2627 435 2695 445 -—
2732 402 3195 461 THEOLOGICA.

3640 404 3754 459 472

473 520 576 574 sub
599 519 715 590 lege
745 533 925 589 agerc.
952 515 1061 573 Pro
1084 521 1292 576 nomine
1310 520 1443 592 ejus.
1466 520 1572 578 Pro
1589 520 1711 592 ejus
1730 520 1922 593 gloria,
1946 535 2052 576 non
2080 524 2132 582 Α
2156 519 2342 576 Justus
2365 532 2537 576 autem
2561 538 2625 577 ea:
2649 539 2749 577 sua
2774 522 2879 593 ﬁde
2907 522 3059 577 vivet.
3094 520 3201 577 Sed
3226 523 3333 578 hoc
3357 533 3414 578 et
3439 521 3568 578 talia
3593 522 3757 593 plura

471 623 660 671 nostra
694 614 834 669 sicut
858 628 952 669 vos
980 614 1178 669 facilis.

549 708 712 764 Vsus.
756 706 810 761 6.
860 738 930 747 —
983 706 1167 762 Vocati
1206 707 1335 762 Iesu
1371 705 1584 764 Christi.
1618 709 1677 764 Id
1720 718 1803 764 est
1850 710 1916 765 ab
1956 724 2053 773 eo,

473 803 681 859 scilicet
717 800 845 857 Iesu
888 800 1124 857 Christo.
1162 800 1443 858 Genitivus
1485 818 1585 874 pro
1626 803 1863 858 ablativo
1904 816 2057 858 more

475 893 685 949 Graeco.

546 988 709 1042 Vens.
744 986 797 1041 7.
823 1016 896 1028 —
930 985 1143 1043 Vacatis
1174 988 1389 1043 sanctis.
1420 985 1540 1043 Non
1579 987 1701 1043 ideo
1726 987 1903 1042 vocati
1931 996 2057 1044 sunt

470 1079 596 1149 quia
627 1077 831 1145 sancti,
876 1077 972 1133 sed
1017 1078 1138 1133 ideo
1173 1078 1345 1134 sancti
1389 1076 1565 1133 effecti
1599 1077 1727 1148 quia
1746 1078 1963 1134 vocati:
2001 1086 2057 1132 et

471 1172 593 1228 ideo
620 1172 821 1237 vocati,
849 1173 978 1242 quia
1008 1170 1210 1227 dilecti.

542 1266 706 1323 Vens.
731 1266 785 1321 8.
815 1297 885 1306 —
906 1264 1118 1320 Gratias
1147 1280 1266 1335 ago.
1302 1262 1522 1319 Gratias
1547 1277 1710 1335 agere
1735 1273 1823 1318 est:
1849 1263 2056 1319 sentire

467 1357 649 1412 omnia
687 1372 719 1411 a
756 1357 865 1412 Deo
900 1355 1025 1411 data
1055 1370 1211 1422 esse,
1252 1365 1309 1411 et
1343 1371 1443 1427 pro
1476 1371 1543 1412 eo
1586 1355 1809 1411 laudare
1855 1354 2053 1433 corde,

386 1524 399 1532 ὀ
471 1466 606 1506 voce
636 1459 692 1506 et
720 1465 903 1520 opere.

537 1544 648 1599 Deo
679 1560 810 1598 meo.
838 1542 1017 1613 (Auo.,
1047 1543 1139 1599 lib.
1170 1540 1488 1613 deOvibus.)
1516 1542 1634 1598 Non
1655 1544 1801 1599 enim
1824 1556 1927 1598 vox
1950 1542 2055 1599 ista

465 1649 588 1690 esse
627 1642 806 1706 potest
837 1635 941 1689 nisi
968 1641 1314 1699 sanctorum,
1364 1649 1594 1703 quorum
1638 1632 1783 1689 Deus
1823 1633 2053 1699 dicitur,

466 1728 610 1783 sicut
635 1726 780 1783 Dens
807 1727 1102 1791 Abraham,
1131 1725 1301 1792 Isaac,
1326 1733 1383 1781 et
1405 1724 1590 1781 Iacob.
1619 1723 1753 1780 Cum
1775 1724 1919 1780 enim
1940 1738 2056 1778 om-

464 1821 614 1875 nium
641 1836 782 1875 unus
810 1820 881 1875 sit
912 1821 1053 1874 Deus
1085 1833 1183 1889 per
1205 1826 1478 1886 naturam,
1505 1832 1693 1874 eorum
1723 1826 1903 1872 tamen
1929 1829 2055 1885 pro-

2160 614 2468 669 testimonia
2496 631 2617 685 qua:
2644 615 2815 684 ponit,
2844 614 2913 670 ab
2935 613 3215 669 Hebraicze
3240 614 3488 670 veritatis
3516 615 3758 670 transla-

2159 704 2321 770 tione,
2347 720 2454 775 qua
2493 721 2635 760 nunc
2662 707 2899 773 utimur,
2937 706 3192 761 videntur
3232 706 3581 763 discordare:
3623 712 3758 779 quia

2158 797 2447 868 aliquando
2491 798 2656 854 sumit
2703 814 2734 852 a
2783 798 2928 853 LXX
2978 798 3403 869 interpretibus,
3459 799 3757 870 aliquando

2156 888 2298 944 sicut
2323 888 2546 959 loquens
2583 891 2773 946 eodem
2808 890 3002 960 spiritu
3048 906 3155 960 quo
3198 892 3475 962 propheta:
3526 909 3756 949 sensum

2156 984 2329 1038 sumit
2363 984 2762 1050 tantummodo,
2791 983 2906 1039 suis
2936 992 3093 1038 utens
3120 983 3300 1039 verbis
3330 1000 3539 1055 suaque
3560 985 3754 1057 dispo-

2156 1078 2373 1133 sitione.

2230 1170 2390 1228 Vsus.
2432 1173 2520 1229 I8.
2564 1202 2635 1212 —
2671 1169 2842 1243 Super
2865 1189 3068 1227 omnem
3109 1172 3448 1243 impietatem.
3492 1173 3758 1246 Impietas

2157 1272 2241 1319 est
2285 1263 2342 1317 in
2372 1263 2541 1318 Deum
2583 1276 2880 1333 peccasse,
2926 1264 3184 1334 iniquitas
3231 1265 3286 1319 iu
3334 1265 3626 1333 homines;
3666 1268 3757 1323 vel

2158 1356 2372 1425 impius,
2406 1354 2636 1412 inﬁdelis
2660 1356 2799 1411 sicut
2824 1355 3140 1412 idololatra:
3179 1358 3419 1427 iniquus,
3446 1360 3540 1429 qui
3566 1360 3757 1431 pravi-

2158 1457 2269 1504 tate
2295 1450 2477 1520 operis
2510 1450 2577 1505 ab
2600 1450 2853 1518 aequitate
2878 1449 3170 1506 discordat.
3210 1448 3413 1505 Eorum
3439 1452 3534 1523 qui
3562 1453 3755 1510 verita-

2157 1548 2280 1594 tem.
2312 1538 2476 1606 Quasi
2504 1540 2682 1595 dicat:
2714 1540 2826 1597 Cur
2852 1542 2932 1597 eis
2961 1543 3043 1596 ira
3069 1542 3136 1597 de
3166 1542 3465 1611 impietate,
3492 1560 3621 1601 cum
3645 1562 3753 1601 non

2158 1633 2508 1704 cognoverint
2550 1633 2759 1689 Deum?
2803 1634 2884 1690 Ad
2920 1635 3064 1706 quod
3113 1636 3437 1705 respondet:
3488 1637 3753 1694 Poterant

2157 1722 2376 1792 quidem
2400 1737 2748 1794 cognoscere,
2773 1725 2866 1781 sed
2889 1725 2992 1794 ipsi
3016 1725 3227 1792 nolunt,
3258 1727 3525 1787 malentes
3547 1732 3752 1785 morari

2157 1813 2358 1885 injuste
2402 1815 2459 1870 in
2509 1830 2605 1870 sua
2651 1815 2944 1885 voluptate.
3006 1815 3291 1872 Veritatem
3344 1818 3445 1873 Dei
3491 1819 3748 1876 detinent.

463 1916 580 1985 prie
604 1930 703 1985 per
730 1914 960 1986 gratiam
983 1883 1104 1967 esse
1133 1913 1363 1977 dicitur,
1396 1883 1487 1981 qui
1519 1911 1716 1966 merito
1738 1909 1863 1965 ﬁdei
1891 1883 2052 1976 etju—
2078 1883 2129 1944 Β
2156 1883 2313 1973 Quia,
2346 1914 2407 1960 ut
2430 1906 2649 1972 dicitur,
2686 1883 2832 1977 quod
2863 1915 2948 1963 est
2974 1906 3043 1962 de
3097 1908 3209 1963 Deo
3246 1910 3512 1966 noscibile
3564 1922 3653 1967 est
3696 1913 3748 1968 in

464 2006 626 2061 stitia:
654 2006 771 2075 ejus
805 2005 1044 2061 cultores
1063 2020 1182 2060 esse
1210 2006 1529 2074 probantur.

535 2092 644 2150 Pro
688 2095 927 2149 omnibus
970 2095 1131 2149 vobis.
1178 2094 1315 2149 Cum
1342 2110 1441 2164 pro
1491 2094 1633 2160 aliis,
1678 2093 1914 2163 primum
1951 2108 2052 2162 pro

462 2187 651 2253 vobis,
700 2187 769 2243 de
810 2186 1006 2257 quibus
1052 2201 1246 2257 magna
1292 2185 1497 2241 utilitas
1533 2184 1685 2240 venit
1744 2198 1843 2255 per
1895 2182 2051 2239 Chri-

462 2286 608 2334 stum
642 2277 995 2333 mediatorem
1015 2318 1030 2341 ,
1060 2291 1158 2345 per
1194 2289 1357 2345 quem
1380 2274 1536 2331 vobis
1560 2274 1705 2329 Deus
1730 2272 1878 2328 dedit
1909 2274 2048 2326 bona

461 2370 668 2425 omnia.

532 2462 675 2530 Quia
702 2462 855 2531 ﬁdes.
882 2459 1128 2534 (AIBR.)
1176 2458 1487 2530 Congaudet
1532 2458 1599 2514 de
1644 2457 1789 2513 bono
1836 2455 2051 2525 incepto

461 2569 674 2621 eorum,
705 2569 804 2625 per
828 2554 971 2625 quod
1012 2553 1334 2609 charitatem
1367 2565 1496 2622 erga
1540 2549 1662 2605 illos
1694 2548 1953 2613 ostendit,
1993 2557 2050 2602 et

462 2648 713 2702 hortatur
741 2646 809 2700 ad
844 2645 1167 2716 profectum.
1213 2643 1342 2698 Haec
1378 2651 1558 2696 autem
1592 2640 1774 2696 omnia
1803 2654 1864 2695 se
1888 2654 2050 2711 agere

461 2737 613 2804 dicit,
643 2738 770 2808 quia
798 2736 981 2792 multis
1008 2735 1225 2807 prolicit
1250 2734 1384 2791 ﬁdes
1411 2748 1619 2789 eorum.

531 2830 697 2885 Vsus.
732 2829 786 2885 9.
824 2861 895 2870 —
932 2829 1117 2884 Testis.
1166 2828 1319 2895 Quod
1363 2827 1575 2883 habetis
1622 2825 1780 2881 tidem
1820 2826 2049 2881 Domino

462 2922 691 2991 imputo.
721 2919 856 2974 Nam
880 2920 1126 2976 habenda
1145 2935 1243 2975 oro
1269 2919 1337 2974 ab
1360 2934 1456 2984 eo;
1486 2918 1571 2974 vel
1593 2918 1815 2988 exponit
1832 2919 2049 2989 quando

464 3012 667 3083 gratias
692 3019 836 3083 agat,
870 3011 925 3066 in
953 3011 1289 3066 orationibus
1328 3009 1564 3076 scilicet,
1592 3008 1901 3079 quomodo?
1929 3008 2048 3065 sine

466 3103 892 3159 intermissione.

533 3196 696 3254 Vsus.
731 3198 817 3253 11.
839 3228 911 3238 -
939 3197 1188 3252 Desidera
1223 3198 1381 3252 enim.
1428 3197 1498 3253 Ut
1536 3213 1657 3268 qua:
1697 3198 1877 3254 verbis
1916 3214 2043 3253 sua-

459 3295 587 3347 dere
614 3306 720 3347 non
743 3299 989 3363 poterat,
1018 3304 1257 3361 praesens
1293 3262 1776 3346 suaderet—virtute
1804 3290 2042 3346 miracu-
2066 3262 2119 3326 (ἶ

461 3384 700 3529 Ιοᾟὲζε.
751 3474 839 3529 12.
880 3504 950 3513 -
987 3470 1283 3527 Cansolari.
1330 3472 1487 3529 Modo
1534 3488 1636 3543 ego
1678 3487 1799 3529 sum
1841 3472 2049 3529 desola-

416 3590 425 3593 -
460 3575 567 3631 tus,
599 3566 742 3621 sicut
762 3573 818 3619 et
839 3579 936 3619 vos
962 3582 974 3618 :
1006 3564 1112 3620 etsi
1150 3578 1260 3620 non
1305 3564 1519 3620 sentitis
1538 3605 1554 3631 ,
1583 3564 1678 3620 sed
1714 3564 1823 3631 sic,
1856 3580 2048 3621 conso-

466 3658 728 3714 laremur.
1070 3674 1075 3679 '

538 3750 703 3806 Vens.
729 3750 817 3805 i3.
848 3781 920 3790 —
944 3748 1183 3805 Fratres.
1216 3748 1353 3819 Quia
1378 3752 1574 3819 renati,
1600 3760 1657 3807 et
1684 3751 1848 3823 aliqui
1879 3755 2045 3823 recti;

464 3844 590 3899 vide
615 3859 777 3915 supra
802 3860 815 3897 :
863 3842 1066 3899 Vocatis
1087 3845 1301 3899 sanctis.

537 3937 703 3991 Vens.
740 3936 826 3990 14.
858 3966 931 3976 -
962 3934 1180 3991 ϐνωσὶε.
1216 3936 1293 3992 De
1328 3935 1527 3993 Iudaeis
1558 3946 1733 4005 tacet,
1762 3939 1892 4008 quia
1934 3955 2049 3994 ma-

462 4028 632 4099 gister
655 4027 916 4098 gentium.
944 4026 1160 4082 Grtecis.
1184 4026 1404 4084 ercos
1427 4029 1708 4100 praeponit,
1732 4030 1861 4100 quia
1879 4030 1948 4085 ab
1966 4031 2046 4087 eis

463 4121 638 4176 omnis
679 4122 1015 4193 philosophia
1052 4124 1323 4178 mundana
1360 4123 1642 4179 exordium
1672 4124 1881 4180 habuit.
1910 4124 2046 4180 Bar-

466 4216 628 4271 baris.
654 4214 927 4271 Barbaros
952 4216 1105 4282 dicit,
1129 4217 1221 4286 qui
1246 4223 1372 4273 sunt
1390 4218 1544 4286 quasi
1568 4217 1806 4288 exleges,
1831 4219 1923 4288 qui
1943 4220 2045 4274 sci-

457 4304 586 4359 licet
610 4320 711 4360 nec
740 4306 970 4369 llebrzei,
1000 4320 1103 4360 nec
1126 4304 1329 4371 Graeci,
1375 4322 1477 4361 nec
1517 4306 1697 4361 Latini
1732 4317 1875 4362 sunt.
1904 4307 2046 4364 Nulli

457 4395 747 4467 specialius
768 4397 996 4452 debetur
1016 4397 1130 4453 haec
1151 4398 1481 4469 pradicatio.
1506 4398 1744 4466 Debitor,
1766 4401 1892 4470 quia
1914 4402 2046 4459 mis-

459 4506 553 4546 sus
580 4490 646 4545 ad
675 4504 887 4545 omnes.

2155 1996 2295 2063 illis;
2332 1997 2487 2067 quasi
2516 1996 2692 2052 dicat:
2717 1996 2773 2051 in
2794 2012 2852 2053 se
2876 1997 3081 2053 habent
3100 1999 3244 2055 unde
3263 2011 3518 2069 noscant,
3541 2004 3751 2060 scilicet

2153 2090 2452 2146 naturalem
2493 2090 2777 2145 rationem.
2822 2088 2891 2145 In
2931 2090 3195 2161 injustitia
3233 2092 3490 2150 detinent.
3539 2095 3746 2152 Bonum

2151 2188 2236 2237 est
2261 2182 2405 2250 quod
2434 2190 2652 2247 tenent,
2682 2182 2780 2238 sed
2812 2183 3017 2237 malum
3041 2191 3126 2238 est
3172 2182 3263 2238 ubi
3292 2193 3516 2253 tenent;
3552 2191 3750 2244 verita-

2154 2281 2262 2327 tem
2285 2273 2430 2327 euim
2462 2282 2669 2340 tenent,
2707 2272 2800 2329 sed
2825 2273 2881 2328 in
2912 2274 3221 2343 iniquitate.
3246 2274 3507 2331 Invenisti
3541 2277 3747 2333 Deum?

2153 2366 2406 2422 invenisti
2433 2369 2738 2435 veritatem,
2774 2376 2830 2424 et
2857 2369 3034 2440 ipsum
3068 2371 3320 2428 detinens
3346 2373 3404 2428 in
3438 2372 3743 2443 injustitia;

2151 2458 2319 2513 etiam
2348 2459 2491 2527 quod
2534 2473 2633 2530 per
2672 2459 2769 2515 Dei
2796 2474 2964 2530 Opera
3001 2462 3335 2534 cognovisti,
3382 2480 3481 2537 per
3508 2465 3745 2526 hominis

2152 2565 2316 2620 opera
2344 2550 2627 2620 perdidisti

2222 2642 2388 2699 Vsus.
2421 2644 2509 2700 i9.
2544 2675 2617 2686 —
2650 2645 2854 2701 Notum
2890 2657 2966 2701 est
3008 2647 3126 2702 Dei.
3159 2648 3363 2721 (Gneo.
3384 2691 3402 2717 ,
3429 2650 3527 2707 lib.
3562 2669 3597 2707 x
3628 2654 3739 2708 lo-

2151 2734 2281 2801 rat.,
2310 2752 2360 2791 c.
2388 2733 2479 2805 4.)
2510 2734 2706 2791 Notum
2737 2745 2821 2792 est
2842 2738 2988 2807 quod
3013 2754 3079 2793 ex
3108 2738 3269 2809 hujus
3299 2740 3486 2796 mundi
3515 2744 3741 2815 disposi-

2153 2824 2300 2880 tione
2327 2834 2383 2881 et
2409 2824 2643 2880 naturali
2679 2826 2871 2882 ordine
2906 2830 3119 2899 assequi
3155 2844 3462 2898 possumus.
3519 2845 3742 2904 gnatum

2151 2932 2282 2973 vero
2321 2918 2453 2984 Dei,
2493 2918 2637 2988 quod
2679 2933 2893 2973 omnem
2932 2920 3062 2975 latet
3108 2931 3447 2977 creaturam:
3494 2936 3557 2981 ut
3602 2930 3742 2985 ratio

2150 3007 2471 3064 substantia:
2512 3008 2632 3081 ejus
2660 3010 2745 3065 vel
2772 3019 3004 3077 naturae,
3047 3019 3105 3067 et
3144 3014 3466 3085 mysterium
3489 3017 3741 3076 humanae

2150 3095 2509 3155 liberationis.

2222 3190 2567 3263 Hanifestum
2586 3203 2662 3250 est
2682 3194 2740 3249 in
2758 3194 2880 3250 illis.
2910 3196 3090 3269 (Auo.)
3112 3197 3248 3266 Quia
3271 3216 3380 3256 nou
3401 3203 3577 3260 solum
3598 3208 3739 3264 ratio

2151 3286 2414 3341 naturalis
2435 3286 2501 3341 ad
2524 3286 2627 3341 hoc
2647 3285 2869 3356 profuit,
2892 3288 2986 3342 sed
3010 3298 3065 3349 et
3081 3288 3226 3349 Deus
3247 3293 3737 3368 quotidieadjuvit,

2153 3394 2222 3435 ne
2249 3377 2361 3434 sola
2391 3386 2584 3432 natura
2610 3374 2855 3436 suﬁcere
2880 3382 3173 3439 videretur.

2224 3468 2388 3526 Vens.
2415 3470 2505 3524 20.
2533 3500 2604 3512 -—
2627 3470 2672 3523 Α
2699 3481 2962 3527 creatura.
2988 3473 3207 3545 (Casa,
3231 3476 3326 3532 lib.
3356 3493 3490 3534 xxxx
3514 3480 3736 3546 Ilarat.,

2151 3578 2203 3619 c.
2236 3561 2316 3634 8.)
2342 3562 2425 3616 Ab
2450 3561 2671 3619 homine
2697 3578 2795 3634 per
2822 3564 3193 3622 excellentiam
3215 3607 3230 3634 ,
3255 3569 3383 3638 quia
3410 3570 3628 3626 excellit
3657 3572 3737 3626 in-

2153 3669 2234 3715 ter
2262 3658 2397 3715 alias
2427 3670 2727 3727 creaturas,
2758 3661 2842 3716 vel
2863 3672 3087 3735 propter
3107 3668 3541 3725 convenientiam
3572 3687 3733 3744 quam

2151 3752 2316 3808 habet
2344 3766 2470 3807 cum
2498 3753 2750 3809 omnibus
2783 3756 3049 3812 creaturis
3076 3772 3091 3812 :
3118 3766 3202 3814 est
3235 3761 3380 3815 enim
3405 3760 3653 3820 localiter
3681 3767 3733 3821 in

2151 3844 2268 3901 loco
2292 3862 2418 3902 cum
2444 3847 2763 3918 corporibus
2783 3890 2797 3915 ,
2827 3850 2992 3905 sentit
3029 3866 3154 3907 cum
3199 3854 3548 3923 animalibus,
3578 3859 3735 3913 intel-

2149 3935 2266 4007 ligit
2292 3953 2415 3994 cum
2439 3940 2666 4012 angelis,
2692 3941 2835 3997 unde
2860 3961 2873 3997 :
2905 3940 3203 4000 Prtedicate
3221 3943 3571 4019 Evangelium
3592 3955 3731 4007 omni

2148 4040 2404 4085 creatura:
2435 4030 2627 4100 (Marc.
2662 4034 2796 4104 xw).

2219 4119 2351 4174 Cum
2388 4124 2776 4191 cognovissent,
2820 4134 2926 4182 etc.
2959 4126 3148 4199 (Auc.,
3178 4130 3351 4187 Serm.
3381 4149 3451 4190 t.v
3476 4136 3540 4190 de
3580 4134 3728 4191 Vero.

2147 4211 2329 4283 Dom.)
2357 4210 2618 4268 Viderunt
2648 4229 2754 4283 quo
2784 4218 3105 4274 veniendum
3130 4233 3295 4289 esset,
3317 4233 3450 4293 etc.,
3475 4244 3638 4299 usque
3662 4230 3729 4282 ait

2148 4305 2292 4373 quod
2312 4305 2456 4359 enim
2484 4304 2629 4362 Deus
2660 4308 2883 4365 dederat
2908 4314 3100 4383 gratis,
3129 4315 3251 4371 tulit
3275 4319 3523 4390 ingratis.

2216 4418 2384 4477 Vsus.
2423 4422 2514 4476 21.
2542 4452 2610 4461 -
2640 4422 3009 4480 Obscuratum.
3049 4426 3292 4500 (Auum)
3336 4430 3541 4490 Nebula
3581 4438 3725 4492 enim

2145 4514 2348 4569 erroris
2376 4513 2511 4569 texit
2544 4528 2641 4569 cor
2667 4514 2900 4581 illorum,
2925 4516 3053 4587 quia
3074 4534 3199 4575 cum
3229 4521 3544 4581 Creatorem
3569 4541 3634 4582 ex
3660 4530 3726 4583 iis

531 4587 696 4689 Vsus.
724 4589 812 4644 16.
832 4586 1128 4689 L—"i’irtus
1147 4588 1290 4689 enirn
1310 4588 1430 4656 Dei.
1454 4598 1561 4689 εἰς.
1594 4589 1730 4659 Qnia
1758 4592 1928 4689 Signi?
1946 4594 2043 4689 Iit"-
2065 4625 2119 4689 ι)
2144 4621 2265 4676 quae
2291 4605 2425 4663 fecit
2461 4606 2686 4678 pulchra
2705 4648 2719 4671 ,
2762 4586 2993 4678 amplius
3030 4610 3392 4671 honoriﬁcam
3417 4618 3722 4686 debuerint,

457 4690 638 4736 matur
661 4680 994 4736 incredibilis
1015 4680 1330 4750 praedicatio
1356 4700 1369 4735 :
1410 4684 1552 4752 quod
1575 4698 1682 4740 non
1702 4694 1786 4741 est
1809 4684 1864 4741 in
1889 4685 2042 4743 falsis
2066 4680 2109 4689 ”
2146 4700 2324 4757 obtusi
2353 4709 2509 4767 sum,
2541 4699 2730 4756 relicto
2758 4701 2866 4757 illo,

454 4770 813 4838 praeconibus.

525 4861 691 4917 Vens.
729 4864 815 4917 17.
861 4895 927 4904 -
966 4866 1187 4920 Iustitia
1215 4867 1353 4919 enim
1380 4867 1498 4922 Dei.
1541 4868 1763 4939 (Auum)
1792 4869 1889 4925 Est
1916 4885 2038 4940 qua

454 4954 626 5025 gratis
647 4953 912 5024 iustiﬁcat
943 4954 1165 5025 impium
1206 4970 1302 5025 per
1327 4954 1488 5012 ﬁdem
1516 4957 1631 5013 sine
1668 4960 1923 5029 operibus
1955 4960 2033 5016 le-

454 5046 559 5117 gis,
581 5054 711 5111 etc.,
745 5062 907 5115 usque
948 5046 1017 5101 ad
1064 5048 1153 5117 qui
1184 5057 1385 5119 negant
1411 5049 1555 5104 hunc
1588 5064 1706 5104 esse
1758 5049 2033 5107 Christum

454 5153 615 5210 quem
653 5137 906 5208 promisit
945 5137 1109 5194 Deus.
1142 5138 1430 5194 Revelatur.
1472 5138 1637 5210 (Anc.
1662 5139 1679 5211 )
1709 5140 2033 5213 Aggreditur

454 5230 684 5303 gentiles
714 5230 1005 5286 secundum
1047 5231 1284 5300 priorem
1327 5238 1563 5295 statum,
1605 5238 1709 5284 etc.
1734 5272 1746 5295 ,
1776 5247 1937 5301 usque
1963 5233 2033 5287 ad

453 5324 599 5395 quod
629 5322 792 5378 inﬂati
828 5338 924 5393 per
952 5338 1012 5378 se
1042 5324 1095 5377 in
1124 5323 1264 5379 idola
1294 5322 1625 5379 ceciderunt.
1645 5319 1730 5376 Ea:
1753 5322 1877 5391 ﬁde,
1903 5335 2029 5392 etc.,

454 5415 677 5491 (Auum)
702 5418 795 5473 Dei
826 5417 1214 5489 promittentis,
1266 5418 1322 5472 in
1351 5417 1511 5473 ﬁdem
1537 5417 1771 5474 hominis
1796 5419 1889 5488 qui
1915 5435 2025 5475 cre-

455 5509 533 5564 dit
559 5509 633 5575 ei,
664 5518 794 5575 etc.,
816 5526 976 5580 usque
1003 5508 1072 5561 ad
1102 5509 1156 5562 in
1186 5507 1346 5562 ﬁdem
1380 5521 1560 5561 rerum
1584 5515 1641 5560 et
1667 5506 1887 5576 speciei.

525 5602 710 5673 (Auc.)
736 5602 894 5656 Fides
923 5608 1005 5655 est
1032 5616 1139 5669 qua
1170 5599 1467 5653 creduntur
1491 5613 1556 5653 ea
1576 5613 1697 5668 qua:
1719 5613 1824 5653 non
1851 5600 2036 5656 viden-

455 5701 567 5759 tur,
595 5702 725 5758 etc.,
754 5707 918 5762 usque
938 5690 1006 5743 ad
1034 5689 1090 5744 in
1119 5689 1280 5745 ﬁdem
1310 5703 1627 5760 rerum_qua
1661 5690 1864 5746 credita
1889 5692 2034 5748 obti—

454 5784 722 5841 nebimus.

527 5875 677 5933 Sicut
704 5877 955 5946 scriptum
995 5886 1086 5930 est.
1137 5874 1194 5931 In
1235 5874 1455 5931 Abacuc
1485 5875 1634 5949 (cap.
1669 5876 1742 5950 n)
1798 5878 1874 5935 ita
1905 5887 2027 5936 est:

2216 4810 2381 4868 Vsus.
2408 4813 2499 4867 2‘2.
2534 4844 2605 4855 —
2627 4812 2789 4869 Stulti
2816 4817 2940 4886 [acti
2965 4828 3109 4873 sunt.
3146 4819 3286 4878 Ecce
3324 4826 3598 4894 quomodo
3619 4829 3721 4884 οι)-

2143 4914 2419 4961 scuratum
2447 4915 2530 4962 est
2548 4922 2661 4977 cor,
2690 4911 2834 4978 quod
2857 4920 2942 4965 est
2960 4911 3228 4969 vindicta:
3251 4917 3527 4987 sapientes
3550 4919 3608 4976 in
3627 4937 3721 4977 na-

2143 4997 2281 5053 turis
2306 5012 2505 5061 rerum,
2535 4998 2685 5054 stulti
2708 4999 2763 5054 in
2790 5000 2920 5055 Deo.

2214 5114 2374 5171 Vens.
2403 5114 2495 5171 εὖ.
2518 5146 2589 5156 -
2615 5114 2685 5170 Et
2708 5110 3056 5175 mutaverunt.
3086 5122 3269 5194 (Auo.,
3297 5128 3450 5192 epist.
3477 5142 3602 5183 cxrx
3619 5171 3636 5195 ,
3662 5148 3717 5186 c.

2140 5211 2197 5278 6,
2226 5210 2296 5265 ad
2323 5208 2689 5282 Ianuarium.)
2712 5209 2813 5267 Hic
2845 5211 3065 5269 damnat
3088 5215 3378 5274 simulacra
3406 5220 3712 5292 impiorum.

2139 5302 2245 5357 Alii
2271 5310 2493 5367 terram,
2526 5301 2614 5357 alii
2638 5302 2807 5359 solem
2833 5314 2887 5360 et
2917 5305 3224 5378 hujusmodi
3249 5316 3667 5371 venerabantur.

2211 5394 2280 5449 In
2303 5395 2697 5449 similitudinem
2720 5396 2981 5467 imaginis.
3008 5398 3313 5473 Exaggerat
3344 5404 3626 5463 stultitiam
3646 5408 3715 5463 ad

2139 5486 2412 5542 cumulum
2436 5485 2777 5543 hebetudinis
2806 5487 3215 5547 ostendendum.

2212 5600 2453 5655 Hominis
2479 5611 2526 5656 et
2556 5602 2846 5669 volucrum,
2871 5611 2978 5659 etc.
3005 5604 3119 5662 Mos
3144 5606 3246 5664 fuit
3265 5611 3337 5666 ab
3363 5615 3588 5684 antiquo
3608 5616 3712 5672 Ro-

2135 5694 2312 5749 manis
2361 5695 2590 5749 adorare
2644 5695 2929 5752 simulacra
2980 5697 3258 5758 hominum
3294 5744 3309 5770 ,
3363 5715 3424 5760 ut
3467 5706 3711 5775 Romuli,

2135 5784 2317 5851 Iovis,
2358 5794 2413 5840 ct
2459 5786 2686 5842 aliorum
2710 5829 2725 5853 ,
2764 5790 2998 5846 maxime
3035 5790 3104 5846 ab
3132 5793 3364 5852 adventu
3410 5797 3611 5855 Enazzc
3657 5802 3713 5854 iu

2137 5876 2364 5964 Italiam.
2405 5876 2694 5951 Volucrum
2736 5890 2917 5951 autem
2952 5891 3008 5967 et
3042 5885 3453 5961 quadrupedum
3494 5901 3547 5951 et
3598 5906 3713 5953 ser-
