3958 6314
245 496 344 553 λιἿό

1192 494 1461 552 GLOSSA
1499 491 1894 550 OBDINARIA.
1935 496 2258 553 —-‘EPlST.
2298 500 2391 556 AD
2430 501 2591 557 ROM.

3377 494 3482 548 474

246 608 500 682 pentium,
533 621 595 660 ex
626 621 732 675 quo
759 605 1083 661 Alexandria
1108 606 1175 661 ab
1202 606 1446 675 Augusto
1473 605 1617 660 victa
1648 613 1730 660 est
1749 613 1805 659 et
1830 612 1884 671 Α
1908 609 1983 664 tia
2008 611 2151 681 quod
2177 613 2319 668 ratio
2346 614 2643 683 probabat:
2676 613 2762 670 vel
2800 614 2926 684 quia
2964 620 3288 684 putaverunt
3314 612 3483 667 Deum

247 700 425 755 Romae
453 697 753 768 subiugata.

313 788 530 862 (Artem)
565 787 733 842 Primi
775 788 920 843 enim
955 788 1236 861 Babylonii
1263 790 1434 845 Deum
1477 799 1811 846 vocaverunt

245 881 551 954 ﬁgmentum
575 879 738 947 Belis,
770 889 899 947 etc.,
926 899 1088 953 usque
1120 881 1191 937 ad
1214 890 1271 938 et
1291 882 1537 941 volucres
1566 884 1695 954 quia
1721 899 1811 940 co-

246 975 426 1030 racina
456 987 614 1028 sacra
644 972 845 1027 habent
870 974 1087 1045 pagani.

312 1088 511 1158 (Aua.,
547 1087 642 1142 lib.
670 1102 745 1142 vn
788 1087 852 1142 de
892 1087 1048 1143 Civit.
1100 1088 1232 1156 Dei,
1277 1105 1328 1145 c.
1371 1090 1623 1163 33.)Per
1670 1092 1812 1149 hanc

246 1178 481 1254 (Christi)
509 1164 828 1248 religionem
872 1193 1036 1233 unam
1062 1187 1119 1234 et
1140 1195 1360 1248 veram,
1403 1182 1579 1253 potuit
1614 1183 1814 1253 aperiri

245 1276 368 1332 deos
412 1274 656 1345 gentium
708 1288 831 1328 esse
891 1273 1350 1330 inmundissimos
1397 1276 1668 1332 daemones
1712 1277 1813 1332 sub

245 1369 612 1424 delunctarum
657 1365 1033 1437 occasionibus
1063 1366 1365 1423 animarum
1406 1369 1492 1425 vel
1532 1377 1812 1425 creatura-

245 1473 358 1513 rum
381 1456 565 1526 specie
595 1456 1012 1525 mundanarum,
1052 1457 1182 1513 deos
1212 1473 1272 1515 se
1300 1460 1479 1530 putari
1514 1461 1812 1531 cupientes.

309 1572 468 1627 Vens.
494 1571 590 1627 24.
618 1601 691 1614 -
719 1569 981 1637 Tradidit,
1015 1580 1120 1628 etc.
1151 1572 1311 1646 (Anc.
1331 1614 1346 1641 ,
1374 1573 1468 1629 lib.
1495 1575 1560 1628 de
1585 1571 1734 1629 Grat.
1766 1585 1814 1630 et

242 1661 394 1716 libero
422 1660 609 1726 arbit.,
636 1675 688 1717 c.
719 1659 834 1730 2i.)
883 1660 1227 1718 Manifestum
1265 1670 1350 1719 est
1393 1663 1562 1719 Deum
1601 1664 1816 1734 operari

241 1754 296 1808 in
327 1752 586 1808 cordibus
610 1752 923 1819 hominum,
954 1753 1024 1809 ad
1049 1754 1389 1811 inclinandas
1411 1770 1600 1812 eorum
1629 1756 1817 1812 volun—

244 1852 397 1910 tates,
429 1842 551 1899 sive
579 1843 648 1898 ad
672 1842 835 1909 bona,
865 1859 965 1915 pro
1011 1845 1382 1902 misericordia
1418 1862 1550 1913 sua,
1592 1847 1705 1902 sive
1749 1848 1816 1903 ad

240 1936 375 1992 mala
420 1951 525 2007 pro
571 1934 781 1991 meritis
824 1950 1045 2001 eorum,
1086 1936 1291 2007 judicio
1335 1937 1523 2007 utique
1570 1952 1668 1992 suo
1712 1936 1815 1992 ali-

238 2024 449 2111 quando
494 2022 759 2090 occulto,
790 2023 1078 2095 aliquando
1126 2034 1344 2097 aperto,
1388 2041 1602 2097 semper
1637 2033 1816 2082 autem

236 2116 397 2187 justo.
480 2174 489 2182 ,

307 2237 566 2307 Αῇἱοὶαηι.
598 2236 813 2309 (Gnec.,
848 2237 1049 2292 Homil.
1089 2238 1150 2291 Η
1189 2238 1246 2292 in
1283 2234 1502 2308 Ezech.)
1533 2236 1820 2293 Peccatum

244 2327 382 2396 quod
410 2329 748 2398 paenitentia:
786 2328 1023 2384 lamento
1047 2343 1157 2403 non
1187 2328 1441 2394 diluitur,
1471 2337 1579 2384 etc.
1600 2369 1615 2395 ,
1661 2345 1823 2399 usque

246 2416 311 2470 ad
345 2418 486 2474 Deus
514 2417 784 2488 permittit
806 2426 867 2473 ut
893 2429 1093 2474 caecata
1131 2433 1285 2473 mens
1313 2419 1478 2474 etiam
1515 2418 1574 2474 in
1616 2417 1720 2472 alia
1748 2417 1823 2472 la-

247 2508 422 2563 batur.

316 2620 480 2677 Vens.
513 2620 605 2676 25.
631 2650 703 2661 —
730 2619 869 2687 Quia
894 2629 1357 2676 commutaverunt.
1396 2620 1725 2691 Exsequitur
1748 2621 1825 2676 la-

249 2716 354 2771 tins
377 2732 477 2787 per
495 2724 681 2787 partes
710 2716 920 2788 culpam
944 2726 998 2773 et
1016 2730 1255 2787 pinnam,
1278 2727 1339 2772 ut
1364 2725 1660 2789 comparet.
1686 2717 1827 2785 Quia

249 2816 711 2864 commutaverunt.
742 2808 987 2866 Ostendit
1007 2825 1103 2881 per
1122 2820 1306 2880 partes
1336 2819 1576 2866 mutasse
1598 2809 1825 2881 gloriam

249 2897 364 2962 Dei,
400 2898 607 2955 scilicet
631 2900 775 2970 quod
802 2900 970 2955 Deum
998 2909 1348 2972 putaverunt,
1366 2901 1459 2971 qui
1482 2916 1589 2956 non
1611 2909 1747 2968 erat,
1771 2908 1827 2955 et

248 2991 534 3047 coluerunt
561 3000 616 3048 et
643 2993 948 3048 servierunt
973 3003 1235 3050 creatura:
1260 2994 1438 3065 potius
1464 3010 1628 3064 quam
1656 2993 1824 3050 Crea-

248 3084 372 3139 tori.
409 3083 477 3137 Et
498 3085 815 3154 exsequitur
837 3095 1019 3156 partes
1046 3087 1418 3153 immunditiaa,
1447 3088 1590 3157 quod
1614 3085 1827 3143 femina:

248 3173 302 3227 in
331 3172 583 3239 feminas,
606 3174 829 3230 masculi
856 3176 911 3229 in
933 3176 1231 3231 masculos:
1253 3177 1308 3253 in
1329 3177 1527 3247 quibus
1551 3184 1830 3245 comparat

248 3278 470 3335 pinnam
514 3265 703 3336 culpae,
737 3274 796 3321 ut
840 3266 978 3322 sicut
1023 3276 1209 3323 contra
1257 3277 1505 3323 naturam
1554 3276 1828 3323 creantem

1912 701 2122 757 nescire
2142 711 2199 757 et
2224 703 2491 774 negligere
2512 705 2673 760 mala.
2706 704 2967 772 Tradidit,
2999 714 3106 760 etc.

1982 793 2145 851 Vens.
2182 795 2272 851 29.
2297 827 2368 837 —
2392 795 2550 852 Omni
2570 798 2858 869 iniquitate.
2888 798 3183 854 Enumerat
3200 808 3403 869 partes,
3428 808 3493 854 ut

1913 888 2153 956 apertius
2177 898 2393 944 accuset
2414 888 2701 955 malitiam,
2721 889 2935 957 quando
2954 889 3076 959 quis
3099 890 3353 945 damnum
3375 904 3495 945 mo-

1911 976 2041 1034 litur
2078 979 2259 1034 alicui.
2310 978 2558 1050 Nequitia
2612 988 2697 1035 est
2742 981 3019 1036 temeritas
3075 984 3291 1053 quando
3331 983 3495 1037 audet

1912 1076 2057 1147 quod
2105 1076 2323 1146 nequit,
2363 1077 2446 1131 vel
2486 1076 2899 1146 intemperantia
2942 1076 3042 1130 sui.
3088 1074 3373 1131 Contentio
3408 1084 3493 1132 est

1914 1165 2246 1238 impugnatio
2258 1166 2504 1222 veritatis
2523 1181 2619 1237 per
2642 1164 3021 1221 conﬁdentiam
3044 1165 3318 1221 clamoris.
3344 1164 3495 1220 Mali-

1915 1258 2091 1329 gnitas
2114 1266 2200 1313 est
2224 1258 2366 1313 mala
2395 1259 2665 1324 voluntas,
2712 1273 2833 1313 cum
2878 1258 3020 1312 ultra
3048 1272 3153 1312 non
3183 1268 3356 1330 potest
3410 1258 3496 1313 vel

1914 1348 1982 1404 de
2016 1349 2296 1405 beneﬁciis
2340 1349 2568 1419 gratiam
2598 1364 2706 1403 non
2737 1347 2965 1403 referre.
3004 1346 3331 1404 Detractores
3371 1348 3498 1418 :qui

1915 1439 2144 1496 aliorum
2169 1441 2310 1497 bona
2336 1451 2556 1513 negant,
2581 1440 2665 1496 vel
2693 1440 2987 1495 invertunt.

1984 1530 2096 1585 Deo
2120 1530 2357 1585 odibiles.
2382 1530 2460 1586 Ne
2480 1530 2613 1586 levis
2633 1537 2853 1601 putetur
2878 1528 3179 1585 susurratio
3202 1527 3285 1584 vel
3314 1528 3497 1584 detra-

1915 1621 2025 1677 ctio
2048 1661 2063 1686 ,
2102 1621 2230 1692 quia
2258 1622 2313 1676 in
2339 1623 2517 1678 verbis
2545 1629 2697 1688 sunt,
2731 1619 2881 1676 addit
2899 1618 2967 1675 de
2991 1620 3103 1676 eis:
3126 1619 3236 1675 Deo
3262 1618 3500 1684 odibiles,

1915 1721 1976 1768 ut
2010 1713 2309 1783 intelligant
2344 1730 2402 1770 se
2438 1730 2536 1785 per
2569 1713 2743 1769 solam
2780 1712 3205 1768 susurrationem
3235 1719 3289 1766 et
3317 1712 3503 1766 detra-

1917 1806 2151 1861 ctionem
2172 1814 2426 1863 aeternam
2449 1807 2724 1862 incurrere
2746 1820 2905 1876 posse
2924 1804 3346 1858 damnationem.
3373 1801 3503 1857 Ela-

1916 1904 2014 1950 tos.
2046 1895 2186 1950 Elati
2219 1905 2345 1950 sunt
2368 1896 2457 1965 qui
2487 1895 2676 1950 nolunt
2695 1895 2805 1965 pati
2834 1894 3093 1965 priorem,
3127 1892 3213 1948 vel
3242 1907 3449 1963 parem.

1842 1983 1892 2042 B
1990 1984 2155 2040 Vens.
2187 1984 2277 2039 51.
2310 2015 2379 2025 -
2413 1983 2813 2056 lncompositoa.
2845 1982 3226 2053 lncompositio
3261 1981 3507 2052 corporis

1921 2077 2124 2134 indicat
2157 2077 2473 2147 qualitatem
2504 2078 2720 2134 mentis.
2790 2088 2793 2093 '

1988 2170 2152 2225 Vens.
2190 2170 2278 2224 52.
2310 2170 2561 2241 —Digni
2604 2180 2727 2225 sunt
2769 2179 2953 2225 morte.
2997 2168 3078 2225 Ne
3116 2178 3375 2242 putentur
3416 2168 3506 2224 his

1921 2268 2131 2317 tantum
2155 2261 2332 2331 poenis
2358 2260 2516 2333 aﬂligi
2544 2263 2741 2332 quibus
2768 2261 3137 2327 delectantur,
3184 2258 3334 2315 addit
3375 2258 3503 2314 ulti-

1922 2370 2085 2419 mam,
2117 2362 2346 2410 mortcm
2370 2363 2649 2411 aeternam.
2683 2353 2786 2421 Qui
2813 2356 3141 2409 consentiunt
3171 2353 3504 2423 facientibus,

1922 2452 2028 2499 etc.
2067 2442 2384 2499 Consentire
2411 2453 2493 2500 est
2532 2453 2739 2509 tacere,
2762 2460 2885 2500 cum
2911 2444 3089 2515 possis
3116 2458 3376 2515 arguere;
3420 2441 3536 2509 vel,

1923 2548 2168 2590 errorem
2195 2535 2397 2590 fovere.

2545 2645 2772 2703 CAPUT
2817 2645 2884 2701 ll.

1995 2800 2160 2857 Vens.
2190 2801 2565 2874 i.-——Propter
2588 2804 2747 2875 quod,
2780 2810 2887 2859 etc.
2918 2801 3034 2858 Hoc
3063 2801 3421 2858 communiter
3442 2801 3512 2857 de

1924 2896 2175 2968 gentibus
2194 2904 2251 2950 et
2269 2896 2489 2951 iudicis.
2525 2895 2741 2952 Iudaeus
2763 2895 3041 2965 judicabat
3065 2893 3343 2966 gentilem,
3378 2909 3507 2965 pro-
3534 2960 3539 2969 ‘

1923 2995 2045 3056 pter
2057 2987 2291 3058 priorem
2308 2995 2507 3042 statum
2528 3005 2541 3041 :
2568 2987 2782 3058 gentilis
2794 2985 3036 3041 Judaeum
3054 3004 3067 3039 :
3085 2993 3313 3057 uterque
3326 2987 3510 3053 homo,

1924 3096 2033 3135 non
2063 3081 2304 3150 spiritus.
2334 3079 2392 3135 Si
2429 3080 2647 3137 Judzeus
2667 3080 2875 3151 judicat
2912 3080 3168 3150 gentilem
3194 3080 3261 3135 de
3288 3078 3511 3134 idolola—

1928 3170 2064 3237 tria,
2097 3178 2152 3223 et
2188 3170 2289 3240 ipsi
2316 3170 2628 3227 idololatrae.
2663 3170 2721 3227 Si
2751 3173 2966 3244 gentilis
2998 3171 3243 3227 Judaeum
3285 3171 3350 3227 de
3378 3171 3513 3243 legis

1927 3263 2398 3333 praevaricatione,
2423 3272 2479 3318 et
2504 3264 2622 3333 ipse
2646 3264 3034 3334 praevaricator
3056 3263 3320 3319 naturalis
3354 3264 3507 3335 legis.

246 3364 631 3424 peccaverunt,
659 3356 733 3411 ita
762 3356 816 3410 in
855 3366 1046 3412 natura
1071 3358 1289 3429 propria
1317 3358 1660 3428 punirentur,
1683 3357 1827 3412 unde
1857 3340 1902 3404 C
1931 3352 2337 3410 Inexcusabilia.
2355 3355 2492 3423 Quia
2517 3363 2575 3409 tu
2597 3355 2712 3425 ipse
2738 3354 2891 3410 testis
2918 3370 2978 3411 es
2998 3353 3359 3410 damnationis
3385 3365 3512 3421 tute,

248 3443 522 3500 concludit
541 3463 555 3498 :
594 3443 664 3499 Et
689 3447 996 3501 mercedem.

320 3531 781 3590 Commutaverunt
807 3538 1090 3592 veritatem.
1127 3538 1348 3610 (Artem)
1374 3537 1582 3594 Nomen
1614 3538 1707 3594 Dei
1730 3538 1826 3609 qui

251 3632 335 3682 est
357 3640 544 3692 verus,
571 3626 837 3682 dederunt
859 3628 945 3684 his
972 3628 1064 3698 qui
1092 3643 1198 3684 non
1228 3637 1353 3684 sunt
1378 3629 1473 3685 dii.

320 3734 503 3807 (Auo.)
531 3735 747 3793 Veritas
776 3746 1039 3794 creaturae
1063 3754 1095 3793 a
1127 3739 1236 3796 Deo
1260 3749 1362 3808 est,
1391 3740 1485 3796 sed
1508 3728 1616 3796 non
1647 3741 1822 3812 Deus,

252 3842 411 3899 quam
442 3827 519 3883 illi
542 3828 598 3883 in
618 3830 961 3885 mendacium
982 3826 1384 3901 converterunt,
1409 3842 1687 3892 creaturas
1705 3842 1827 3890 tan-

253 3940 411 3997 quam
435 3923 752 3980 Creatorem
782 3925 1042 3982 colentes.

316 4011 386 4068 Et
415 4013 724 4081 coluerunt,
754 4021 860 4069 etc.
909 4013 1016 4071 Sed
1043 4030 1111 4069 ne
1136 4016 1346 4083 dicant,
1376 4032 1484 4073 non
1515 4019 1632 4073 colo
1661 4019 1829 4073 simu-

249 4104 410 4173 lacra,
434 4106 537 4161 sed
561 4120 650 4161 res
671 4121 882 4172 eorum,
910 4115 971 4162 ut
1004 4106 1168 4162 solem
1194 4149 1210 4174 ,
1246 4110 1421 4164 addit:
1448 4109 1516 4163 Et
1545 4112 1826 4166 servierunt

250 4208 525 4253 creaturae.
555 4197 654 4254 Hic
695 4199 917 4255 damnat
962 4216 1081 4271 qua:
1117 4201 1170 4256 in
1214 4202 1516 4260 simulacris
1558 4204 1819 4278 intellige-

251 4287 390 4344 bant.
417 4288 610 4343 Amen.
638 4288 801 4357 Quasi
831 4290 1005 4346 dicat:
1032 4291 1230 4346 Verum
1256 4302 1358 4358 est,
1389 4294 1534 4365 quod
1560 4295 1671 4350 Deo
1698 4310 1829 4351 vero

252 4378 558 4436 benedictio
579 4389 663 4436 est
687 4381 741 4435 in
767 4381 993 4436 saecula:
1019 4382 1122 4438 diis
1146 4393 1323 4439 autem
1346 4385 1583 4455 gentium
1606 4385 1672 4440 ad
1694 4393 1830 4441 tem-

254 4481 347 4540 pus
372 4471 631 4543 impietas
660 4472 753 4528 dat
781 4473 1062 4529 honorem.
1093 4474 1216 4532 ideo
1244 4477 1389 4546 quod
1416 4475 1492 4531 illi
1519 4477 1724 4545 dicunt,
1746 4487 1823 4534 est

254 4562 485 4621 falsitas.

319 4655 486 4713 Vens.
511 4657 602 4712 26.
622 4687 695 4699 -
713 4657 1011 4713 Ραδεὶοηεε.
1041 4660 1096 4715 ld
1128 4669 1209 4716 est
1238 4660 1540 4732 voluptates
1568 4678 1708 4733 quae,
1726 4664 1826 4719 etsi

257 4747 544 4814 delectent,
573 4758 699 4805 sunt
721 4749 997 4820 passiones
1023 4759 1201 4807 tamen
1222 4793 1236 4818 ,
1265 4761 1473 4810 naturae
1507 4770 1614 4810 non
1649 4757 1827 4812 nomi-

257 4842 465 4897 nandze.
500 4836 507 4845 ί
874 4912 878 4919 υ

324 4932 636 4990 Naturalem
662 4951 834 4989 usum.
870 4933 1050 5003 (Auc.,
1080 4934 1172 4991 lib.
1209 4952 1267 4991 Ill
1297 4948 1434 4993 cont.
1462 4939 1576 4994 Jul.
1611 4938 1828 5012 Pelag.,

258 5041 304 5080 c.
323 5025 434 5098 20.)
460 5027 624 5083 Putas
636 5027 844 5084 Juliane
856 5028 1169 5100 Apostolum
1183 5048 1250 5087 ex
1264 5033 1365 5089 hoc
1384 5034 1635 5091 laudasse
1661 5036 1833 5091 libidi-

260 5125 721 5191 nem,etc.,usque
740 5120 810 5173 ad
830 5129 1016 5175 contra
1038 5130 1286 5177 naturam
1308 5133 1392 5179 est
1411 5133 1463 5179 et
1483 5124 1824 5196 ﬂagitiosum.

326 5204 489 5262 Vens.
512 5208 600 5263 27.
630 5240 701 5250 —
728 5207 797 5265 Et
838 5212 1154 5279 mercedem,
1205 5222 1308 5270 etc.
1350 5214 1531 5289 (Λυο.)
1564 5216 1669 5272 Sed
1699 5218 1830 5275 istas

260 5311 442 5366 poenas
467 5302 623 5371 pauci
657 5301 861 5368 vident,
889 5312 994 5359 etc.
1018 5346 1032 5367 ,
1076 5322 1237 5377 usque
1264 5307 1334 5360 ad
1369 5316 1587 5377 peccata
1624 5316 1747 5363 sunt
1777 5317 1833 5363 et

261 5404 447 5458 pinnae.
475 5392 734 5465 Oportuit.
755 5395 855 5452 Hic
875 5412 1035 5453 causa
1057 5406 1277 5469 prOpter
1291 5415 1452 5470 quam
1478 5400 1657 5454 traditi
1680 5408 1824 5469 sunt,

264 5484 373 5539 sine
396 5485 501 5540 ulla
528 5487 876 5560 ambiguitate
901 5498 1254 5545 monstratur.

330 5575 490 5634 Vens.
521 5577 612 5634 28.
637 5609 709 5619 —
728 5576 798 5633 Et
816 5581 969 5646 sicut,
995 5591 1099 5637 etc.
1129 5581 1259 5637 item
1284 5583 1408 5651 quia
1433 5581 1669 5638 nondum
1696 5583 1828 5639 resi-

263 5668 500 5738 piscunt,
538 5671 591 5726 in
617 5671 723 5727 alia
749 5672 946 5727 cadunt
974 5689 1074 5743 pro
1112 5674 1301 5730 eadem
1326 5675 1499 5744 culpa.
1541 5674 1645 5729 Per
1670 5676 1822 5742 sicut,

263 5771 470 5827 poenam
501 5772 723 5831 peccato
750 5762 1028 5829 assimilat,
1059 5764 1200 5835 quod
1230 5766 1367 5820 sicut
1393 5778 1751 5836 peccaverunt
1772 5770 1825 5824 in

267 5864 420 5905 sensu
444 5853 555 5919 Dei,
582 5855 661 5910 sic
680 5855 849 5926 puniti
883 5856 1081 5911 suntin
1111 5858 1328 5928 proprio
1353 5872 1531 5913 sensu.
1566 5857 1689 5912 Non
1710 5877 1826 5931 pro-

268 5939 523 6019 baperunt.
551 5946 686 6015 Quia
715 5962 823 6021 non
867 5960 1139 6025 noverunt
1164 5950 1333 6007 Deum
1366 5949 1569 6007 habere
1602 5951 1656 6007 in
1688 5953 1845 6011 noti-'

1929 3448 2056 3503 dum
2079 3448 2243 3503 alium
2260 3446 2503 3518 judicas:
2527 3462 2699 3519 quare
2725 3448 3005 3519 boc?quia
3034 3448 3224 3503 eadem
3251 3447 3386 3519 agis.
3408 3446 3514 3512 Qui

1919 3539 2157 3611 judicas.
2183 3540 2240 3595 In
2272 3555 2378 3611 quo
2399 3541 2633 3597 ostendit
2659 3555 2719 3597 se
2744 3555 2865 3597 esse
2902 3540 3045 3611 quod
3074 3554 3183 3595 non
3214 3550 3320 3605 est,
3349 3539 3403 3595 id
3433 3540 3516 3594 est

1922 3630 2149 3703 justum.
2175 3629 2375 3687 Eadem
2396 3634 2533 3687 enim
2561 3634 2693 3704 agis.
2714 3633 2934 3689 Inanem
2955 3632 3360 3688 excusationem
3384 3646 3515 3703 gen-

1927 3724 2064 3779 tium
2097 3732 2153 3780 et
2175 3724 2482 3780 Judaeorum
2527 3742 2623 3782 sua
2653 3727 2978 3782 auctoritate
3018 3726 3249 3783 destruit
3284 3726 3515 3797 Aposto-

1927 3813 2051 3870 lus:
2098 3823 2280 3885 posset
2319 3817 2464 3871 enim
2498 3817 2901 3873 excusationem
2947 3817 3155 3887 peccati
3200 3816 3283 3871 sui
3333 3816 3515 3872 dicere

1925 3906 2184 3963 Iudaeus:
2226 3907 2343 3964 Etsi
2371 3924 2529 3980 agam
2559 3910 2778 3975 eadem,
2808 3918 2989 3964 tamen
3025 3923 3113 3963 me
3152 3906 3394 3962 Judzeum
3421 3907 3516 3962 de-

1928 3999 2099 4057 fendit
2135 4014 2302 4068 genus
2342 4009 2395 4055 et
2422 4000 2533 4066 lex,
2561 4015 2649 4055 me
2678 3999 2933 4071 gentilem
2956 3999 3282 4071 ignorantia.
3310 3999 3512 4054 Contra

1928 4090 2236 4160 Apostolus,
2269 4087 2373 4154 Qui
2390 4092 2625 4160 Judicas,
2653 4099 2760 4147 etc.

1999 4180 2253 4253 (Τηεου.)
2285 4180 2382 4237 Est
2409 4192 2587 4237 autem
2628 4181 2979 4239 manifestum
3023 4182 3089 4238 iis
3135 4182 3226 4252 qui
3261 4182 3508 4252 sapiunt,

1928 4275 2071 4346 quod
2118 4274 2209 4345 qui
2253 4289 2309 4330 se
2355 4274 2540 4344 inique
2591 4283 2820 4346 gerunt,
2867 4275 3051 4333 divina
3097 4276 3365 4332 sententia
3409 4291 3511 4347 pu-

1928 4369 2171 4424 niuntur.

2007 4460 2163 4517 Vens.
2178 4462 2233 4517 5.
2265 4492 2335 4502 —
2373 4460 2665 4518 Existimas
2693 4472 2889 4518 autem.
2922 4461 3293 4519 Communiter
3316 4463 3514 4536 legitur

1930 4555 2032 4609 hoc
2057 4554 2346 4624 capitulum
2376 4550 2564 4610 contra
2592 4554 2805 4611 Iudaeos
2848 4564 2902 4611 et
2944 4557 3203 4627 gentiles;
3229 4564 3409 4624 potest
3434 4565 3515 4611 ta-

1930 4660 2056 4701 men
2080 4655 2137 4699 et
2163 4645 2472 4715 specialiter
2513 4646 2622 4717 legi
2652 4654 2843 4702 contra
2881 4646 3291 4717 superciliosum
3323 4661 3514 4716 quem-

1932 4736 2062 4792 libet
2086 4736 2341 4792 Ecclesia:
2375 4738 2676 4807 praelatum.
2723 4738 2862 4804 Quia
2900 4747 2957 4792 tu
2992 4738 3230 4807 effugies.
3274 4737 3512 4806 Peccas,

1936 4829 2061 4883 dum
2089 4829 2187 4885 tibi
2218 4829 2592 4900 impunitatem
2616 4830 2907 4902 promittis,
2937 4830 3153 4901 gravius
3179 4847 3192 4884 :
3220 4831 3347 4901 quia
3378 4847 3510 4887 con-

1937 4919 2135 4975 temnis
2162 4919 2360 4975 bonum
2387 4906 2503 4985 Dei,
2531 4928 2587 4974 et
2614 4919 2831 4990 ignoras
2854 4929 2906 4975 te
2935 4928 3304 4988 contemnere,
3332 4930 3388 4976 et
3413 4921 3515 4977 hoc

1934 5010 2116 5067 facis?
2148 5010 2451 5081 increpatio
2480 5053 2494 5076 ,
2529 5011 2684 5082 quasi
2715 5012 2956 5066 diceret:
2988 5010 3180 5067 Mirum
3218 5023 3321 5069 est.

2004 5101 2167 5157 Vens.
2195 5103 2249 5157 4.
2277 5133 2346 5143 —
2371 5102 2455 5157 An
2483 5103 2693 5158 divitias
2729 5104 2994 5159 bonitatis.
3032 5104 3254 5177 (Attum)
3284 5103 3510 5174 Copiosa

1937 5198 2020 5248 est
2048 5193 2262 5248 bonitas
2285 5208 2405 5264 quae
2434 5193 2598 5247 multa
2630 5202 2685 5249 et
2738 5194 2944 5261 multis,
2974 5202 3104 5261 etc.,
3133 5210 3296 5264 usque
3325 5193 3395 5247 ad
3419 5195 3512 5248 sed

1937 5285 2005 5340 ad
2032 5286 2405 5355 impunitatem
2430 5287 2612 5341 vertit.

2005 5395 2169 5452 Vens.
2200 5397 2252 5451 5.
2282 5428 2351 5438 --
2376 5397 2675 5454 Secundum
2700 5409 2895 5455 autem.
2943 5399 3082 5456 Sunt
3110 5400 3253 5456 enim
3290 5399 3509 5470 quidam

1932 5488 2128 5561 quibus
2153 5489 2292 5543 mala
2322 5505 2442 5560 quae
2466 5499 2633 5561 agunt
2658 5492 2963 5564 displicent,
2988 5500 3045 5549 et
3071 5493 3215 5548 ducti
3242 5492 3508 5563 paeniten-

1934 5584 2008 5642 tia
2031 5583 2228 5647 cordis,
2256 5591 2521 5653 quatenus
2542 5584 2621 5640 eis
2646 5585 2806 5640 datur
2826 5601 2894 5641 ex
2918 5584 2998 5641 eis
3021 5585 3193 5649 exire,
3220 5583 3506 5639 laborant:

1934 5679 2000 5736 de
2026 5678 2220 5747 quibus
2248 5675 2337 5730 hic
2365 5690 2471 5731 non
2501 5676 2757 5748 loquitur.
2791 5678 2931 5733 Sunt
2954 5677 3042 5732 alii
3078 5677 3273 5747 quibus
3295 5675 3512 5747 placent

1933 5768 2097 5833 mala,
2129 5776 2181 5822 et
2220 5767 2285 5822 de
2324 5768 2693 5825 misericordia
2721 5770 2813 5825 Dei
2840 5769 3003 5824 nimis
3030 5778 3420 5841 praesumentes
3455 5770 3509 5825 in

1933 5863 2015 5917 eis
2052 5861 2400 5931 pertinaciter
2438 5864 2763 5934 perdurant,
2812 5864 2867 5918 in
2908 5878 3014 5933 quo
3045 5862 3188 5919 illius
3220 5864 3513 5921 ostendunt

1933 5956 2268 6055 patientiam,
2291 5963 2346 6012 et
2370 5973 2522 6015 suam
2547 5956 2825 6015 cumulant
2846 5957 3116 6017 sarcinam
3135 5956 3373 6019 deterius
3390 5972 3511 6039 pecs
