3958 6314
407 416 510 470 473

933 392 1334 471 ’ψΑιΑῖωυι
1377 415 1623 471 STRABI
1660 416 1864 473 FULD.
1907 415 1990 473 MC

2116 416 2267 473 OPP.
2308 416 2511 477 PARS.
2553 418 2593 473 1.
2637 448 2705 458 -
2742 418 3201 478 THEOLOGICA.
3246 446 3253 453 κ

3574 426 3684 482 8⁸76

406 533 597 587 cando.
650 532 787 589 Sunt
812 540 868 587 et
895 531 985 586 alii
1015 532 1210 602 quibus
1237 524 1523 607 displicent
1556 532 1772 603 quidem
1820 530 1985 598 mala,
2012 532 2068 591 Α
2090 530 2234 585 enim
2269 547 2367 603 pro
2392 532 2598 598 auditu,
2639 533 2732 588 sed
2764 534 3000 589 factores
3025 535 3358 607 quicunque,
3388 538 3532 605 quod
3560 539 3684 607 qui-

407 624 501 679 sed
529 608 780 695 quoniam
817 623 1000 692 gravia
1026 638 1148 679 esse
1175 624 1501 695 intelligunt,
1538 632 1732 695 putant
1755 623 1856 679 sibi
1879 624 1990 694 jam

405 730 512 770 non
543 730 701 785 posse
730 714 958 786 ignosci;
988 715 1127 769 sicut
1157 714 1245 770 ille
1267 716 1359 786 qui
1390 715 1528 770 dixit
1553 733 1564 769 :
1597 714 1773 785 Major
1794 724 1867 769 est
1893 715 1993 770 ini-

403 808 576 877 quitas
596 822 709 859 mea
742 803 895 878 (Gen.
928 803 1026 873 tv),
1058 815 1161 861 etc.
1195 805 1273 861 llll
1317 820 1447 877 ergo
1484 806 1650 861 nimia
1692 822 1786 877 spe
1823 805 1992 861 Deum

402 911 511 951 non
535 895 739 966 justum
771 904 1090 951 autumant:
1124 897 1213 952 isti
1238 912 1372 953 vero
1412 898 1790 970 desperatione
1822 896 1991 953 Deum

403 1008 510 1047 non
538 993 737 1048 bonum
765 995 1058 1050 aestimant.
1083 994 1164 1050 Ex
1192 1003 1424 1066 utroque
1458 1012 1590 1069 ergo
1614 996 1995 1067 periclitabun-

403 1091 513 1150 tur,
550 1094 602 1138 et
634 1086 902 1154 sperando
928 1094 983 1141 et
1018 1086 1386 1158 desperando,
1429 1089 1720 1143 contrariis
1750 1088 1914 1143 rebus
1939 1097 1995 1143 et

401 1175 690 1229 contrariis
716 1174 1093 1233 affectionibus
1114 1178 1448 1246 laborantes,
1478 1180 1754 1253 peribunt.

476 1267 617 1323 Iusti
637 1268 850 1339 judicil.
895 1270 1107 1345 (Ovem)
1156 1270 1372 1327 Justum
1413 1272 1678 1344 judicium
1725 1272 1820 1330 Dei
1860 1273 1996 1333 dixit

397 1374 541 1426 esse,
570 1368 703 1427 etc.,
742 1376 905 1433 usque
935 1363 1005 1416 ad
1033 1378 1139 1418 non
1167 1372 1346 1437 potest
1389 1366 1707 1441 paenitentia
1737 1366 1996 1438 prodesse

397 1453 663 1522 peccanti.

473 1544 639 1598 Vens.
683 1543 736 1598 6.
761 1575 831 1585 —
863 1542 965 1611 Qui
1004 1544 1183 1605 reddet
1228 1546 1528 1616 unicuique.
1564 1548 1667 1616 Qui
1700 1548 1860 1603 modo
1890 1546 1994 1604 illis

402 1653 541 1709 quos
564 1637 775 1709 liberat,
800 1656 905 1697 non
931 1639 1128 1709 reddit,
1172 1644 1427 1717 quoniam
1453 1659 1577 1713 erga
1605 1644 1817 1715 iniquos
1838 1646 1996 1705 modo

406 1731 554 1803 larga
583 1739 666 1787 est
704 1732 821 1803 ejus
851 1734 1081 1790 bonitas.
1118 1734 1174 1791 in
1210 1737 1391 1793 futuro
1421 1748 1602 1794 autem
1634 1740 1823 1795 reddet
1852 1739 1995 1795 mala

400 1838 500 1892 pro
525 1823 700 1891 malis,
731 1826 984 1895 quoniam
1011 1826 1223 1897 justus:
1247 1830 1389 1887 bona
1412 1845 1510 1901 pro
1538 1830 1714 1896 malis,
1740 1830 1993 1901 quoniam

2096 623 2217 678 dem
2242 631 2324 678 est
2351 639 2446 693 per
2472 625 2724 693 gratiam.
2766 623 2869 679 Sed
2909 625 3167 695 factores,
3212 628 3264 683 id
3304 637 3411 692 est,
3442 630 3531 699 qui
3565 645 3687 685 cre-

2095 714 2231 770 dunt
2269 716 2323 769 in
2367 715 2676 784 Christum,
2725 733 2886 791 quem
2930 718 3014 775 lex
3044 720 3329 789 promisit,
3371 723 3684 792 quicunque

2095 803 2224 872 sint,
2254 806 2399 877 quod
2427 822 2534 861 non
2560 817 2643 863 est
2673 809 2777 864 nisi
2804 822 2902 879 per
2932 811 3184 881 gratiam.

2167 895 2352 969 (Anc.,
2375 898 2469 953 lib.
2488 899 2553 952 de
2578 897 2720 970 Spir.
2746 912 2791 954 et
2814 900 2917 966 lit.,
2936 917 2983 955 c.
3015 900 3133 971 26.)
3160 899 3209 956 F
3210 912 3413 959 actores
3441 906 3567 975 legis
3586 908 3685 977 ju-

2095 989 2478 1057 stiﬁcabuntur,
2504 992 2557 1046 id
2579 999 2680 1056 est,
2699 990 2833 1059 justi
2854 992 3276 1063 deputabuntur,
3298 995 3382 1050 vel
3400 995 3529 1065 justi
3552 998 3690 1053 ﬁent

2095 1094 2202 1136 non
2245 1081 2336 1151 qui
2383 1090 2510 1138 ante
2554 1091 2714 1138 erant
2762 1082 2996 1139 factores
3030 1085 3507 1155 justiﬁcabuntur,
3556 1090 3689 1161 quia

2097 1175 2266 1231 etiam
2294 1184 2503 1246 gentes.
3588 1164 3591 1165 ⁷

2166 1264 2329 1320 Vens.
2358 1264 2445 1343 14.
2465 1294 2536 1305 --
2558 1263 2690 1319 Cum
2721 1267 2878 1332 enim,
2908 1273 3017 1323 etc.
3052 1265 3228 1336 Supra
3258 1265 3473 1323 dixerat
3509 1270 3691 1340 genti-

2097 1357 2203 1413 lem
2233 1358 2501 1422 damnari,
2528 1358 2573 1413 si
2603 1357 2744 1413 male
2780 1368 3136 1429 Operaretur;
3169 1357 3365 1413 salvari
3385 1401 3402 1425 ,
3432 1361 3476 1414 si
3509 1361 3693 1417 bene:

2097 1449 2191 1504 sed
2234 1464 2358 1504 eum
2387 1448 2558 1520 legem
2589 1464 2698 1505 non
2728 1449 2957 1516 habeat,
3003 1451 3157 1520 quasi
3198 1451 3407 1506 nesciat
3449 1453 3580 1523 quid
3628 1455 3697 1509 sit

2097 1544 2297 1599 bonum
2330 1543 2525 1613 quidve
2549 1543 2776 1610 malum,
2805 1544 3020 1599 videtur
3055 1544 3157 1599 sibi
3202 1555 3453 1600 neutrum
3494 1546 3699 1601 debere

2099 1634 2378 1704 imputari.
2419 1633 2621 1689 Contra
2667 1633 2996 1704 Apostolus:
3037 1632 3154 1688 Etsi
3184 1648 3292 1688 non
3322 1633 3522 1688 habeat
3553 1635 3699 1689 scri-

2096 1733 2245 1795 ptam
2270 1724 2475 1795 legem,
2507 1725 2671 1779 habet
2712 1734 2893 1779 tamen
2924 1724 3230 1779 naturalem
3257 1742 3269 1778 :
3301 1739 3410 1795 qua
3440 1724 3701 1797 intelligit

2097 1825 2152 1871 et
2180 1816 2282 1872 sibi
2312 1817 2563 1873 conscius
2588 1824 2674 1871 est
2699 1816 2831 1886 quid
2862 1817 2933 1871 sit
2962 1817 3162 1871 bonum
3194 1824 3251 1870 et
3291 1816 3421 1885 quid
3463 1816 3541 1870 sit
3580 1830 3700 1870 ma-

400 1915 575 1972 bonus
600 1926 654 1971 et
677 1919 875 1989 justus.
908 1919 1140 1977 Tantum
1168 1922 1307 1978 mala
1335 1898 1433 2001 pro
1460 1924 1618 1980 bonis
1648 1898 1990 1990 non—reddet,

2109 1909 2233 1975 lum,
2260 1910 2451 1964 vitium
2477 1909 2678 1980 quippe
2702 1917 2892 1964 contra
2923 1916 3173 1963 naturam
3199 1915 3305 1971 est,
3333 1908 3477 1977 quod
3504 1908 3703 1978 utique

399 2009 653 2078 quoniam
680 2011 914 2082 injustas
940 2030 1048 2069 non
1078 2024 1180 2070 est.

472 2098 689 2175 (Germ)
716 2104 797 2158 Ad
819 2104 1086 2174 justitiam
1114 2106 1370 2177 pertinet,
1397 2116 1457 2163 ut
1485 2123 1760 2179 nunquam
1793 2109 1993 2179 suppli—

399 2186 484 2244 cio
515 2200 758 2257 careant,
789 2206 1019 2263 quorum
1064 2210 1247 2262 mens,
1297 2206 1402 2253 etc.
1424 2238 1438 2264 ,
1471 2215 1631 2266 usque
1668 2198 1736 2253 ad
1761 2208 1993 2259 aeterna-

398 2279 522 2335 liter
550 2282 730 2353 puniri
755 2282 1051 2339 hominem.

470 2372 635 2429 Vens.
665 2374 718 2430 8.
747 2407 816 2416 —
845 2372 1169 2450 Indignatio.
1214 2376 1291 2435 Ne
1317 2380 1569 2437 videatur
1595 2382 1776 2448 irasci,
1801 2391 1857 2438 et
1884 2398 1990 2439 non

398 2462 715 2521 vindicare:
749 2467 891 2522 unde
920 2469 1196 2525 tribulatio
1231 2480 1287 2527 et
1315 2474 1587 2543 angustia.

465 2555 631 2612 Vens.
656 2558 709 2613 9.
726 2591 796 2600 —
814 2559 1106 2617 Tribulatio
1128 2574 1175 2618 et
1204 2568 1469 2636 angustia.
1498 2567 1714 2622 Interim
1737 2569 1789 2623 in
1812 2569 1991 2623 anima

397 2648 514 2704 sola
545 2658 672 2706 ante
691 2650 978 2721 judicium,
1007 2655 1413 2725 postjudicium
1445 2671 1624 2716 autem
1660 2662 1738 2715 ira
1763 2671 1818 2717 et
1841 2662 1986 2718 indi-

397 2742 600 2809 gnatio.
632 2742 701 2797 In
737 2761 959 2801 omnem.
991 2747 1146 2814 Quod
1184 2765 1348 2823 supra
1395 2753 1671 2811 indeﬁnite
1692 2795 1706 2819 ,
1735 2755 1809 2809 ibi
1836 2773 1848 2809 :
1894 2754 1991 2810 His

397 2841 575 2887 autem
599 2834 715 2905 qui,
744 2831 833 2890 hic
867 2837 1269 2906 universaliter,
1314 2849 1373 2898 ut
1408 2842 1649 2899 includat
1670 2843 1913 2901 Judaeum
1939 2855 1993 2902 et

397 2920 674 2992 gentilem.
706 2924 951 2981 Animam
983 2928 1146 2996 dicit,
1178 2933 1304 3001 Quia
1337 2934 1403 2991 de
1438 2934 1718 2990 incredulo
1746 2938 1858 3008 agit
1876 2938 1993 2993 aui-

397 3026 510 3080 ma,
540 3030 640 3086 pro
663 3016 816 3086 cujus
838 3018 1064 3089 perﬁdia
1108 3026 1411 3082 arctabitur
1435 3027 1704 3097 spirituali
1731 3021 1914 3101 poena.

468 3105 647 3161 Ιαάωὶ
674 3108 923 3177 primum.
956 3110 1199 3186 (Αιθιι.)
1238 3112 1483 3173 Judaeum
1526 3133 1740 3190 semper
1770 3130 1992 3192 antepo-

399 3197 481 3253 nit
506 3216 523 3252 V:
563 3199 689 3269 quia
722 3200 863 3258 sicut
903 3205 1131 3261 credens
1162 3206 1611 3267 honoriﬁcentior
1647 3220 1730 3268 est
1767 3222 1991 3285 propter

2000 2014 2003 2017 '
2097 2011 2253 2058 sanat
2276 2004 2470 2071 gratia.
2500 2001 2618 2057 Non
2642 2002 2789 2057 enim
2817 2015 2992 2071 usque
3014 2000 3151 2056 adeo
3174 2000 3229 2054 in
3252 2001 3493 2055 humana
3515 2001 3701 2056 anim

2096 2095 2273 2167 imago
2296 2104 2637 2151 terrenarum
2661 2094 2951 2150 all'ectuum
2974 2095 3096 2150 labe
3121 2095 3320 2149 detrita
3342 2102 3530 2160 est,ut
3551 2094 3700 2149 nulla

2094 2184 2151 2243 in
2180 2201 2245 2242 ea
2270 2185 2599 2242 lineamenta
2642 2185 3024 2243 remanserint.
3057 2183 3175 2239 Non
3203 2184 3429 2241 omnino
3457 2184 3697 2241 deletum

2094 2288 2179 2337 est
2198 2280 2343 2351 quod
2375 2279 2449 2336 ibi
2473 2294 2571 2349 per
2597 2280 2890 2350 imaginem
2912 2277 3027 2343 Dei,
3054 2293 3178 2333 cum
3206 2277 3370 2333 homo
3387 2284 3695 2341 crearetur,

2095 2372 2423 2442 impressum
2455 2380 2558 2427 est.
2606 2371 2841 2428 Proinde
2881 2372 3015 2428 vitio
3059 2379 3252 2438 sanato
3295 2386 3392 2441 per
3436 2372 3698 2440 gratiam,

2095 2465 2419 2520 naturaliter
2456 2465 2594 2519 ﬁunt
2632 2480 2694 2519 ea
2723 2480 2844 2535 quae
2881 2465 3016 2536 legis
3058 2460 3203 2519 sunt.
3249 2463 3366 2518 Non
3414 2463 3566 2533 quod
3601 2479 3701 2534 per

2094 2565 2345 2615 naturam
2390 2565 2586 2628 negata
2616 2557 2688 2612 sit
2720 2556 2926 2628 gratia,
2974 2556 3067 2611 sed
3108 2555 3290 2626 potius
3334 2569 3433 2625 per
3460 2554 3698 2624 gratiam

2094 2656 2345 2720 reparata
2396 2656 2639 2703 natura:
2691 2664 2795 2720 qua
2842 2649 3016 2720 gratia
3069 2648 3125 2705 in
3175 2647 3425 2706 interiori
3473 2648 3698 2707 homine

2094 2749 2353 2796 renovato
2396 2738 2482 2796 lex
2520 2739 2748 2812 justitiae
2796 2739 3154 2807 rescribitur,
3206 2753 3366 2808 quam
3413 2737 3695 2795 deleverat

2095 2834 2273 2903 culpa.

2167 2928 2332 2984 Vens.
2370 2928 2457 2989 l5.
2478 2959 2549 2968 —
2576 2925 2722 2999 Opus
2748 2927 2894 2999 legis.
2927 2926 3025 2983 Est
3058 2926 3213 2994 ﬁdes,
3236 2943 3398 2999 quam
3426 2928 3573 2984 ultro
3596 2928 3694 2983 ha-

2094 3020 2226 3075 bent
2251 3021 2305 3074 in
2338 3019 2613 3085 cordibus,
2641 3020 2697 3075 id
2727 3028 2832 3085 est,
2858 3019 3052 3077 intimo
3073 3020 3288 3086 aﬁ‘cctu,
3316 3020 3409 3077 ubi
3436 3018 3575 3077 ﬁdes
3593 3036 3697 3093 per

2099 3109 2447 3167 dilectionem
2482 3120 2759 3182 cperatur.
3379 3136 3404 3149 α

2170 3200 2333 3256 Vens.
2362 3202 2446 3256 l7.
2479 3231 2551 3242 —
2580 3200 2640 3257 Si
2665 3210 2838 3256 autem
2867 3210 2947 3267 tu,
2976 3208 3081 3256 etc.
3123 3199 3222 3257 llic
3256 3199 3472 3259 Iudaeos
3496 3216 3693 3275 aggre-

399 3290 714 3360 Abraham,
762 3294 837 3350 ita
887 3295 1133 3355 diﬁidens
1177 3299 1332 3375 pejus
1360 3304 1681 3361 tractandus
1707 3315 1825 3375 est,
1861 3306 1988 3379 quia

2109 3294 2263 3362 iitur,
2295 3295 2514 3364 gravius
2558 3309 2822 3351 accusans
2869 3309 2963 3351 eos
3006 3294 3073 3349 de
3112 3293 3388 3364 peccatis,
3433 3309 3501 3351 eo
3544 3294 3695 3365 quod

397 3385 667 3454 promissa
702 3388 950 3458 patribus
981 3391 1259 3451 refutavit.

472 3474 639 3532 Vsus.
676 3474 762 3534 ll.
786 3512 855 3521 -—-
883 3476 1003 3537 Non
1025 3494 1100 3543 est
1121 3487 1283 3552 enim,
1306 3494 1411 3542 etc.
1444 3486 1704 3559 Coaequat
1746 3490 1991 3553 Judaeum

400 3574 456 3622 et
499 3568 757 3638 gentilem
794 3572 847 3625 in
879 3588 1041 3642 poena
1071 3583 1125 3629 et
1167 3577 1376 3647 gloria:
1427 3579 1553 3647 quia
1596 3580 1738 3635 Deus
1779 3580 1994 3649 judicat

402 3673 510 3712 non
542 3661 838 3715 secundum
863 3667 1248 3737 personas,sed
1273 3668 1571 3723 secundum
1605 3671 1833 3725 merita:
1863 3673 1990 3742 quia

402 3758 664 3823 utrosque
690 3755 988 3809 secundum
1018 3757 1236 3812 modum
1264 3759 1470 3827 peccati
1497 3758 1741 3815 damnat.

477 3840 703 3916 (Auum)
729 3845 1148 3923 Praerogativam
1187 3851 1404 3920 generis
1430 3867 1536 3909 non
1570 3854 1814 3923 sequitur
1850 3855 1992 3912 Deus

416 3944 477 3991 ut
503 3938 785 4009 suscipiat,
819 3956 983 4015 causa
1010 3953 1245 4015 patrum,
1279 3943 1605 4001 diﬁidentem
1624 3987 1637 4011 ,
1662 3948 1745 4003 vel
1779 3949 1995 4016 abiiciat

413 4044 444 4083 a
474 4045 552 4096 se,
582 4039 800 4102 propter
825 4033 1195 4104 indignitatem
1211 4039 1867 4107 parentum,credentem,
1899 4042 1993 4098 sed

403 4137 841 4195 unumquemque
885 4129 1102 4203 proprio
1152 4131 1349 4193 merito
1391 4140 1486 4187 aut
1527 4146 1858 4202 remunerat,
1898 4146 1991 4191 aut

403 4216 747 4277 condemnat.

480 4306 638 4363 Vens.
670 4309 755 4362 l2.
778 4340 846 4349 —-
871 4309 994 4365 Sine
1015 4313 1142 4382 lege.
1171 4314 1352 4385 (Auc.)
1384 4316 1510 4373 Ideo
1543 4318 1835 4388 Apostolus
1858 4335 1989 4393 gen-

422 4400 545 4456 tiles
574 4402 691 4457 sine
713 4403 829 4473 lege
852 4404 1006 4469 dixit,
1035 4407 1159 4476 quia
1201 4408 1367 4481 Moysi
1400 4410 1571 4481 legem
1599 4412 1854 4481 scriptam
1886 4428 1991 4468 non

410 4504 751 4564 acceperant,
781 4513 942 4569 quam
974 4514 1031 4559 se
1059 4502 1335 4573 accepisse
1364 4503 1737 4570 gloriabantur
1762 4501 1954 4559 Judaei.

480 4582 546 4637 In
570 4584 697 4656 lege.
727 4584 851 4659 (ln.)
876 4587 977 4657 Qui
1008 4602 1276 4648 noverunt
1300 4594 1483 4660 divina
1511 4593 1785 4658 mandata,
1813 4594 1992 4650 aufer-
2020 4599 2045 4660 ζ

406 4679 497 4728 tur
526 4673 595 4729 ab
624 4676 703 4732 eis
727 4681 1023 4744 excusatio,
1059 4690 1189 4743 etc.,
1227 4700 1388 4754 usque
1418 4684 1486 4737 ad
1510 4683 1593 4739 vel
1625 4684 1991 4743 additamento

404 4770 636 4839 propriae
663 4772 975 4829 voluntatis.

474 4861 883 4927 Judicabuntur.
921 4868 1037 4927 Non
1069 4878 1127 4922 ut
1162 4871 1317 4939 quasi
1347 4885 1441 4941 per
1462 4872 1642 4944 ignem
1673 4873 1806 4929 salvi
1839 4873 1990 4941 ﬁant,

406 4965 468 5012 ut
494 4957 716 5027 quidam
749 4960 959 5024 dicunt,
996 4961 1086 5015 sed
1118 4977 1340 5032 prorsus
1372 4964 1644 5035 peribunt.
1674 4965 1816 5021 Dicit
1846 4967 1989 5022 enim

406 5050 656 5109 Christus
680 5054 825 5124 quod
852 5054 1185 5113 tolerabilius
1222 5058 1327 5113 erit
1371 5058 1618 5115 Sodomae
1658 5060 1709 5115 in
1748 5060 1986 5131 judicio,

406 5158 570 5213 quam
597 5142 798 5200 Judzeis
826 5145 879 5198 in
912 5145 1187 5205 Christum
1224 5166 1331 5205 non
1362 5150 1727 5208 credentibus.
1768 5153 1834 5209 Et
1862 5154 1986 5214 item

405 5230 540 5287 dicit
567 5233 710 5301 quod
750 5236 1152 5294 excusationem
1200 5257 1305 5297 non
1352 5242 1627 5297 habebunt
1668 5243 1736 5298 de
1772 5254 1995 5312 peccato

408 5318 775 5385 inﬁdelitatis,
810 5324 933 5393 quia
966 5329 1113 5382 venit
1159 5339 1213 5384 et
1255 5329 1466 5385 locutus
1507 5342 1590 5386 est
1634 5333 1749 5387 eis:
1794 5334 1859 5387 de
1888 5349 1993 5403 quo

408 5407 611 5467 habent
635 5416 1041 5472 excusationem
1068 5416 1162 5482 illi,
1196 5421 1392 5492 quibus
1424 5440 1523 5479 nec
1556 5440 1653 5496 per
1680 5440 1738 5481 se
1768 5442 1869 5481 nec
1896 5441 1993 5496 per

410 5516 538 5558 suos
565 5501 777 5561 locutus
800 5516 899 5569 est,
936 5510 1025 5580 qui
1059 5519 1238 5567 tamen
1272 5530 1375 5570 non
1404 5514 1659 5589 ell’ugient
1690 5517 1993 5571 damnatio-

410 5611 534 5651 nem
558 5612 573 5653 :
600 5600 724 5671 quia
750 5602 839 5671 qui
861 5604 973 5658 sine
1006 5603 1136 5676 lege,
1162 5614 1263 5661 etc.
1296 5605 1519 5663 Leviora
1554 5618 1733 5662 tamen
1759 5609 1986 5681 passuri,

410 5687 533 5758 quia
559 5690 645 5745 cui
670 5689 788 5762 plus
813 5694 1191 5753 committitur.
1224 5695 1341 5766 plus
1373 5696 1440 5750 ab
1470 5712 1534 5750 eo
1559 5696 1812 5767 exigitur.

481 5780 642 5840 Vsus.
676 5783 764 5840 l3.
786 5816 856 5827 —
886 5784 1006 5840 Non
1047 5790 1181 5842 enim
1228 5789 1509 5844 auditores.
1543 5789 1733 5843 Nonne
1764 5789 1875 5845 sola
1909 5790 1993 5845 lex

410 5870 628 5935 salvat?
663 5872 805 5944 Non,
833 5877 957 5948 quia
989 5893 1095 5934 non
1125 5877 1257 5957 facit
1275 5877 1452 5953 justos
1470 5922 1485 5949 ,
1511 5888 1565 5937 et
1591 5881 1693 5937 hoc
1721 5890 1806 5938 est
1830 5900 1843 5936 :
1878 5881 1994 5938 Non

2093 3386 2248 3458 plura
2281 3387 2546 3442 baberent
2570 3386 2796 3441 auxilia.

2166 3481 2333 3541 Vitas.
2378 3482 2464 3538 l9.
2515 3511 2585 3523 -—
2627 3480 2824 3536 Ducem
2868 3497 2993 3537 esse.
3040 3478 3226 3535 Οωοοε
3260 3486 3315 3538 et
3352 3478 3408 3533 in
3454 3478 3692 3539 tanebris

2094 3576 2396 3631 existentes
2422 3576 2554 3630 dicit
2581 3574 2845 3647 gentiles,
2874 3574 2967 3643 qui
3002 3582 3058 3628 et
3091 3572 3303 3628 ratione
3328 3571 3529 3642 privati
3560 3572 3691 3628 caeci

2100 3678 2226 3724 sunt
2252 3686 2266 3739 ς
2298 3678 2353 3723 et
2384 3670 2431 3723 si
2461 3669 2590 3741 quid
2621 3670 2818 3736 sciunt,
2848 3679 3027 3722 tamen
3051 3667 3105 3721 in
3140 3666 3381 3721 tenebris
3405 3675 3553 3722 sunt.

2174 3757 2330 3815 Vens.
2371 3758 2461 3815 20.
2497 3791 2567 3800 —
2599 3758 2888 3814 Habentem
2932 3759 3180 3830 formam.
3231 3756 3297 3813 Ut
3344 3757 3467 3813 aliis
3507 3772 3689 3812 exem-

2094 3853 2240 3923 plum
2286 3853 2528 3909 scientia:
2570 3852 2706 3923 legis
2747 3852 2822 3907 sis
2866 3860 2924 3907 et
2970 3850 3235 3905 veritatis.
3281 3847 3508 3917 Quidam
3542 3848 3687 3904 enim

2095 3945 2381 4000 scientiam
2409 3953 2461 3999 et
2491 3943 2823 3999 intellectum
2855 3941 3080 4011 alicujus
3122 3940 3243 3999 libri
3285 3939 3485 3996 habent
3525 3950 3581 3996 et
3610 3938 3683 3994 ita

2096 4037 2338 4093 sentiunt
2363 4039 2502 4093 sicut
2533 4046 2723 4092 auctor
2748 4037 2862 4107 ipse
2893 4037 3101 4101 sensit,
3135 4051 3239 4090 non
3275 4044 3453 4091 tamen
3487 4034 3691 4093 habent

2098 4131 2223 4185 inde
2248 4131 2530 4185 veritatem
2559 4149 2570 4183 :
2606 4130 2735 4200 quia
2772 4129 3022 4184 nesciunt
3064 4128 3335 4199 quomodo
3371 4128 3441 4182 sit
3464 4143 3682 4194 verum,

2094 4238 2195 4278 nec
2224 4223 2387 4277 etiam
2421 4237 2539 4277 esse
2570 4238 2754 4277 verum
2782 4240 2795 4275 :
2829 4222 2924 4277 sed
2956 4219 3175 4277 Judaeus
3207 4221 3379 4292 jactat
3404 4237 3461 4277 se
3487 4223 3687 4279 habere

2095 4330 2311 4370 sensum
2342 4314 2497 4385 legis,
2521 4324 2573 4368 et
2597 4315 2737 4371 scire
2758 4330 2946 4368 verum
2968 4329 3089 4369 esse
3111 4329 3328 4369 sensum
3356 4314 3507 4371 illum
3526 4315 3680 4385 legis,

2094 4410 2168 4464 ita
2196 4417 2253 4462 ut
2290 4407 2409 4463 aliis
2434 4410 2575 4462 scire
2599 4408 2903 4464 volentibus
2932 4408 3001 4462 sit
3030 4407 3326 4477 exemplar.

2167 4502 2327 4557 Vens.
2356 4500 2446 4554 24.
2530 4530 2542 4539 ο
2574 4498 2779 4553 Nomen
2805 4500 2941 4553 enim
2980 4500 3100 4553 Dei.
3124 4500 3288 4566 inter
3325 4510 3515 4571 gentes
3539 4502 3682 4558 blas-

2096 4598 2384 4665 phematur
2415 4611 2611 4650 nomen
2647 4595 2736 4649 Dei
2774 4610 2870 4666 per
2903 4594 3117 4651 Judatos
3143 4595 3311 4666 :vquia
3341 4596 3682 4655 credentibus

2095 4688 2263 4744 Judmi
2296 4689 2525 4744 suadere
2566 4687 2875 4749 nitebantur
2905 4687 3179 4747 Christum
3209 4704 3316 4744 non
3359 4704 3480 4747 esse
3514 4689 3680 4745 Deum

2097 4779 2402 4834 dicendum.
2451 4778 2547 4834 Vel
2588 4779 2713 4849 quia
2741 4779 2869 4833 olim
2907 4788 3094 4851 gentes
3139 4795 3242 4834 non
3275 4781 3674 4838 animadverte-

2097 4872 2227 4926 bant
2255 4871 2469 4927 Judaaos
2496 4872 2598 4925 sibi
2630 4871 2855 4926 traditos
2887 4888 2984 4941 pro
3013 4871 3170 4926 noxis
3208 4871 3321 4927 suis
3341 4912 3357 4937 ,
3403 4873 3497 4927 sed
3531 4873 3683 4928 idolis

2099 4964 2211 5019 suis
2239 4963 2438 5018 dabant
2469 4962 2694 5033 gloriam
2720 4962 2785 5035 de
2809 4962 3030 5017 victoria
3059 4977 3176 5026 sua,
3202 4963 3354 5032 quasi
3375 4960 3679 5018 Iudaeorum

2099 5052 2265 5107 Deum
2297 5052 2557 5107 vicissent
2587 5052 2638 5106 in
2670 5051 2890 5107 Judmis.

2173 5144 2331 5200 Vens.
2379 5144 2469 5199 25.
2511 5177 2581 5184 —
2622 5144 2963 5199 Circumcist'o
2987 5144 3214 5215 quidem.
3250 5144 3498 5201 Ostendit
3520 5161 3677 5214 supra

2096 5237 2266 5308 legem
2298 5253 2402 5291 non
2429 5237 2620 5307 juvare
2681 5251 2807 5301 eos,
2851 5234 3010 5291 modo
3063 5236 3531 5297 circumcisiouem
3574 5254 3677 5294 non

2088 5327 2281 5398 juvare
2329 5329 2395 5381 ad
2453 5326 2798 5381 obtinendam
2850 5324 3136 5395 justitiam.
3207 5323 3463 5393 Prodest,
3514 5330 3558 5383 si
3606 5329 3678 5387 lc-

2096 5436 2230 5488 gem,
2249 5427 2351 5473 etc.
2378 5418 2511 5484 Quia
2541 5418 2839 5473 obediendo
2870 5417 3000 5483 Deo,
3025 5419 3232 5490 signum
3256 5416 3387 5475 facit
3408 5423 3674 5487 veritatis,

2097 5512 2222 5567 dum
2244 5510 2469 5581 populus
2501 5510 2650 5564 rudis
2676 5510 2774 5564 sub
2802 5510 2993 5567 timore
3020 5509 3113 5566 Dei
3144 5513 3461 5569 custoditur.

2170 5600 2412 5658 Prodest.
2437 5602 2705 5670 Quaeritur
2730 5605 2996 5672 quomodo
3033 5605 3121 5658 hic
3156 5605 3284 5665 dicit
3308 5604 3673 5663 circumcisio-

2098 5713 2220 5753 nem
2246 5700 2521 5769 prodesse,
2551 5712 2671 5752 cum
2698 5696 2750 5750 in
2785 5693 3136 5765 sequentibus
3156 5696 3333 5755 dicat:
3367 5694 3421 5751 Si
3446 5697 3671 5752 circum-

2100 5789 2372 5855 cidamini,
2403 5789 2650 5844 Christus
2691 5787 2824 5842 nihil
2853 5788 3008 5843 vobis
3051 5789 3337 5863 proderit?
3367 5788 3669 5859 Responde

2100 5890 2226 5937 tur:
2272 5879 2577 5937 Secundum
2623 5888 2821 5939 statum
2869 5877 3203 5936 diversomm
3239 5889 3539 5955 temporum
3571 5880 3670 5935 hoc
