3958 6314
234 415 322 470 ιπ
1101 419 1367 477 GLOSSA
1407 422 1801 481 ORRNARIA.
1837 456 1910 467 —
1947 427 2163 486 EPIST.
2204 432 2297 491 AD
2334 435 2496 493 ROM.

3366 451 3470 509 47⁸

232 530 331 641 vlg“
375 527 780 641 intelligi..Nam
831 535 1127 641 secundum
1169 545 1367 641 statum
1396 542 1632 641 .veteris-
1655 542 1788 615 legis
1818 548 1865 609 A
1968 549 2125 607 Vens.
2149 552 2202 607 4.
2233 554 2502 613 —0nmis
2529 569 2726 615 autem
2776 562 2889 619 Hoc
2914 565 3082 631 addit,
3123 575 3181 623 ut
3212 582 3470 641 appareat

230 622 343 677 olim
372 617 952 729 proluit‘circumcisio,
990 625 1083 679 sed
1104 642 1209 681 non
1232 627 1433 698 proluit
1461 631 1527 686 ad
1555 631 1784 688 salutem
1892 643 2301 712 promissionem
2339 647 2433 705 Dei
2488 650 2684 707 factam
2871 617 2944 711 et—

229 716 333 826 sine
357 712 778 826 spirituaii‘legis
818 716 1195 826 observant-ia,
1236 722 1300 775 de
1337 738 1450 826 quo
1490 724 1595 779 bic.
1620 724 1789 826 Pindo
1890 742 2110 805 propter
2153 736 2387 808 aliquam
2438 742 2673 800 hominis
2721 712 3464 826 dignitatemrsed—propte-r

227 802 654 907 autem._scilicel
711 813 951 915 tempore
977 809 1184 915 sraliaf.
1230 820 1517 915 postquam
1546 814 1787 869 exhibita
1890 802 2359 889 misericordem:
2396 844 2455 890 ut
2492 846 2667 907 gratia
2705 802 3198 915 dJurindignis:
3217 802 3277 901 οἵ
3287 802 3466 903 12;;

225 907 298 953 est
324 896 539 961 veritas,
568 911 675 951 non
705 898 865 953 modo
894 914 1001 957 non
1025 900 1267 971 prodest,
1299 905 1391 957 scd
1418 904 1579 959 etiam
1609 906 1786 971 obest,

224 989 284 1045 de
303 1003 405 1058 quo
429 987 481 1041 in
505 989 877 1057 sequentibus.

287 1078 434 1134 Vsus.
460 1078 548 1134 26.
575 1078 869 1136 -—Nonne.
904 1080 1134 1139 Gentilis
1163 1088 1569 1155 comparatione
1595 1089 1679 1143 sui
1706 1094 1781 1153 te,

217 1185 246 1226 0
276 1167 469 1235 induce,
510 1169 871 1227 damnabilem
914 1174 1169 1239 ostendit,
1211 1175 1303 1246 qui
1344 1191 1450 1233 non
1487 1193 1583 1248 per
1619 1187 1780 1233 natu-

214 1279 340 1328 rain,
368 1277 542 1332 neque
578 1280 676 1335 per
711 1265 1207 1334 circumcisionem,
1240 1270 1334 1325 sed
1360 1285 1457 1340 per
1485 1270 1657 1342 legem
1687 1287 1783 1327 no-

211 1355 343 1427 visti,
381 1356 522 1424 quod
547 1354 637 1410 ille
662 1371 758 1426 per
786 1366 1053 1423 naturam,
1084 1359 1135 1413 id
1161 1369 1245 1414 est
1266 1360 1581 1419 Christum?

1889 920 2247 977 mendabilior
2273 924 2345 981 sit
2381 927 2576 997 gratia.
2607 928 2749 986 Deus
2770 940 2951 988 autem
2972 934 3175 991 dicitur
3197 950 3382 1002 verax,
3410 939 3465 996 id

1886 1019 1969 1065 est
2014 1012 2361 1081 invariabilis,
2394 1025 2503 1072 tam
2546 1018 2598 1074 in
2636 1024 2873 1077 essentia
2933 1039 3093 1092 quam
3121 1028 3174 1082 in
3226 1031 3460 1098 promis-

1886 1103 2058 1162 sione.
2091 1106 2264 1163 Homo
2308 1110 2556 1176 mendax.
2587 1114 2640 1169 id
2671 1124 2756 1171 est
2785 1130 2886 1172 nec
2906 1132 3093 1175 verum
3114 1134 3233 1177 esse
3261 1122 3466 1178 habens

1885 1203 2113 1262 naturae,
2152 1208 2207 1253 et
2232 1215 2329 1268 per
2357 1211 2577 1271 peccata
2605 1203 2864 1261 deﬂuens.

1957 1283 2139 1341 Omnis
2183 1290 2337 1344 homo
2376 1294 2621 1349 mendax.
2674 1295 2777 1362 Qui
2822 1306 2982 1369 negat
3012 1299 3180 1356 Deum
3214 1303 3462 1373 implesse

1882 1377 2146 1447 promissa
2175 1398 2186 1431 :
2221 1380 2321 1435 hoc
2350 1385 2584 1440 maxime
2619 1384 2855 1453 Iudaeus,
2886 1402 3047 1457 quem
3078 1390 3247 1446 vincit
3296 1392 3461 1458 Deus,

270 1444 422 1501 Vsus.
448 1446 535 1501 27.
554 1447 926 1513 —Judicabit,
954 1459 1060 1505 etc.
1087 1450 1290 1521 (Oatc.)
1321 1450 1387 1507 In
1407 1468 1565 1507 carne
1585 1461 1658 1508 est
1681 1453 1785 1509 cir-
1883 1444 2008 1523 δυηι
2037 1468 2129 1525 da;
2165 1472 2449 1539 promissa,

205 1537 453 1591 cumcisio.
482 1537 885 1595 Circumcidere
909 1549 992 1595 est
1015 1557 1081 1595 ex
1106 1542 1325 1611 genitali
1349 1543 1615 1610 membro,
1641 1553 1776 1614 etc.,

1902 1588 1919 1616 ι
1954 1558 2137 1615 Omnis
2162 1563 2336 1618 Immo.
2366 1565 2543 1620 Etiam
2587 1565 2824 1634 Iudaeus,
2866 1584 2937 1624 ne
2961 1569 3175 1641 dignior
3214 1571 3465 1629 videatur

206 1643 350 1698 usque
378 1626 446 1680 ad
477 1626 539 1681 in
564 1629 760 1697 quibus
790 1632 1106 1698 noncarnis
1131 1632 1495 1698 circumcisio,
1522 1634 1615 1689 sed
1645 1633 1778 1705 legis
1881 1652 1936 1707 ίη
1962 1668 2103 1709 “om
2132 1663 2275 1710 stam
2306 1672 2469 1726 quam
2497 1659 2732 1729 gentilis.

202 1718 494 1773 observatio
530 1727 635 1775 est.

1951 1746 2112 1803 Vsus.
2144 1748 2196 1803 5.
2221 1748 2360 1803 —Si
2404 1759 2575 1805 autem
2614 1752 2881 1822 iniquitas.
2935 1753 3085 1809 Dixit
3140 1755 3285 1826 quod
3319 1752 3464 1812 Deus

266 1806 420 1861 Vens.
445 1807 537 1863 28.
560 1808 767 1864 -—Non
813 1812 971 1867 enim.
1018 1811 1181 1879 Quasi
1210 1831 1222 1867 :
1256 1813 1393 1869 bene
1432 1824 1607 1884 potest
1658 1815 1759 1872 tier

1883 1852 2043 1891 verax
2068 1846 2122 1893 et
2154 1842 2331 1893 omnis
2367 1840 2529 1895 homo
2568 1806 2824 1908 mendax,
2854 1851 2910 1897 et
2936 1843 3083 1913 quod
3110 1806 3341 1915 injdignis
3369 1844 3466 1902 dat

194 1899 396 2007 {adiens
423 1904 678 2007 gentilis,
707 1914 763 1959 et
781 1906 1258 2007 gentilis-Iudaeus,
1283 1908 1424 2007 sicut
1444 1910 1645 1966 dictum
1667 1921 1768 1967 est.
1806 1910 1849 1969 Β
1875 1928 2038 1993 bona,
2086 1930 2139 1983 in
2175 1945 2282 2001 quo
2310 1931 2791 1987 commendabilior
2810 1899 3060 2007 'apparet
3106 1899 3460 2003 ejusujustitia

196 1990 431 2049 Judwus.
459 1995 859 2065 Interpretatur
887 1999 1139 2068 conﬁtens
1169 2016 1188 2054 :
1215 2000 1306 2071 qui
1328 2002 1472 2057 enim
1506 2017 1630 2059 vere
1650 2018 1772 2058 ere-

191 2084 262 2140 dit
286 2094 337 2139 et
362 2097 515 2143 recte
539 2087 843 2151 confitetur,
880 2104 1007 2144 vere
1036 2098 1118 2145 est
1141 2090 1381 2146 Judaeus.

254 2179 395 2235 Vsus
465 2180 645 2238 29.—
666 2179 1011 2237 Circumcisio
1061 2184 1256 2238 cordis.
1289 2182 1495 2257 (0mc.)
1524 2187 1619 2241 Est
1649 2202 1769 2257 quae

186 2269 428 2339 purificat
456 2274 719 2340 animam,
748 2282 804 2328 et
829 2274 1081 2333 vitiorum
1114 2276 1352 2331 maculas
1386 2276 1675 2333 abscindit.

251 2359 413 2433 Cujus
443 2363 583 2418 laus.
617 2364 836 2435 (Auum)
865 2365 1072 2418 Laudat
1099 2366 1239 2419 Deus
1266 2366 1598 2433 credentem,
1634 2377 1765 2435 etc.,

186 2470 335 2523 usque
357 2456 427 2509 ad
451 2456 596 2524 quod
619 2471 802 2511 coram
835 2455 1139 2511 hominibus
1161 2458 1454 2528 apparebat
1499 2459 1552 2513 in
1580 2474 1764 2529 opere.

251 2544 375 2601 Non
403 2564 470 2601 ea:
501 2548 818 2602 hominibus.
849 2546 1028 2619 (AUG.)
1069 2547 1545 2605 Circumcisionem
1587 2559 1769 2607 autem

184 2638 359 2692 cordis
410 2638 563 2703 dicit,
595 2653 787 2707 puram
828 2638 1035 2693 scilicet
1082 2638 1149 2693 ab
1176 2639 1321 2694 omni
1352 2639 1538 2695 illicita
1569 2656 1767 2697 concu-

180 2727 442 2797 piscentia
468 2727 829 2784 voluntatem:
860 2728 1002 2798 quod
1027 2744 1131 2785 non
1162 2729 1221 2783 lit
1255 2730 1434 2787 littera
1460 2732 1687 2788 docente
1712 2742 1768 2795 et

179 2816 444 2884 minante,
492 2820 585 2874 sed
621 2820 812 2890 spiritu
844 2819 1136 2890 adiuvante
1177 2828 1339 2891 atque
1368 2830 1617 2881 sanante.

822 2934 1050 2991 CAPUT
1090 2936 1173 2991 Ill.

245 3023 413 3079 Vens.
467 3021 751 3089 l.-—Quid
790 3041 912 3094 ergo
960 3026 1207 3095 amplius.
1245 3027 1443 3096 Objicit
1485 3029 1586 3083 sibi
1618 3030 1765 3098 quod

168 3116 320 3171 videt
347 3129 515 3185 posse
546 3114 725 3183 objici,
755 3124 814 3170 ut
841 3117 1036 3170 solvat.
1077 3117 1523 3189 Quandoquidem
1548 3118 1766 3174 Judaeus

166 3205 223 3260 lit
256 3204 508 3277 gentilis,
544 3214 599 3259 et
620 3219 652 3260 e
672 3220 951 3261 converso.
985 3206 1126 3277 Ergo
1150 3208 1278 3277 quid
1306 3218 1389 3263 est
1412 3209 1531 3278 plus
1555 3208 1763 3276 Judzeo,

1872 2029 1926 2077 et
1945 2022 2144 2093 gratia:
2173 2022 2311 2079 unde
2336 2023 2569 2077 carnalis
2595 2022 2781 2079 dicens
2806 2023 2973 2079 Deum
3001 2026 3079 2079 uti
3103 2024 3277 2089 malis,
3302 2024 3460 2095 quasi

1870 2112 2234 2171 instrumento
2277 2113 2344 2167 ad
2398 2113 2624 2183 gloriam
2664 2128 2836 2176 suam,
2870 2128 2935 2168 eo
2972 2128 3087 2169 rem
3120 2112 3352 2179 deducit,
3400 2120 3461 2167 ut

1868 2200 2011 2256 dicat
2070 2202 2310 2271 iniquum
2356 2202 2521 2258 Deum
2566 2203 2656 2274 qui
2694 2203 2847 2274 punit
2902 2211 3126 2274 peccata
3190 2218 3311 2273 quas
3354 2203 3459 2260 sibi

1868 2299 2111 2362 prosunt.
2150 2291 2300 2359 Quod
2328 2302 2586 2359 removet,
2618 2294 2842 2350 dicens:

1944 2378 2198 2451 Nunquid
2246 2382 2479 2452 iniquus.
2531 2382 2673 2438 Deus
2719 2398 2883 2439 verax
2921 2394 2978 2440 et
3008 2386 3173 2441 homo
3202 2384 3456 2442 mendax.

1871 2470 1929 2525 Si
1960 2479 2139 2525 autem
2177 2472 2282 2529 hoc
2311 2481 2412 2537 est,
2447 2481 2503 2527 et
2533 2474 2605 2529 ita
2643 2474 2904 2544 iniquitas
2955 2484 3139 2531 nostra
3187 2477 3457 2547 justitiam

1869 2563 1965 2618 Dei
1992 2565 2355 2631 commendat,
2380 2565 2507 2635 quid
2538 2567 2692 2621 senui
2715 2567 2931 2623 videtur
2955 2568 2979 2621 ?
3006 2568 3160 2635 Quod
3188 2568 3331 2624 Deus
3353 2568 3455 2623 ini‘

1868 2672 2007 2727 quus
2034 2664 2139 2712 est.
2164 2656 2269 2712 Sed
2296 2659 2536 2728 nunquid
2565 2659 2780 2729 iniquus
2808 2660 2947 2715 Deus
2972 2661 3062 2730 qui
3086 2660 3248 2715 infert
3273 2659 3412 2715 mala
3436 2660 3459 2713 ἵ

1940 2744 2107 2803 Vens.
2134 2749 2186 2802 7.
2215 2749 2360 2805 —Si
2404 2749 2540 2803 enim
2590 2749 2800 2804 veritas.
2834 2751 3117 2821 lnterjecta
3156 2750 3461 2806 remotione

1868 2838 2168 2909 iniquitatis
2195 2838 2290 2895 Dei
2328 2840 2467 2895 redit
2504 2839 2795 2910 Apostolus
2823 2841 2890 2895 ad
2927 2842 3303 2911 probationem
3329 2854 3454 2897 ear-

1865 2930 2002 2985 nalis
2032 2930 2252 2985 nitentis
2275 2931 2508 3000 probare
2535 2931 2680 3001 quod
2710 2932 2852 2986 Deus
2897 2931 2965 2985 sit
2998 2930 3216 2999 iniquus
3264 2930 3308 2985 si
3338 2944 3440 3000 puo

1862 3021 1944 3074 nit
1970 3021 2159 3086 malos,
2184 3022 2311 3090 quia
2338 3022 2381 3077 si
2411 3022 2535 3077 inde
2563 3021 2850 3092 gloriosior
2896 3037 2909 3074 :
2946 3020 3077 3090 quid
3109 3020 3275 3075 etiam
3306 3035 3453 3076 nunc

1865 3118 1919 3165 et
1944 3125 2050 3165 non
2083 3111 2254 3165 solum
2288 3112 2343 3165 in
2372 3111 2555 3167 futuro
2570 3112 2786 3180 judicor
2814 3113 2971 3183 quasi
3009 3124 3283 3183 peccator,
3309 3114 3455 3183 quod

1865 3214 1975 3254 non
2012 3216 2129 3255 sum
2161 3202 2186 3253 ?
2223 3202 2312 3256 Vel
2341 3219 2355 3255 :
2398 3202 2605 3267 Adhuc,
2645 3203 2696 3256 id
2734 3211 2819 3257 est
2858 3211 2982 3272 post
3035 3204 3444 3259 conversionem

165 3270 498 3369 quivdicitur
534 3297 759 3369 populus
789 3270 1088 3369 peculiaris
1120 3270 1235 3366 Dci,
1272 3270 1433 3370 quam
1462 3302 1648 3372 gentili
1670 3270 1759 3372 qui

1883 3297 2151 3358 )ostquam
2180 3290 2327 3345 dedit
2358 3292 2497 3345 dona
2536 3291 2776 3362 indigno.
2810 3270 2945 3346 Nam
2972 3307 3095 3349 cum
3136 3303 3266 3348 ante
3308 3294 3455 3350 male

166 3389 370 3445 dicitur
418 3391 575 3443 canis
615 3389 971 3446 immundus?
1006 3401 1097 3446 aut
1136 3392 1265 3461 quid
1311 3404 1636 3449 consecutus
1680 3404 1765 3450 est

175 3485 240 3539 de
276 3482 701 3538 circumcisione
730 3483 755 3536 ?
787 3483 869 3538 Ad
899 3483 1002 3539 hoe
1046 3485 1335 3555 respondet
1366 3504 1379 3541 :
1417 3486 1598 3541 Vaiuit
1642 3489 1763 3558 qui-

168 3572 491 3645 demoolim,
520 3573 616 3628 sed
645 3588 755 3628 non
804 3573 925 3629 ideo
970 3574 1242 3646 digniores
1275 3585 1403 3631 sunt
1434 3577 1488 3632 in
1537 3577 1665 3644 ﬁde,
1705 3586 1761 3633 et

166 3666 270 3721 hoc
302 3672 390 3721 est
420 3683 434 3717 :
468 3664 690 3720 Multum
714 3673 798 3721 est
822 3665 943 3735 plus
969 3665 1155 3723 Judaeo
1188 3668 1482 3724 secundum
1522 3668 1760 3738 priorem

167 3768 402 3825 statum,
449 3773 611 3829 quam
664 3759 875 3827 gentili,
904 3767 961 3814 et
1002 3761 1106 3815 hoc
1133 3775 1230 3829 per
1273 3776 1487 3816 omnem
1519 3762 1758 3817 modum.

162 3850 351 3908 Omnis
381 3851 579 3911 modus
600 3859 685 3905 est
696 3850 780 3905 vel
796 3851 851 3905 in
866 3851 1333 3907 administratione
1348 3852 1744 3921 temporalium,

166 3945 242 3997 vel
283 3944 626 4000 reseratione
666 3943 1028 4014 spiritualium
1076 3944 1130 3998 in
1159 3959 1270 4015 quo
1313 3952 1543 4014 utroque
1586 3945 1756 4000 multa

162 4034 363 4092 ludatis
404 4038 552 4091 Deus
574 4031 718 4102 fecit,
746 4052 867 4107 qua:
892 4052 996 4091 non
1048 4037 1298 4107 gentibus
1326 4053 1339 4089 :
1370 4044 1424 4091 et
1453 4036 1527 4091 ita
1564 4051 1761 4091 securi-

163 4128 287 4181 dum
314 4129 560 4198 priorem
585 4136 786 4182 statum
814 4128 1084 4199 digniores
1122 4127 1361 4183 fuerunt.

230 4218 399 4275 Vsus.
428 4220 485 4273 2.
512 4218 839 4273 --Primum
878 4219 1109 4289 quidem,
1155 4226 1260 4273 etc.
1296 4217 1459 4285 Quasi
1490 4236 1502 4272 :
1548 4218 1617 4274 Ut
1655 4217 1760 4274 alia

161 4311 370 4365 minora
403 4312 473 4365 de
508 4310 890 4381 temporalibus
921 4310 1351 4381 praetermittam,
1396 4310 1498 4365 hoc
1528 4311 1761 4381 primum

159 4415 211 4459 et
251 4387 595 4475 praecipuum
646 4419 807 4474 pono,
861 4404 987 4473 quia
1028 4403 1241 4471 eloquia
1281 4403 1518 4467 Domini,
1571 4403 1622 4459 id
1668 4411 1754 4458 est

159 4494 243 4552 lex
286 4506 345 4553 et
387 4496 695 4567 prophetae,
737 4495 818 4549 eis
861 4506 919 4550 ut
955 4493 1146 4549 amicis
1193 4503 1319 4548 sunt
1360 4494 1566 4549 credita
1617 4510 1760 4563 :per

158 4603 275 4658 quae
300 4589 675 4659 intelligerent
703 4586 939 4641 futuram
961 4585 1403 4686 redemptionem.
1565 4587 1713 4643 dices
1737 4605 1749 4640 :
1780 4627 1834 4687 Β

158 4675 271 4731 Non
306 4678 434 4733 ideo
474 4678 595 4749 plus
630 4678 829 4732 factum
863 4686 947 4732 est
980 4676 1060 4731 eis
1087 4676 1212 4745 quia
1253 4690 1358 4730 non
1404 4677 1749 4733 crediderunt

157 4769 417 4839 eloquiis,
446 4779 507 4823 ut
534 4767 808 4824 Christum
843 4766 1168 4838 promissum
1198 4766 1505 4837 reciperent
1529 4768 1750 4837 quidam

156 4870 371 4916 eorum.
401 4859 490 4916 Ad
516 4860 660 4928 quod
691 4859 1048 4928 respondetur
1082 4875 1095 4910 :
1136 4854 1249 4910 Non
1281 4855 1399 4910 ideo
1439 4864 1617 4912 tamen
1654 4860 1754 4915 ini-

157 4969 261 5010 nus
290 4953 501 5025 pmtuit
535 4953 900 5018 credentibus,
929 4960 984 5007 et
1019 4953 1121 5007 hoc
1150 4957 1233 5004 est
1264 4967 1277 5003 :
1312 4948 1445 5004 Nam
1485 4952 1587 5005 etsi
1634 4954 1755 5022 qui-

157 5046 283 5102 dam
326 5063 446 5102 non
494 5046 863 5110 crediderunt,
898 5061 1007 5100 non
1055 5043 1176 5098 ideo
1227 5050 1406 5096 tamen
1449 5041 1584 5099 ﬁdes
1630 5060 1754 5100 eva-

158 5148 318 5194 011818
365 5147 481 5193 est.

251 5231 420 5287 Vsus.
455 5230 509 5286 5.
526 5260 597 5273 --
610 5230 861 5301 Nunquid
886 5228 1244 5285 incredulitas.
1263 5229 1491 5305 (Altum)
1506 5233 1642 5296 Non,
1673 5233 1754 5288 in-

158 5323 300 5392 quit,
329 5323 464 5391 quia
498 5323 661 5392 aliqui
690 5323 912 5379 credere
958 5324 1266 5392 noluerunt,
1314 5326 1753 5399 prwjudicabitur

156 5415 379 5471 ceteris
427 5413 656 5481 Judaais,
709 5432 774 5472 ne
823 5417 966 5485 digni
998 5410 1271 5473 dicantur
1319 5420 1563 5488 accipere
1607 5419 1748 5488 quod

157 5505 305 5562 Deus
354 5507 610 5578 promisit
651 5506 914 5572 ﬁdelibus,
951 5510 1147 5578 quippe
1201 5524 1324 5564 cum
1368 5510 1446 5564 sic
1492 5508 1632 5563 facta
1680 5509 1752 5563 sit

153 5598 463 5667 promissio
490 5606 550 5653 ut
574 5598 914 5653 credentibus
946 5599 1251 5668 proliceret.

231 5687 459 5744 Fidens.
488 5690 690 5762 (Ome)
720 5692 851 5747 Eam
873 5692 1224 5764 intelligimus
1247 5707 1410 5762 quam
1427 5694 1588 5749 habet
1608 5694 1751 5751 Dens

155 5793 287 5834 cum
320 5779 416 5835 bis
455 5781 647 5850 quibus
673 5783 845 5838 credit
866 5783 1078 5843 elouuia
1105 5800 1222 5849 sua,
1253 5784 1335 5839 vel
1356 5799 1474 5840 eam
1506 5800 1610 5855 qua
1631 5786 1751 5856 qui-

156 5870 289 5931 dam
328 5869 563 5929 credunt
597 5872 728 5931 Deo.

1867 3396 2108 3439 mererer
2133 3400 2201 3440 ex
2233 3386 2387 3452 meis,
2416 3401 2521 3441 non
2552 3396 2669 3443 erat
2694 3387 3021 3459 gloriosior:
3046 3401 3111 3443 ac
3130 3388 3176 3443 si
3205 3387 3446 3444 diceret:

1867 3475 2020 3542 Quod
2047 3484 2172 3532 ante
2207 3479 2580 3535 remissionem
2626 3479 2794 3535 videri
2837 3486 3069 3550 poterat,
3111 3488 3234 3551 post
3268 3480 3447 3559 videri

1865 3583 1972 3623 non
2014 3568 2190 3634 debet,
2234 3570 2441 3625 scilicet
2483 3571 2627 3641 quod
2669 3585 2770 3644 ego
2816 3581 3076 3643 peccator
3124 3573 3453 3644 iudicandus

1863 3660 1988 3727 sim,
2021 3662 2173 3731 quasi
2220 3662 2364 3718 dicat
2394 3681 2407 3717 :
2459 3661 2677 3720 Certum
2708 3673 2794 3721 est
2826 3665 2971 3736 quod
3004 3665 3311 3726 dimittendi
3356 3682 3448 3723 ve-

1862 3752 1997 3808 ritas
2020 3769 2127 3809 uon
2163 3750 2490 3811 abdbdasset
2516 3755 2572 3812 in
2594 3756 2820 3828 gloriam
2854 3758 2960 3813 nisi
2988 3772 3324 3829 peccassem.

1933 3847 2096 3903 Vsus.
2126 3846 2179 3901 8.
2207 3848 2363 3902 —Et
2391 3865 2495 3904 non
2540 3850 2696 3905 sicut.
2741 3850 2945 3917 Quasi:
2973 3851 3040 3907 Et
3083 3852 3129 3909 si
3172 3850 3314 3908 istud
3362 3866 3429 3909 es

1861 3941 2004 4010 quod
2042 3941 2241 3995 veritas
2271 3940 2365 3996 Dei
2396 3942 2451 3997 in
2474 3951 2697 4012 peccato
2722 3944 2960 3999 abundet
2988 3984 3003 4009 ,
3041 3960 3148 4000 cur.
3165 3959 3271 3999 non
3314 3943 3442 4000 [θείς

1862 4046 1985 4085 mus
2023 4029 2163 4086 mala
2215 4040 2276 4085 ut
2307 4033 2527 4087 veniant
2568 4033 2732 4099 bona,
2763 4034 2905 4089 sicut
2949 4034 3249 4104 imponitur
3292 4035 3451 4095 nobis

1861 4121 1964 4176 hoc
1990 4121 2194 4175 sentire
2216 4120 2381 4190 (quod
2405 4129 2488 4177 est
2507 4121 2866 4191 blasphemia)
2888 4129 2945 4176 et
2964 4123 3130 4177 etiam
3150 4123 3451 4193 przedicare

1860 4214 2146 4269 occasione
2181 4212 2485 4283 huiusmodi
2509 4214 2797 4270 verborum
2823 4230 2837 4268 :
2868 4215 2959 4271 ubi
2999 4215 3291 4272 abundavit
3315 4216 3451 4273 delia

1859 4313 2028 4370 ctum,
2062 4306 2520 4375 superabundavit
2547 4307 2765 4378 gratia?

1956 4396 2052 4454 Vel
2089 4397 2360 4469 :Propius
2395 4397 2651 4471 jungatur
2708 4416 2833 4457 cum
2878 4399 3205 4471 przecedenti
3257 4399 3438 4457 littera
3526 4474 3531 4478 ⁸

1858 4503 2022 4558 quam
2045 4496 2189 4543 ante.
2217 4487 2419 4555 Quasi:
2449 4488 2726 4555 Quomodo
2747 4488 3011 4557 judicabit
3037 4489 3178 4545 Deus
3200 4488 3224 4542 ‘i
3245 4487 3445 4557 Quasi:

1859 4581 1977 4637 Non
2004 4590 2169 4647 recte,
2197 4583 2325 4653 quia
2348 4598 2449 4638 nec
2483 4584 2645 4640 modo
2683 4584 2830 4655 juste
2858 4583 3130 4653 iudicaret
3159 4599 3248 4638 me
3285 4583 3446 4654 quasi

1858 4684 2220 4745 peccatorem,
2258 4679 2400 4745 quod
2432 4691 2536 4731 non
2578 4692 2715 4738 sum,
2751 4684 2806 4731 et
2833 4689 2963 4733 vere
2994 4690 3124 4730 non.

1942 4765 2104 4822 Vens.
2137 4768 2190 4822 9.
2217 4767 2447 4833 ——Quid
2490 4784 2633 4838 ergo.
2676 4767 2881 4835 Quasi:
2925 4766 3057 4822 Plus
3092 4766 3218 4823 fecit
3258 4763 3443 4822 Judmo

1857 4859 1912 4915 in
1945 4861 2129 4928 priore
2163 4869 2306 4917 statu
2334 4878 2351 4927 ;
2378 4870 2455 4928 et,
2482 4862 2607 4931 quia
2653 4863 2793 4917 bona
2835 4860 2917 4916 eis
2948 4860 3189 4930 implevit
3229 4874 3336 4914 non
3374 4875 3442 4915 ex

1856 4957 2037 5026 aliquo
2066 4970 2255 5012 eorum
2278 4955 2493 5011 merito.
2532 4955 2673 5020 Quid
2704 4955 2869 5025 igitur
2889 4960 2914 5009 t
2942 4952 3292 5025 prwcellimus
3312 4954 3443 5009 eos?

1857 5048 2014 5112 Vere,
2048 5064 2170 5104 cum
2210 5049 2388 5103 omnis
2419 5048 2581 5103 homo
2608 5048 2679 5104 sit
2709 5048 2977 5114 mendax;
3010 5062 3140 5119 ergo
3172 5064 3279 5104 non
3302 5063 3439 5118 prie-

1860 5142 2107 5197 cellimus
2160 5157 2259 5197 nos
2304 5140 2473 5216 Judaei
2522 5140 2750 5211 gentiles
2793 5141 2847 5195 in
2886 5141 2988 5199 hoc
3036 5148 3182 5198 statu
3224 5142 3434 5213 gratiae.

1859 5234 2107 5304 quamvis
2128 5234 2580 5303 praecellentiores
2600 5233 2653 5288 in
2675 5233 2844 5303 priori
2877 5241 3022 5290 statu
3056 5232 3319 5290 fuerimus
3340 5248 3439 5302 per

1858 5340 2075 5379 onmem
2115 5324 2353 5378 modum.

1948 5415 2316 5487 Nequaquam.
2358 5414 2491 5482 Quia
2528 5430 2635 5473 non
2679 5425 2761 5474 est
2796 5432 3153 5488 personarum
3194 5418 3439 5488 acceptio

1856 5506 1997 5574 apud
2032 5504 2228 5568 Deum,
2264 5506 2353 5559 sed
2390 5506 2446 5559 in
2475 5507 2616 5561 omni
2645 5517 2794 5578 gente
2824 5510 2914 5579 qui
2955 5510 3097 5566 timet
3140 5508 3308 5563 Deum
3335 5524 3424 5562 ac-

1855 5607 2029 5665 ceptus
2055 5607 2128 5652 est
2160 5597 2236 5652 illi
2267 5597 2404 5668 (Act.
2433 5597 2510 5669 ι).

1928 5689 2089 5744 Vsus.
2121 5690 2205 5744 tl.
2226 5718 2299 5731 -—
2323 5688 2445 5746 Non
2481 5700 2557 5746 est
2584 5693 2873 5760 requirens.
2913 5694 2991 5753 Ex
3031 5692 3288 5762 operibus
3333 5705 3430 5761 po.

1857 5789 2038 5838 terant
2087 5796 2332 5853 quaerere
2378 5791 2436 5840 et
2491 5783 2737 5841 invenire
2806 5785 2950 5857 quod
3004 5783 3256 5843 Christus
3305 5791 3429 5843 erat

1857 5876 2019 5970 Deus.
