3958 6314
419 454 525 510 679

932 443 1324 503 WALAFRIDI
1360 441 1609 499 STRABI
1643 428 1848 498 FULD.
1886 435 2051 495 MON.
2090 434 2243 493 OPP.
2281 433 2463 490 PARS
2495 433 2538 488 ι.
2574 461 2646 474 -
2684 428 3121 488 THEOLOGICA

3574 423 3685 479 ιεο

492 569 658 624 Vens.
690 563 1062 621 i2.-—Omnes
1091 559 1497 625 declinaverunt,
1527 565 1634 613 etc.
1678 555 1793 611 Non
1828 563 1996 610 totam
2026 555 2079 613 Α
2103 547 2294 604 Merito
2326 550 2436 603 Iure
2465 549 2714 619 patimur,
2744 548 2870 619 quia
2890 546 3216 617 peccavimus
3246 545 3301 598 in
3330 543 3550 612 fratrem
3592 559 3693 597 no-

424 661 639 735 penitus
660 657 872 727 plebem
912 651 1202 724 signiﬁcat,
1248 651 1342 705 sed
1385 650 1609 706 alteram
1654 656 1863 721 partem
1888 648 1999 704 ule-

424 752 530 809 bis.
572 749 798 819 Semper
830 745 975 801 enim
1008 744 1113 799 duo
1160 742 1343 814 populi
1386 751 1512 798 sunt
1553 742 1607 796 in
1651 757 1756 795 una
1802 740 1996 810 plebe:

2101 636 2445 711 strum(Gen.
2499 640 2714 709 χχχιι).
2771 637 3031 706 Quaedam
3068 643 3250 691 autem
3298 632 3515 703 cognita
3559 640 3695 689 sunt

2100 748 2199 803 per
2222 733 2394 804 legem
2421 748 2543 803 qua:
2569 741 2693 787 ante
2718 731 3128 803 ignorabantur,
3151 738 3212 783 ut
3238 728 3689 799 concupiscentia

426 842 571 898 unde
609 838 870 895 Jeremias
908 856 922 890 :
955 833 1097 889 Tunc
1148 851 1326 889 omnes
1367 835 1762 888 insurrexerunt
1802 833 1856 885 in
1882 848 2003 901 pro-
2102 836 2157 884 et
2183 828 2445 900 originale
2474 837 2780 898 peccatum.
2815 825 3075 893 Quaedam
3100 825 3267 880 etiam
3307 823 3563 894 graviora
3594 838 3697 892 per

426 938 633 1011 phetam
660 932 892 997 Domini,
923 929 1149 985 uolentes
1193 945 1312 983 eum
1342 927 1594 982 occidere.
1627 925 1694 980 Et
1738 923 1997 993 subjecit:

430 1028 613 1087 Omnis
638 1038 811 1082 autem
837 1024 1057 1097 populus
1084 1039 1187 1078 non
1206 1021 1437 1092 permisit
1459 1018 1576 1074 illos
1592 1017 1727 1090 (Jer.
1752 1018 2001 1088 xxxvm).

428 1122 627 1180 Omnes
659 1120 794 1175 dixit
818 1116 1196 1181 insurrexisse,
1228 1115 1281 1169 id
1307 1123 1390 1169 est
1419 1111 1617 1177 malos;
1649 1124 1863 1164 omnem
1902 1122 2003 1175 po-

426 1215 613 1288 pulum
643 1229 751 1268 non
781 1210 1112 1283 permisisse,
1138 1208 1345 1264 scilicet
1373 1207 1563 1261 bonos.

503 1304 627 1362 Non
660 1315 736 1360 est
766 1320 929 1375 usque
964 1303 1031 1356 ad
1048 1317 1229 1355 unum.
1257 1298 1503 1354 Christus
1530 1297 1674 1353 enim
1700 1305 1906 1352 tantum
1929 1294 2010 1351 fa-

430 1400 505 1458 cit
530 1400 731 1454 bonum
762 1397 817 1451 in
846 1410 904 1451 se
931 1404 988 1450 et
1011 1396 1065 1449 in
1096 1394 1227 1450 suis.

502 1488 667 1544 Vens.
693 1488 780 1542 15.
802 1515 874 1527 --
894 1484 1107 1540 Veloces
1136 1485 1288 1555 pedes
1315 1502 1515 1540 eorum.
1563 1484 1640 1537 De
1669 1483 1866 1553 quibus
1897 1479 2012 1537 Do-

2103 925 2281 998 legem.
2308 927 2523 997 cognita
2551 933 2678 981 sunt
2702 938 2867 994 quam
2892 930 3018 978 ante
3053 921 3404 992 putabantur.

2180 1017 2339 1072 Vens.
2366 1016 2457 1071 2i.
2480 1046 2552 1057 —
2583 1014 2910 1075 Testiﬁcata.
2934 1022 3043 1069 etc.
3074 1011 3213 1079 Quia
3245 1011 3334 1065 lex
3362 1024 3482 1063 eam
3506 1016 3702 1065 munis

2110 1111 2470 1166 sacramentis
2494 1108 2766 1181 ﬁguravit,
2803 1122 2868 1163 eo
2900 1109 3018 1177 ipso
3043 1105 3292 1175 perbibet
3323 1102 3702 1157 testimonium

2102 1202 2329 1274 justitia:
2358 1202 2479 1268 Dei,
2507 1202 2633 1273 quia
2666 1201 2720 1255 in
2772 1214 2837 1254 ea
2880 1212 3043 1252 nemo
3080 1192 3708 1265 justificatur.Prophe-

2110 1302 2180 1349 tae
2228 1295 2515 1365 perhibent
2561 1293 2958 1357 testimonium,
3003 1290 3059 1346 id
3097 1286 3510 1359 pnenuntiando

2112 1382 2316 1440 Christi
2349 1383 2593 1453 implevit
2618 1374 2904 1437 adventus.

3594 1284 3705 1341 uoti

2160 1474 2350 1545 ~Vnus.
2396 1474 2488 1529 22.
2525 1505 2596 1514 —
2634 1473 2854 1528 Justitia
2895 1481 3088 1540 autem,
3122 1480 3228 1527 etc.
3269 1468 3389 1525 Non
3436 1485 3547 1538 qua
3580 1468 3704 1538 ipse

432 1585 650 1641 minus:
682 1579 999 1647 Jerusalem,
1039 1578 1354 1642 Jerusalem,
1379 1593 1495 1647 qua:
1524 1575 1714 1631 occidis
1740 1574 2014 1644 prophetas
2110 1565 2290 1636 justus
2352 1575 2436 1620 est
2480 1566 2862 1629 essentialiter,
2914 1565 3008 1620 sed
3060 1580 3166 1635 qua
3192 1563 3368 1617 induit
3419 1562 3650 1631 impium
3686 1578 3706 1617 :

434 1673 649 1749 (Matth.
676 1671 858 1743 xxm).
891 1671 959 1725 Et
984 1671 1114 1726 item
1144 1685 1159 1724 :
1192 1666 1468 1724 Generatio
1515 1666 1655 1722 mala
1685 1677 1732 1721 et
1773 1664 2016 1719 adultera

434 1766 599 1842 (Ibid.
629 1765 846 1837 xvr).Et
875 1764 941 1819 de
968 1763 1163 1833 quibus
1188 1762 1354 1817 lsaias
1378 1779 1392 1816 :
1432 1758 1521 1815 Va:
1545 1760 1685 1831 genti
1712 1758 2013 1830 peccatrici,

435 1858 619 1915 semini
651 1873 873 1927 nequam
898 1854 1033 1925 (Isa.
1063 1853 1128 1925 ι),
1159 1864 1263 1909 etc.

513 1971 672 2028 Vsus.
703 1968 1169 2026 16.-—Contritio.
1221 1968 1373 2023 Talia
1402 1968 1627 2032 faciunt,
1654 1965 1798 2021 unde
1827 1971 2015 2019 conte-

438 2076 628 2125 rantur
667 2071 723 2124 in
754 2073 861 2126 hoc
909 2063 1124 2129 aesculo,
1169 2078 1266 2133 per
1298 2061 1479 2116 Titum
1508 2069 1562 2115 et
1614 2058 2023 2129 Vespasianum,

441 2168 498 2216 et
550 2160 602 2215 in
655 2160 838 2217 futuro
884 2164 1045 2213 erunt
1095 2152 1358 2218 infelices,
1409 2152 1582 2223 puniti
1630 2151 1686 2206 in
1742 2151 1925 2206 anima
1973 2158 2030 2207 et

442 2266 690 2322 corpore.

530 2346 702 2422 Vitas:
747 2366 1015 2421 l9.—.n
1062 2362 1193 2434 lege.
1231 2362 1345 2419 Lex
1391 2360 1679 2431 aliquando
1728 2358 2030 2429 appellatur

446 2458 769 2530 generaliter
799 2455 965 2514 Vetus
991 2456 1421 2520 Testamentum,
1451 2462 1511 2509 ut
1534 2454 1609 2508 ibi
1634 2472 1648 2507 :
1682 2453 1901 2523 Aperuit
1922 2451 2032 2507 Do-

444 2551 619 2605 minus
653 2548 926 2620 discipulis
966 2564 1196 2613 sensum,
1237 2556 1293 2600 ut
1340 2544 1685 2616 intelligerent
1711 2543 1775 2597 de
1803 2560 1863 2598 eo
1910 2558 2029 2614 qua:

446 2640 642 2712 scripta
676 2648 827 2695 erant
870 2639 926 2691 in
976 2637 1086 2708 lege
1111 2645 1159 2690 et
1216 2636 1478 2706 prophetis
1521 2644 1569 2688 et
1612 2633 1826 2704 psalmis
1875 2631 2028 2705 (Luc.

446 2744 597 2795 xxiv;
640 2730 800 2784 Joan.
838 2745 895 2795 x;
945 2726 1099 2783 Psal.
1151 2725 1360 2798 Lxxxt).
1407 2724 1803 2795 Nonnunquam
1837 2724 2030 2795 psalmi

448 2826 538 2882 lex
556 2833 836 2881 vocantur.
868 2822 1021 2879 Sicut
1049 2822 1307 2877 Dominus
1340 2822 1418 2876 ait
1442 2840 1454 2875 :
1484 2821 1552 2876 In
1579 2821 1688 2891 lege
1713 2830 1881 2875 vestra
1902 2822 2031 2875 scri-

449 2926 597 2990 ptum
622 2925 718 2972 est.
749 2917 863 2988 Ego
907 2917 1061 2971 dixi:
1093 2915 1180 2970 Dii
1213 2918 1334 2971 estis
1378 2926 1425 2971 et
1480 2916 1579 2986 filu
1605 2915 1815 2972 Excelsi
1857 2932 2033 2971 omnes

451 3010 521 3066 Et
564 3010 693 3067 alibi
743 3024 757 3064 :
808 3008 875 3065 Ut
909 3009 1190 3081 impleatur
1226 3026 1424 3073 sermo,
1478 3010 1567 3080 qui
1606 3010 1662 3064 in
1716 3008 1825 3079 lege
1852 3024 2033 3063 eorum

453 3106 679 3175 scriptus
694 3113 802 3158 est:
820 3102 960 3169 Quia
974 3102 1096 3157 odio
1120 3101 1413 3156 habuerunt
1444 3118 1525 3155 me
1554 3101 1718 3171 gratis
1731 3098 1914 3171 (Joan.
1939 3115 2028 3165 xv;

462 3194 608 3249 Psal.
662 3193 871 3266 xxxiv).
928 3192 994 3248 Ut
1045 3210 1194 3249 omne
1251 3210 1309 3247 os
1360 3193 1682 3260 obstruatur,
1727 3194 1891 3249 etiam
1938 3192 2031 3249 Ju-

2118 1656 2331 1727 quando
2346 1656 2769 1711 misericorditer
2791 1656 2855 1710 de
2881 1652 3081 1709 inﬁdeli
3097 1652 3227 1708 facit
3242 1651 3477 1706 ﬁdelem.
3504 1650 3711 1705 Idcirco

2120 1755 2301 1803 autem
2325 1746 2420 1802 Dei
2442 1747 2654 1817 justitia
2684 1746 2886 1802 dicitur
2911 1760 3031 1815 qua:
3051 1744 3224 1816 magis
3248 1743 3469 1815 proprie
3490 1742 3713 1797 videtur

2126 1839 2233 1894 dici
2264 1839 2659 1904 misericordia,
2689 1838 2817 1907 quia
2844 1838 2908 1892 de
2931 1836 3291 1906 promissione
3311 1835 3582 1906 originem
3609 1835 3711 1888 ba-

2049 1906 2100 1967 Β
2125 1931 2217 1986 bet
2248 1949 2261 1984 :
2298 1940 2352 1985 et
2390 1946 2512 1986 cum
2548 1906 2881 2000 promissum
2931 1927 3029 1983 Dei
3079 1926 3343 1989 redditur,
3368 1924 3584 1994 justitia
3617 1925 3715 1980 Dei

2127 2021 2344 2077 dicitur.
2371 2020 2587 2077 Iustitia
2616 2022 2761 2076 enim
2790 2028 2876 2075 est
2902 2019 3031 2089 quia
3071 2019 3376 2075 exsolutum
3424 2028 3514 2074 est
3567 2018 3715 2088 quod

2128 2118 2454 2188 promissum
2480 2126 2582 2184 est,
2630 2125 2684 2172 et
2729 2132 2853 2172 cum
2887 2118 3113 2187 suscipit
3142 2115 3521 2187 confugientes
3549 2114 3624 2167 ad
3660 2128 3718 2168 se

2120 2206 2334 2277 justitia
2363 2207 2460 2262 Dei
2494 2208 2692 2264 dicitur
2716 2207 2843 2278 quia
2882 2222 2991 2262 non
3015 2209 3289 2278 suscipere
3320 2206 3589 2276 iniquitas
3614 2213 3715 2259 est.

2202 2302 2362 2358 Vsus.
2387 2301 2560 2355 23.-—-
2613 2300 2776 2372 Egent
2807 2299 2997 2371 gloria,
3040 2301 3095 2356 id
3134 2309 3238 2366 est,
3285 2298 3629 2368 indulgentia
3667 2298 3745 2352 et

2134 2392 2286 2447 venia
2314 2400 2681 2462 peccatorum.

2132 2474 2165 2533 si
2202 2482 2365 2537 Vsus.
2393 2481 2483 2536 24.
2514 2513 2585 2523 —
2639 2482 2930 2552 Justificati
2976 2482 3162 2554 gratis.
3210 2479 3328 2536 Non
3377 2494 3480 2551 per
3524 2479 3716 2549 legem.

2131 2589 2238 2630 non
2310 2590 2409 2644 per
2474 2574 2747 2644 propriam
2795 2574 3153 2639 voluntatem,
3189 2572 3281 2627 sed
3338 2587 3442 2642 per
3486 2571 3722 2641 gratiam

2133 2666 2355 2732 Christi,
2377 2682 2486 2721 non
2512 2674 2692 2721 tamen
2721 2666 2863 2737 quod
2891 2666 3009 2721 sine
3045 2673 3232 2720 nostra
3272 2663 3559 2718 voluntate
3602 2661 3718 2715 ﬁat.

2134 2758 2242 2814 Sed
2290 2758 2537 2813 voluntas
2566 2767 2751 2812 nostra
2794 2756 3109 2813 ostenditur
3134 2755 3348 2811 inﬁrma
3372 2770 3474 2825 per
3494 2754 3674 2824 legem
3704 2771 3718 2806 :

2133 2859 2194 2906 ut
2224 2859 2379 2905 sanet
2416 2850 2588 2922 gratia
2636 2849 2990 2917 voluntatem,
3036 2859 3092 2903 et
3113 2858 3301 2904 sanata
3325 2846 3581 2902 voluntas
3622 2846 3726 2899 im-

2132 2942 2277 3013 pleat
2303 2941 2501 3011 legem,
2534 2954 2643 2994 non
2676 2940 2966 2995 constituta
3018 2940 3117 2994 sub
3174 2938 3293 3008 lege
3340 2951 3444 2992 nec
3473 2936 3725 3005 indigens

2134 3032 2268 3102 lege.
2295 3028 2497 3095 Gratis,
2528 3029 2582 3084 id
2609 3038 2692 3083 est
2714 3029 2875 3083 nullis
2897 3043 3123 3098 operum
3152 3024 3582 3097 praecedentibus
3608 3040 3725 3078 me-

2135 3121 2276 3188 ritis,
2312 3119 2513 3190 alioqui
2561 3119 2732 3190 gratia
2757 3119 2870 3189 jam
2897 3133 3005 3172 non
3037 3125 3121 3173 est
3151 3116 3344 3188 gratia,
3382 3115 3725 3186 quandoqui-

2137 3214 2259 3268 dem
2308 3212 2430 3268 ideo
2460 3213 2618 3267 datur
2666 3227 2773 3265 non
2812 3210 2939 3281 quia
2975 3211 3116 3267 bona
3143 3225 3309 3279 opera
3340 3208 3593 3273 fecimus,
3626 3207 3723 3263 sed

457 3286 698 3344 dzeorum
735 3303 767 3342 a
796 3288 1096 3359 sua.gloria
1141 3286 1462 3355 jactantium
1491 3301 1549 3342 se
1569 3302 1667 3358 pro
1692 3287 1899 3342 meritis
1921 3286 2034 3343 suis
2060 3265 2106 3329 (ἶ
2309 3265 2811 3362 fulgamus.

457 3378 527 3434 ad
567 3377 728 3434 ﬁdem
764 3380 1002 3443 venisse;
1038 3377 1124 3433 vel
1156 3377 1230 3432 ita
1259 3377 1576 3433 obstruatur
1615 3364 2033 3445 os‘Judaeorum,

453 3473 597 3529 sicut
647 3473 897 3542 superius
950 3470 1229 3543 gentilium
1283 3470 1374 3541 qui
1420 3472 1485 3526 de
1540 3471 1682 3526 bona
1734 3477 1932 3525 natura
1978 3485 2037 3525 se

453 3563 753 3635 iactabant.

531 3677 694 3732 Vens.
725 3677 1052 3744 20.—-Quia
1080 3694 1144 3732 ea;
1167 3678 1426 3748 operibus.
1487 3675 1649 3748 Sicut
1666 3676 1886 3730 abstulit
1928 3675 2040 3747 glo-

456 3769 595 3825 riam
642 3771 709 3823 de
757 3747 1303 3833 circumcisione,ita
1339 3776 1395 3822 et
1429 3767 1495 3823 de
1539 3747 1754 3823 caelisris
1785 3767 2041 3838 operibus

457 3854 594 3929 legis
635 3856 749 3913 vult
790 3856 989 3914 facere.
1040 3856 1110 3914 Et
1142 3867 1226 3914 est
1257 3874 1396 3915 nova
1443 3860 1734 3928 sententia,
1791 3860 2040 3930 quamvis

452 3948 715 4021 jungatur
750 3951 1179 4021 praecedentibus
1215 3966 1350 4022 per:
1402 3951 1542 4018 Quia
1587 3969 1653 4007 ea:
1702 3952 1943 4023 operibus
1966 3952 2041 4006 lea

459 4046 563 4116 gis,
592 4053 697 4101 etc.
744 4044 918 4115 Opera
957 4044 1092 4117 legis
1120 4045 1372 4101 dicuntur
1407 4061 1527 4116 quas
1562 4046 1617 4101 in
1653 4045 1770 4118 lege
1794 4045 2040 4101 instituta

459 4145 515 4192 et
544 4137 832 4192 terminata
869 4145 1015 4203 sunt,
1044 4144 1102 4190 ut
1127 4145 1282 4191 erant
1323 4135 1719 4192 caaremonialia
1745 4144 1800 4190 et
1843 4135 2043 4205 ﬁgura-

458 4232 591 4297 tiva,
625 4232 1071 4301 qute’nunquam
1119 4216 1405 4285 valuerunt
1451 4229 1836 4285 conscientiam
1878 4243 2038 4283 mun-

460 4322 611 4388 dare,
656 4313 875 4375 etiamsi
932 4334 1056 4375 cum
1096 4321 1363 4376 cbaritate
1405 4328 1461 4375 et
1500 4319 1784 4387 devotione
1827 4316 2038 4383 ﬁerent,

460 4413 587 4482 quia
627 4425 734 4465 non
780 4410 1003 4465 fuerunt
1051 4410 1299 4481 instituta
1340 4410 1396 4465 in
1440 4409 1906 4481 justiﬁeationcm,
1946 4408 2044 4464 sed

461 4506 518 4561 in
563 4504 862 4560 futurorum
915 4503 1361 4577 signiﬁcationem
1391 4507 1463 4557 ‘et
1502 4502 1708 4572 peccati
1759 4501 2043 4557 inﬁrmita-

2208 3398 2369 3454 sts.
2394 3397 2570 3453 25.—
2594 3395 2877 3467 Proposuit
2908 3394 3071 3461 Deus,
3094 3403 3201 3450 etc.
3222 3393 3304 3449 Ad
3333 3393 3436 3448 hoc
3462 3401 3525 3446 ut
3543 3400 3727 3446 osten-

2139 3491 2362 3547 deretse
2393 3505 2641 3547 veracem
2665 3489 2719 3544 in
2742 3490 3043 3560 promissis,
3075 3504 3198 3559 qua:
3217 3486 3457 3543 ostensio
3474 3499 3727 3540 necessa—

2140 3583 2220 3639 ria
2242 3584 2485 3652 fuit,non
2499 3584 2673 3641 solum
2691 3598 2791 3655 pro
2805 3584 3124 3640 remissione
3149 3582 3519 3654 praesentium,
3548 3583 3643 3635 sed
3674 3588 3729 3633 et

2141 3696 2327 3738 eorum
2358 3697 2478 3752 quae
2502 3688 2901 3751 prmcesserunt
2932 3681 2987 3735 in
3014 3679 3410 3735 sustentatione
3444 3678 3565 3742 Dei,
3614 3676 3730 3731 Deo

2142 3772 2347 3828 scilicet
2374 3773 2613 3841 patiente
2638 3781 2695 3826 et
2737 3787 2845 3826 non
2873 3772 3150 3843 puniente,
3178 3778 3293 3823 tum
3328 3778 3389 3823 ut
3415 3768 3731 3824 ostenderet

2142 3864 2197 3918 in
2238 3864 2341 3918 hoc
2377 3871 2621 3932 tempore
2682 3860 2887 3917 Christi
2931 3861 3074 3931 quod
3131 3860 3279 3914 nullo
3323 3859 3431 3913 alio
3481 3868 3730 3927 tempore

2144 3953 2261 4009 ﬁeri
2294 3954 2491 4024 potuit,
2529 3963 2587 4008 ut
2632 3954 2704 4008 sit
2726 3954 2904 4024 justus
2951 3960 3007 4007 et
3045 3950 3355 4020 justiﬁcans
3382 3966 3505 4005 eum
3537 3950 3629 4019 qui
3660 3963 3730 4002 ex

2143 4046 2249 4101 ﬁde
2274 4056 2360 4101 est
2385 4046 2530 4102 Jesu.
2560 4044 2750 4101 Fidem
2796 4046 2852 4099 in
2875 4045 3151 4115 sanguine,
3174 4044 3230 4098 id
3257 4052 3365 4109 est,
3393 4042 3558 4097 ﬁdem
3602 4056 3729 4112 pas—

2143 4137 2333 4203 sionis,
2363 4138 2449 4191 vel
2498 4153 2594 4208 per
2646 4138 2806 4192 ﬁdem
2836 4144 2893 4190 et
2927 4150 3027 4207 per
3050 4135 3355 4205 passionem
3408 4153 3420 4188 :
3473 4144 3728 4190 neutrum

2144 4229 2288 4284 enim
2309 4229 2425 4284 sine
2454 4229 2624 4284 altero
2652 4229 2812 4282 valet.
2842 4225 3066 4298 Propter
3092 4227 3471 4282 remissionem.
3516 4225 3728 4295 Duplex

2142 4321 2370 4378 effectus
2423 4322 2757 4378 remissionis
2793 4329 2897 4387 est,
2958 4320 3166 4376 scilicet
3211 4334 3401 4374 carere
3447 4334 3609 4389 poena
3675 4327 3734 4374 et

2147 4414 2251 4470 frui
2274 4414 2466 4487 gloria.
2495 4414 2736 4470 Primum
2775 4415 3083 4470 habuerunt
3111 4423 3237 4469 ante
3265 4412 3470 4469 Christi
3498 4422 3729 4468 mortem

2140 4510 2297 4580 justi,
2318 4510 2442 4581 quia
2467 4524 2683 4580 poenam
2710 4510 2980 4566 actualem
2995 4525 3101 4564 non
3126 4508 3454 4563 sentiebant.
3479 4505 3586 4562 Sed
3608 4514 3733 4577 post

459 4597 532 4653 tis
558 4596 948 4663 ostensionem,
982 4596 1104 4667 quia
1143 4595 1229 4650 lex
1263 4610 1367 4650 non
1408 4592 1553 4647 venit
1573 4588 1795 4663 peccata
1830 4592 2030 4661 tollere,

2149 4600 2349 4655 Christi
2381 4608 2611 4655 mortem
2641 4600 2764 4655 data
2792 4608 2875 4655 est
2913 4600 2992 4656 eis
3030 4600 3200 4672 gloria
3228 4600 3426 4655 divina:
3470 4599 3727 4667 visionis,

458 4690 552 4745 sed
592 4690 878 4745 ostendere
907 4698 963 4745 et
986 4688 1196 4759 punire.

532 4778 657 4834 Non
698 4780 1086 4851 justiﬁcabitur
1130 4778 1301 4831 omnis
1347 4792 1510 4842 caro,
1562 4784 1669 4833 etc.
1736 4779 2042 4833 Secundum

457 4873 855 4927 czeremonialia
900 4869 1160 4939 intellige,
1212 4884 1317 4924 non
1365 4869 1591 4925 moralia
1624 4910 1640 4935 ,
1701 4886 1822 4942 qua:
1858 4873 2045 4942 utique

450 4964 755 5038 justiﬁcant
795 4974 850 5020 et
892 4965 946 5018 in
1003 4961 1296 5031 Evangelio
1343 4973 1807 5019 consummantur.

529 5053 722 5110 Coram
764 5053 876 5108 illo.
912 5051 1013 5118 Qui
1044 5051 1234 5108 intima
1278 5053 1440 5118 videt,
1481 5055 1688 5111 scilicet
1746 5064 1927 5111 utrum
1973 5072 2040 5113 ex

458 5161 647 5202 amore
664 5145 894 5216 justitia:
930 5145 1063 5215 quid
1094 5156 1306 5217 agatur,
1333 5146 1417 5203 vel
1443 5148 1638 5205 timore
1668 5162 1864 5220 paenae,
1896 5152 2038 5221 quod

458 5251 569 5292 non
605 5237 792 5291 vident
822 5237 1085 5293 homines.
1115 5237 1222 5292 Per
1256 5237 1419 5311 legem
1439 5241 1597 5295 enim.
1632 5240 1731 5298 llic
1758 5243 1948 5313 incipit
1974 5244 2039 5300 de

456 5327 600 5398 lege,
623 5336 685 5381 ut
704 5328 954 5383 ostendat
977 5328 1243 5400 iustitiam
1264 5346 1370 5385 non
1395 5346 1514 5387 esse
1542 5348 1608 5387 ex
1637 5348 1720 5388 ea.
1752 5331 1858 5388 Per
1878 5333 2039 5404 legem

455 5419 597 5474 enim
624 5418 849 5488 cognitio
877 5420 1094 5490 peccati.
1119 5418 1235 5476 Hoc
1260 5422 1413 5490 dicit,
1438 5439 1544 5479 non
1569 5426 1713 5496 quod
1741 5426 1892 5496 prius
1917 5442 2040 5496 pec-

456 5520 578 5569 cata
608 5513 966 5580 nescirentur,
997 5515 1093 5570 sed
1114 5514 1258 5586 quod
1283 5517 1463 5572 omnia
1489 5534 1594 5573 non
1623 5520 1842 5590 impune
1861 5518 2042 5574 futura

457 5613 642 5661 essent
671 5605 813 5677 apud
838 5605 1009 5661 Deum
1036 5607 1256 5678 cognita
1283 5616 1410 5662 sunt
1433 5623 1532 5680 per
1554 5609 1747 5681 legem.
1785 5608 2043 5676 Qumdam

453 5709 680 5770 peccata
725 5706 854 5754 ante
895 5699 1068 5769 legem
1119 5701 1606 5771 cognoscebantur,
1643 5710 1703 5757 ut
1727 5717 1848 5757 cum
1905 5704 2044 5774 apud

455 5788 801 5848 Pharaonem
843 5789 1041 5861 Josepb
1080 5801 1364 5848 accusatus
1413 5793 1481 5848 de
1519 5793 1750 5848 crimine
1795 5795 2046 5850 adulterii

458 5884 657 5943 missus
686 5882 789 5947 fuit
817 5883 873 5941 in
924 5898 1220 5950 carcerem.
1253 5885 1321 5945 Et
1367 5885 1565 5961 fratres
1590 5887 1709 5963 ejus
1743 5887 1996 5967 dixerunt
2024 5910 2036 5951 τ

2151 4708 2180 4746 a
2220 4707 2325 4759 qua
2381 4689 2769 4746 diﬁ‘ercbantur
2816 4692 2927 4746 Deo
2994 4700 3336 4747 sustentante
3402 4706 3590 4745 eorum
3637 4691 3733 4745 de—

2148 4783 2298 4839 licta.

2219 4876 2387 4932 Vsus.
2427 4877 2518 4933 26.
2546 4906 2619 4918 --
2667 4875 2736 4930 1η
2780 4878 3177 4931 sustentatione.
3243 4876 3524 4932 Patienter
3567 4877 3731 4931 susti-

2156 4970 2264 5029 Iuit
2299 4969 2442 5026 Deus
2468 4978 2688 5041 peccata
2726 4983 2913 5025 eorum
2937 4971 3029 5040 qui
3052 4969 3272 5025 fuerunt
3291 4977 3417 5023 ante
3442 4969 3638 5039 legem,
3672 4977 3731 5023 et

2143 5063 2244 5119 sub
2282 5064 2398 5133 lege
2427 5077 2441 5116 :
2471 5078 2577 5117 non
2601 5062 2831 5133 punivit,
2857 5076 3033 5132 neque
3055 5061 3281 5123 remisit.
3311 5063 3385 5115 ita
3408 5070 3475 5114 ut
3491 5060 3725 5129 gloriam

2142 5155 2428 5219 baberent,
2453 5154 2625 5209 donec
2645 5153 2795 5207 venit
2812 5153 2905 5224 qui
2928 5153 3121 5208 delicta
3150 5161 3257 5207 tam
3283 5152 3725 5223 praecedentium,

2143 5260 2307 5316 quam
2360 5245 2803 5314 subsequentium
2845 5244 3025 5315 pretio
3073 5245 3154 5299 sui
3204 5245 3485 5315 sanguinis
3548 5242 3728 5299 absol-

2140 5347 2310 5395 νθνθι.

2213 5431 2381 5485 Vsus.
2404 5429 2497 5484 27.
2542 5459 2612 5470 —
2659 5427 2893 5483 Exclusa
2941 5440 3036 5483 est.
3091 5428 3216 5483 Sive
3283 5429 3726 5500 gloriﬁcationem

2149 5522 2348 5578 dixerit
2367 5520 2692 5576 laudabilem
2707 5536 2827 5591 qua:
2857 5520 2912 5575 in
2936 5520 3162 5574 Domino
3177 5528 3282 5585 cst,
3303 5535 3532 5589 eamque
3548 5520 3726 5574 exclu-

2151 5630 2265 5670 sam
2294 5614 2503 5669 scilicet
2531 5629 2638 5667 non
2670 5624 2727 5666 ut
2755 5612 3092 5675 abscederet,
3118 5610 3346 5680 pulsam,
3387 5612 3483 5665 sed
3511 5618 3569 5664 ut
3590 5611 3725 5665 emi-

2148 5711 2321 5769 neret,
2351 5718 2683 5772 expressam.
2714 5702 2867 5758 Unde
2915 5709 2971 5756 et
3013 5700 3323 5755 exclusorcs
3355 5700 3609 5755 dicuntur
3640 5716 3722 5754 ar-

2149 5796 2324 5853 tiﬁces
2350 5796 2674 5867 argentarii;
2702 5795 2845 5851 unde
2877 5793 3164 5849 Psalmista
3191 5812 3203 5847 :
3232 5791 3298 5847 Ut
3320 5793 3659 5848 excludantur
3685 5793 3723 5846 ii

2148 5890 2237 5967 qui
2267 5888 2473 5961 probati
2489 5897 2608 5947 sunt
2630 5885 2801 5960 (Psal.
2830 5886 3021 5963 LXVII),
3044 5894 3149 5941 etc.
3184 5884 3311 5942 Sive
3348 5884 3722 5958 gloriationem
