3958 6314
211 382 302 440 481

1090 380 1357 439 GLOSSA
1390 379 1787 437 ORDINARIA.
1821 410 1894 421 —
1926 379 2144 437 EPIST.
2186 379 2278 436 AD
2319 380 2485 438 ROM.

3328 380 3434 437 482

208 496 438 551 vitiosam
458 504 880 547 commemorare
902 493 1153 561 voluerit,
1176 510 1297 550 eam
1320 510 1416 566 per
1435 495 1609 567 legem
1635 494 1759 550 ﬁdei
1783 497 1838 559 Α
1860 496 1946 551 vel
1976 496 2151 566 aliqua
2181 496 2321 551 bona
2350 506 2408 551 nt
2445 496 2673 568 gratiam
2704 504 2994 561 mereatur,
3021 494 3068 550 si
3099 509 3307 550 merces
3349 503 3436 551 est

208 586 327 642 dicit
346 582 639 647 exclusam,
678 582 732 637 id
751 591 835 638 est
860 582 1088 651 ejectam
1117 594 1173 641 et
1201 586 1484 657 abjectam,
1512 586 1637 657 quia
1667 601 1765 655 per

208 677 364 747 legem
389 673 507 728 ﬁdei
532 674 759 743 quisque
784 676 1083 747 cognoscit,
1111 675 1158 731 si
1178 676 1308 746 quid
1334 676 1470 732 bene
1496 675 1650 740 vivit,
1667 673 1762 730 Dei

207 764 364 837 gratia
388 778 446 818 se
474 762 690 819 habere.

271 858 424 913 Vsus.
448 856 609 912 28.—
630 855 928 928 Justiﬁcari
950 860 1227 914 hominem.
1251 857 1367 914 Non
1386 858 1515 930 quin
1536 858 1762 915 credens

207 954 316 1019 post
366 962 460 1016 per
502 946 846 1003 dilectionem
890 965 997 1004 non
1045 950 1240 1004 debeat
1293 949 1529 1020 operari,
1582 958 1641 1004 nt
1708 955 1763 1004 et

205 1042 460 1098 Abraham
511 1041 676 1097 ﬁlium
717 1042 993 1099 immolare
1035 1043 1224 1099 voluit.
1251 1041 1567 1113 Sequuntur
1616 1042 1793 1111 enim,

203 1148 354 1206 opera
396 1133 771 1203 iustiﬁcatum,
824 1151 933 1191 non
977 1136 1292 1207 praecedunt
1330 1133 1759 1206 justiﬁcandum,

204 1225 289 1281 sed
316 1224 424 1280 sola
454 1224 562 1280 ﬁde
609 1226 726 1281 sine
759 1226 1015 1296 operibus
1046 1226 1475 1299 praecedentibus
1510 1225 1672 1281 homo
1701 1223 1763 1279 ﬁt

198 1318 386 1389 justus,
412 1325 473 1372 ut
501 1334 607 1374 non
638 1319 809 1389 magis
841 1319 949 1373 sint
991 1316 1145 1385 justi,
1178 1316 1271 1388 qui
1310 1332 1476 1387 Opera
1512 1316 1648 1384 legis
1694 1315 1764 1369 ti-

203 1429 341 1472 more
382 1414 643 1481 fecerant,
676 1431 797 1471 cum
824 1416 957 1471 ﬁdes
981 1431 1080 1486 per
1121 1413 1466 1470 dilectionem
1510 1418 1765 1483 Operetur

202 1509 251 1563 in
284 1507 464 1572 corde,
505 1506 670 1563 etiam
699 1506 743 1561 si
773 1504 906 1561 foris
934 1520 1043 1560 non
1072 1504 1187 1560 exit
1213 1504 1268 1558 in
1302 1518 1484 1573 opere.
1524 1500 1678 1557 Unde
1710 1507 1756 1556 et

199 1618 295 1657 non
320 1601 531 1656 meritis
554 1602 798 1671 priorum
818 1616 1039 1670 operum
1068 1600 1137 1655 ad
1160 1600 1429 1671 justitiam
1458 1598 1582 1653 ﬁdei
1608 1597 1762 1652 veni-

200 1701 296 1757 tur,
339 1693 392 1747 in
422 1708 534 1762 quo
553 1691 720 1748 Judaai
746 1708 805 1748 se
830 1691 1207 1762 praeferebant.
1237 1691 1387 1746 Bona
1428 1691 1572 1746 enim
1598 1704 1762 1759 opera

197 1798 307 1852 quae
328 1783 580 1839 dicuntur
607 1791 734 1838 ante
761 1783 945 1849 ﬁdem,
975 1782 1157 1837 inania
1184 1789 1329 1847 sunt,
1360 1781 1432 1837 ita
1460 1791 1520 1835 ut
1538 1782 1762 1837 videan-

1861 586 1934 652 ei,
1977 603 2083 642 non
2111 595 2195 642 est
2221 602 2289 641 ex
2315 587 2507 656 gratia,
2558 588 2652 643 sed
2681 603 2749 642 ex
2778 587 2952 642 meriti
2998 586 3081 641 sui
3119 585 3319 640 debito.
3349 584 3434 639 llli

1862 694 1990 735 vero
2010 679 2103 750 qui
2133 694 2241 735 non
2268 678 2395 734 facit
2433 679 2550 734 haec
2575 679 2813 735 carnalia
2839 678 2923 733 vel
2951 678 3129 747 aliqua
3153 677 3315 742 bona,
3340 675 3435 731 sed

1861 778 2068 825 tantum
2094 770 2289 836 credit,
2328 768 2463 825 ﬁdes
2497 769 2697 825 sufﬁcit
2735 769 2802 824 ad
2824 768 3114 839 justitiam,
3142 777 3198 823 et
3235 767 3308 821 ita
3347 773 3434 820 at-

1862 864 2053 918 tribuit
2077 862 2199 918 aliis
2224 863 2368 933 quod
2388 861 2524 918 dixit
2554 860 2847 925 Abraham,
2871 861 3077 917 scilicet
3106 859 3249 930 quod
3286 858 3333 913 si
3353 865 3438 914 est

1852 952 2033 1024 justus
2081 967 2149 1008 ex
2198 953 2471 1023 operibus,
2523 952 2690 1008 habet
2738 950 2986 1023 gloriam,
3038 950 3133 1007 sed
3158 965 3265 1006 non
3294 948 3436 1020 apud

1861 1030 2055 1110 Deum,
2073 1052 2129 1099 et
2150 1044 2270 1099 ideo
2288 1058 2357 1097 ex
2378 1041 2500 1097 ﬁde.

1932 1136 2233 1193 Secundum
2257 1136 2503 1207 gratiam.
2534 1133 2593 1189 Si
2622 1134 2798 1207 gratia
2822 1145 2927 1199 est,
2961 1133 3128 1205 gratis
3153 1134 3314 1188 datur
3342 1148 3437 1189 seu

1862 1235 2033 1307 gratis
2058 1241 2291 1290 constat.
2320 1231 2466 1287 Nihil
2493 1232 2622 1287 boni
2645 1228 2842 1294 fecisti,
2871 1236 2925 1284 et
2952 1228 3109 1283 datur
3130 1228 3228 1283 tibi
3249 1228 3441 1284 remis-
3467 1216 3487 1299 ,⁵

1863 1330 1946 1385 sio
1966 1336 2332 1399 peccatorum.
2350 1324 2716 1380 Attenduntnr
2730 1336 2894 1383 onera
2915 1328 3007 1376 tua
3019 1328 3076 1376 et
3093 1320 3440 1376 inveniuntur

1863 1425 2044 1481 omnia
2073 1424 2233 1479 mala.
3234 1454 3243 1464 .
3464 1415 3478 1427 ‘

1938 1512 2045 1569 Sed
2076 1513 2361 1567 secundum
2386 1510 2638 1566 debitum.
2675 1506 2859 1580 (Anc.)
2886 1506 3003 1563 Non
3027 1505 3124 1560 tibi
3144 1501 3442 1559 blandiaris
3464 1569 3477 1589 .

1865 1606 1935 1660 de
1961 1605 2193 1670 meritis,
2220 1613 2353 1669 etc.,
2400 1617 2562 1672 usque
2590 1600 2659 1654 ad
2698 1599 2867 1670 ipsius
2906 1598 3046 1654 dono
3071 1606 3127 1651 et
3160 1594 3442 1665 largitione

1864 1696 2145 1752 faciamus.

1943 1785 2275 1841 Vens.5.—
2317 1782 2563 1839 Credenti
2617 1791 2811 1848 autem,
2863 1788 2969 1835 etc.
3014 1777 3129 1833 Nan
3183 1776 3315 1832 dicit
3368 1775 3440 1830 ei.

200 1848 276 1929 tur
298 1890 413 1930 esse
440 1890 652 1947 magnae
680 1874 846 1939 vires,
877 1848 935 1928 et
977 1888 1169 1929 cursus
1197 1872 1514 1928 celerrimus
1562 1879 1763 1943 praeter
1791 1848 1841 1953 β
1867 1876 2212 1933 Creditenim
2236 1875 2419 1945 illiqui
2445 1875 2618 1931 credit
2637 1888 2767 1928 vera
2784 1887 2907 1929 esse
2925 1886 3046 1941 quae
3067 1868 3156 1923 ille
3180 1868 3438 1937 loquitur,

196 1967 348 2021 viam.
402 1967 509 2023 Ubi
556 1966 690 2022 ﬁdes
736 1981 844 2021 non
890 1974 1033 2033 erat,
1082 1966 1283 2021 bonum
1330 1981 1463 2036 opus
1491 1980 1599 2020 non
1624 1973 1759 2020 erat.

194 2058 389 2114 Bonum
416 2059 566 2115 enim
597 2074 733 2128 opus
772 2058 999 2114 intentio
1050 2056 1196 2120 facit,
1232 2058 1585 2113 intentionem
1631 2057 1765 2113 ﬁdes

195 2150 388 2221 dirigit.
432 2148 562 2206 Sine
590 2149 848 2221 operibus.
893 2148 1348 2215 Praecedentibns,
1402 2164 1506 2204 non
1538 2164 1765 2219 sequen-

194 2242 346 2305 tibus,
378 2241 498 2296 sine
523 2241 719 2311 quibus
758 2250 841 2296 est
864 2240 1060 2301 inanis
1103 2240 1257 2306 ﬁdes,
1288 2247 1348 2294 ut
1376 2238 1611 2295 Iacobus
1645 2238 1760 2293 ait:

194 2332 346 2388 Fides
394 2336 509 2389 sine
565 2333 804 2405 operibus
847 2342 1055 2390 mortua
1102 2342 1177 2388 est
1223 2331 1366 2406 (Jac.
1422 2333 1521 2403 tt);
1561 2342 1617 2389 et
1650 2333 1765 2404 ipse

191 2425 422 2484 Paulus:
457 2426 520 2483 Si
566 2427 795 2481 habuero
824 2443 1027 2480 omnem
1061 2426 1218 2495 ﬁdem
1250 2425 1304 2495 (1
1328 2424 1451 2480 Cor.
1489 2425 1634 2496 xm),
1656 2434 1762 2480 etc.

261 2519 365 2576 Per
406 2521 587 2591 ﬁdem.
622 2519 802 2592 (Ane.,
834 2519 1026 2586 Enclt.,
1073 2534 1121 2574 c.
1166 2519 1314 2592 107).
1346 2519 1466 2589 Ipsa
1500 2526 1585 2575 est
1634 2518 1766 2574 ﬁdes

191 2610 387 2667 Christi
418 2627 581 2682 quam
611 2610 955 2667 commendat
976 2611 1268 2681 Apostolus
1307 2626 1428 2681 quae
1479 2626 1575 2681 per
1600 2609 1766 2667 dilec-

190 2703 386 2759 tionem
413 2712 688 2774 operatur.

258 2794 423 2850 Vsns.
452 2794 542 2849 5L
571 2824 642 2835 —
666 2794 831 2849 Absit.
859 2794 973 2849 Lex
992 2794 1135 2850 enim
1164 2808 1272 2850 non
1295 2794 1610 2859 destruitnr,
1643 2808 1764 2849 cum

187 2884 412 2954 impleta
447 2885 744 2939 secundum
773 2884 1046 2955 spiritum,
1079 2891 1257 2939 cessat
1281 2882 1574 2939 secundum
1615 2882 1763 2937 litte-

182 2991 321 3031 ram.
350 2974 666 3031 Statuimus.
725 2975 861 3043 Quia
905 2976 1238 3032 ostendimus
1266 2977 1593 3047 completum
1621 2975 1765 3046 quod

180 3066 265 3122 lex
292 3067 456 3132 dicit,
486 3067 571 3122 vel
595 3067 903 3133 statuimus,
941 3067 996 3121 id
1028 3076 1113 3122 est
1148 3066 1450 3133 ﬁrmamus,
1480 3068 1606 3138 quia
1647 3067 1764 3122 hzec

177 3158 359 3229 gratia
410 3156 537 3211 ﬁdei
579 3166 682 3221 est,
714 3171 820 3225 qua
848 3156 934 3211 lex
957 3156 1231 3226 impletur,
1258 3158 1347 3213 lex
1370 3174 1489 3228 qua:
1515 3157 1633 3212 sine
1658 3157 1762 3211 ﬁde

176 3250 404 3306 infirma
454 3258 617 3305 esset.
672 3249 1029 3321 Legisienim
1086 3258 1257 3306 status
1309 3250 1579 3316 ﬁrmatur,
1641 3250 1765 3319 quia

178 3342 417 3415 mystica
445 3349 501 3395 et
525 3340 924 3396 cmremonialia
954 3340 1307 3412 spiritualiter
1354 3342 1666 3411 implentur,
1716 3348 1771 3395 et

180 3438 322 3508 quod
372 3436 559 3491 minus
600 3436 656 3489 in
690 3434 984 3490 moralibus
1022 3435 1347 3504 pertinebat,
1376 3435 1433 3490 in
1478 3433 1769 3505 Evangelio

183 3528 422 3581 additur.
458 3534 515 3580 et
559 3525 703 3595 quod
746 3524 835 3579 lex
888 3533 1176 3579 venturum
1216 3525 1587 3596 promittebat,
1635 3523 1769 3579 ﬁdes

183 3620 465 3693 Evangelii
498 3618 782 3674 advenisse
831 3626 1080 3674 testatur.
1127 3617 1351 3688 Mystica
1394 3632 1524 3688 ergo
1562 3624 1619 3672 et
1646 3632 1745 3688 pro

182 3713 477 3778 mittentia,
549 3711 607 3766 in
664 3710 955 3782 Evangelio
1011 3710 1230 3781 impleta
1294 3719 1419 3765 sunt
1469 3710 1765 3766 secundum

183 3806 523 3877 spiritualem
578 3805 1009 3876 intelligentiam,
1060 3804 1245 3860 littera
1291 3813 1472 3860 autem
1513 3804 1768 3860 occidens

182 3900 410 3955 tollitur.
1212 3936 1215 3940 .

802 3965 1030 4024 CAPUT
1078 3966 1169 4022 IV.

252 4082 424 4140 Vens.
454 4084 510 4138 1.
535 4112 606 4123 -
629 4079 929 4136 Secundum
955 4096 1187 4135 carnem.
1212 4078 1271 4135 Id
1299 4086 1385 4136 est
1405 4094 1473 4135 ex
1516 4078 1771 4150 operibus

184 4172 335 4246 legis.
370 4174 546 4243 Quasi
573 4175 721 4230 dicat
750 4192 763 4228 :
794 4173 1044 4228 Dicemus
1069 4173 1213 4243 quod
1249 4172 1351 4229 fuit
1366 4172 1544 4243 justus
1563 4189 1631 4229 ex
1653 4174 1774 4230 eis?

184 4284 311 4335 non,
336 4269 469 4339 quia
497 4268 544 4323 si
574 4284 641 4323 ex
664 4267 870 4323 carnali
902 4267 1281 4324 observatione
1325 4275 1409 4323 est
1431 4266 1631 4337 justus,
1670 4268 1771 4323 ha-

184 4359 271 4417 bet
292 4362 530 4433 gloriam
565 4369 823 4417 atternam
849 4376 969 4431 quae
1009 4376 1077 4415 ex
1108 4359 1319 4428 jnstitia
1348 4360 1596 4431 sequitur
1630 4377 1642 4413 :
1676 4361 1772 4415 sed

184 4468 213 4509 a
235 4470 293 4510 se
329 4456 503 4510 habet
540 4470 683 4519 eam,
707 4469 815 4509 non
848 4470 878 4506 a
900 4453 1028 4507 Deo.
1061 4451 1181 4518 Vel,
1213 4453 1328 4507 haec
1356 4451 1672 4521 jnstiﬁcatio
1690 4462 1772 4506 est

1866 1971 2011 2042 quod
2062 1978 2119 2026 et
2163 1969 2293 2024 mali
2344 1968 2571 2024 faciunt.
2623 1966 2860 2022 Credere
2903 1965 3053 2019 illum
3092 1971 3175 2018 est
3224 1959 3445 2016 credere

1866 2064 2009 2135 quod
2036 2061 2126 2118 ille
2153 2061 2225 2117 sit
2250 2062 2412 2125 Deus,
2452 2059 2595 2130 quod
2621 2065 2677 2113 et
2705 2056 2903 2113 diaboli
2928 2054 3153 2110 faciunt.
3186 2051 3293 2107 Sed
3325 2064 3443 2104 cre-

1867 2155 1996 2211 dere
2027 2155 2083 2210 in
2129 2170 2276 2219 eum,
2325 2161 2413 2207 est
2442 2151 2590 2206 illum
2636 2147 2905 2205 credendo
2932 2160 3137 2211 amare,
3175 2140 3445 2199 credendo

1867 2247 2113 2319 diligere,
2142 2242 2411 2302 credendo
2442 2243 2497 2298 in
2532 2256 2657 2297 eum
2686 2241 2788 2307 ire,
2829 2248 2885 2294 et
2928 2238 3045 2307 ejus
3080 2232 3337 2291 membris
3364 2230 3445 2286 in-

1866 2339 2164 2409 corporari.

1939 2429 2609 2499 Secundum'propositum.
2660 2425 2823 2493 Quasi
2867 2424 3055 2479 dicat:
3090 2420 3219 2477 Sine
3263 2418 3440 2490 operi-

1866 2523 1969 2578 bus
1995 2521 2428 2593 praaeedentibus
2444 2518 2774 2589 jnstiﬁcatur
2804 2516 3023 2586 impius,
3051 2523 3108 2570 et
3129 2514 3232 2568 hoc
3257 2525 3445 2567 secun-

1867 2617 1995 2672 dum
2039 2615 2376 2685 propositum
2400 2612 2591 2683 gratiae
2621 2611 2737 2677 Dei,
2770 2610 2823 2666 id
2853 2619 2957 2676 est,
2982 2607 3278 2664 secundum
3320 2619 3467 2677 gra-t

1867 2707 1999 2763 tiam
2027 2706 2126 2761 Dei
2171 2703 2502 2775 propositam
2538 2700 2787 2757 omnibus
2832 2697 3196 2762 credentibus,
3242 2694 3330 2750 vel
3357 2710 3442 2750 se-

1864 2801 2103 2856 cundum
2132 2798 2276 2868 quod
2301 2798 2444 2852 Dens
2465 2795 2625 2867 longe
2648 2801 2773 2849 ante
2794 2793 2994 2864 posuit.

1937 2890 2104 2946 Vens.
2138 2890 2191 2944 7.
2215 2919 2287 2930 —
2313 2887 2581 2942 Rem'issw.
2624 2884 2942 2950 Remittere,
2974 2890 3181 2954 tegere,
3211 2895 3319 2936 non
3346 2881 3449 2936 im-

1864 2989 2080 3052 putare,
2110 2979 2351 3051 ejusdem
2393 2976 2619 3032 rationis
2646 2983 2701 3031 et
2730 2989 2923 3030 sensus
2958 2980 3087 3029 sunt
3111 2972 3296 3027 verba.
3336 2969 3451 3024 lni-

1864 3071 2108 3142 quitates.
2140 3068 2459 3139 lntelligitur
2487 3083 2584 3137 per
2604 3066 2919 3136 iniquitates
2946 3063 3210 3134 originale
3262 3076 3451 3133 pecca-

1869 3171 2005 3236 tum,
2034 3160 2242 3216 scilicet
2261 3158 2432 3214 fomes
2460 3157 2685 3228 peccati,
2721 3157 2815 3225 qui
2837 3156 3037 3211 dicitur
3066 3153 3452 3223 concupiscen-

1874 3254 1971 3320 tia,
1998 3252 2085 3307 vel
2112 3248 2628 3321 concupiscibilitas,
2660 3247 2776 3303 sive
2801 3246 2888 3301 lex
2915 3244 3308 3307 membrorum,
3337 3244 3452 3299 sive

1869 3346 2097 3417 languor
2134 3352 2358 3409 natura:
2409 3350 2464 3399 et
2509 3342 2629 3396 aliis
2683 3339 3011 3395 nominibus.
3079 3337 3148 3392 Et
3199 3336 3290 3392 illa
3328 3343 3454 3396 ante

1868 3441 2196 3512 baptismum
2216 3437 2374 3508 culpa
2398 3444 2483 3492 est
2503 3443 2559 3490 et
2580 3448 2758 3506 pmna,
2780 3441 2902 3503 post
2919 3430 3246 3502 baptismum
3273 3436 3453 3483 autem

1869 3545 2034 3603 ptena
2068 3538 2125 3586 et
2148 3543 2256 3584 non
2307 3527 2482 3599 culpa,
2524 3541 2647 3596 quae
2670 3522 2956 3595 parvulum
2989 3519 3224 3577 habilem
3253 3534 3455 3576 concu-

1869 3620 2099 3692 piscere,
2169 3619 2284 3684 sed,
2338 3633 2447 3672 non
2514 3614 2912 3686 concupiscere,
2961 3611 3091 3667 facit
3135 3629 3148 3664 :
3211 3608 3451 3665 adultum

1868 3726 2001 3766 vero
2025 3710 2191 3766 etiam
2239 3707 2650 3779 concupiscere,
2677 3721 2797 3774 quze
2826 3704 3044 3776 quidem
3090 3702 3146 3757 in
3185 3701 3454 3772 baptismo
3548 3724 3555 3728 ε

1872 3802 2167 3857 remittitur
2194 3809 2250 3855 et
2282 3799 2480 3854 transit
2507 3798 2799 3853 secundum
2833 3804 3063 3860 reatum,
3085 3792 3178 3850 sed
3211 3798 3458 3848 remanet

1871 3894 2165 3948 secundum
2206 3901 2409 3946 actum.
2467 3888 2742 3960 Originale
2768 3895 2951 3942 autem
2990 3885 3209 3950 dicitur,
3233 3885 3358 3955 quia
3384 3898 3454 3939 ex

1872 3984 2068 4038 vitiosa
2096 3981 2322 4054 originis
2351 3988 2549 4035 nostra:
2593 3978 2903 4035 conditione
2937 3977 3191 4041 trahitur,
3221 3984 3277 4035 et
3326 3976 3454 4046 quia

1872 4090 1941 4130 ex
1962 4074 2156 4129 vitiosa
2177 4072 2296 4143 lege
2318 4070 2656 4140 concipiendi
2685 4084 2751 4124 ex
2781 4076 3003 4139 peccato
3027 4066 3186 4138 primi
3220 4067 3456 4122 hominis

1874 4164 2143 4221 accidenti
2186 4159 2433 4230 concepti
2485 4175 2693 4225 sumus,
2742 4158 2797 4213 id
2839 4168 2944 4224 est,
2989 4157 3170 4213 carnis
3199 4158 3456 4227 concupi-

1873 4254 2101 4321 scentia,
2128 4252 2251 4308 ideo
2278 4249 2487 4322 peccati
2520 4249 2600 4305 rei
2644 4264 2831 4305 sumus
2872 4249 3017 4321 quod
3055 4247 3317 4321 originale
3372 4248 3455 4304 di-

1873 4349 2033 4405 citur.

1948 4438 2101 4494 Tecta
2122 4447 2244 4493 sunt
2268 4446 2501 4509 peccata.
2531 4435 2714 4508 (Auc.)
2735 4434 2850 4489 Non
2878 4434 2956 4491 sic
2983 4434 3293 4506 intelligatis
3312 4435 3455 4506 quod

185 4544 236 4599 in
260 4548 524 4616 Opinione
551 4545 852 4610 hominum,
880 4556 935 4599 et
964 4560 1071 4599 non
1097 4544 1241 4613 apud
1274 4542 1465 4598 Deum.
1490 4543 1572 4598 Ad
1601 4544 1770 4598 Deum
1801 4566 1853 4628 ι)
1876 4531 2010 4628 Ek"
2034 4549 2046 4584 ε
2074 4538 2294 4628 Ρθθοθξξλ
2321 4537 2575 4628 ξοορθηδ
2600 4537 2746 4628 sui“)
2771 4528 2925 4597 quasi
2955 4528 3164 4628 ίδξείξιῑ
3181 4528 3449 4628 “Vinni-

186 4645 366 4691 autem
413 4638 590 4691 habet
623 4635 850 4705 gloriam
883 4653 895 4688 :
930 4650 1035 4689 non
1076 4648 1207 4704 ergo
1226 4648 1294 4688 ex
1320 4633 1575 4704 operibus
1608 4634 1770 4704 justi-

187 4726 375 4781 ﬁeatus
434 4734 543 4782 est.
599 4724 656 4779 Si
701 4740 831 4795 ergo
869 4738 972 4779 non
1031 4739 1099 4779 ex
1143 4722 1398 4794 operibus
1444 4722 1774 4793 justiﬁcatus

185 4824 261 4871 est
286 4858 300 4881 ,
343 4817 492 4871 unde
524 4814 856 4886 justiﬁcatns
896 4814 1012 4870 est?
1047 4812 1304 4885 Sequitur
1353 4822 1409 4868 et
1458 4814 1769 4882 dicitunde,

185 4917 289 4963 etc.

253 5000 423 5058 Vens.
461 5002 517 5056 3.
548 5031 620 5041 —
669 5000 923 5055 Credidit.
975 5001 1225 5067 Credere,
1277 5000 1555 5057 sufﬁciens
1608 5015 1770 5056 causa

186 5089 286 5145 fuit
312 5093 362 5147 ei
384 5091 637 5160 justitize,
660 5099 715 5145 et
744 5100 828 5145 est
852 5090 991 5155 aliis,
1026 5093 1120 5146 sed
1141 5100 1317 5145 tamen
1339 5092 1431 5160 qni
1450 5091 1612 5146 habet
1636 5098 1771 5145 tem-

185 5194 284 5251 pus
321 5180 611 5251 operandi,
630 5181 681 5234 ei
716 5195 820 5235 non
841 5180 1057 5235 dabitur
1083 5196 1292 5237 merces
1316 5180 1610 5235 secundum
1649 5194 1772 5249 gra-

187 5270 317 5325 tiam
348 5278 589 5335 tantum,
611 5271 704 5326 sed
723 5270 1018 5325 secundum
1039 5271 1275 5325 debitum
1289 5271 1617 5341 operationis
1629 5285 1769 5336 sua};

187 5362 279 5417 sed
300 5363 351 5416 ei
375 5361 474 5432 qui
497 5377 605 5417 non
626 5361 779 5417 habet
811 5370 1021 5433 tempus
1048 5363 1327 5432 operandi,
1359 5363 1404 5418 si
1442 5361 1634 5426 credit,
1659 5360 1770 5417 sola

189 5452 322 5509 ﬁdes
348 5452 559 5509 sufﬁcit
584 5454 650 5509 ad
665 5453 952 5523 justitiam,
969 5462 1024 5509 et
1047 5454 1121 5509 ita
1142 5453 1209 5507 ad
1226 5453 1453 5508 salutem
1476 5453 1771 5509 secundum

188 5545 426 5614 gratiam
475 5544 806 5613 propositam
846 5545 1118 5608 omnibus,
1166 5544 1248 5598 vel
1297 5543 1595 5599 secundum
1628 5542 1772 5613 quod

90 5626 95 5635 ’
188 5632 332 5691 Deus
358 5635 541 5705 legem
576 5642 700 5689 ante
732 5635 927 5705 posuit.

257 5725 431 5781 Vsus.
458 5725 517 5780 4.
552 5757 623 5767 -
649 5725 717 5781 Ei
747 5737 943 5793 autem,
966 5736 1071 5783 etc.
1096 5728 1259 5797 Quasi
1289 5727 1469 5784 dicat:
1499 5729 1773 5785 Abraham

113 5842 121 5847 -
184 5828 274 5875 est
292 5820 484 5892 justus
507 5834 574 5876 ex
604 5819 709 5876 ﬁde
740 5838 754 5875 :
785 5822 879 5878 sed
903 5822 954 5879 ei
978 5822 1070 5894 qui
1107 5832 1363 5894 cperatnr
1388 5822 1477 5879 illa
1505 5823 1768 5889 carnalia,

1877 4624 2042 4679 Tecta
2070 4637 2198 4694 ergo
2226 4622 2380 4689 dixit,
2413 4631 2474 4677 ut
2500 4637 2609 4678 non
2639 4621 2971 4686 viderentur,
3019 4618 3115 4675 Dei
3142 4626 3323 4674 autem
3370 4619 3453 4673 vi-

1877 4719 2003 4776 dere
2026 4724 2332 4787 peccatum,
2353 4716 2547 4788 punire
2570 4723 2671 4771 est.

1946 4802 2109 4867 Vens.
2157 4811 2211 4866 9.
2250 4840 2322 4852 —
2381 4810 2447 4865 In
2497 4809 2915 4874 circumcisione,
2964 4808 3019 4863 id
3067 4815 3169 4875 est,
3215 4815 3455 4879 tempore

1809 4938 1815 4944 τ
1874 4904 2305 4962 circumcisionis
2347 4911 2593 4976 repntata
2632 4910 2719 4959 est
2771 4901 2906 4957 ﬁdes
2940 4900 3171 4956 Abrahae
3198 4900 3266 4956 ad
3294 4900 3455 4971 justi-

1875 4995 2030 5050 tiam.

1950 5088 2113 5145 Vnus.
2137 5087 2225 5142 10.
2245 5115 2317 5126 -
2337 5085 2441 5142 Sed
2469 5102 2523 5139 tn
2546 5085 2824 5155 prteputio,
2854 5084 2910 5140 id
2931 5092 3035 5151 est,
3059 5092 3299 5155 tempore
3323 5101 3454 5157 prte-

1875 5181 2036 5255 putii.

1948 5275 2115 5331 Vens.
2146 5275 2235 5331 15.
2256 5303 2327 5315 -
2367 5271 2491 5327 Non
2515 5289 2654 5327 enim
2676 5288 2769 5344 per
2797 5271 2962 5342 legem
2986 5273 3283 5343 promissio.
3314 5272 3451 5330 Pro—

1876 5369 2161 5425 missiones
2212 5366 2329 5421 alia:
2372 5374 2497 5420 sunt
2546 5364 2701 5419 facta}
2748 5364 2964 5420 Christo
3004 5380 3167 5435 quam
3195 5365 3448 5421 Abrahae.

1873 5459 2107 5515 Abrahte
2127 5457 2271 5512 enim
2300 5456 2455 5512 facta:
2486 5463 2613 5510 sunt
2639 5455 2740 5521 ita,
2777 5463 2839 5510 ιιι
2889 5456 2982 5524 qui
3010 5470 3133 5510 eum
3169 5455 3242 5509 ita
3274 5454 3450 5508 imita-

1874 5558 2087 5615 rentur,
2108 5565 2139 5605 a
2167 5547 2383 5604 Christo
2413 5547 2878 5613 henedicerentnr,
2901 5545 3120 5602 Christo
3141 5552 3318 5599 autem
3341 5558 3448 5599 non

1876 5641 1979 5706 sic,
2013 5640 2109 5695 sed
2139 5639 2215 5694 ita
2245 5646 2305 5693 ut
2338 5654 2445 5693 non
2489 5646 2698 5694 tantum
2728 5647 2872 5695 esset
2897 5636 3172 5708 exemplar
3194 5643 3249 5688 et
3272 5636 3445 5690 forma

1874 5729 2228 5785 institutionis
2254 5745 2462 5787 morum
2478 5738 2535 5786 et
2552 5744 2800 5802 operum,
2823 5729 2918 5786 sed
2941 5729 3084 5800 quod
3104 5725 3448 5783 benediceret

1873 5822 2249 5881 benedictione
2274 5831 2474 5881 aeterna
2510 5823 2848 5880 imitantibus
2889 5835 3032 5878 eum.
3077 5817 3278 5877 Semiui
3306 5817 3440 5890 ejus.
