3958 6314
481 468 587 528 ιθδ

980 461 1373 521 WALAFRIDI
1413 446 1659 515 STRABl
1697 455 1898 511 FULD.
1941 451 2104 511 MON.
2143 440 2296 507 OPP.
2337 442 2516 501 PARS
2548 442 2589 499 l.
2630 472 2699 483 —-
2733 432 3184 495 THEOLOGICA.

3638 422 3753 481 484

483 582 542 639 Id
560 591 643 638 est
671 577 1013 636 credentibus
1034 576 1285 630 omnibus
1307 575 1399 646 qui
1439 580 1564 629 sunt
1587 585 1773 626 semen
1801 565 2052 630 Abrahae,
2084 568 2135 627 Α
2162 563 2349 618 tricem
2380 565 2657 615 senectute
2706 571 2769 609 ac
2818 552 3107 608 sterilitate
3142 546 3257 617 jam
3306 556 3589 603 emortuos
3619 544 3755 598 vita:

484 688 590 728 non
617 685 803 735 carne,
832 668 923 724 sed
954 666 1272 721 imitatione.
1311 644 1409 719 Vel
1430 663 1647 721 Christo
1677 661 1762 718 cui
1787 660 1928 715 facta
1973 657 2057 713 di—
2159 652 2412 718 restituit,
2455 648 2795 720 ﬁliorumque
2825 644 3208 729 proel-cationi.

486 762 628 817 citur
648 759 956 831 promissio,
988 758 1112 827 quia
1143 757 1198 812 in
1230 773 1294 813 eo
1324 755 1594 826 implenda
1614 762 1750 809 erat.

555 850 718 908 Vens.
764 848 946 905 14.--
993 848 1054 904 Si
1097 848 1254 913 enim,
1307 855 1413 903 etc.
1464 842 1628 913 Quasi
1692 844 1834 899 dicat
1872 860 1885 895 :
1922 832 2061 896 Vere

483 941 757 997 Abraham
805 955 912 995 non
968 951 1054 995 est
1103 938 1278 994 hmres
1328 935 1516 991 mundi
1561 949 1659 1006 per
1686 934 1858 999 legem
1890 950 1904 987 :
1934 931 2062 1001 quia

487 1032 583 1088 ﬁlii
610 1032 726 1102 ejus
749 1046 846 1102 per
875 1031 1072 1103 legem,
1121 1044 1229 1084 non
1277 1036 1405 1084 sunt
1432 1026 1471 1082 ii
1520 1027 1615 1097 qui
1670 1022 1763 1079 ﬁlii
1814 1024 2065 1079 dicuntur

484 1124 747 1189 hatredes,
778 1122 987 1178 scilicet
1032 1120 1175 1191 quod
1205 1119 1320 1190 ipse
1355 1117 1517 1174 habet
1537 1115 1895 1188 possidentes.
1926 1104 2065 1168 1Nam

484 1212 531 1270 si
568 1215 673 1270 hoc
695 1220 856 1277 esset,
890 1210 1006 1267 haec
1041 1206 1474 1266 inconvenientia
1505 1204 2060 1278 inde'sequerentur:

483 1301 636 1371 Quod
673 1302 807 1358 ﬁdes
828 1309 972 1358 esset
992 1299 1272 1366 frustrata,
1302 1314 1409 1369 qua
1425 1306 1639 1354 constat
1660 1297 1866 1368 justum
1897 1294 2064 1351 fuisse

482 1393 787 1460 Abraham,
810 1392 953 1464 quod
982 1391 1271 1463 promissio
1292 1399 1439 1446 esset
1467 1388 1687 1455 abolita,
1719 1380 1771 1442 id
1811 1394 1894 1442 est
1920 1386 2066 1441 inex-

482 1483 651 1554 pleta,
687 1491 747 1537 ut
774 1482 906 1537 nulli
939 1482 1049 1537 sint
1068 1481 1310 1535 haaredes
1350 1497 1362 1532 :
1406 1493 1491 1534 rex
1538 1479 1682 1533 enim
1712 1476 1889 1532 nullos
1936 1475 2067 1531 facit

485 1573 749 1640 haredes,
778 1588 903 1627 nam
931 1573 1111 1642 potius
1153 1570 1289 1625 iram
1318 1577 1593 1641 operatur,
1633 1569 1705 1623 ita
1750 1567 2066 1637 praevarica-

485 1666 722 1731 tionem;
753 1676 878 1719 nam
905 1674 972 1719 ex
1015 1677 1078 1719 ea
1123 1672 1209 1719 est
1237 1662 1635 1731 praevaricatio,
1673 1661 1798 1730 quia
1840 1659 1957 1714 sine
2002 1670 2065 1713 ea

484 1771 592 1812 non
619 1762 724 1811 est.
753 1755 879 1811 Ideo
907 1756 1034 1825 quia
1066 1754 1112 1810 si
1143 1770 1211 1809 ex
1242 1754 1361 1825 lege
1392 1754 1495 1809 ista
1518 1754 1908 1823 sequerentur:
1939 1757 2066 1804 tunc

484 1860 551 1903 ex
575 1847 679 1903 ﬁde
702 1854 826 1902 sunt
854 1845 1118 1912 haeredes,
1150 1850 1206 1900 et
1231 1845 1311 1900 sic
1345 1850 1427 1900 est
1448 1843 1603 1898 ﬁrma
1632 1840 1939 1913 promissio.

2229 746 2393 803 Vnus.
2421 744 2511 799 25.
2537 773 2606 782 —
2637 741 2739 808 Qui
2795 739 3042 793 traditus.
3094 722 3240 791 Mors
3268 734 3470 791 Cbristt
3501 730 3620 788 sola
3666 729 3753 785 in-

2161 840 2381 896 teritum
2411 836 2609 894 veteris
2634 834 2754 888 vita:
2776 833 2974 903 signat,
3004 838 3059 887 et
3088 829 3147 883 in
3194 826 3306 882 sola
3346 823 3755 881 resurrectione

2162 946 2301 987 nova
2329 930 2437 984 vita
2465 926 2818 999 signiﬁcatur,
2836 936 2960 994 qua:
2982 937 3012 975 a
3029 917 3423 989 justiﬁeatione
3446 915 3673 984 incipit,
3703 922 3757 967 et

2164 1023 2219 1079 in
2247 1022 2653 1081 immortalitate
2681 1017 3016 1092 perﬁcietur.

2780 1146 3011 1205 CAPUT
3063 1144 3129 1200 ν.

2238 1289 2400 1347 Vnus.
2432 1286 2482 1342 l.
2505 1278 2673 1341 ——E:c
2700 1278 2822 1356 ﬁde.
2850 1280 3112 1352 Superius
3142 1275 3599 1345 dixit,justiﬁcati
3631 1291 3756 1348 gra-

2168 1384 2237 1439 tis
2285 1396 2382 1453 per
2417 1376 2668 1451 gratiam,
2708 1392 2778 1432 ne
2811 1373 2926 1445 ipsa
2966 1366 3098 1428 ﬁdes
3135 1366 3367 1442 superba
3395 1370 3485 1423 sit.
3518 1366 3646 1423 Non
3678 1368 3757 1422 di-

2167 1484 2255 1531 cat
2279 1470 2452 1529 ﬁdelis
2481 1491 2494 1526 :
2523 1481 2581 1526 ut
2607 1484 2821 1524 merear
2840 1463 3309 1535 justiﬁcationem,
3339 1459 3516 1516 habeo
3550 1458 3718 1514 ﬁdem
3743 1478 3755 1512 :

2166 1566 2525 1637 respondetur
2552 1563 2695 1618 enim
2721 1558 2770 1617 ei
2802 1579 2812 1615 :
2848 1554 2978 1631 quid
3029 1552 3198 1612 habes
3250 1552 3394 1625 quod
3437 1568 3548 1607 non
3605 1566 3759 1605 acce-

2165 1658 2328 1731 pisti?
2358 1654 2549 1710 Pacem
2584 1652 2889 1716 habeamus,
2931 1647 3023 1721 qui
3054 1649 3103 1704 ei
3153 1644 3488 1703 reconciliati
3512 1658 3623 1713 per
3663 1640 3758 1696 mi-

2166 1753 2399 1808 nistrum
2429 1747 2615 1819 gratiae
2648 1744 2943 1803 Christum.

2238 1844 2403 1900 Vens.
2434 1840 2487 1896 2.
2510 1872 2580 1881 -
2600 1832 2705 1894 Per
2739 1854 2911 1911 quem.
2944 1834 3239 1891 Enumerat
3264 1826 3527 1888 beneﬁcia
3564 1843 3691 1900 qua:
3727 1843 3755 1881 a

554 1937 718 1993 Vens.
749 1936 836 1992 15.
860 1966 931 1977 -
978 1935 1090 1990 Lex
1126 1937 1263 1989 iram
1288 1942 1554 2006 operatur.
1588 1931 1660 1988 Ut
1691 1944 1813 1987 reos
1859 1928 2064 1987 faceret
2092 1916 2140 1988 Β
2167 1933 2382 1995 Christo
2410 1932 2697 1991 habentur.

485 2030 879 2102 delinquentes,
902 2040 1011 2085 non
1031 2026 1281 2084 eﬁicienti
1307 2038 1491 2093 causa,
1524 2026 1619 2081 sed
1650 2038 1757 2081 non
1782 2022 2067 2094 adiuvante

485 2124 681 2195 gratia,
739 2122 822 2177 vel
872 2136 996 2177 reos
1037 2120 1242 2176 faceret
1294 2118 1680 2192 temporalibus
1709 2118 1886 2189 poenis
1929 2117 2065 2172 iram

485 2222 823 2285 operaretur,
849 2213 976 2285 quia
998 2212 1522 2284 praevaricationem,
1556 2210 1699 2283 quod
1722 2210 1954 2282 qualiter
1976 2210 2065 2279 sit,

487 2306 681 2376 aperit,
710 2305 935 2362 dicens:

563 2395 661 2451 Ubi
690 2399 848 2463 enim,
884 2406 988 2453 etc.
1016 2397 1221 2471 (Οιιιθ.)
1251 2397 1495 2454 Ostendit
1520 2399 1664 2469 quod
1697 2400 2069 2469 prrcvaricatio

495 2502 617 2544 esse
640 2504 745 2543 non
775 2491 945 2559 possit
973 2490 1076 2545 nisi
1105 2489 1190 2544 lex
1222 2489 1417 2556 fuerit;
1452 2504 1557 2544 non
1584 2501 1760 2545 tamen
1792 2490 1836 2546 si
1864 2488 1948 2545 lux
1977 2493 2069 2559 sit,

495 2577 641 2633 omni
671 2592 867 2649 genere
894 2579 1266 2650 prazvaricatio
1306 2578 1448 2634 erit:
1486 2582 1664 2650 potest
1688 2581 1827 2635 enim
1863 2579 1976 2637 ﬁeri
2013 2588 2072 2634 ut

505 2669 578 2725 sit
605 2669 710 2735 lex,
749 2677 804 2725 et
830 2670 1204 2741 pmvaricatio
1234 2682 1340 2724 non
1370 2671 1461 2736 sit,
1489 2682 1545 2726 at
1594 2680 1698 2725 non
1729 2686 1758 2727 e
1789 2679 2068 2727 Converso.

563 2757 673 2817 Nec
717 2763 1099 2833 prrevaricatio.
1155 2761 1272 2817 Non
1337 2764 1458 2818 alt:
1509 2763 1624 2819 Non
1663 2772 1744 2821 est
1792 2764 2069 2836 iniquitas.

490 2850 678 2907 Omnis
706 2853 851 2906 enim
893 2853 1065 2923 legem
1102 2854 1419 2923 prmteriens
1458 2855 1688 2924 iniquus,
1745 2854 1838 2910 sed
1889 2864 1993 2911 non
2042 2870 2073 2911 e

492 2952 702 2999 contra.
728 2940 830 3010 Qui
869 2943 1011 2998 enim
1042 2958 1212 3015 regem
1245 2956 1352 2999 non
1378 2956 1726 3016 acceperunt,
1750 2947 1917 3017 iniqui
1967 2947 2074 3003 dici

490 3043 741 3105 possunt,
770 3036 1216 3105 prtevaricatore‘s
1242 3044 1421 3093 autem
1454 3038 1558 3093 dici
1584 3055 1690 3095 non
1720 3048 1966 3109 possunt.

562 3124 724 3180 Vens.
750 3124 911 3210 16.—
954 3124 1076 3181 Non
1099 3128 1149 3181 ei
1182 3129 1270 3199 qui
1317 3142 1381 3183 ex
1426 3126 1556 3201 lege.
1599 3130 1737 3198 Quia
1776 3128 1866 3186 hic
1899 3132 2020 3187 talis
2044 3144 2075 3187 a

491 3220 663 3288 gratia
693 3216 914 3285 excidit,
940 3227 995 3275 et
1016 3219 1136 3276 ideo
1165 3234 1327 3277 causa
1353 3218 1475 3279 ﬁdei
1510 3239 1537 3278 a
1566 3222 1685 3296 lege
1711 3218 2073 3281 recedendum

492 3316 595 3374 est,
620 3316 678 3363 ut
698 3308 852 3365 ﬁrma
882 3311 953 3366 sit
975 3311 1263 3381 promissio
1287 3331 1298 3366 :
1325 3312 1409 3368 lex
1430 3314 1575 3369 enim
1608 3276 1724 3371 sine
1753 3314 1925 3387 gratia
1949 3334 2074 3389 pro-
2100 3276 2144 3341 Ο

492 3400 765 3457 missionis
795 3414 903 3458 non
929 3400 1101 3458 solum
1132 3418 1239 3459 non
1266 3400 1464 3470 aufert,
1493 3420 1682 3461 verum
1709 3408 1871 3463 etiam
1914 3408 2074 3481 auget

491 3499 794 3561 peccatum.

565 3578 731 3636 Veiis.
775 3581 862 3637 18.
901 3611 972 3622 -
998 3580 1103 3649 Qui
1134 3593 1315 3638 contra
1348 3598 1509 3654 spem.
1563 3583 1753 3657 Incipit
1795 3601 2073 3643 commens

495 3671 625 3727 dare
648 3671 807 3727 ﬁdem
835 3672 1086 3738 Abrahae,
1116 3680 1175 3728 ut
1199 3674 1471 3731 imitemur
1504 3690 1626 3731 eum
1661 3677 1753 3747 qui
1791 3688 1891 3750 per
1918 3678 2076 3736 ﬁdem

488 3761 755 3833 justitiam
787 3770 842 3818 et
871 3763 1031 3819 talem
1059 3765 1474 3835 promissionem
1504 3767 1726 3837 accepit.

569 3850 663 3907 Sic
699 3853 797 3907 erit
824 3868 1020 3921 semen,
1063 3862 1169 3911 etc.
1198 3854 1486 3912 Sciendum
1515 3859 1771 3929 quoniam
1800 3856 2078 3918 Abraham

497 3941 668 3998 Deum
683 3943 833 4012 prius
858 3945 1058 3999 trinum
1083 3954 1140 4001 et
1159 3956 1325 4001 unum
1349 3948 1618 4018 cognovit,
1636 3958 1690 4005 et
1709 3966 1806 4021 per
1828 3951 1932 4008 hoc
1955 3952 2079 4008 ﬁdei

498 4038 781 4105 meritum,
834 4039 1076 4094 omnium
1129 4047 1477 4110 peccatorum
1536 4040 1911 4099 remissionem
1960 4044 2081 4100 ade-

495 4140 623 4203 ptus
663 4141 764 4188 est.
800 4131 928 4188 Post
970 4132 1238 4204 justitiam
1283 4150 1451 4202 vero,
1498 4145 1558 4192 ut
1592 4136 1885 4193 multarum
1924 4145 2082 4209 pater

501 4226 655 4281 ﬁeret
680 4225 939 4299 gentium,
967 4243 997 4280 a
1031 4227 1142 4283 Deo
1163 4227 1575 4298 promissionem
1609 4230 1836 4299 accepit.
1881 4229 2083 4285 Deinde

502 4316 643 4373 facta
667 4318 767 4372 fuit
793 4317 894 4373 sibi
918 4328 1106 4375 rursus
1132 4321 1419 4389 promissio
1439 4320 1581 4391 quod
1604 4321 1676 4375 ita
1714 4319 1867 4375 ﬁeret
1894 4335 2081 4376 semen

501 4424 658 4465 suum
687 4409 827 4463 sicut
844 4409 1045 4480 ~stellae,
1085 4419 1190 4465 etc.

576 4500 739 4556 Vens.
783 4500 871 4556 l9.
907 4531 975 4541 —
1017 4500 1139 4555 Non
1174 4511 1247 4556 est
1285 4501 1603 4570 inﬁrmatus.
1642 4498 1820 4573 Aliqui
1875 4505 2086 4560 ratione

2240 2026 2404 2083 Vnus.
2431 2028 2484 2081 5.
2513 2056 2585 2066 -
2612 2021 2923 2079 Tribulatio.
2970 2004 3123 2090 Quod
3162 2004 3439 2074 tribulatio
3471 2030 3585 2070 non
3621 2010 3759 2069 tollit

2169 2119 2504 2194 patientiam,
2539 2112 2669 2173 facit
2698 2116 2938 2172 charitas
2957 2128 3077 2184 qua:
3117 2120 3203 2168 est
3240 2108 3519 2182 proprium
3550 2098 3756 2163 donum

2172 2210 2408 2284 Spiritus
2446 2208 2641 2265 sancti.

2244 2303 2416 2374 Spem.
2451 2300 2505 2357 ld
2532 2311 2615 2358 est
2644 2298 3025 2357 certitudinem
3051 2296 3234 2370 gloriae
3254 2293 3477 2358 futurae,
3508 2308 3639 2363 qua:
3668 2290 3761 2345 hn-

2173 2408 2344 2452 manze
2367 2393 2562 2449 rationi
2595 2402 2730 2448 vana
2761 2390 2971 2446 videtur
3005 2408 3018 2443 :
3049 2387 3142 2444 sed
3175 2384 3485 2442 testimonio
3517 2382 3758 2445 virtutis,

2172 2488 2227 2543 id
2252 2490 2335 2545 est
2370 2485 2645 2559 patientim
2666 2482 2753 2540 vel
2787 2474 3195 2547 miraculorum,
3229 2478 3505 2534 ﬁrmatur.

2242 2581 2410 2636 Vens.
2438 2579 2492 2635 5.
2514 2610 2585 2620 —
2607 2574 2735 2649 Spes
2779 2586 2970 2631 autem.
3003 2570 3137 2643 Quia
3165 2582 3250 2629 est
3274 2572 3327 2628 in
3372 2573 3483 2628 Deo
3510 2569 3609 2641 qui
3662 2584 3763 2623 non

2174 2668 2332 2742 fallit,
2380 2690 2487 2731 non
2530 2674 2584 2728 in
2618 2672 2837 2727 homine
2883 2658 3164 2734 inendace,
3211 2668 3366 2739 cujus
3412 2665 3527 2736 spei
3564 2664 3764 2735 pignus

2174 2776 2260 2823 est
2278 2765 2514 2835 Spiritus
2548 2782 2561 2817 :
2591 2762 2787 2834 legitur
2835 2761 2978 2817 enim
3008 2776 3022 2814 :
3064 2757 3208 2814 Fons
3241 2774 3391 2829 aqua:
3415 2766 3520 2811 tum
3548 2756 3628 2809 sit
3677 2754 3763 2807 tibi

2174 2859 2438 2933 proprius,
2466 2866 2515 2913 et
2552 2874 2698 2912 nemo
2721 2855 2927 2911 alienus
2954 2854 3299 2909 communicet
3331 2850 3424 2906 tibi
3445 2838 3652 2924 (Eccli.
3683 2850 3763 2919 v);

2176 2954 2293 3025 ipse
2330 2960 2415 3007 est
2440 2949 2707 3021 Spiritus,
2746 2961 2905 3018 quem
2931 2960 3038 3000 non
3080 2941 3581 3015 possunt'accipere
3613 2936 3762 3001 mali,

2175 3050 2231 3098 et
2262 3040 2499 3098 charitas
2527 3047 2631 3104 est,
2663 3053 2825 3109 quam
2854 3032 3057 3091 habere
3082 3042 3135 3090 et
3160 3032 3335 3088 malus
3372 3044 3492 3086 esse
3518 3043 3634 3084 non
3679 3041 3767 3098 po.

2177 3142 2284 3191 test
2328 3126 2543 3203 aliquis.
2575 3126 2681 3187 Sed
2727 3145 2924 3185 nomen
2968 3127 3173 3184 Christi
3214 3124 3415 3181 habere
3448 3130 3504 3179 et
3553 3110 3767 3196 baptis-

2177 3242 2344 3292 mum,
2374 3239 2570 3295 corpus
2596 3222 2809 3277 Domini
2839 3235 3074 3286 sumere,
3099 3228 3156 3275 et
3182 3225 3380 3274 caetera
3415 3223 3764 3273 sacramenta

2177 3312 2400 3384 habere,
2434 3324 2491 3372 et
2517 3315 2693 3372 malus
2738 3329 2857 3370 esse
2885 3321 3080 3384 potest.
3104 3311 3352 3368 Charitas
3377 3324 3506 3382 ergo
3528 3316 3621 3364 est
3645 3323 3769 3380 pro—

2175 3424 2355 3480 prium
2383 3404 2581 3464 donum
2614 3403 2868 3477 Spiritus,
2911 3409 2968 3458 et
2998 3400 3287 3473 singularis
3320 3399 3460 3456 fons.

2247 3496 2492 3556 Charitas
2521 3496 2638 3554 Dei.
2671 3496 2769 3553 Vel
2800 3490 2943 3552 Deus
2972 3495 3079 3551 late
3105 3510 3205 3551 nos
3231 3493 3407 3566 diligit
3433 3500 3524 3548 :et
3546 3492 3665 3549 hoc
3689 3492 3772 3548 ha-

2176 3593 2367 3648 bemus
2388 3592 2442 3647 in
2471 3584 2722 3647 cordibus
2744 3589 2943 3644 nostris
2973 3604 3068 3660 per
3089 3576 3353 3657 Spiritum
3380 3585 3472 3657 qui
3504 3570 3646 3640 facit
3674 3598 3770 3640 nos

2180 3683 2480 3756 intelligere
2508 3682 2826 3737 charitatem
2868 3678 2963 3734 Dei
2992 3694 3119 3750 erga
3149 3693 3268 3734 nos.
3332 3745 3341 3752 .
3534 3732 3537 3737 λ

2252 3776 2413 3832 Vens.
2441 3774 2493 3830 6.
2524 3770 2677 3827 —Ut
2706 3771 2831 3844 quid
2868 3772 3025 3826 enim.
3065 3768 3199 3825 Cum
3242 3763 3384 3825 Deus
3421 3782 3521 3823 nos
3549 3767 3770 3840 diligat,

2180 3867 2266 3924 vel
2310 3884 2409 3923 nos
2436 3882 2557 3949 eum
2590 3880 2688 3937 per
2719 3862 3018 3934 Spiritum,
3073 3874 3199 3932 spes
3234 3856 3544 3931 implebitur
3589 3874 3604 3912 :
3647 3858 3773 3931 quia

2184 3962 2291 4016 nisi
2320 3961 2395 4014 ita
2426 3959 2516 4025 sit,
2550 3958 2751 4013 frustra
2775 3966 2859 4012 est
2885 3972 3081 4027 passus
3115 3954 3381 4011 Christus.
3430 3952 3496 4007 Et
3535 3950 3645 4006 hoc
3698 3958 3776 4006 est

2182 4069 2278 4110 cur
2305 4051 2553 4108 Christus
2579 4066 2676 4121 pro
2716 4048 2894 4120 impiis
2918 4088 2932 4114 ,
2963 4047 3015 4102 id
3059 4054 3144 4101 est
3187 4061 3287 4116 pro
3326 4041 3621 4099 dilectione
3671 4042 3771 4096 imo

2180 4146 2389 4216 piorum
2429 4143 2511 4198 vel
2559 4158 2657 4214 pro
2701 4142 2820 4196 vice
2863 4155 3088 4205 eorum,
3138 4153 3237 4209 pro
3267 4136 3478 4208 impiis,
3524 4151 3637 4191 non
3688 4136 3773 4206 qui

2182 4233 2310 4288 olim
2337 4232 2585 4297 fuissent,
2612 4238 2666 4286 et
2693 4246 2799 4286 non
2832 4238 2979 4295 tunc,
3020 4227 3115 4285 sed
3143 4224 3268 4284 enm
3294 4241 3538 4282 essemus
3566 4222 3773 4280 inﬁrmi

2182 4324 2238 4379 in
2280 4323 2535 4393 peccatis.

2258 4410 2557 4469 Secundum
2580 4419 2801 4483 tempus,
2826 4410 2881 4466 id
2908 4416 3011 4475 est,
3035 4424 3132 4480 per
3161 4408 3395 4463 triduum
3427 4412 3643 4462 tantum
3668 4448 3685 4473 ,
3713 4421 3772 4461 ne

2186 4505 2439 4575 desperes
2465 4505 2529 4560 de
2556 4502 2672 4572 ejus
2697 4503 2941 4574 potentia
2970 4500 3122 4572 cujus
3144 4508 3370 4573 apparet
3400 4501 3456 4556 in
3482 4510 3665 4557 morte
3688 4501 3775 4557 beo

505 4588 890 4696 mundiinﬁati
912 4633 926 4657 ,
959 4590 1124 4647 Deum
1160 4591 1413 4662 neglexcr
1434 4598 1513 4644 illi.
1543 4610 1554 4645 :
1589 4590 1706 4646 ideo
1729 4609 1846 4663 illiti)
1880 4595 2083 4650 mundo
2104 4633 2160 4696 Β
2187 4594 2491 4652 nevolentia
2526 4610 2540 4649 :
2568 4610 2597 4649 a
2630 4610 2737 4665 quo
2779 4592 2912 4650 tales
2939 4595 3131 4650 arrhas
3157 4593 3480 4665 accipimus,
3512 4593 3665 4663 quod
3695 4588 3776 4648 do-

505 4692 629 4738 sunt
654 4683 1023 4753 impassibilia,
1057 4685 1199 4738 Deus
1228 4682 1376 4748 fecit,
1400 4691 1461 4736 ut
1486 4696 1584 4752 per
1627 4686 1742 4741 haec
1777 4688 2079 4754 credentes,

505 4773 864 4829 salvarentur.

576 4864 737 4920 Vens.
768 4863 859 4919 30.
888 4894 956 4905 --
995 4863 1062 4918 In
1119 4864 1536 4934 repromissione.
1570 4866 1719 4922 Isaac
1755 4870 1943 4923 contra
1990 4887 2085 4925 na-

508 4963 697 5009 turam‘
728 4955 977 5008 humanae
1012 4953 1380 5024 generationis
1419 4957 1748 5025 promissus,
1786 4958 1842 5013 in
1872 4959 2085 5030 signum

507 5047 610 5101 fuit
648 5046 741 5102 Dei
774 5045 970 5099 Filium
999 5054 1187 5101 contra
1235 5047 1522 5102 humanam
1565 5059 1810 5105 naturam
1850 5055 2086 5108 nascitu-

509 5154 628 5194 rum
667 5152 734 5193 ex
771 5138 987 5194 homine
1023 5157 1035 5193 :
1078 5139 1322 5210 ﬁliosque
1371 5142 1648 5217 hominum
1701 5154 1798 5215 per
1836 5146 2082 5218 spiritum

510 5230 934 5300 regenerationis
962 5246 1024 5286 ex
1060 5234 1437 5302 peccatoribus
1482 5235 1621 5291 ﬁlios
1661 5236 1779 5306 Dei,
1833 5253 1899 5294 ex
1943 5257 2083 5297 mor:-

512 5322 709 5378 talibus
734 5324 1067 5382 immortales
1097 5330 1452 5399 generandos.

522 5448 527 5453 -
584 5412 744 5470 Vens.
770 5415 935 5471 94η-
957 5417 1022 5472 In
1045 5434 1163 5473 eum
1192 5421 1280 5490 qui
1304 5421 1569 5476 suscitavit
1588 5423 1789 5490 Iesum,
1824 5430 1931 5480 etc.
1959 5422 2087 5481 Ser-

511 5522 723 5565 monem
754 5511 820 5567 de
847 5511 1075 5567 Domino
1113 5523 1237 5584 apte
1284 5527 1570 5585 aggressus
1610 5525 1711 5583 eSt,
1760 5524 1813 5572 ct
1846 5517 1937 5581 ait,
1982 5526 2085 5572 non

511 5610 730 5674 propter
765 5611 985 5674 peccata
1030 5620 1124 5659 sua
1156 5615 1402 5661 mortuus
1444 5614 1566 5672 est,
1621 5620 1743 5661 nam
1796 5607 1897 5662 hoc
1930 5607 2090 5663 modo

511 5709 617 5750 non
645 5697 917 5753 debuisset
943 5710 1245 5769 resurgere,
1280 5699 1440 5755 sicuti
1474 5715 1648 5771 neque
1671 5700 1937 5771 quispiam
1968 5704 2092 5757 ante

511 5788 684 5856 illum,
718 5792 808 5847 sed
848 5801 1068 5863 pmpter
1095 5806 1315 5864 peccata
1366 5804 1571 5855 nostra,
1607 5800 1664 5847 ut
1692 5807 1789 5847 nos
1829 5792 1895 5847 ab
1927 5793 2007 5849 eis
2034 5782 2093 5848 li-

512 5882 740 5939 beraret.
795 5884 1256 5952 Qucmadmodutn
1310 5893 1363 5941 et
1393 5884 1663 5942 Abraham
1694 5901 1754 5939 ac
1797 5886 1944 5941 Sara:
1974 5902 2089 5941 ma-

2190 4690 2334 4745 navit
2366 4690 2546 4759 impiis
2592 4696 2820 4743 mortem
2868 4703 3040 4754 suam,
3084 4687 3178 4759 qui
3209 4695 3392 4743 servat
3412 4686 3579 4758 justis
3605 4685 3773 4740 vitam

2189 4800 2361 4839 suam.
2397 4780 2640 4839 Mortuus
2670 4790 2754 4837 est
2772 4796 2872 4852 pro
2902 4790 2973 4847 te,
3000 4797 3033 4837 ο
3056 4781 3220 4837 homo
3245 4779 3509 4846 mortalis,
3531 4794 3591 4835 ut
3624 4781 3774 4835 vivas

2186 4888 2309 4930 cum
2339 4873 2449 4929 illo.
2482 4872 2733 4943 Suscepit
2769 4881 2997 4928 mortem
3043 4881 3304 4936 nostram,
3339 4880 3397 4925 ut
3426 4872 3653 4927 donaret
3689 4887 3775 4926 no-

2187 4968 2272 5023 bis
2306 4968 2471 5021 vitam
2518 4982 2711 5020 suam:
2744 4965 2951 5035 accepit
3001 4980 3069 5020 ex
3126 4973 3217 5030 te,
3270 4964 3413 5019 unde
3467 4975 3775 5019 moreretur

2190 5073 2288 5127 pro
2316 5064 2388 5111 te.
2424 5052 2602 5111 Induit
2628 5073 2705 5123 se,
2741 5056 2828 5110 ubi
2860 5072 2958 5126 pro
2997 5064 3050 5110 te
3090 5064 3394 5110 moreretur
3426 5072 3439 5107 :
3473 5053 3656 5109 induet
3704 5064 3772 5117 te,

2192 5144 2282 5202 ubi
2306 5162 2427 5201 cum
2460 5146 2549 5201 illo
2590 5146 2759 5199 vivas.
2790 5142 2968 5199 Induit
3003 5161 3063 5200 se
3084 5160 3249 5200 carne
3279 5142 3495 5198 mortali
3524 5144 3579 5197 in
3608 5143 3773 5213 virgi-

2191 5236 2361 5292 nitate
2398 5236 2587 5292 matris
2619 5256 2631 5290 :
2666 5236 2851 5292 induet
2877 5244 2926 5291 te
2970 5236 3077 5290 vita
3113 5235 3338 5306 perenni
3384 5235 3437 5289 in
3470 5234 3773 5305 aequalitate

2194 5330 2391 5387 Patris.
2614 5328 2641 5349 ‘

2266 5414 2429 5476 Vens.
2465 5410 2515 5474 7.
2564 5451 2635 5460 —
2664 5417 2784 5473 Vix.
2828 5410 2999 5486 Dicit,
3047 5437 3142 5490 pro
3175 5421 3345 5490 justo.
3393 5408 3647 5475 Forsitan
3676 5434 3772 5488 pro

2195 5512 2337 5569 bono
2366 5532 2377 5567 :
2412 5513 2649 5569 ostendit
2688 5520 2977 5582 utrumque
3020 5502 3232 5567 diﬁicile
3263 5519 3319 5568 et
3349 5527 3552 5578 rarum,
3575 5511 3667 5567 sed
3702 5510 3774 5565 al-

2200 5606 2372 5660 terdm
2404 5603 2673 5661 diﬁicilius
2714 5613 2771 5658 et
2805 5605 3002 5659 rarius.

2268 5696 2377 5750 Pro
2411 5696 2586 5766 justo,
2617 5703 2719 5752 etc.
2751 5694 2937 5752 Justus
2986 5710 3084 5767 pro
3123 5696 3417 5760 exercitio,
3454 5695 3545 5766 qui
3590 5706 3646 5749 et
3680 5694 3772 5747 ho-

2199 5807 2332 5857 nus;
2368 5789 2463 5847 sed
2498 5797 2581 5846 est
2607 5797 2662 5844 et
2687 5790 2861 5844 bonus
2881 5789 2971 5860 qui
3001 5805 3106 5845 nou
3140 5787 3343 5858 justus,
3375 5789 3429 5845 id
3460 5797 3541 5844 est
3564 5789 3656 5859 qui
3681 5802 3774 5840 na—

2201 5890 2285 5939 tus
2310 5894 2393 5939 est
2440 5885 2493 5938 in
2538 5880 2882 5951 simplicitate
2914 5898 2927 5934 ε
2956 5881 3213 5937 innocens
3244 5881 3336 5952 qui
3367 5879 3604 5937 nondum
3636 5874 3771 5932 labo-
