3958 6314
309 420 417 476 485

1231 426 1494 485 GLOSSA
1535 427 1934 487 ORDINARIA.
1974 462 2043 472 —
2081 426 2301 486 EPIST.
2338 428 2430 488 AI)
2464 428 2629 490 ROM.

3457 430 3564 493 486

307 535 473 600 ravit,
518 544 575 589 ut
614 534 967 606 ampliﬁcaret
1000 553 1057 593 se
1087 539 1273 607 bonis,
1321 548 1379 596 ut
1419 551 1544 599 sunt
1584 543 1792 614 parvuli
1834 544 1888 598 in
1914 545 1963 606 Α
1992 544 2168 614 pauci,
2203 544 2678 612 utAbraham,uni
2714 545 2819 602 Deo
2847 546 3238 612 ser'vierunt.et
3268 547 3321 602 in
3346 562 3560 604 eosnon

305 628 577 697 baptismo
607 628 882 696 mundati;
923 638 978 684 et
1009 626 1131 686 licet
1151 629 1330 702 justus
1373 632 1579 701 melior,
1607 650 1767 691 causa
1803 643 1886 689 ta-

1990 634 2236 705 regnavit
2268 652 2435 703 mors,
2461 636 2570 693 imo
2598 636 2697 693 sub
2732 653 2825 708 spe
2852 637 3051 694 servati
3079 646 3203 694 sunt
3231 639 3283 693 in
3329 640 3558 696 adventu

302 736 433 776 men
482 721 799 777 innocentia:
846 723 1207 779 miserabilior
1254 741 1415 797 quam
1466 724 1710 796 justitite,
1762 722 1887 799 quia
1987 723 2193 781 Christi
2220 725 2503 783 liberandi.

300 829 412 870 non
447 823 531 870 est
560 810 862 886 hujusmodi
886 814 1095 885 justitia
1137 818 1256 874 sine
1290 820 1601 877 severitate.

375 903 537 961 Vens.
565 904 617 960 8.
647 932 721 947 -
748 902 877 960 Cum
910 906 1100 962 adhuc.
1140 907 1282 964 Ecce
1311 908 1433 965 dum
1476 911 1665 966 oderat
1694 927 1885 968 secun-

296 996 430 1050 dum
480 1007 735 1066 peccata,
772 998 990 1054 amabat
1037 995 1329 1057 secundum
1366 1000 1507 1075 quod
1540 1018 1675 1075 Opus
1715 1003 1831 1075 ejus
1866 1024 1879 1059 :

293 1089 443 1158 quod
475 1098 529 1145 et
560 1084 690 1145 fecit
718 1101 843 1146 ante
874 1090 1056 1147 mundi
1089 1094 1543 1151 conStitutionem.
1588 1097 1879 1154 Dicendum

293 1187 419 1232 erat
472 1187 732 1249 quantum
778 1196 877 1236 nos
927 1178 1157 1249 dilexit,
1213 1200 1281 1240 ne
1332 1182 1740 1256 desperaremus
1773 1204 1787 1251 ;
1824 1190 1880 1242 et

291 1272 505 1340 quales,
538 1289 606 1329 ne
652 1274 1074 1346 superbiremus.
1115 1270 1241 1333 Fuit
1269 1288 1324 1333 et
1365 1279 1503 1335 alius
1543 1280 1732 1337 modus
1759 1297 1878 1351 pos-

287 1363 466 1420 sibilis
510 1365 620 1422 Deo
665 1367 757 1438 qui
809 1366 989 1423 omnia
1034 1378 1251 1440 potest,
1309 1371 1407 1427 sed
1452 1372 1630 1429 nullus
1676 1384 1877 1432 nostrae

288 1456 527 1515 miseria:
591 1450 842 1514 sanandae
901 1460 1332 1517 convenientior.
1383 1461 1521 1531 Quid
1577 1463 1722 1522 enim
1780 1479 1876 1519 nos

289 1555 503 1601 tantum
531 1542 710 1620 erigit,
739 1555 795 1602 et
818 1564 846 1602 a
877 1549 1252 1621 desperatione
1280 1550 1703 1607 immortalitatis
1738 1551 1873 1608 libe-

284 1644 404 1701 rat,
439 1652 599 1706 quam
631 1634 775 1708 quod
804 1634 942 1695 tanti
973 1654 1072 1695 nos
1100 1636 1231 1695 fecit
1252 1681 1266 1707 ,
1315 1652 1375 1698 ut
1405 1641 1568 1698 homo
1594 1652 1694 1712 pro
1720 1641 1875 1698 nobis

282 1722 632 1782 moreretur?
1274 1720 1275 1723 “

360 1820 525 1875 Vens.
558 1819 614 1875 9.
633 1851 707 1861 —
736 1818 903 1876 Multo
936 1822 1116 1893 igitur.
1145 1818 1375 1880 Gravius
1416 1832 1500 1880 est
1528 1836 1624 1895 pro
1651 1832 1872 1896 pewatO

2056 813 2390 870 νεκε.15.-
2408 814 2579 886 Usque
2605 818 2673 872 ad
2701 816 2884 889 legem,
2902 827 3007 876 etc.
3029 820 3085 875 id
3098 826 3181 876 est
3204 820 3329 893 quia
3359 832 3458 877 nec
3473 821 3558 877 lex

1983 906 2157 975 potuit
2170 906 2383 962 auferre
2401 917 2704 977 peccatum,
2725 911 2818 964 sed
2834 912 3003 976 auxit,
3017 912 3132 970 siVe
3147 913 3427 981 naturalis,
3444 915 3558 970 sive

1983 994 2182 1064 scripta
2219 1012 2231 1047 :
2276 998 2368 1052 sed
2397 1012 2503 1053 non
2536 998 2925 1069 imputabatur,
2953 994 3007 1058 id
3049 1010 3132 1059 est
3167 1002 3552 1076 ignorabatur:

1983 1088 2227 1156 regnavit
2256 1096 2433 1145 tamen
2465 1102 2638 1162 usque
2664 1093 2731 1148 ad
2762 1091 3002 1162 Moysen,
3024 1094 3078 1149 id
3095 1102 3178 1151 est
3202 1092 3405 1170 legem:
3430 1099 3557 1169 quia

1979 1190 2078 1231 nec
2106 1177 2219 1249 ipsa
2251 1180 2423 1249 potuit
2452 1197 2674 1253 regnum
2712 1184 2904 1239 mortis
2936 1180 3172 1251 aul‘et‘re,
3214 1194 3334 1257 quae
3364 1199 3557 1260 regnat

1978 1268 2102 1323 dum
2152 1285 2260 1326 non
2313 1273 2444 1328 sinit
2486 1286 2670 1331 reatus
2714 1275 2923 1345 peccati
2978 1274 3045 1331 ad
3085 1276 3249 1331 vitam
3297 1286 3554 1333 aeternam

1977 1361 2180 1429 venire,
2212 1365 2307 1419 sed
2337 1363 2404 1420 ad
2449 1367 2750 1436 gehennam
2786 1364 2968 1421 trahit.
3017 1365 3130 1422 Hoc
3176 1376 3415 1438 regnum
3440 1369 3556 1426 sola

1976 1452 2149 1524 gratia
2181 1454 2385 1512 Christi
2437 1458 2706 1515 deStruxlt
2735 1460 2899 1515 etiam
2932 1460 2985 1515 in
3038 1454 3276 1530 antiquis
3315 1479 3327 1514 :
3359 1468 3559 1532 praeter

1974 1558 2108 1614 quos
2135 1547 2185 1602 in
2214 1561 2404 1604 omnes
2446 1553 2693 1622 regnavit
2738 1569 2751 1605 :
2787 1552 2952 1607 etiam
2985 1551 3039 1607 in
3069 1562 3163 1608 eus
3189 1552 3280 1623 qui
3311 1562 3418 1608 non
3458 1560 3555 1609 sua

1974 1639 2188 1709 propria
2213 1641 2487 1699 voluntate
2513 1652 2893 1713 peccaverunt,
2926 1643 3065 1701 sicut
3089 1632 3283 1712 Adam,
3314 1646 3407 1701 sed
3445 1645 3554 1701 ori-

1971 1730 2131 1801 ginali
2161 1731 2291 1789 vitio
2323 1735 2645 1791 tenebantur
2670 1745 2728 1791 ut
2753 1737 2928 1808 pueri.

2043 1820 2204 1879 Vens.
2236 1824 2322 1878 M.
2369 1856 2438 1865 —
2460 1824 2564 1882 Sed
2592 1828 2841 1897 regnavit.
2873 1824 2989 1883 Non
3025 1828 3389 1897 imputabatur
3411 1868 3425 1893 ,
3457 1828 3555 1884 sed

279 1909 428 1965 mori
454 1918 510 1965 et
536 1920 821 1981 peccatum
857 1908 1081 1978 tollere,
1123 1929 1285 1984 quam
1324 1912 1436 1983 jam
1475 1913 1652 1983 justos
1697 1916 1859 1971 etiam
1888 1911 1938 1972 B
1964 1909 2189 1968 eil‘ectus
2244 1914 2554 1982 indicabat,
2588 1916 2712 1986 quia
2759 1931 2907 1973 mors
2954 1915 3253 1986 corporalis
3304 1917 3551 1989 regnavit

277 2011 644 2074 cooperantes
684 2004 915 2061 salvare.
962 2002 1032 2060 In
1058 2008 1332 2078 sanguine.
1374 2008 1507 2075 Quia
1544 2009 1622 2064 sic
1649 2026 1867 2081 supera.

280 2096 599 2167 turjustitia
628 2092 894 2169 diabolus,
921 2117 1029 2158 non
1050 2104 1310 2173 potentia.
1342 2100 1555 2162 Iustitia
1575 2147 1589 2173 ,
1619 2107 1743 2176 quia
1769 2108 1869 2163 im-

278 2188 562 2256 meritum,
596 2191 804 2247 scilicet
828 2191 1103 2250 Christum
1148 2193 1394 2251 diabolus
1429 2194 1630 2251 occidit
1678 2217 1691 2252 :
1725 2199 1867 2255 unde

275 2291 337 2336 et
383 2279 517 2338 alios
560 2280 685 2352 jure
734 2286 931 2356 perdit.
992 2286 1106 2343 Non
1162 2289 1426 2357 potentia,
1462 2290 1587 2361 quia
1623 2291 1867 2350 diabolus

272 2382 494 2431 amator
529 2374 804 2447 potentiae,
836 2380 1081 2436 desertor
1111 2378 1338 2449 iustitia:
1384 2382 1488 2450 est,
1523 2382 1577 2437 in
1623 2396 1730 2453 quo
1775 2386 1868 2440 bo-

273 2464 456 2523 mines
487 2468 658 2541 magis
712 2484 837 2524 eum
876 2470 1174 2525 imitantur.
1206 2464 1415 2554 Placuit
1455 2473 1619 2544 igitur
1662 2474 1771 2530 Deo
1810 2481 1868 2530 ut

273 2572 387 2613 non
439 2561 701 2630 potentia,
740 2563 835 2619 sed
869 2562 1081 2633 justitia
1121 2565 1347 2621 vincens
1399 2565 1673 2622 hominem
1704 2584 1864 2624 erue-

274 2656 387 2716 ret,
437 2651 488 2705 in
530 2668 629 2723 qut
664 2655 829 2709 homo
850 2670 972 2709 eum
1021 2654 1366 2711 imitaretur:
1410 2668 1597 2730 postea
1631 2675 1759 2716 vero
1808 2659 1865 2716 in

271 2744 678 2799 resurrectione
718 2755 904 2801 secuta
932 2755 1016 2801 est
1057 2747 1320 2816 potentia,
1346 2749 1472 2819 quia
1501 2749 1695 2806 revixit
1720 2767 1865 2808 mor-

271 2843 425 2899 tuus,
460 2846 734 2907 nunquam
762 2847 949 2909 postea
985 2841 1301 2896 moriturus.

351 2924 513 2980 Vens.
560 2925 646 2980 10.
684 2959 755 2969 -
780 2926 988 2984 Inimici
1018 2948 1261 2986 essemus.
1307 2929 1424 2988 Non
1483 2935 1862 3004 quoquomodo

266 3024 610 3086 peccatores.
674 3017 1018 3075 Reconciliati
1074 3028 1273 3079 sumas.
1326 3023 1462 3091 Quia
1511 3025 1663 3095 prius
1711 3025 1859 3095 juste

264 3122 497 3164 eramus
531 3109 631 3164 sub
656 3118 923 3181 potestate
956 3112 1150 3169 diaboli
1200 3122 1392 3173 natura
1416 3116 1707 3184 depravata
1734 3132 1861 3188 pec-

266 3206 426 3252 cato.

1968 2006 2207 2074 quotidie
2248 2016 2346 2078 per
2370 2005 2578 2079 aliquas
2604 2004 2901 2079 passiones,
2942 2008 3158 2065 tandem
3205 2004 3545 2065 dissolvendo
3618 2030 3637 2039 ~

1967 2111 2139 2166 usque
2177 2097 2244 2152 ad
2281 2096 2514 2169 Moysen,
2553 2110 2676 2154 cum
2713 2101 2889 2154 minus
2916 2098 3209 2155 videretur.

2041 2186 2144 2252 Qui
2166 2198 2241 2241 est
2268 2187 2459 2257 fqrma.
2496 2189 2665 2243 Adam
2695 2198 2780 2245 est
2806 2189 2979 2244 forma
3001 2189 3200 2246 Christi
3236 2209 3247 2245 ε
3282 2192 3407 2261 quia
3438 2194 3547 2247 sic-

1968 2286 2028 2333 ut
2068 2279 2158 2335 ille
2206 2286 2289 2336 est
2336 2288 2493 2351 pater
2530 2282 2772 2337 omnium
2816 2283 3110 2338 secundum
3163 2296 3382 2340 carnem
3409 2327 3423 2351 ,
3465 2286 3546 2341 sic

1968 2369 2215 2426 Christus
2246 2370 2539 2427 secundum
2569 2372 2729 2428 ﬁdem
2762 2390 2776 2439 ;
2811 2381 2865 2427 et
2908 2373 3050 2429 sicut
3095 2389 3161 2429 ex
3206 2372 3376 2430 latere
3404 2372 3546 2431 illius

1967 2458 2196 2516 formata
2242 2472 2325 2517 est
2372 2462 2500 2526 Eva,
2534 2462 2613 2518 sic
2658 2479 2725 2519 ex
2766 2462 2924 2532 hujus
2960 2464 3127 2520 latere
3175 2464 3545 2535 proﬂuxerunt

1968 2562 2327 2619 sacramenta,
2358 2568 2455 2623 per
2474 2569 2593 2624 quae
2618 2555 2857 2610 salvatur
2885 2555 3147 2611 Ecclesia.
3178 2556 3409 2628 ideoque
3439 2560 3544 2614 sic-

1968 2653 2027 2699 ut
2056 2643 2144 2699 ille
2185 2645 2589 2701 communicare
2619 2645 2794 2716 potuit
2839 2644 2965 2702 ﬁliis
3004 2647 3116 2702 suis
3156 2658 3437 2718 peccatum
3484 2657 3540 2705 et

1966 2742 2193 2791 mortem
2223 2778 2244 2809 ,
2284 2737 2363 2791 sic
2388 2738 2492 2792 iste
2527 2737 2638 2793 suis
2670 2730 2937 2806 justitiam
2977 2750 3130 2794 suam
3173 2746 3227 2795 et
3255 2742 3445 2808 vitam,
3490 2748 3549 2797 et

1964 2829 2127 2883 etiam
2158 2829 2258 2884 iste
2302 2829 2421 2899 plus
2462 2829 2587 2884 boni
2634 2830 2745 2885 suis
2779 2830 3011 2897 confert,
3041 2840 3203 2903 qnam
3239 2830 3328 2888 ille
3366 2832 3490 2888 mali
3523 2851 3539 2888 :

1963 2927 2019 2975 et
2046 2919 2164 2975 ideo
2195 2921 2366 2992 magis
2404 2929 2580 2991 potest
2603 2921 2816 2978 salvare
2838 2936 3001 2992 quam
3032 2922 3121 2979 ille
3147 2925 3393 2994 perdere.

2034 3009 2197 3066 Vens.
2250 3012 2430 3066 15.-
2471 3010 2578 3067 Sed
2621 3029 2723 3066 non
2775 3014 2935 3077 sicut,
2960 3021 3066 3069 etc.
3116 3013 3313 3069 Forma
3356 3024 3439 3071 est
3485 3017 3541 3071 in

1963 3102 2085 3164 hoc.
2115 3104 2259 3172 quod
2294 3116 2432 3159 unus
2459 3107 2728 3167 emendat,
2766 3120 2904 3161 unus
2948 3108 3218 3177 peccavit,
3252 3106 3353 3163 sed
3377 3120 3540 3164 causa

1961 3196 2090 3252 Adae
2118 3212 2224 3253 non
2278 3198 2403 3253 talis
2450 3206 2535 3253 est
2579 3198 2756 3268 qualis
2805 3196 3008 3256 Christi
3039 3217 3054 3253 :
3084 3202 3212 3269 quia
3260 3214 3426 3256 unum
3457 3210 3547 3258 est

355 3248 513 3345 deus.
540 3289 626 3345 12.
657 3322 726 3332 -
751 3248 1060 3363 Propterea.
1091 3293 1236 3349 Dixit
1284 3311 1382 3366 per
1419 3295 1691 3352 Christum
1740 3314 1861 3355 esse
1886 3266 1933 3331 C
1964 3287 2217 3343 delicium
2254 3287 2406 3353 Αάων
2456 3248 2785 3358 «ιιιοῖηιυιιί,
2828 3290 2884 3343 id
2928 3298 3011 3346 εει
3043 3248 3293 3345 “illim”?
3334 3306 3543 3360 Ρτεθνθ·

261 3385 541 3457 justitiam
593 3397 649 3443 et
697 3386 882 3442 vitam.
925 3387 989 3443 Et
1020 3391 1165 3460 quod
1200 3392 1374 3460 possit
1423 3408 1543 3450 esse
1590 3409 1684 3465 per
1717 3410 1861 3463 eum,

268 3489 379 3546 per
426 3475 837 3532 similitudinem
868 3477 921 3532 in
962 3479 1157 3535 minori
1201 3480 1438 3550 probare
1480 3483 1727 3538 intendit.

352 3560 457 3620 Per
483 3584 665 3622 unum.
721 3567 892 3623 Adam
924 3570 1130 3627 scilicet
1168 3587 1273 3626 non
1324 3589 1483 3627 unam
1526 3573 1693 3628 Evam
1729 3574 1865 3630 dixit

273 3658 568 3730 Apostolus
589 3679 600 3713 :
620 3663 1063 3718 consuetudinem
1094 3672 1299 3729 tenens,
1319 3666 1442 3721 dum
1462 3668 1862 3723 successionem

268 3751 613 3822 posteritatis
642 3753 893 3808 humanae
919 3756 1061 3825 (quae
1112 3765 1333 3826 peccato
1383 3766 1439 3813 et
1476 3759 1635 3813 morti
1686 3775 1751 3814 ex
1798 3774 1863 3814 eo

269 3844 514 3899 venienti
539 3844 868 3916 succumbit)
900 3861 1006 3900 non
1036 3847 1272 3913 mulieri,
1304 3849 1397 3903 sed
1426 3849 1543 3906 viro
1595 3851 1860 3906 attribuit.

270 3932 395 3989 Non
424 3934 567 3989 enim
607 3952 671 3990 ex
706 3936 932 3991 muliere
978 3937 1300 4007 posteritas,
1333 3941 1427 3995 sed
1455 3956 1522 3995 ex
1552 3942 1668 3996 viro
1691 3942 1863 3996 uomi-

268 4030 396 4085 nari
422 4028 575 4085 solet.
605 4027 725 4096 Vel,
754 4031 880 4101 quia
911 4031 1104 4085 mulier
1133 4031 1199 4087 de
1223 4031 1342 4086 viro
1367 4041 1470 4098 est,
1500 4038 1554 4087 et
1583 4033 1863 4102 utriusque

271 4139 385 4178 una
412 4138 558 4178 caro.
588 4120 713 4176 Sive
753 4138 881 4194 ergo
910 4123 977 4178 ab
1004 4122 1136 4189 Eva,
1177 4125 1289 4179 sive
1324 4124 1391 4179 ab
1413 4124 1584 4179 Adam
1629 4126 1858 4193 dicatur,

267 4222 567 4286 utrumque
599 4214 666 4270 ad
699 4213 935 4284 primum
963 4215 1232 4271 hominem
1264 4210 1497 4287 pertinet
1520 4236 1530 4269 :
1550 4227 1605 4272 ct
1639 4232 1734 4286 per
1760 4217 1862 4273 hoc

264 4303 564 4375 Apostolus
593 4311 868 4375 peccatum
908 4304 1174 4375 originale
1204 4308 1606 4378 propagationis
1634 4307 1861 4379 intelligi

265 4393 448 4450 voluit
474 4391 626 4461 cujus
674 4394 926 4465 princeps
956 4394 1126 4450 Adam
1148 4438 1161 4461 ,
1203 4410 1307 4450 non
1342 4392 1677 4462 imitationis,
1708 4398 1861 4468 cujus

266 4485 529 4557 princeps
551 4485 827 4551 diabolus;
860 4485 1000 4540 unde
1030 4500 1043 4537 :
1070 4484 1278 4541 Invidia
1307 4486 1503 4541 diaboli
1525 4503 1663 4541 mors
1690 4488 1859 4543 intra-

267 4576 350 4631 vit
388 4576 443 4628 in
480 4577 616 4629 hunc
646 4575 920 4629 mundum.

211 4718 219 4737 ,
352 4665 416 4720 In
465 4683 640 4722 omnes
680 4667 934 4720 homines.
988 4665 1121 4732 Quia
1151 4666 1314 4720 etiam
1338 4674 1464 4720 ante
1494 4670 1697 4737 legem,
1732 4682 1857 4723 cum

200 4736 219 4749 ί
269 4775 387 4815 non
439 4759 508 4812 ita
556 4758 831 4812 videretur
875 4756 992 4827 lege
1046 4771 1149 4810 non
1206 4756 1459 4813 docente:
1530 4736 1739 4827 imputa
1764 4757 1856 4813 ba-

269 4861 370 4907 tur
418 4850 635 4922 quidem
701 4858 979 4920 peccatum
1055 4844 1193 4917 apud
1242 4850 1487 4904 homines
1532 4891 1545 4913 ,
1605 4851 1701 4906 sed
1749 4866 1857 4906 non

267 4944 420 5016 apud
470 4943 639 5000 Deum
711 4952 770 4998 ut
844 4944 1107 5013 putabant
1165 4950 1476 5014 peccatores
1517 4944 1657 5013 apud
1695 4960 1855 5014 quem

267 5035 570 5109 putabatur
628 5036 845 5106 impune
893 5034 1171 5100 futurum,
1238 5050 1359 5090 cum
1416 5035 1720 5092 nesciretur
1770 5036 1858 5106 ju-

268 5129 559 5185 dicaturus
596 5129 733 5185 :sed
778 5128 867 5183 ubi
906 5128 989 5183 lex
1040 5127 1163 5183 data
1208 5137 1323 5193 est,
1370 5137 1636 5183 noverunt
1693 5129 1859 5184 Deum

269 5242 474 5285 curare
539 5226 771 5281 humana
832 5233 887 5279 et
937 5223 1201 5291 judicare.
1267 5224 1406 5279 Ante
1448 5239 1556 5279 non
1628 5226 1859 5295 imputa-

272 5322 461 5385 batur,
495 5317 588 5373 sed
641 5315 883 5387 regnavit
910 5332 1057 5371 mors
1111 5331 1321 5382 secure,
1348 5317 1655 5388 possidente
1685 5319 1863 5373 homi-

272 5425 381 5467 nes
406 5404 618 5463 diabolo
641 5424 740 5478 pro
762 5408 1086 5479 impunitate
1115 5410 1317 5463 credita
1348 5425 1518 5478 usque
1550 5411 1616 5465 ad
1647 5409 1862 5482 Moysen

272 5518 379 5575 per
410 5518 566 5572 quem
603 5498 762 5556 rediit
791 5500 1023 5571 cognitio
1074 5502 1231 5556 unius
1268 5501 1382 5556 Dei.
1438 5500 1699 5572 Regnavit
1736 5516 1864 5576 ergo

274 5610 431 5652 mors
464 5593 545 5666 (ut
593 5594 755 5649 habet
784 5592 887 5648 alia
930 5593 1160 5663 littera),
1189 5610 1296 5648 non
1348 5601 1524 5651 tamen
1574 5595 1627 5651 in
1654 5611 1861 5665 omnes,

274 5686 377 5742 sed
403 5685 456 5739 in
487 5684 691 5739 similes
719 5685 1118 5755 prtevaricatori
1142 5685 1290 5753 Adae,
1316 5688 1429 5757 qui,
1464 5688 1704 5759 neglecto
1733 5689 1861 5759 Deo,

277 5785 547 5833 creaturae
578 5775 897 5840 servierunt,
930 5775 1067 5831 sicut
1092 5776 1181 5832 ille
1209 5776 1324 5833 loco
1354 5777 1466 5844 Dei,
1497 5779 1709 5835 diabolo
1737 5792 1862 5835 con-

278 5869 473 5928 sensit.
501 5866 659 5925 Tales
687 5878 839 5923 erant
872 5866 985 5924 fere
1012 5883 1199 5924 omnes
1226 5884 1395 5941 usque
1417 5870 1487 5927 ad
1511 5869 1702 5941 legem.
1735 5870 1862 5927 Per-

1882 4625 1937 4685 D

1967 3379 2201 3435 rieantes
2227 3380 2425 3435 mortui
2467 3388 2614 3445 sunt,
2639 3381 2735 3436 sed
2776 3366 2977 3436 Christi
3007 3382 3181 3452 gratia
3213 3381 3267 3435 in
3316 3381 3535 3451 plures:

1965 3472 2089 3542 quia
2116 3479 2170 3526 et
2192 3472 2246 3526 in
2275 3472 2399 3537 hos,
2423 3479 2479 3527 et
2514 3471 2568 3526 in
2598 3484 2705 3527 non
2741 3471 2991 3527 similiter
3017 3472 3454 3543 pmvaﬁcantes.

2035 3568 2199 3624 Vens.
2233 3566 2317 3622 t7.
2343 3598 2414 3609 —-
2439 3565 2499 3624 Si
2524 3570 2679 3623 enim.
2710 3568 2931 3641 (Anam)
2961 3568 3104 3626 Mors
3132 3571 3397 3641 regnavit,
3429 3586 3539 3628 non

1964 3667 2174 3729 regnat,
2203 3660 2328 3730 quia
2357 3661 2447 3731 qui
2480 3675 2577 3731 per
2596 3660 2789 3731 legem,
2812 3668 2943 3728 etc.,
2968 3668 3130 3732 usque
3158 3662 3228 3716 ad
3257 3678 3364 3717 non
3392 3664 3540 3719 enim

1963 3752 2233 3823 generalis
2259 3751 2538 3807 damnatio
2570 3752 2651 3807 vel
2681 3750 2998 3820 justiﬁeatio
3028 3753 3084 3807 in
3122 3754 3392 3809 omnibus.

2038 3841 2139 3897 Per
2189 3860 2355 3897 unum
2399 3846 2651 3914 regnavit,
2681 3854 2783 3899 etc.
2815 3843 2951 3911 Quia
3000 3858 3137 3913 quas
3167 3844 3308 3900 vires
3352 3846 3407 3899 in
3448 3845 3543 3900 illo

1963 3936 2169 4000 habuit,
2214 3937 2266 3990 in
2299 3951 2486 3993 omnes
2514 3938 2839 4007 posteriores
2863 3937 3128 4002 exercuit,
3172 3951 3397 4006 quorum
3429 3953 3540 3992 ma-

1962 4028 2098 4081 teria
2127 4025 2228 4080 fuit
2261 4044 2274 4079 :
2318 4018 2460 4081 sicut
2496 4035 2553 4080 et
2586 4028 2764 4095 culpa,
2793 4042 2915 4096 qua:
2939 4027 3057 4095 ejus
3100 4027 3266 4082 solius
3293 4027 3430 4093 fuit;
3482 4029 3536 4084 in

1962 4132 2148 4174 omnes
2177 4119 2444 4173 transfusa
2480 4128 2583 4175 est.
2631 4119 2798 4172 Multo
2823 4120 3021 4189 magis,
3051 4128 3155 4173 etc.
3199 4119 3335 4186 Quia
3372 4127 3532 4175 atten-

1962 4209 2176 4277 naliter,
2219 4225 2340 4266 cum
2385 4211 2438 4265 in
2473 4211 2553 4266 eis
2583 4210 2888 4282 regnaverit
2913 4224 3059 4266 mors
3086 4211 3454 4281 temporaiiter
3481 4221 3536 4268 et

1963 4316 2083 4358 cum
2116 4303 2241 4358 ﬁne.

2036 4390 2195 4449 Vens.
2222 4393 2307 4449 18.
2332 4424 2405 4434 -
2433 4391 2540 4447 Per
2569 4393 2726 4448 unius
2746 4394 3012 4463 justitiam
3036 4432 3051 4459 ,
3095 4400 3200 4449 etc.
3246 4393 3363 4450 Non
3392 4396 3535 4466 quod

1963 4499 2150 4540 omnes
2172 4484 2338 4555 geniti
2366 4484 2434 4539 ab
2460 4482 2629 4538 Adam
2677 4493 3062 4556 regenerentur
3103 4499 3200 4555 per
3240 4483 3536 4553 Christum,

1962 4575 2057 4631 sed
2118 4575 2258 4631 sicut
2300 4575 2499 4630 nullius
2548 4575 2782 4630 carnalis
2837 4577 3115 4645 generatio
3153 4583 3238 4631 est
3289 4577 3393 4631 nisi
3439 4593 3537 4647 per

1963 4670 2132 4725 Adam
2158 4711 2173 4735 ,
2231 4670 2309 4726 sic
2360 4670 2652 4740 spiritualis
2694 4671 2892 4725 nullius
2944 4672 3049 4726 nisi
3104 4686 3202 4740 per
3237 4669 3529 4725 Christum.

1965 4761 2021 4818 Si
2050 4763 2141 4832 qui
2170 4771 2353 4817 essent
2384 4771 2581 4833 praeter
2605 4761 2774 4817 Adam
2816 4762 3075 4832 generati,
3101 4768 3156 4816 et
3184 4761 3229 4815 si
3269 4761 3359 4831 qui
3397 4776 3536 4830 pra:-

1966 4863 2049 4911 ter
2083 4855 2356 4911 Christum
2392 4857 2712 4927 regenerati,
2742 4872 2848 4910 non
2897 4856 3100 4911 diceret
3141 4870 3314 4910 omnes
3343 4864 3399 4910 et
3427 4870 3538 4910 om-

1968 4966 2074 5005 nes.
2109 4950 2259 5006 Sicut
2280 4960 2459 5005 autem
2492 4948 2666 5004 nullus
2696 4949 2856 5004 homo
2893 4957 3089 5019 praeter
3122 4947 3268 5003 illam
3312 4962 3538 5018 genera-

1968 5042 2168 5097 tionem
2188 5083 2202 5108 ,
2230 5043 2307 5099 sic
2338 5042 2512 5098 nullus
2530 5040 2711 5112 justus
2737 5049 2936 5111 praeter
2962 5040 3137 5096 istam.
3159 5040 3386 5097 Eosdem
3414 5049 3538 5111 post

1968 5134 2098 5191 dicit
2131 5134 2343 5189 multos.
3156 5194 3167 5201 ,

2036 5227 2200 5282 Vens.
2229 5226 2315 5282 i9.
2342 5256 2411 5265 —
2435 5225 2583 5281 Sicut
2609 5227 2766 5291 enim,
2795 5231 2899 5279 etc.
2931 5224 3263 5279 Deterruith
3284 5224 3535 5281 delictum

1970 5320 2131 5375 unius
2159 5326 2213 5373 et
2238 5316 2504 5387 justitiam
2534 5317 2710 5383 unius,
2743 5326 2803 5371 ut
2853 5318 2992 5372 sicut
3042 5316 3129 5372 ille
3177 5317 3371 5373 merito
3412 5331 3538 5387 pec-

1971 5409 2078 5465 cati
2104 5408 2359 5479 perdidit,
2391 5408 2464 5462 ita
2514 5407 2615 5462 iste
2652 5407 2844 5462 merito
2868 5406 3090 5478 justitia:
3131 5421 3230 5463 nos
3276 5407 3538 5464 liberasse

1970 5502 2232 5556 videatur.
2279 5498 2365 5553 Ita
2402 5508 2450 5553 et
2491 5514 2581 5569 per
2611 5500 2803 5565 unius,
2828 5506 2935 5555 etet
2967 5499 3209 5555 Hominis
3234 5500 3346 5565 ait,
3392 5514 3535 5563 non,

1969 5592 2064 5647 Dei
2103 5590 2184 5646 vel
2216 5589 2377 5647 Verbi
2430 5588 2587 5645 iidem
2614 5629 2629 5654 ,
2668 5604 2736 5646 ne
2772 5600 2928 5661 putes
2977 5591 3226 5660 antiquos
3265 5589 3442 5656 iustos
3484 5589 3539 5643 in

1969 5684 2085 5741 solo
2112 5680 2291 5737 Verbo
2316 5681 2433 5748 Dei,
2468 5681 2519 5736 id
2548 5690 2633 5737 est
2655 5682 2820 5743 solius
2851 5683 3011 5737 Verbi
3045 5680 3151 5736 ﬁde
3173 5680 3295 5734 sine
3325 5678 3429 5733 ﬁde
3459 5679 3540 5734 in-

1970 5793 2027 5835 ca
2037 5773 2299 5832 mntionis
2341 5772 2578 5830 liberari.
3546 5774 3561 5786 ’

2041 5868 2202 5924 Vens.
2250 5862 2438 5922 (211-
2468 5865 2574 5920 Lex
2621 5875 2824 5932 autem,
2869 5874 2969 5919 etc.
3018 5862 3339 5919 Ostenderat
3384 5860 3539 5919 Chri-
