3958 6314
474 349 579 406 487

976 353 1373 412 WALAFRIDI
1411 355 1659 413 STRABI
1695 356 1901 415 FULD.
1942 356 2108 415 MON.
2149 358 2300 417 OPP.
2340 359 2522 418 PARS
2559 361 2601 416 l.
2642 391 2714 402 —
2750 360 3210 419 THEOLOCICA.

3646 367 3765 423 ιεε

472 475 623 521 stum
649 466 919 523 dimittere
944 468 1127 524 omnia
1161 479 1384 540 peccata
1429 478 1541 526 tam
1583 471 1868 543 originalia
1895 487 2057 542 quam
2085 475 2137 537 Α
2161 484 2215 530 et
2263 476 2609 547 huiusmodi,
2649 495 2758 534 non
2796 479 3095 535 secundum
3139 478 3352 550 culpam
3390 497 3404 533 :
3447 482 3552 536 hoc
3587 482 3764 538 modo

474 558 738 613 actualia:
767 560 855 616 hic
876 560 1026 617 addit
1045 562 1189 632 quod
1214 570 1270 618 et
1294 579 1324 618 a
1352 573 1579 634 peccato
1603 564 1737 635 legis
1762 564 1981 629 liberat,
2011 564 2068 619 id

471 659 557 708 est
611 652 1093 722 przevaricatione,
1145 662 1206 709 ut
1250 653 1422 711 ludzei
1472 655 1690 713 Christo
1737 656 1909 727 magis
1958 656 2069 711 sint

471 740 720 808 obnoxii;
742 743 895 812 quasi
926 743 1099 799 dicat:
1116 744 1298 800 Prima
1321 745 1752 817 estjustiﬁcatio,
1775 747 1863 803 lex
1885 757 2065 805 autem

472 832 706 888 latenter
742 834 987 890 intravit.

542 922 766 996 (Auum)
812 925 953 982 Dicit
990 926 1084 983 hic
1110 927 1404 999 Apostolus
1431 931 1560 1002 quid
1597 931 1909 1001 provenerit
1936 933 2063 988 data

470 1015 610 1087 lege,
642 1026 773 1085 etc.,
800 1036 963 1090 usque
991 1020 1060 1083 ad
1085 1021 1229 1078 Deus
1254 1023 1439 1078 omnia
1476 1022 1706 1081 dimisit.

536 1108 647 1165 Lex
681 1120 857 1165 autem
897 1112 1229 1169 subintravit.
1284 1113 1437 1171 Natis
1502 1116 1558 1170 in
1610 1115 1851 1187 peccatis
1904 1118 2063 1173 datur

465 1200 554 1257 lex
600 1203 668 1259 ad
713 1205 1041 1261 domandam
1088 1208 1397 1277 superbiam
1454 1210 1611 1278 quasi
1667 1227 1681 1263 :
1737 1209 1857 1265 Non
1912 1212 2063 1266 deest

463 1294 556 1365 qui
603 1293 832 1364 jubeat,
907 1298 1005 1353 sed
1072 1300 1223 1354 deest
1285 1301 1379 1371 qui
1448 1298 1715 1372 impleat,
1798 1303 1928 1373 quia
2004 1303 2059 1358 in

463 1397 692 1457 peccato
768 1398 929 1447 natus
1002 1391 1226 1462 implere
1281 1409 1387 1450 non
1443 1403 1626 1467 potest
1669 1412 1685 1451 :
1726 1397 1847 1453 ideo
1902 1406 2059 1453 natus

462 1485 549 1533 est
592 1477 862 1547 Christus,
894 1482 951 1537 id
996 1491 1080 1538 est
1106 1485 1278 1554 gratia
1331 1500 1452 1555 quae
1501 1494 1740 1543 sanaret.
1772 1485 1841 1540 Ut
1887 1487 2056 1542 abun-

463 1566 613 1622 daret
649 1569 913 1626 delictum.
949 1570 1020 1629 Ut
1055 1573 1260 1629 scilicet
1289 1573 1383 1643 qui
1413 1575 1468 1630 in
1494 1576 1746 1632 sordibus
1779 1585 1900 1632 erat
1920 1592 2051 1646 prae.

462 1659 756 1716 varicando
811 1663 985 1735 magis
1028 1664 1400 1730 sordesceret,
1444 1674 1504 1720 ut
1542 1667 1833 1722 mediocris
1878 1666 2058 1738 paeda-

461 1764 659 1822 gogum
696 1752 950 1820 haberet,
1000 1755 1275 1825 perlectus
1321 1757 1565 1828 signum,
1620 1766 1675 1813 et
1728 1759 1894 1814 durus
1940 1774 2058 1814 sen—

2166 575 2489 624 vetustatem
2530 569 2703 625 ﬁnivit
2749 581 2803 625 et
2850 570 3137 641 disposuit,
3173 579 3235 626 ut
3276 569 3521 627 dolorem
3573 573 3767 628 crucis

2165 661 2459 727 sustinens,
2492 663 2570 718 sic
2605 663 2832 718 haberet
2872 664 3116 719 membra
3145 663 3381 718 distenta
3426 671 3483 718 et
3514 662 3649 729 ﬁxa,
3682 681 3763 720 ue

2165 754 2232 809 ad
2256 755 2467 825 priores
2493 764 2647 811 actus
2677 763 3046 822 moverentur,
3085 771 3116 810 a
3145 756 3341 826 quibus
3368 756 3537 811 etiam
3569 755 3764 825 sepul-

2163 855 2251 903 tus
2280 849 2506 917 quievit,
2533 849 2788 906 humanis
2826 850 3139 906 subtractus
3168 850 3501 920 aspectibus,
3526 849 3769 919 exigens

2162 955 2194 994 a
2222 941 2396 1007 nobis,
2427 951 2489 997 ut
2528 950 2857 998 vetustatem
2895 949 3241 1013 peccatorum
3286 956 3411 997 cum
3462 939 3661 995 dolore
3707 949 3771 996 et

2161 1034 2362 1103 gemitu
2387 1034 2721 1105 poenitentite
2749 1035 3085 1104 deponamus
3120 1052 3135 1088 :
3167 1032 3412 1089 membra
3447 1047 3549 1104 per
3575 1031 3771 1088 conti-

2161 1122 2400 1177 nentiam
2427 1132 2482 1179 et
2494 1122 2766 1194 justitiam
2791 1124 3006 1181 conﬁxa
3032 1124 3163 1190 sint,
3189 1140 3260 1179 ne
3285 1123 3353 1178 ad
3378 1125 3571 1194 priora
3600 1122 3758 1178 mala

2162 1216 2464 1283 redeamus,
2492 1233 2523 1272 a
2552 1217 2749 1288 quibus
2793 1217 2867 1272 ita
2896 1216 3136 1289 perfecte
3164 1216 3529 1287 quiescamus.
3557 1225 3625 1270 ut
3656 1230 3766 1270 nec

2160 1322 2349 1364 eorum
2375 1309 2536 1376 visio,
2567 1324 2667 1365 nec
2693 1309 2960 1366 memoria
2990 1309 3260 1364 habeatur
3295 1326 3311 1362 :
3338 1317 3394 1363 et
3419 1323 3527 1362 non
3568 1307 3765 1363 solum

2161 1401 2267 1456 hoc
2290 1416 2323 1455 a
2362 1401 2519 1456 nobis
2553 1401 2722 1472 exigit
2742 1402 2796 1457 in
2850 1408 3195 1457 sacramento
3233 1398 3528 1471 passionis,
3556 1399 3667 1453 sed
3712 1408 3770 1452 et

2159 1509 2283 1547 eum
2308 1493 2357 1549 si
2380 1492 2628 1550 volumus
2662 1493 2883 1560 imitari,
2911 1491 3093 1548 edicit.
3143 1490 3387 1547 Surrexit
3434 1507 3468 1544 a
3496 1490 3763 1543 mortuis.

2160 1585 2304 1641 Mors
2335 1595 2392 1642 et
2418 1588 2747 1642 resurrectio
2772 1586 2976 1643 Christi
3006 1586 3172 1642 etiam
3209 1590 3552 1641 sacramenta
3600 1590 3762 1638 sunt.

2228 1674 2395 1732 Vsus.
2447 1675 2501 1731 6.
2543 1675 2808 1731 —.Vetus
2855 1677 3031 1731 homo.
3088 1676 3146 1731 Id
3192 1683 3298 1740 est,
3330 1684 3542 1730 veteres
3588 1681 3765 1728 actus

2160 1775 2287 1822 sunt
2313 1768 2581 1834 cruciﬁxi,
2606 1767 2660 1823 id
2681 1777 2783 1834 est,
2814 1767 3033 1823 mortui.
3063 1766 3321 1822 Vetustas
3349 1767 3534 1820 nostra
3558 1771 3619 1818 et
3646 1779 3766 1818 ma-

462 1841 590 1895 tiret
624 1842 911 1915 ﬂagellum.
944 1843 1421 1917 Superabundavit.
1455 1848 1591 1916 Quia
1616 1859 1672 1905 et
1698 1852 1870 1921 gratia
1897 1850 2052 1907 Chri-
2079 1847 2126 1906 B
2153 1858 2372 1917 ledictio
2414 1860 2470 1915 in
2513 1860 2721 1916 duobus
2762 1860 3055 1925 consistit,
3087 1859 3335 1924 scilicet,
3382 1858 3435 1912 in
3482 1856 3649 1926 culpa
3704 1864 3766 1912 et

462 1932 533 1987 sti
585 1933 749 1989 etiam
802 1935 889 1990 his
949 1936 1160 2007 proﬁcit
1204 1953 1341 2007 quos
1381 1939 1629 1995 diabolus
1681 1941 1900 1997 vincere
1945 1958 2054 1997 non

460 2027 637 2096 potuit
666 2045 680 2081 :
714 2037 770 2082 et
796 2028 922 2097 quia
960 2037 1244 2098 peccatum
1276 2031 1345 2086 ad
1383 2041 1595 2098 tempus
1632 2034 1898 2102 regnavit,
1930 2051 2055 2103 gra-

461 2116 538 2171 tia
568 2117 624 2171 in
662 2125 944 2173 aeternum.

534 2210 701 2264 Vsus.
728 2210 817 2264 2i.
843 2240 915 2250 —
940 2208 1089 2265 Sicut
1129 2213 1359 2284 regnavit
1396 2225 1666 2285 peccatum
1713 2217 1770 2271 in
1809 2228 2051 2273 mortem.

461 2300 579 2356 Non
599 2302 767 2367 addit,
785 2318 884 2373 per
912 2319 1076 2358 unum
1111 2304 1195 2359 vel
1216 2320 1313 2375 per
1349 2305 1553 2361 Adam:
1576 2308 1700 2377 quia
1732 2325 1840 2364 non
1864 2310 1929 2365 de
1963 2310 2054 2365 illo

465 2396 641 2452 solum
665 2397 775 2467 agit
803 2398 948 2467 quod
968 2413 1037 2453 ex
1069 2398 1243 2453 Adam
1270 2407 1555 2455 traxerunt
1580 2401 1850 2468 homines,
1876 2405 1972 2458 sed
2001 2410 2056 2458 et

459 2487 528 2544 de
552 2503 617 2543 eo
646 2489 791 2560 quod
813 2504 908 2545 sua
930 2489 1209 2546 voluntate
1234 2491 1578 2548 addiderunt.
1597 2493 1704 2549 Sed
1732 2508 1858 2550 cum
1886 2495 2049 2550 dicit:

460 2578 647 2635 Gratia
686 2591 882 2652 regnet,
910 2581 1079 2648 addit,
1116 2600 1210 2653 per
1232 2583 1417 2640 Iesum
1453 2583 1743 2653 Christum,
1768 2595 1899 2653 etc.,
1925 2589 2051 2658 quia

457 2686 556 2743 per
579 2686 704 2726 eum
729 2687 838 2728 non
874 2679 1083 2727 tantum
1107 2672 1410 2742 originalis,
1426 2675 1520 2731 sed
1542 2684 1600 2732 et
1622 2676 2052 2733 voluntariorum

463 2762 526 2818 ﬁt
554 2764 807 2820 remissio
833 2774 1202 2836 peccatorum.

1078 2919 1307 2977 CAPUT
1347 2920 1437 2976 Vl.

532 3055 698 3111 Vsus.
735 3057 790 3111 1.
824 3085 896 3098 --
940 3055 1401 3113 Permanebimus.
1450 3057 1567 3114 Hoc
1607 3062 1852 3129 perversi
1898 3061 2047 3117 acci-

454 3150 612 3220 piunt
630 3165 700 3205 ex
728 3149 819 3206 illo
849 3168 863 3204 :
898 3147 998 3204 Ubi
1033 3150 1321 3206 abundavit
1357 3151 1629 3218 delictum,
1654 3155 2045 3225 superabundm

2156 1969 2339 2027 poena.
2361 1953 2609 2009 Christus
2637 1962 2819 2009 autem
2848 1968 2944 2008 sua
2980 1952 3171 2022 simpla
3202 1958 3473 2007 vetustate
3498 1958 3763 2005 nostram

2157 2045 2379 2116 duplam
2414 2043 2765 2115 consumpsit.
2819 2043 2878 2098 ln
2924 2041 3174 2112 sepulcro
3213 2040 3360 2098 enim
3404 2055 3513 2096 uno
3559 2040 3658 2095 die
3702 2048 3763 2095 et

2157 2138 2366 2193 duabus
2417 2135 2665 2191 noctibus
2707 2134 2931 2206 quievit.
2984 2132 3087 2189 Per
3145 2149 3315 2188 unum
3361 2130 3505 2187 diem
3548 2129 3757 2203 simpla

2156 2229 2274 2301 ejus
2300 2237 2544 2284 vetustas
2573 2228 2838 2300 signatur,
2866 2241 2965 2297 per
2991 2227 3126 2281 duas
3149 2241 3277 2281 vero
3308 2233 3494 2281 noctes
3524 2225 3760 2295 gemina

2155 2330 2386 2386 nostra;
2440 2320 2581 2375 unde
2619 2337 2632 2373 :
2677 2317 2903 2390 Culpam
2954 2327 3197 2374 nostram
3242 2315 3492 2373 Christus
3545 2315 3761 2372 delevit

2154 2417 2477 2480 praesentem
2506 2450 2522 2475 ,
2571 2408 2940 2479 prmteritam,
2984 2418 3040 2463 et
3085 2406 3344 2462 futuram.
3402 2406 3759 2463 Praeteritam

2155 2503 2502 2568 remittendo,
2530 2510 2853 2572 praesentem
2903 2502 2970 2556 ab
3009 2515 3073 2556 ea
3121 2499 3468 2562 retrahendo,
3501 2498 3755 2553 futuram

2156 2606 2216 2649 ut
2262 2595 2557 2649 vitaremus
2589 2594 2824 2664 gratiam
2870 2590 3219 2650 conferendo.
3252 2590 3474 2646 Poenam
3526 2607 3756 2663 quoque

2155 2689 2402 2745 similiter
2435 2691 2792 2760 consumpsit,
2830 2688 3187 2761 gebennalem
3218 2705 3446 2760 prorsus
3481 2688 3749 2756 delenda,

2153 2792 2214 2838 ut
2243 2799 2363 2839 eam
2406 2797 2535 2838 vere
2560 2783 2889 2852 pueniteutes
2912 2798 3017 2838 non
3049 2783 3305 2838 sentiant.
3361 2781 3753 2853 Temporalem

2154 2890 2285 2931 vero
2313 2891 2419 2932 non
2448 2874 2665 2945 penitus
2693 2861 2913 2944 quidem
2939 2875 3061 2931 tulit
3088 2894 3102 2929 :
3137 2885 3323 2932 manet
3349 2876 3494 2932 enim
3544 2877 3749 2941 fames.

2154 2969 2296 3034 sitis,
2329 2984 2477 3025 mors
2499 2976 2554 3023 et
2575 2968 2887 3039 hujusmodi
2920 2987 2935 3037 ;
2993 2969 3089 3024 sed
3112 2985 3338 3041 regnum
3363 2979 3418 3024 et
3438 2971 3752 3031 dominium

2153 3058 2272 3128 ejus
2294 3058 2508 3127 dejecit,
2537 3067 2593 3113 et
2620 3059 2675 3114 in
2696 3059 2993 3117 novissimo
3017 3062 3233 3131 penitus
3258 3062 3674 3120 exterminabit.

2224 3149 2384 3207 Vsus.
2426 3151 2480 3207 9.
2509 3182 2579 3193 -—
2609 3149 2840 3207 Scientes
2877 3152 3018 3224 quod
3062 3150 3324 3209 Christus.
3375 3154 3561 3227 (Anc).
3594 3155 3753 3213 Unus

455 3242 526 3297 uit
550 3251 599 3296 et
629 3242 825 3313 gratia.
854 3240 969 3297 Hoc
992 3242 1174 3298 dicere
1199 3250 1283 3311 est
1322 3259 1444 3299 esse
1466 3245 1709 3316 ingratos
1737 3248 1946 3317 gratiae.
1978 3248 2046 3305 Et
2074 3234 2120 3297 C
2151 3245 2452 3299 resurrexit
2467 3242 2581 3313 jam
2617 3259 2726 3301 non
2751 3245 3068 3301 moriturus.
3107 3244 3431 3304 Resurrexit
3474 3247 3743 3313 Lazarus,

454 3332 589 3403 quia
615 3333 791 3404 gratia
832 3332 1000 3401 viget,
1026 3332 1119 3387 ubi
1142 3332 1401 3389 delictum
1431 3334 1725 3392 abundavit
1753 3378 1770 3405 ,
1800 3354 1909 3393 non
1959 3348 2045 3396 est

453 3425 883 3497 permanendum
909 3423 963 3478 in
992 3431 1238 3493 peccato,
1270 3433 1331 3479 ut
1374 3425 1597 3494 quidam
1622 3427 1896 3482 aestimant
1943 3444 2045 3499 pro

455 3515 647 3586 majori
679 3516 873 3588 gratia.
916 3514 1034 3569 Non
1060 3515 1205 3569 enim
1236 3517 1514 3586 peccantis
1536 3519 1755 3585 merito,
1786 3522 1882 3576 sed
1917 3521 2046 3577 sub-

454 3610 724 3667 venientis
748 3609 951 3664 auxilio
973 3608 1437 3680 superabundavit
1462 3612 1655 3682 gratia,
1688 3612 1781 3667 ubi
1805 3615 2047 3670 abunda-

453 3702 533 3759 vit
560 3700 839 3756 delictum.
894 3698 1012 3754 Nou
1041 3714 1172 3771 ergo
1218 3704 1646 3771 permanendum
1695 3704 1749 3758 in
1794 3716 2041 3775 peccato,

454 3795 551 3850 sed
573 3793 755 3864 potius
777 3792 1034 3848 debemus
1065 3802 1119 3849 et
1143 3808 1432 3863 possumus
1458 3809 1581 3850 esse
1631 3806 1855 3866 peccato
1887 3799 2043 3869 quasi

458 3888 660 3944 mortui
690 3895 745 3945 et
766 3887 962 3958 sepulti
992 3902 1089 3959 per
1118 3886 1291 3957 ipsam
1320 3887 1554 3959 gratiam
1596 3897 1654 3943 et
1678 3904 1963 3960 resurgere
1989 3890 2043 3945 in

449 3978 739 4051 justitiam,
776 3990 831 4037 et
860 3994 1003 4054 post,
1034 3984 1088 4039 in
1111 3984 1281 4040 vitam
1305 3989 1582 4041 aeternam:

532 4072 694 4130 Vens.
734 4073 790 4129 2.
830 4104 902 4116 —
949 4074 1149 4131 Hormi
1179 4094 1382 4132 sumus.
1410 4076 1470 4131 Id
1504 4086 1589 4133 est
1626 4078 1840 4133 liberati
1864 4094 1897 4134 a
1923 4093 2047 4150 pec-

454 4174 582 4223 cato
603 4181 700 4237 per
722 4166 1077 4238 baptismum,
1100 4176 1161 4222 ut
1182 4167 1294 4237 jam
1326 4185 1432 4225 non
1469 4169 1779 4225 dominetur
1808 4170 1861 4224 in
1887 4171 2046 4226 nobis

452 4273 551 4329 per
577 4259 828 4330 gratiam.
879 4258 1014 4313 Mori
1041 4259 1185 4313 enim
1222 4270 1471 4330 peccato,
1502 4269 1584 4317 est
1612 4260 1831 4315 liberari
1863 4277 1893 4315 a
1923 4277 2048 4331 pec-

452 4359 595 4407 cato.
624 4350 900 4416 Quomodo
929 4351 1123 4415 adhuc,
1151 4359 1257 4405 etc.
1308 4350 1445 4406 Cum
1468 4352 1615 4406 enim
1642 4353 1745 4407 hoc
1769 4354 2047 4422 praestite-

452 4443 526 4496 rit
570 4441 766 4512 gratia,
793 4448 854 4494 ut
882 4455 1220 4495 morercmur
1263 4452 1507 4510 peccato,
1546 4442 1677 4511 quid
1717 4442 1864 4499 aliud
1910 4443 2043 4499 faci-

455 4549 577 4588 mus
605 4533 651 4588 si
680 4532 916 4588 vivimus
941 4533 997 4586 in
1033 4547 1122 4598 eo,
1149 4531 1255 4587 nisi
1299 4540 1360 4586 ut
1387 4532 1576 4603 gratim
1615 4533 1785 4589 simus
1812 4535 2045 4606 ingrati?

2146 3336 2240 3391 sed
2283 3335 2626 3402 moriturus;
2666 3336 2967 3391 resurrexit
3001 3335 3112 3391 ﬁlia
3158 3337 3606 3410 archisynagogi,
3649 3341 3751 3396 sed

2147 3421 2409 3475 moritura
2437 3437 2453 3486 ;
2500 3422 2803 3477 resurrexit
2830 3421 2973 3477 ﬁlius
3015 3423 3192 3476 vidua:
3214 3463 3229 3487 ,
3259 3423 3353 3477 sed
3397 3425 3703 3480 moriturus
3732 3444 3750 3481 :

2146 3516 2449 3569 resurrexit
2472 3513 2723 3571 Christus
2752 3517 3195 3572 nonmoriturus.
3225 3517 3366 3571 Audi
3391 3518 3745 3588 Apostolum,

2147 3601 2386 3660 Christus
2410 3623 2704 3678 resurgens,
2721 3617 2827 3665 etc.
2858 3607 3043 3663 Talem
3075 3624 3231 3680 spera
3256 3611 3745 3678 resurrectionem,

2145 3705 2201 3751 et
2235 3706 2458 3768 propter
2479 3699 2584 3755 hoc
2626 3708 2744 3757 esto
2789 3700 3156 3769 Christianus,
3187 3718 3296 3759 non
3345 3712 3573 3775 propter
3620 3704 3749 3762 feli-

2146 3790 2366 3846 citatem
2393 3800 2552 3848 terrae
2593 3792 2771 3862 hujus.

2218 3882 2382 3939 Vens.
2425 3882 2513 3939 l0.
2554 3883 2711 3951 Quod
2736 3888 2876 3941 enim
2897 3898 3136 3944 mortuus
3165 3897 3240 3945 est
3271 3900 3504 3961 peccato.
3550 3890 3744 3966 (Αυς.)

2148 3975 2560 4033 Sacramentum
2609 3979 2950 4048 baptismatis
3012 3981 3304 4051 Apostolus
3361 3982 3738 4049 commendat,

2146 4077 2207 4123 ut
2233 4071 2503 4140 quomodo
2524 4070 2612 4126 ille
2650 4071 2818 4127 semel
2843 4074 3124 4129 moriendo
3147 4074 3500 4131 similitudine
3524 4078 3741 4147 peccati

2147 4170 2392 4218 mortuus
2441 4163 2805 4233 praedicatur,
2844 4167 2921 4221 ita
2957 4167 3268 4239 quicunque
3316 4166 3485 4225 fuerit
3536 4169 3593 4225 in
3644 4170 3742 4225 illo

2146 4253 2472 4324 baptizatus,
2502 4256 2678 4311 eidem
2704 4256 2807 4323 rei,
2841 4256 2996 4327 cujus
3022 4258 3111 4313 illa
3136 4258 3237 4314 fuit
3266 4259 3592 4327 similitudo,
3623 4276 3741 4317 mo-

2146 4346 2339 4412 riatur,
2368 4348 2424 4403 id
2444 4359 2547 4415 est,
2564 4356 2789 4419 peccato
2808 4366 2823 4416 ;
2842 4358 2897 4404 et
2920 4350 3069 4405 vivat
3089 4348 3348 4407 alavacro
3369 4353 3738 4419 renascentia,

2130 4439 2287 4507 sicut
2322 4440 2410 4496 ille
2435 4456 2466 4496 a
2490 4441 2737 4512 sepulcro
2766 4444 3117 4514 resurgendo.

2218 4530 2380 4588 Vsus.
2419 4533 2507 4589 Η.
2546 4563 2617 4574 -
2660 4533 2749 4588 Ita
2786 4522 2834 4589 et
2890 4551 2997 4589 vos.
3053 4534 3324 4605 Quidquid
3373 4552 3540 4608 supra
3602 4537 3738 4594 dixit

530 4622 691 4680 Vsus.
731 4622 787 4679 5.
837 4653 909 4663 -
949 4622 1034 4677 An
1067 4594 1345 4692 ignoratis.
1387 4594 1593 4678 ’Μοτιυί
1642 4594 2041 4695 ρεοοειῑονίιιιοίὶ
2066 4594 2119 4654 D
2147 4639 2268 4679 esse
2312 4624 2622 4682 hominibus
2647 4639 2746 4696 per
2798 4626 3029 4698 gratiam
3062 4594 3734 4700 Christi,lhic.Romauis

454 4712 517 4767 ﬁt
552 4714 608 4768 in
646 4712 940 4783 baptismo,
969 4726 1077 4767 non
1106 4711 1365 4767 debemus
1405 4712 1456 4768 ei
1502 4713 1700 4769 iterum
1747 4716 1949 4783 vivere,
1981 4727 2042 4771 ut

455 4807 655 4863 iterum
689 4807 828 4861 mori
856 4806 928 4860 sit
952 4804 1001 4859 ei
1032 4817 1253 4859 necesse
1287 4822 1300 4858 :
1338 4805 1463 4875 quia
1496 4806 1548 4860 in
1596 4816 1771 4862 morte
1817 4806 2039 4873 Christi,

455 4901 509 4958 id
539 4909 647 4968 est,
673 4902 729 4956 in
760 4898 1113 4955 similitudine
1139 4898 1332 4953 mortis
1358 4898 1574 4954 Christi.
1600 4910 1658 4953 ut
1701 4900 1843 4955 sicut
1871 4900 2037 4956 semel

456 4999 708 5046 mortuus
732 4998 817 5046 est
859 5003 1043 5054 carne,
1069 4997 1125 5043 et
1165 5004 1379 5059 semper
1420 4988 1573 5051 vivit,
1605 4990 1679 5044 ita
1728 5005 1828 5045 nos
1874 4990 2041 5046 semel

455 5085 659 5141 mortui
690 5084 835 5139 malo
872 5098 970 5155 per
997 5082 1344 5155 baptismum,
1368 5096 1580 5151 semper
1602 5082 1845 5136 vivamus
1872 5081 2032 5165 bono.

452 5174 554 5232 Vel
579 5178 635 5231 in
680 5184 847 5231 morte
875 5174 1051 5231 dicit:
1077 5175 1205 5242 quia
1248 5189 1395 5230 mors
1422 5182 1509 5230 est
1552 5189 1715 5231 causa
1748 5172 1908 5242 hujus
1924 5189 2031 5237 pu-

455 5265 796 5323 riﬁcationis.

526 5359 692 5417 Vens.
742 5359 798 5415 4.
828 5391 898 5401 -
926 5360 1247 5433 Consepulti.
1298 5360 1568 5432 Quidquid
1613 5369 1825 5434 gestum
1862 5369 1946 5417 est
1978 5359 2033 5414 in

453 5468 616 5509 cruce
638 5452 862 5520 Christi,
877 5454 933 5508 i‘n
956 5454 1250 5524 sepultura,
1268 5456 1323 5510 in
1340 5456 1759 5524 resurreCtione,
1775 5454 1831 5510 in
1844 5470 2031 5510 ascen-

455 5547 609 5605 sione
624 5589 639 5614 ,
658 5546 711 5603 in
737 5548 928 5603 sedere
950 5548 1017 5603 ad
1042 5549 1309 5614 dextram,
1326 5550 1401 5604 ita
1419 5557 1627 5621 gestum
1648 5558 1752 5614 est,
1766 5557 1826 5604 ut
1850 5549 1934 5604 bis
1956 5565 2036 5605 re-

454 5637 556 5696 bus
571 5638 800 5712 mystice
825 5652 933 5693 uon
954 5646 1160 5694 tantum
1174 5639 1355 5704 dictis,
1373 5638 1468 5695 sed
1481 5639 1645 5693 etiam
1676 5639 1843 5710 gestis
1864 5636 2035 5693 conﬁ-

454 5739 677 5804 guretur
699 5729 813 5784 vita
834 5726 1162 5785 Christiana.
1189 5728 1421 5784 Attende
1448 5728 1654 5800 singula
1684 5727 1911 5793 Christi,
1943 5726 2034 5797 qui

456 5823 670 5881 vixerat
689 5832 848 5880 vetus
864 5823 1025 5880 homo
1050 5822 1346 5882 secundum
1371 5837 1613 5895 pmnam,
1641 5821 1865 5888 famem,
1889 5820 2037 5877 sitim

2147 4715 2415 4770 attribuit.

2217 4807 2383 4863 Vsus.
2414 4806 2505 4863 12.
2532 4838 2600 4848 -
2627 4807 2753 4865 Νοη
2775 4826 2917 4881 ergo.
2942 4809 3078 4878 Quia
3106 4825 3267 4881 supra
3297 4810 3435 4866 dixit
3454 4828 3561 4868 nos
3586 4828 3732 4869 mor-
3757 4805 3775 4821 ‘

2147 4904 2268 4953 tuos
2299 4913 2420 4955 esse
2445 4900 2708 4969 peccatis,
2735 4907 2791 4957 et
2814 4916 2923 4957 non
2951 4900 3147 4957 debere
3174 4902 3357 4956 vivere
3399 4901 3456 4956 in
3492 4918 3585 4969 eo,
3613 4918 3733 4958 cum

2146 5004 2303 5047 nemo
2351 4989 2467 5045 sine
2496 5000 2720 5060 peccato
2757 5009 2770 5046 :
2808 4992 3137 5047 determinat
3171 5009 3203 5049 a
3248 4992 3448 5063 quibus
3493 4996 3733 5050 maxime

2144 5089 2226 5139 est
2252 5081 2571 5147 cavendum,
2595 5083 2750 5152 quasi
2774 5083 3055 5139 concludat
3078 5084 3221 5155 quod
3242 5100 3406 5157 supra
3442 5090 3727 5157 quiereba-

2144 5181 2232 5228 tur
2264 5192 2277 5227 :
2312 5173 2757 5231 Permanebimus
2783 5175 2835 5230 in
2869 5185 3114 5247 peccato.

2214 5268 2482 5323 Obediatis
2503 5269 2949 5339 concupiscentiis.
2972 5268 3416 5340 Concupiscenti'a
3435 5269 3723 5341 aliquando

2139 5373 2339 5414 nomen
2379 5367 2462 5413 est
2490 5357 2717 5425 fomitis,
2766 5359 2977 5416 scilicet
3010 5359 3128 5415 vitii
3165 5360 3339 5416 innati
3371 5377 3387 5427 ;
3433 5360 3724 5432 aliquando

2143 5460 2296 5508 actus
2341 5452 2634 5517 interioris,
2665 5451 2757 5521 qui
2795 5460 2881 5508 est
2919 5452 3167 5507 etiamin
3208 5451 3385 5523 primo
3430 5462 3605 5517 motu,
3635 5452 3721 5524 qui

2144 5544 2339 5600 dicitur
2384 5543 2686 5614 propassio,
2740 5550 2796 5599 et
2830 5544 2884 5599 in
2933 5546 3169 5601 secundo
3210 5545 3305 5615 qui
3347 5545 3551 5601 dicitur
3576 5546 3719 5601 dele-

2144 5635 2313 5692 ctatio
2337 5675 2353 5702 ,
2413 5643 2469 5690 et
2496 5635 2552 5690 in
2579 5635 2740 5692 tertio
2765 5634 2859 5706 qui
2902 5636 3101 5693 dicitur
3127 5650 3448 5693 consensus.
3486 5636 3588 5693 llic
3616 5652 3719 5693 non

2142 5728 2393 5802 prohibet
2429 5726 2944 5799 concupiscentiam,
2965 5745 3084 5801 qua:
3112 5735 3197 5785 est
3239 5729 3293 5784 in
3328 5730 3509 5801 primo
3549 5738 3713 5791 motu,

2143 5822 2272 5893 quia
2300 5804 2409 5877 rion
2428 5820 2588 5877 estin
2612 5827 2881 5890 potestate
2907 5830 3095 5878 nostra
3122 5822 3337 5893 quando
3361 5831 3550 5891 surgat
3575 5841 3586 5873 ;
3624 5817 3713 5874 sed
