  <div class='ocr_page' id='page_1' title='image "/cluster/home/n/w/nwhite01/storage/ocr_20150623/114/hvd.32044018909580/250.png"; bbox 0 0 3958 6314; ppageno 0'>
   <div class='ocr_carea' id='block_1_1' title="bbox 159 399 255 457">
    <p class='ocr_par' dir='ltr' id='par_1_1' title="bbox 159 399 255 457">
     <span class='ocr_line' id='line_1_1' title="bbox 159 399 255 457; baseline 0.01 -1"><span class='ocrx_word' id='word_1_1' title='bbox 159 399 255 457; x_wconf 65' lang='grc'><strong>189</strong></span> 
     </span>
    </p>
   </div>
   <div class='ocr_carea' id='block_1_2' title="bbox 161 594 1701 666">
    <p class='ocr_par' dir='ltr' id='par_1_2' title="bbox 161 594 1701 666">
     <span class='ocr_line' id='line_1_2' title="bbox 161 594 1701 666; baseline -0.005 -12"><span class='ocrx_word' id='word_1_2' title='bbox 161 601 436 655; x_wconf 89' lang='lat' dir='ltr'><strong>ctationem</strong></span> <span class='ocrx_word' id='word_1_3' title='bbox 479 601 533 650; x_wconf 87' lang='lat' dir='ltr'><strong>et</strong></span> <span class='ocrx_word' id='word_1_4' title='bbox 561 610 882 651; x_wconf 82' lang='lat' dir='ltr'><strong>consensum</strong></span> <span class='ocrx_word' id='word_1_5' title='bbox 925 596 1222 665; x_wconf 77' lang='lat' dir='ltr'><strong>perveniat,</strong></span> <span class='ocrx_word' id='word_1_6' title='bbox 1251 596 1395 666; x_wconf 88' lang='lat' dir='ltr'><strong>quod</strong></span> <span class='ocrx_word' id='word_1_7' title='bbox 1433 594 1701 663; x_wconf 74' lang='lat' dir='ltr'><strong>prohibet.</strong></span> 
     </span>
    </p>
   </div>
   <div class='ocr_carea' id='block_1_3' title="bbox 227 686 1707 757">
    <p class='ocr_par' dir='ltr' id='par_1_3' title="bbox 227 686 1707 757">
     <span class='ocr_line' id='line_1_3' title="bbox 227 686 1707 757; baseline -0.003 -13"><span class='ocrx_word' id='word_1_8' title='bbox 227 690 378 744; x_wconf 88' lang='lat' dir='ltr'><strong>Vens.</strong></span> <span class='ocrx_word' id='word_1_9' title='bbox 421 686 504 741; x_wconf 82' lang='grc'><strong>15.</strong></span> <span class='ocrx_word' id='word_1_10' title='bbox 533 715 605 727; x_wconf 93' lang='grc'><strong>-</strong></span> <span class='ocrx_word' id='word_1_11' title='bbox 629 686 770 752; x_wconf 84' lang='lat' dir='ltr'><strong>Quid</strong></span> <span class='ocrx_word' id='word_1_12' title='bbox 808 687 970 757; x_wconf 84' lang='lat' dir='ltr'><strong>ergo?</strong></span> <span class='ocrx_word' id='word_1_13' title='bbox 1000 687 1135 754; x_wconf 85' lang='lat' dir='ltr'><strong>Quia</strong></span> <span class='ocrx_word' id='word_1_14' title='bbox 1166 687 1250 742; x_wconf 90' lang='lat' dir='ltr'><strong>lex</strong></span> <span class='ocrx_word' id='word_1_15' title='bbox 1279 702 1309 740; x_wconf 91' lang='lat' dir='ltr'><strong>a</strong></span> <span class='ocrx_word' id='word_1_16' title='bbox 1354 687 1482 751; x_wconf 91' lang='lat' dir='ltr'><strong>Deo,</strong></span> <span class='ocrx_word' id='word_1_17' title='bbox 1518 692 1707 755; x_wconf 90' lang='lat' dir='ltr'><strong>peccat</strong></span> 
     </span>
    </p>
   </div>
   <div class='ocr_carea' id='block_1_4' title="bbox 160 774 1706 852">
    <p class='ocr_par' dir='ltr' id='par_1_4' title="bbox 160 774 1706 852">
     <span class='ocr_line' id='line_1_4' title="bbox 160 774 1706 852; baseline -0.003 -19"><span class='ocrx_word' id='word_1_18' title='bbox 160 780 241 852; x_wconf 87' lang='lat' dir='ltr'><strong>qui</strong></span> <span class='ocrx_word' id='word_1_19' title='bbox 273 794 389 833; x_wconf 88' lang='lat' dir='ltr'><strong>eam</strong></span> <span class='ocrx_word' id='word_1_20' title='bbox 431 776 652 833; x_wconf 91' lang='lat' dir='ltr'><strong>dimittit</strong></span> <span class='ocrx_word' id='word_1_21' title='bbox 697 792 797 847; x_wconf 92' lang='lat' dir='ltr'><strong>pro</strong></span> <span class='ocrx_word' id='word_1_22' title='bbox 843 778 1039 848; x_wconf 90' lang='lat' dir='ltr'><strong>gratia.</strong></span> <span class='ocrx_word' id='word_1_23' title='bbox 1086 776 1226 843; x_wconf 86' lang='lat' dir='ltr'><strong>Quid</strong></span> <span class='ocrx_word' id='word_1_24' title='bbox 1266 778 1430 847; x_wconf 79' lang='lat' dir='ltr'><strong>ergo?</strong></span> <span class='ocrx_word' id='word_1_25' title='bbox 1456 774 1706 831; x_wconf 86' lang='lat' dir='ltr'><strong>Peccabi-</strong></span> 
     </span>
    </p>
   </div>
   <div class='ocr_carea' id='block_1_5' title="bbox 158 866 1691 939">
    <p class='ocr_par' dir='ltr' id='par_1_5' title="bbox 158 866 1691 939">
     <span class='ocr_line' id='line_1_5' title="bbox 158 866 1691 939; baseline -0.005 -12"><span class='ocrx_word' id='word_1_26' title='bbox 158 889 281 927; x_wconf 72' lang='lat' dir='ltr'><strong>inus.</strong></span> <span class='ocrx_word' id='word_1_27' title='bbox 312 870 442 938; x_wconf 83' lang='lat' dir='ltr'><strong>Quia</strong></span> <span class='ocrx_word' id='word_1_28' title='bbox 470 884 577 924; x_wconf 91' lang='lat' dir='ltr'><strong>non</strong></span> <span class='ocrx_word' id='word_1_29' title='bbox 601 869 700 924; x_wconf 87' lang='lat' dir='ltr'><strong>sub</strong></span> <span class='ocrx_word' id='word_1_30' title='bbox 721 869 857 939; x_wconf 89' lang='lat' dir='ltr'><strong>lege,</strong></span> <span class='ocrx_word' id='word_1_31' title='bbox 887 883 1009 939; x_wconf 68' lang='lat' dir='ltr'><strong>quae</strong></span> <span class='ocrx_word' id='word_1_32' title='bbox 1038 877 1227 933; x_wconf 88' lang='lat' dir='ltr'><strong>terret,</strong></span> <span class='ocrx_word' id='word_1_33' title='bbox 1256 867 1349 923; x_wconf 87' lang='lat' dir='ltr'><strong>sed</strong></span> <span class='ocrx_word' id='word_1_34' title='bbox 1376 869 1475 923; x_wconf 88' lang='lat' dir='ltr'><strong>sub</strong></span> <span class='ocrx_word' id='word_1_35' title='bbox 1496 866 1691 938; x_wconf 88' lang='lat' dir='ltr'><strong>gratia,</strong></span> 
     </span>
    </p>
   </div>
   <div class='ocr_carea' id='block_1_6' title="bbox 155 956 1707 1035">
    <p class='ocr_par' dir='ltr' id='par_1_6' title="bbox 155 956 1707 1035">
     <span class='ocr_line' id='line_1_6' title="bbox 155 956 1707 1035; baseline -0.004 -16"><span class='ocrx_word' id='word_1_36' title='bbox 155 978 265 1035; x_wconf 73' lang='lat' dir='ltr'><strong>quae</strong></span> <span class='ocrx_word' id='word_1_37' title='bbox 300 963 434 1017; x_wconf 86' lang='lat' dir='ltr'><strong>bene</strong></span> <span class='ocrx_word' id='word_1_38' title='bbox 472 960 775 1031; x_wconf 80' lang='lat' dir='ltr'><strong>promittit?</strong></span> <span class='ocrx_word' id='word_1_39' title='bbox 799 960 928 1030; x_wconf 91' lang='lat' dir='ltr'><strong>quid</strong></span> <span class='ocrx_word' id='word_1_40' title='bbox 963 959 1128 1030; x_wconf 85' lang='lat' dir='ltr'><strong>ergo?</strong></span> <span class='ocrx_word' id='word_1_41' title='bbox 1167 958 1551 1029; x_wconf 80' lang='lat' dir='ltr'><strong>peccabimus?</strong></span> <span class='ocrx_word' id='word_1_42' title='bbox 1592 956 1707 1013; x_wconf 86' lang='lat' dir='ltr'><strong>Hoc</strong></span> 
     </span>
    </p>
   </div>
   <div class='ocr_carea' id='block_1_7' title="bbox 152 1050 1704 1126">
    <p class='ocr_par' dir='ltr' id='par_1_7' title="bbox 152 1050 1704 1126">
     <span class='ocr_line' id='line_1_7' title="bbox 152 1050 1704 1126; baseline -0.005 -15"><span class='ocrx_word' id='word_1_43' title='bbox 152 1056 377 1126; x_wconf 81' lang='lat' dir='ltr'><strong>quidam,</strong></span> <span class='ocrx_word' id='word_1_44' title='bbox 391 1053 481 1124; x_wconf 89' lang='lat' dir='ltr'><strong>qui</strong></span> <span class='ocrx_word' id='word_1_45' title='bbox 509 1052 679 1124; x_wconf 88' lang='lat' dir='ltr'><strong>legem</strong></span> <span class='ocrx_word' id='word_1_46' title='bbox 700 1053 855 1122; x_wconf 88' lang='lat' dir='ltr'><strong>quasi</strong></span> <span class='ocrx_word' id='word_1_47' title='bbox 878 1052 1240 1107; x_wconf 63' lang='lat' dir='ltr'><strong>coharentem</strong></span> <span class='ocrx_word' id='word_1_48' title='bbox 1260 1050 1344 1105; x_wconf 85' lang='lat' dir='ltr'><strong>vel</strong></span> <span class='ocrx_word' id='word_1_49' title='bbox 1365 1057 1704 1106; x_wconf 90' lang='lat' dir='ltr'><strong>coercentem</strong></span> 
     </span>
    </p>
   </div>
   <div class='ocr_carea' id='block_1_8' title="bbox 151 1142 877 1216">
    <p class='ocr_par' dir='ltr' id='par_1_8' title="bbox 151 1142 877 1216">
     <span class='ocr_line' id='line_1_8' title="bbox 151 1142 877 1216; baseline -0.001 -18"><span class='ocrx_word' id='word_1_50' title='bbox 151 1144 447 1216; x_wconf 69' lang='lat' dir='ltr'><strong>praedicant,</strong></span> <span class='ocrx_word' id='word_1_51' title='bbox 485 1150 542 1196; x_wconf 90' lang='lat' dir='ltr'><strong>et</strong></span> <span class='ocrx_word' id='word_1_52' title='bbox 564 1142 877 1198; x_wconf 89' lang='lat' dir='ltr'><strong>tenendam.</strong></span> 
     </span>
    </p>
   </div>
   <div class='ocr_carea' id='block_1_9' title="bbox 215 1231 1704 1305">
    <p class='ocr_par' dir='ltr' id='par_1_9' title="bbox 215 1231 1704 1305">
     <span class='ocr_line' id='line_1_9' title="bbox 215 1231 1704 1305; baseline -0.005 -12"><span class='ocrx_word' id='word_1_53' title='bbox 215 1237 367 1293; x_wconf 75' lang='lat' dir='ltr'><strong>Vens.</strong></span> <span class='ocrx_word' id='word_1_54' title='bbox 400 1234 490 1291; x_wconf 84' lang='grc'><strong>16.</strong></span> <span class='ocrx_word' id='word_1_55' title='bbox 518 1264 591 1275; x_wconf 93' lang='grc'><strong>-</strong></span> <span class='ocrx_word' id='word_1_56' title='bbox 613 1234 698 1288; x_wconf 82' lang='grc' dir='ltr'><strong>Αη</strong></span> <span class='ocrx_word' id='word_1_57' title='bbox 718 1234 926 1290; x_wconf 86' lang='lat' dir='ltr'><strong>nescitis</strong></span> <span class='ocrx_word' id='word_1_58' title='bbox 967 1234 1236 1305; x_wconf 86' lang='lat' dir='ltr'><strong>quoniam,</strong></span> <span class='ocrx_word' id='word_1_59' title='bbox 1268 1240 1377 1289; x_wconf 90' lang='lat' dir='ltr'><strong>etc.</strong></span> <span class='ocrx_word' id='word_1_60' title='bbox 1412 1231 1492 1288; x_wconf 85' lang='lat' dir='ltr'><strong>Ne</strong></span> <span class='ocrx_word' id='word_1_61' title='bbox 1533 1231 1704 1287; x_wconf 91' lang='lat' dir='ltr'><strong>Deum</strong></span> 
     </span>
    </p>
   </div>
   <div class='ocr_carea' id='block_1_10' title="bbox 145 1324 1704 1398">
    <p class='ocr_par' dir='ltr' id='par_1_10' title="bbox 145 1324 1704 1398">
     <span class='ocr_line' id='line_1_10' title="bbox 145 1324 1704 1398; baseline -0.003 -16"><span class='ocrx_word' id='word_1_62' title='bbox 145 1328 442 1398; x_wconf 85' lang='lat' dir='ltr'><strong>proﬁtentes</strong></span> <span class='ocrx_word' id='word_1_63' title='bbox 488 1325 672 1381; x_wconf 80' lang='lat' dir='ltr'><strong>verbis</strong></span> <span class='ocrx_word' id='word_1_64' title='bbox 694 1364 711 1392; x_wconf 94' lang='lat'><strong>,</strong></span> <span class='ocrx_word' id='word_1_65' title='bbox 736 1325 865 1381; x_wconf 78' lang='lat' dir='ltr'><strong>facti</strong></span> <span class='ocrx_word' id='word_1_66' title='bbox 916 1325 1086 1380; x_wconf 87' lang='lat' dir='ltr'><strong>simus</strong></span> <span class='ocrx_word' id='word_1_67' title='bbox 1135 1324 1372 1391; x_wconf 87' lang='lat' dir='ltr'><strong>diaboli,</strong></span> <span class='ocrx_word' id='word_1_68' title='bbox 1400 1329 1704 1394; x_wconf 85' lang='lat' dir='ltr'><strong>praemonet</strong></span> 
     </span>
    </p>
   </div>
   <div class='ocr_carea' id='block_1_11' title="bbox 146 1414 1557 1486">
    <p class='ocr_par' dir='ltr' id='par_1_11' title="bbox 146 1414 1557 1486">
     <span class='ocr_line' id='line_1_11' title="bbox 146 1414 1557 1486; baseline -0.003 -12"><span class='ocrx_word' id='word_1_69' title='bbox 146 1433 237 1474; x_wconf 89' lang='lat' dir='ltr'><strong>nos</strong></span> <span class='ocrx_word' id='word_1_70' title='bbox 254 1431 369 1473; x_wconf 87' lang='lat' dir='ltr'><strong>esse</strong></span> <span class='ocrx_word' id='word_1_71' title='bbox 394 1430 585 1472; x_wconf 88' lang='lat' dir='ltr'><strong>servos</strong></span> <span class='ocrx_word' id='word_1_72' title='bbox 605 1414 723 1486; x_wconf 90' lang='lat' dir='ltr'><strong>ejus</strong></span> <span class='ocrx_word' id='word_1_73' title='bbox 762 1414 914 1485; x_wconf 80' lang='lat' dir='ltr'><strong>cujus</strong></span> <span class='ocrx_word' id='word_1_74' title='bbox 943 1417 1278 1473; x_wconf 82' lang='lat' dir='ltr'><strong>voluntatem</strong></span> <span class='ocrx_word' id='word_1_75' title='bbox 1307 1416 1557 1471; x_wconf 84' lang='lat' dir='ltr'><strong>facimus.</strong></span> 
     </span>
    </p>
   </div>
   <div class='ocr_carea' id='block_1_12' title="bbox 205 1525 1703 1595">
    <p class='ocr_par' dir='ltr' id='par_1_12' title="bbox 205 1525 1703 1595">
     <span class='ocr_line' id='line_1_12' title="bbox 205 1525 1703 1595; baseline 0 -13"><span class='ocrx_word' id='word_1_76' title='bbox 205 1527 360 1583; x_wconf 74' lang='lat' dir='ltr'><strong>Vens.</strong></span> <span class='ocrx_word' id='word_1_77' title='bbox 395 1528 487 1583; x_wconf 91' lang='grc'><strong>17.</strong></span> <span class='ocrx_word' id='word_1_78' title='bbox 534 1559 605 1569; x_wconf 94' lang='grc'><strong><em>-</em></strong></span> <span class='ocrx_word' id='word_1_79' title='bbox 646 1525 860 1583; x_wconf 79' lang='lat' dir='ltr'><strong>Gratias</strong></span> <span class='ocrx_word' id='word_1_80' title='bbox 889 1540 1061 1584; x_wconf 87' lang='lat' dir='ltr'><strong>autem</strong></span> <span class='ocrx_word' id='word_1_81' title='bbox 1088 1529 1214 1595; x_wconf 88' lang='lat' dir='ltr'><strong>Deo,</strong></span> <span class='ocrx_word' id='word_1_82' title='bbox 1246 1541 1354 1585; x_wconf 85' lang='lat' dir='ltr'><strong>etc.</strong></span> <span class='ocrx_word' id='word_1_83' title='bbox 1403 1529 1471 1584; x_wconf 88' lang='lat' dir='ltr'><strong>Et</strong></span> <span class='ocrx_word' id='word_1_84' title='bbox 1512 1543 1703 1584; x_wconf 89' lang='lat' dir='ltr'><strong>eorum</strong></span> 
     </span>
    </p>
   </div>
   <div class='ocr_carea' id='block_1_13' title="bbox 143 1620 1702 1691">
    <p class='ocr_par' dir='ltr' id='par_1_13' title="bbox 143 1620 1702 1691">
     <span class='ocr_line' id='line_1_13' title="bbox 143 1620 1702 1691; baseline -0.002 -15"><span class='ocrx_word' id='word_1_85' title='bbox 143 1620 482 1676; x_wconf 88' lang='lat' dir='ltr'><strong>mutationem</strong></span> <span class='ocrx_word' id='word_1_86' title='bbox 521 1620 783 1686; x_wconf 85' lang='lat' dir='ltr'><strong>ostendit,</strong></span> <span class='ocrx_word' id='word_1_87' title='bbox 819 1628 875 1675; x_wconf 91' lang='lat' dir='ltr'><strong>et</strong></span> <span class='ocrx_word' id='word_1_88' title='bbox 917 1636 1078 1690; x_wconf 88' lang='lat' dir='ltr'><strong>quam</strong></span> <span class='ocrx_word' id='word_1_89' title='bbox 1126 1620 1199 1675; x_wconf 92' lang='lat' dir='ltr'><strong>sit</strong></span> <span class='ocrx_word' id='word_1_90' title='bbox 1237 1620 1288 1674; x_wconf 92' lang='lat' dir='ltr'><strong>ei</strong></span> <span class='ocrx_word' id='word_1_91' title='bbox 1342 1620 1447 1676; x_wconf 91' lang='lat' dir='ltr'><strong>hoc</strong></span> <span class='ocrx_word' id='word_1_92' title='bbox 1490 1627 1702 1691; x_wconf 89' lang='lat' dir='ltr'><strong>gratum</strong></span> 
     </span>
    </p>
   </div>
   <div class='ocr_carea' id='block_1_14' title="bbox 138 1710 1701 1785">
    <p class='ocr_par' dir='ltr' id='par_1_14' title="bbox 138 1710 1701 1785">
     <span class='ocr_line' id='line_1_14' title="bbox 138 1710 1701 1785; baseline -0.002 -18"><span class='ocrx_word' id='word_1_93' title='bbox 138 1713 355 1782; x_wconf 89' lang='lat' dir='ltr'><strong>aperuit,</strong></span> <span class='ocrx_word' id='word_1_94' title='bbox 380 1712 498 1769; x_wconf 88' lang='lat' dir='ltr'><strong>Deo</strong></span> <span class='ocrx_word' id='word_1_95' title='bbox 532 1713 792 1785; x_wconf 86' lang='lat' dir='ltr'><strong>hymnum</strong></span> <span class='ocrx_word' id='word_1_96' title='bbox 818 1711 1071 1769; x_wconf 79' lang='lat' dir='ltr'><strong>offerens.</strong></span> <span class='ocrx_word' id='word_1_97' title='bbox 1099 1712 1281 1767; x_wconf 88' lang='lat' dir='ltr'><strong>Eratis</strong></span> <span class='ocrx_word' id='word_1_98' title='bbox 1309 1712 1476 1777; x_wconf 92' lang='lat' dir='ltr'><strong>enim,</strong></span> <span class='ocrx_word' id='word_1_99' title='bbox 1505 1710 1701 1781; x_wconf 86' lang='lat' dir='ltr'><strong>inquit,</strong></span> 
     </span>
    </p>
   </div>
   <div class='ocr_carea' id='block_1_15' title="bbox 137 1802 1702 1878">
    <p class='ocr_par' dir='ltr' id='par_1_15' title="bbox 137 1802 1702 1878">
     <span class='ocr_line' id='line_1_15' title="bbox 137 1802 1702 1878; baseline -0.004 -15"><span class='ocrx_word' id='word_1_100' title='bbox 137 1808 268 1863; x_wconf 86' lang='lat' dir='ltr'><strong>servi</strong></span> <span class='ocrx_word' id='word_1_101' title='bbox 292 1806 507 1878; x_wconf 86' lang='lat' dir='ltr'><strong>peccati</strong></span> <span class='ocrx_word' id='word_1_102' title='bbox 540 1825 554 1861; x_wconf 93' lang='lat'><strong>:</strong></span> <span class='ocrx_word' id='word_1_103' title='bbox 582 1815 763 1862; x_wconf 86' lang='lat' dir='ltr'><strong>vestra</strong></span> <span class='ocrx_word' id='word_1_104' title='bbox 792 1813 974 1862; x_wconf 90' lang='lat' dir='ltr'><strong>autem</strong></span> <span class='ocrx_word' id='word_1_105' title='bbox 1002 1814 1193 1875; x_wconf 87' lang='lat' dir='ltr'><strong>sponte</strong></span> <span class='ocrx_word' id='word_1_106' title='bbox 1220 1805 1495 1874; x_wconf 89' lang='lat' dir='ltr'><strong>liberaque</strong></span> <span class='ocrx_word' id='word_1_107' title='bbox 1536 1802 1702 1859; x_wconf 71' lang='lat' dir='ltr'><strong>animi</strong></span> 
     </span>
    </p>
   </div>
   <div class='ocr_carea' id='block_1_16' title="bbox 1045 386 2846 451">
    <p class='ocr_par' dir='ltr' id='par_1_16' title="bbox 1045 386 2846 451">
     <span class='ocr_line' id='line_1_16' title="bbox 1045 386 2846 451; baseline -0.003 0"><span class='ocrx_word' id='word_1_108' title='bbox 1045 391 1312 451; x_wconf 80' lang='lat' dir='ltr'><strong>GLOSSA</strong></span> <span class='ocrx_word' id='word_1_109' title='bbox 1347 386 1743 448; x_wconf 75' lang='lat' dir='ltr'><strong>ORDINARIA.</strong></span> <span class='ocrx_word' id='word_1_110' title='bbox 1770 416 1839 428; x_wconf 87' lang='lat'><strong>—-—</strong></span> <span class='ocrx_word' id='word_1_111' title='bbox 1876 386 2095 445; x_wconf 80' lang='lat' dir='ltr'><strong>EPIST.</strong></span> <span class='ocrx_word' id='word_1_112' title='bbox 2132 389 2225 444; x_wconf 85' lang='lat' dir='ltr'><strong>AD</strong></span> <span class='ocrx_word' id='word_1_113' title='bbox 2264 387 2430 445; x_wconf 78' lang='lat' dir='ltr'><strong>ROM.</strong></span> <span class='ocrx_word' id='word_1_114' title='bbox 2844 443 2846 446; x_wconf 75' lang='grc'>,</span> 
     </span>
    </p>
   </div>
   <div class='ocr_carea' id='block_1_17' title="bbox 166 501 3377 579">
    <p class='ocr_par' dir='ltr' id='par_1_17' title="bbox 166 501 3377 579">
     <span class='ocr_line' id='line_1_17' title="bbox 166 501 3377 579; baseline -0.001 -13"><span class='ocrx_word' id='word_1_115' title='bbox 166 511 251 567; x_wconf 85' lang='lat' dir='ltr'><strong>Dei</strong></span> <span class='ocrx_word' id='word_1_116' title='bbox 272 508 435 579; x_wconf 87' lang='lat' dir='ltr'><strong>gratia</strong></span> <span class='ocrx_word' id='word_1_117' title='bbox 464 520 807 577; x_wconf 87' lang='lat' dir='ltr'><strong>compescere</strong></span> <span class='ocrx_word' id='word_1_118' title='bbox 831 519 1138 579; x_wconf 86' lang='lat' dir='ltr'><strong>possumus,</strong></span> <span class='ocrx_word' id='word_1_119' title='bbox 1173 520 1244 563; x_wconf 92' lang='lat' dir='ltr'><strong>ne</strong></span> <span class='ocrx_word' id='word_1_120' title='bbox 1270 519 1440 576; x_wconf 89' lang='lat' dir='ltr'><strong>usque</strong></span> <span class='ocrx_word' id='word_1_121' title='bbox 1466 506 1533 560; x_wconf 90' lang='lat' dir='ltr'><strong>ad</strong></span> <span class='ocrx_word' id='word_1_122' title='bbox 1561 502 1705 558; x_wconf 85' lang='lat' dir='ltr'><strong>dele-</strong></span> <span class='ocrx_word' id='word_1_123' title='bbox 1734 505 1783 565; x_wconf 81' lang='grc' dir='ltr'><strong>Α</strong></span> <span class='ocrx_word' id='word_1_124' title='bbox 1811 502 1940 556; x_wconf 86' lang='lat' dir='ltr'><strong>tiam</strong></span> <span class='ocrx_word' id='word_1_125' title='bbox 1980 501 2289 558; x_wconf 90' lang='lat' dir='ltr'><strong>misericors</strong></span> <span class='ocrx_word' id='word_1_126' title='bbox 2326 502 2521 558; x_wconf 75' lang='lat' dir='ltr'><strong>Pater?</strong></span> <span class='ocrx_word' id='word_1_127' title='bbox 2542 505 2812 573; x_wconf 87' lang='lat' dir='ltr'><strong>quomodo</strong></span> <span class='ocrx_word' id='word_1_128' title='bbox 2846 504 2947 559; x_wconf 86' lang='lat' dir='ltr'><strong>ista</strong></span> <span class='ocrx_word' id='word_1_129' title='bbox 2977 503 3155 560; x_wconf 86' lang='lat' dir='ltr'><strong>debita</strong></span> <span class='ocrx_word' id='word_1_130' title='bbox 3184 505 3377 564; x_wconf 85' lang='lat' dir='ltr'><strong>redde-</strong></span> 
     </span>
    </p>
   </div>
   <div class='ocr_carea' id='block_1_18' title="bbox 3274 392 3381 448">
    <p class='ocr_par' dir='ltr' id='par_1_18' title="bbox 3274 392 3381 448">
     <span class='ocr_line' id='line_1_18' title="bbox 3274 392 3381 448; baseline 0.019 -2"><span class='ocrx_word' id='word_1_131' title='bbox 3274 392 3381 448; x_wconf 65' lang='lat'><strong>490</strong></span> 
     </span>
    </p>
   </div>
   <div class='ocr_carea' id='block_1_19' title="bbox 1808 597 3203 671">
    <p class='ocr_par' dir='ltr' id='par_1_19' title="bbox 1808 597 3203 671">
     <span class='ocr_line' id='line_1_19' title="bbox 1808 597 3203 671; baseline 0.001 -20"><span class='ocrx_word' id='word_1_132' title='bbox 1808 597 2107 662; x_wconf 89' lang='lat' dir='ltr'><strong>retur,&#39;nisi</strong></span> <span class='ocrx_word' id='word_1_133' title='bbox 2134 598 2284 667; x_wconf 90' lang='lat' dir='ltr'><strong>prius</strong></span> <span class='ocrx_word' id='word_1_134' title='bbox 2308 597 2394 651; x_wconf 90' lang='lat' dir='ltr'><strong>illa</strong></span> <span class='ocrx_word' id='word_1_135' title='bbox 2419 599 2591 669; x_wconf 88' lang='lat' dir='ltr'><strong>gratia</strong></span> <span class='ocrx_word' id='word_1_136' title='bbox 2618 599 2853 671; x_wconf 87' lang='lat' dir='ltr'><strong>gratuito</strong></span> <span class='ocrx_word' id='word_1_137' title='bbox 2875 598 3203 655; x_wconf 86' lang='lat' dir='ltr'><strong>donaretur?</strong></span> 
     </span>
    </p>
   </div>
   <div class='ocr_carea' id='block_1_20' title="bbox 1880 687 3380 764">
    <p class='ocr_par' dir='ltr' id='par_1_20' title="bbox 1880 687 3380 764">
     <span class='ocr_line' id='line_1_20' title="bbox 1880 687 3380 764; baseline 0.005 -23"><span class='ocrx_word' id='word_1_138' title='bbox 1880 688 2061 760; x_wconf 82' lang='lat' dir='ltr'><strong>(Auc.)</strong></span> <span class='ocrx_word' id='word_1_139' title='bbox 2087 687 2222 743; x_wconf 89' lang='lat' dir='ltr'><strong>Cum</strong></span> <span class='ocrx_word' id='word_1_140' title='bbox 2248 703 2418 758; x_wconf 90' lang='lat' dir='ltr'><strong>genus</strong></span> <span class='ocrx_word' id='word_1_141' title='bbox 2455 689 2747 744; x_wconf 89' lang='lat' dir='ltr'><strong>humanum</strong></span> <span class='ocrx_word' id='word_1_142' title='bbox 2774 699 2993 761; x_wconf 87' lang='lat' dir='ltr'><strong>peccata</strong></span> <span class='ocrx_word' id='word_1_143' title='bbox 3033 690 3188 763; x_wconf 90' lang='lat' dir='ltr'><strong>longe</strong></span> <span class='ocrx_word' id='word_1_144' title='bbox 3224 707 3380 764; x_wconf 89' lang='lat' dir='ltr'><strong>sepa-</strong></span> 
     </span>
    </p>
   </div>
   <div class='ocr_carea' id='block_1_21' title="bbox 1808 780 3379 855">
    <p class='ocr_par' dir='ltr' id='par_1_21' title="bbox 1808 780 3379 855">
     <span class='ocr_line' id='line_1_21' title="bbox 1808 780 3379 855; baseline 0.003 -20"><span class='ocrx_word' id='word_1_145' title='bbox 1808 781 2046 836; x_wconf 88' lang='lat' dir='ltr'><strong>raveriut</strong></span> <span class='ocrx_word' id='word_1_146' title='bbox 2067 795 2098 833; x_wconf 87' lang='lat' dir='ltr'><strong>a</strong></span> <span class='ocrx_word' id='word_1_147' title='bbox 2130 780 2260 846; x_wconf 87' lang='lat' dir='ltr'><strong>Deo,</strong></span> <span class='ocrx_word' id='word_1_148' title='bbox 2286 795 2382 850; x_wconf 91' lang='lat' dir='ltr'><strong>per</strong></span> <span class='ocrx_word' id='word_1_149' title='bbox 2411 781 2784 849; x_wconf 90' lang='lat' dir='ltr'><strong>mediatorem,</strong></span> <span class='ocrx_word' id='word_1_150' title='bbox 2813 782 2905 852; x_wconf 87' lang='lat' dir='ltr'><strong>qui</strong></span> <span class='ocrx_word' id='word_1_151' title='bbox 2935 783 3078 838; x_wconf 91' lang='lat' dir='ltr'><strong>solus</strong></span> <span class='ocrx_word' id='word_1_152' title='bbox 3113 785 3232 840; x_wconf 82' lang='lat' dir='ltr'><strong>sine</strong></span> <span class='ocrx_word' id='word_1_153' title='bbox 3254 799 3379 855; x_wconf 85' lang='lat' dir='ltr'><strong>pec-</strong></span> 
     </span>
    </p>
   </div>
   <div class='ocr_carea' id='block_1_22' title="bbox 1806 870 3380 938">
    <p class='ocr_par' dir='ltr' id='par_1_22' title="bbox 1806 870 3380 938">
     <span class='ocr_line' id='line_1_22' title="bbox 1806 870 3380 938; baseline 0.004 -14"><span class='ocrx_word' id='word_1_154' title='bbox 1806 877 1929 925; x_wconf 88' lang='lat' dir='ltr'><strong>cato</strong></span> <span class='ocrx_word' id='word_1_155' title='bbox 1964 877 2122 925; x_wconf 91' lang='lat' dir='ltr'><strong>natus</strong></span> <span class='ocrx_word' id='word_1_156' title='bbox 2149 880 2253 936; x_wconf 90' lang='lat' dir='ltr'><strong>est,</strong></span> <span class='ocrx_word' id='word_1_157' title='bbox 2280 870 2415 925; x_wconf 84' lang='lat' dir='ltr'><strong>vixit</strong></span> <span class='ocrx_word' id='word_1_158' title='bbox 2439 880 2496 926; x_wconf 91' lang='lat' dir='ltr'><strong>et</strong></span> <span class='ocrx_word' id='word_1_159' title='bbox 2525 871 2735 926; x_wconf 89' lang='lat' dir='ltr'><strong>occisus</strong></span> <span class='ocrx_word' id='word_1_160' title='bbox 2767 881 2871 938; x_wconf 88' lang='lat' dir='ltr'><strong>est,</strong></span> <span class='ocrx_word' id='word_1_161' title='bbox 2910 876 3244 930; x_wconf 87' lang='lat' dir='ltr'><strong>reconciliari</strong></span> <span class='ocrx_word' id='word_1_162' title='bbox 3280 891 3380 931; x_wconf 84' lang='lat' dir='ltr'><strong>nos</strong></span> 
     </span>
    </p>
   </div>
   <div class='ocr_carea' id='block_1_23' title="bbox 1806 962 3377 1036">
    <p class='ocr_par' dir='ltr' id='par_1_23' title="bbox 1806 962 3377 1036">
     <span class='ocr_line' id='line_1_23' title="bbox 1806 962 3377 1036; baseline 0.005 -21"><span class='ocrx_word' id='word_1_163' title='bbox 1806 962 2109 1031; x_wconf 83' lang='lat' dir='ltr'><strong>oportebat,</strong></span> <span class='ocrx_word' id='word_1_164' title='bbox 2139 970 2199 1015; x_wconf 90' lang='lat' dir='ltr'><strong>ut</strong></span> <span class='ocrx_word' id='word_1_165' title='bbox 2234 970 2289 1017; x_wconf 91' lang='lat' dir='ltr'><strong>et</strong></span> <span class='ocrx_word' id='word_1_166' title='bbox 2325 963 2558 1017; x_wconf 88' lang='lat' dir='ltr'><strong>humana</strong></span> <span class='ocrx_word' id='word_1_167' title='bbox 2596 965 2846 1033; x_wconf 88' lang='lat' dir='ltr'><strong>superbia</strong></span> <span class='ocrx_word' id='word_1_168' title='bbox 2886 981 2982 1036; x_wconf 90' lang='lat' dir='ltr'><strong>per</strong></span> <span class='ocrx_word' id='word_1_169' title='bbox 3017 967 3377 1023; x_wconf 86' lang='lat' dir='ltr'><strong>humilitatem</strong></span> 
     </span>
    </p>
   </div>
   <div class='ocr_carea' id='block_1_24' title="bbox 1806 1051 3379 1124">
    <p class='ocr_par' dir='ltr' id='par_1_24' title="bbox 1806 1051 3379 1124">
     <span class='ocr_line' id='line_1_24' title="bbox 1806 1051 3379 1124; baseline 0.005 -15"><span class='ocrx_word' id='word_1_170' title='bbox 1806 1051 1901 1109; x_wconf 87' lang='lat' dir='ltr'><strong>Dei</strong></span> <span class='ocrx_word' id='word_1_171' title='bbox 1936 1063 2256 1124; x_wconf 81' lang='lat' dir='ltr'><strong>argueretur</strong></span> <span class='ocrx_word' id='word_1_172' title='bbox 2280 1069 2344 1111; x_wconf 90' lang='lat' dir='ltr'><strong>ac</strong></span> <span class='ocrx_word' id='word_1_173' title='bbox 2367 1064 2669 1121; x_wconf 91' lang='lat' dir='ltr'><strong>sanaretur,</strong></span> <span class='ocrx_word' id='word_1_174' title='bbox 2697 1066 2754 1112; x_wconf 91' lang='lat' dir='ltr'><strong>et</strong></span> <span class='ocrx_word' id='word_1_175' title='bbox 2782 1058 3243 1115; x_wconf 89' lang='lat' dir='ltr'><strong>demonstraretur</strong></span> <span class='ocrx_word' id='word_1_176' title='bbox 3280 1060 3379 1117; x_wconf 87' lang='lat' dir='ltr'><strong>bo-</strong></span> 
     </span>
    </p>
   </div>
   <div class='ocr_carea' id='block_1_25' title="bbox 1806 1146 2998 1218">
    <p class='ocr_par' dir='ltr' id='par_1_25' title="bbox 1806 1146 2998 1218">
     <span class='ocr_line' id='line_1_25' title="bbox 1806 1146 2998 1218; baseline 0.004 -18"><span class='ocrx_word' id='word_1_177' title='bbox 1806 1146 1939 1201; x_wconf 91' lang='lat' dir='ltr'><strong>mini</strong></span> <span class='ocrx_word' id='word_1_178' title='bbox 1966 1161 2130 1217; x_wconf 92' lang='lat' dir='ltr'><strong>quam</strong></span> <span class='ocrx_word' id='word_1_179' title='bbox 2160 1146 2315 1218; x_wconf 91' lang='lat' dir='ltr'><strong>longe</strong></span> <span class='ocrx_word' id='word_1_180' title='bbox 2340 1162 2374 1203; x_wconf 90' lang='lat' dir='ltr'><strong>a</strong></span> <span class='ocrx_word' id='word_1_181' title='bbox 2402 1149 2514 1204; x_wconf 90' lang='lat' dir='ltr'><strong>Deo</strong></span> <span class='ocrx_word' id='word_1_182' title='bbox 2542 1158 2863 1216; x_wconf 87' lang='lat' dir='ltr'><strong>recesserat,</strong></span> <span class='ocrx_word' id='word_1_183' title='bbox 2894 1158 2998 1207; x_wconf 90' lang='lat' dir='ltr'><strong>etc.</strong></span> 
     </span>
    </p>
   </div>
   <div class='ocr_carea' id='block_1_26' title="bbox 2403 1298 2775 1391">
    <p class='ocr_par' dir='ltr' id='par_1_26' title="bbox 2403 1298 2775 1391">
     <span class='ocr_line' id='line_1_26' title="bbox 2403 1298 2775 1391; baseline 0.008 -39"><span class='ocrx_word' id='word_1_184' title='bbox 2403 1298 2630 1391; x_wconf 84' lang='lat' dir='ltr'><strong>CAPUT</strong></span> <span class='ocrx_word' id='word_1_185' title='bbox 2665 1300 2775 1357; x_wconf 71' lang='grc' dir='ltr'><strong>γη.</strong></span> 
     </span>
    </p>
   </div>
   <div class='ocr_carea' id='block_1_27' title="bbox 1874 1410 3378 1490">
    <p class='ocr_par' dir='ltr' id='par_1_27' title="bbox 1874 1410 3378 1490">
     <span class='ocr_line' id='line_1_27' title="bbox 1874 1410 3378 1490; baseline 0.007 -24"><span class='ocrx_word' id='word_1_186' title='bbox 1874 1410 2040 1467; x_wconf 87' lang='lat' dir='ltr'><strong>Vens.</strong></span> <span class='ocrx_word' id='word_1_187' title='bbox 2070 1413 2123 1467; x_wconf 93' lang='grc'><strong>1.</strong></span> <span class='ocrx_word' id='word_1_188' title='bbox 2149 1442 2219 1454; x_wconf 90' lang='lat'><strong>—</strong></span> <span class='ocrx_word' id='word_1_189' title='bbox 2242 1414 2323 1467; x_wconf 80' lang='lat' dir='ltr'><strong>An</strong></span> <span class='ocrx_word' id='word_1_190' title='bbox 2349 1414 2623 1483; x_wconf 73' lang='lat' dir='ltr'><strong>ignoratis.</strong></span> <span class='ocrx_word' id='word_1_191' title='bbox 2662 1414 2931 1472; x_wconf 84' lang='lat' dir='ltr'><strong>Hactenus</strong></span> <span class='ocrx_word' id='word_1_192' title='bbox 2966 1417 3032 1473; x_wconf 85' lang='lat' dir='ltr'><strong>de</strong></span> <span class='ocrx_word' id='word_1_193' title='bbox 3067 1417 3118 1472; x_wconf 90' lang='lat' dir='ltr'><strong>vi</strong></span> <span class='ocrx_word' id='word_1_194' title='bbox 3146 1420 3331 1490; x_wconf 72' lang='lat' dir='ltr'><strong>gratim</strong></span> <span class='ocrx_word' id='word_1_195' title='bbox 3363 1438 3378 1478; x_wconf 89' lang='lat'><strong>:</strong></span> 
     </span>
    </p>
   </div>
   <div class='ocr_carea' id='block_1_28' title="bbox 1803 1504 3387 1583">
    <p class='ocr_par' dir='ltr' id='par_1_28' title="bbox 1803 1504 3387 1583">
     <span class='ocr_line' id='line_1_28' title="bbox 1803 1504 3387 1583; baseline 0.006 -25"><span class='ocrx_word' id='word_1_196' title='bbox 1803 1518 1971 1569; x_wconf 90' lang='lat' dir='ltr'><strong>nunc,</strong></span> <span class='ocrx_word' id='word_1_197' title='bbox 2002 1504 2145 1575; x_wconf 92' lang='lat' dir='ltr'><strong>quod</strong></span> <span class='ocrx_word' id='word_1_198' title='bbox 2173 1505 2260 1561; x_wconf 94' lang='lat' dir='ltr'><strong>lex</strong></span> <span class='ocrx_word' id='word_1_199' title='bbox 2288 1504 2429 1560; x_wconf 90' lang='lat' dir='ltr'><strong>ultra</strong></span> <span class='ocrx_word' id='word_1_200' title='bbox 2455 1522 2563 1562; x_wconf 91' lang='lat' dir='ltr'><strong>non</strong></span> <span class='ocrx_word' id='word_1_201' title='bbox 2589 1516 2670 1563; x_wconf 89' lang='lat' dir='ltr'><strong>est</strong></span> <span class='ocrx_word' id='word_1_202' title='bbox 2693 1510 2941 1575; x_wconf 91' lang='lat' dir='ltr'><strong>tenenda,</strong></span> <span class='ocrx_word' id='word_1_203' title='bbox 2966 1518 3020 1565; x_wconf 91' lang='lat' dir='ltr'><strong>et</strong></span> <span class='ocrx_word' id='word_1_204' title='bbox 3046 1512 3159 1583; x_wconf 90' lang='lat' dir='ltr'><strong>agit</strong></span> <span class='ocrx_word' id='word_1_205' title='bbox 3186 1513 3250 1567; x_wconf 87' lang='lat' dir='ltr'><strong>de</strong></span> <span class='ocrx_word' id='word_1_206' title='bbox 3279 1514 3387 1568; x_wconf 89' lang='lat' dir='ltr'><strong>ﬁne</strong></span> 
     </span>
    </p>
   </div>
   <div class='ocr_carea' id='block_1_29' title="bbox 1802 1593 3388 1672">
    <p class='ocr_par' dir='ltr' id='par_1_29' title="bbox 1802 1593 3388 1672">
     <span class='ocr_line' id='line_1_29' title="bbox 1802 1593 3388 1672; baseline 0.006 -24"><span class='ocrx_word' id='word_1_207' title='bbox 1802 1593 1973 1666; x_wconf 82' lang='lat' dir='ltr'><strong>legis,</strong></span> <span class='ocrx_word' id='word_1_208' title='bbox 2009 1603 2065 1651; x_wconf 92' lang='lat' dir='ltr'><strong>et</strong></span> <span class='ocrx_word' id='word_1_209' title='bbox 2090 1596 2261 1667; x_wconf 85' lang='lat' dir='ltr'><strong>priori</strong></span> <span class='ocrx_word' id='word_1_210' title='bbox 2290 1598 2408 1669; x_wconf 89' lang='lat' dir='ltr'><strong>ejus</strong></span> <span class='ocrx_word' id='word_1_211' title='bbox 2442 1598 2731 1654; x_wconf 90' lang='lat' dir='ltr'><strong>inutilitate</strong></span> <span class='ocrx_word' id='word_1_212' title='bbox 2769 1617 2782 1653; x_wconf 93' lang='lat'><strong>:</strong></span> <span class='ocrx_word' id='word_1_213' title='bbox 2821 1614 2927 1656; x_wconf 91' lang='lat' dir='ltr'><strong>non</strong></span> <span class='ocrx_word' id='word_1_214' title='bbox 2958 1616 3087 1672; x_wconf 88' lang='lat' dir='ltr'><strong>ergo</strong></span> <span class='ocrx_word' id='word_1_215' title='bbox 3123 1604 3388 1659; x_wconf 85' lang='lat' dir='ltr'><strong>mirentur</strong></span> 
     </span>
    </p>
   </div>
   <div class='ocr_carea' id='block_1_30' title="bbox 1803 1683 3386 1766">
    <p class='ocr_par' dir='ltr' id='par_1_30' title="bbox 1803 1683 3386 1766">
     <span class='ocr_line' id='line_1_30' title="bbox 1803 1683 3386 1766; baseline 0.007 -28"><span class='ocrx_word' id='word_1_216' title='bbox 1803 1683 2035 1741; x_wconf 85' lang='lat' dir='ltr'><strong>Romani</strong></span> <span class='ocrx_word' id='word_1_217' title='bbox 2077 1687 2207 1757; x_wconf 84' lang='lat' dir='ltr'><strong>quia</strong></span> <span class='ocrx_word' id='word_1_218' title='bbox 2242 1688 2533 1760; x_wconf 86' lang='lat' dir='ltr'><strong>Apostolus</strong></span> <span class='ocrx_word' id='word_1_219' title='bbox 2568 1690 2701 1747; x_wconf 86' lang='lat' dir='ltr'><strong>dicit</strong></span> <span class='ocrx_word' id='word_1_220' title='bbox 2731 1708 2745 1745; x_wconf 92' lang='lat'><strong>:</strong></span> <span class='ocrx_word' id='word_1_221' title='bbox 2787 1690 2913 1746; x_wconf 86' lang='lat' dir='ltr'><strong>Non</strong></span> <span class='ocrx_word' id='word_1_222' title='bbox 2949 1693 3071 1747; x_wconf 81' lang='lat' dir='ltr'><strong>estis</strong></span> <span class='ocrx_word' id='word_1_223' title='bbox 3108 1694 3203 1748; x_wconf 91' lang='lat' dir='ltr'><strong>sub</strong></span> <span class='ocrx_word' id='word_1_224' title='bbox 3244 1694 3386 1766; x_wconf 84' lang='lat' dir='ltr'><strong>lege,</strong></span> 
     </span>
    </p>
   </div>
   <div class='ocr_carea' id='block_1_31' title="bbox 1806 1777 3387 1855">
    <p class='ocr_par' dir='ltr' id='par_1_31' title="bbox 1806 1777 3387 1855">
     <span class='ocr_line' id='line_1_31' title="bbox 1806 1777 3387 1855; baseline 0.007 -24"><span class='ocrx_word' id='word_1_225' title='bbox 1806 1777 1897 1832; x_wconf 88' lang='lat' dir='ltr'><strong>sed</strong></span> <span class='ocrx_word' id='word_1_226' title='bbox 1940 1778 2036 1831; x_wconf 88' lang='lat' dir='ltr'><strong>sub</strong></span> <span class='ocrx_word' id='word_1_227' title='bbox 2092 1780 2266 1849; x_wconf 88' lang='lat' dir='ltr'><strong>gratia</strong></span> <span class='ocrx_word' id='word_1_228' title='bbox 2307 1799 2326 1834; x_wconf 86' lang='lat'><strong><em>:</em></strong></span> <span class='ocrx_word' id='word_1_229' title='bbox 2372 1796 2536 1851; x_wconf 88' lang='lat' dir='ltr'><strong>supra</strong></span> <span class='ocrx_word' id='word_1_230' title='bbox 2586 1782 2865 1839; x_wconf 86' lang='lat' dir='ltr'><strong>dicebatur</strong></span> <span class='ocrx_word' id='word_1_231' title='bbox 2911 1799 3017 1839; x_wconf 89' lang='lat' dir='ltr'><strong>non</strong></span> <span class='ocrx_word' id='word_1_232' title='bbox 3057 1783 3387 1855; x_wconf 86' lang='lat' dir='ltr'><strong>justiﬁcare,</strong></span> 
     </span>
    </p>
   </div>
   <div class='ocr_carea' id='block_1_32' title="bbox 136 1865 3387 1969">
    <p class='ocr_par' dir='ltr' id='par_1_32' title="bbox 136 1865 3387 1969">
     <span class='ocr_line' id='line_1_32' title="bbox 136 1865 3387 1969; baseline 0.001 -16"><span class='ocrx_word' id='word_1_233' title='bbox 136 1865 394 1956; x_wconf 68' lang='lat' dir='ltr'><strong>voluntate</strong></span> <span class='ocrx_word' id='word_1_234' title='bbox 422 1900 574 1955; x_wconf 90' lang='lat' dir='ltr'><strong>illius</strong></span> <span class='ocrx_word' id='word_1_235' title='bbox 608 1899 903 1955; x_wconf 89' lang='lat' dir='ltr'><strong>dominium</strong></span> <span class='ocrx_word' id='word_1_236' title='bbox 922 1865 1257 1961; x_wconf 76' lang='lat' dir='ltr'><strong>excussistis,</strong></span> <span class='ocrx_word' id='word_1_237' title='bbox 1286 1907 1341 1954; x_wconf 91' lang='lat' dir='ltr'><strong>et</strong></span> <span class='ocrx_word' id='word_1_238' title='bbox 1364 1865 1702 1969; x_wconf 81' lang='lat' dir='ltr'><strong>spiritualem</strong></span> <span class='ocrx_word' id='word_1_239' title='bbox 1726 1865 1777 1926; x_wconf 80' lang='grc' dir='ltr'><strong>Β</strong></span> <span class='ocrx_word' id='word_1_240' title='bbox 1802 1866 1892 1969; x_wconf 40' lang='lat' dir='ltr'><strong>hic</strong></span> <span class='ocrx_word' id='word_1_241' title='bbox 1945 1868 2144 1969; x_wconf 52' lang='grc' dir='ltr'><strong>δθξθίξθ</strong></span> <span class='ocrx_word' id='word_1_242' title='bbox 2200 1886 2458 1969; x_wconf 27' lang='lat' dir='ltr'><strong>Casam}</strong></span> <span class='ocrx_word' id='word_1_243' title='bbox 2511 1874 2640 1969; x_wconf 67' lang='lat' dir='ltr'><strong>quia_</strong></span> <span class='ocrx_word' id='word_1_244' title='bbox 2672 1875 2817 1969; x_wconf 48' lang='lat' dir='ltr'><strong>id?”</strong></span> <span class='ocrx_word' id='word_1_245' title='bbox 2871 1891 3040 1969; x_wconf 55' lang='grc' dir='ltr'><strong>υᾟυθ</strong></span> <span class='ocrx_word' id='word_1_246' title='bbox 3108 1878 3174 1932; x_wconf 72' lang='lat' dir='ltr'><strong>ad</strong></span> <span class='ocrx_word' id='word_1_247' title='bbox 3212 1877 3387 1969; x_wconf 12' lang='lat' dir='ltr'><strong>,Cbrri‘</strong></span> 
     </span>
    </p>
   </div>
   <div class='ocr_carea' id='block_1_33' title="bbox 132 1986 1709 2062">
    <p class='ocr_par' dir='ltr' id='par_1_33' title="bbox 132 1986 1709 2062">
     <span class='ocr_line' id='line_1_33' title="bbox 132 1986 1709 2062; baseline -0.003 -15"><span class='ocrx_word' id='word_1_248' title='bbox 132 1992 426 2048; x_wconf 88' lang='lat' dir='ltr'><strong>doctrinam</strong></span> <span class='ocrx_word' id='word_1_249' title='bbox 448 1990 745 2062; x_wconf 86' lang='lat' dir='ltr'><strong>amplexati</strong></span> <span class='ocrx_word' id='word_1_250' title='bbox 770 1988 1200 2046; x_wconf 61' lang='lat' dir='ltr'><strong>estis-Formam</strong></span> <span class='ocrx_word' id='word_1_251' title='bbox 1224 1989 1496 2043; x_wconf 65' lang='lat' dir='ltr'><strong>doctrinas.</strong></span> <span class='ocrx_word' id='word_1_252' title='bbox 1510 1986 1709 2044; x_wconf 88' lang='lat' dir='ltr'><strong>Nostra</strong></span> 
     </span>
    </p>
   </div>
   <div class='ocr_carea' id='block_1_34' title="bbox 130 2078 1707 2153">
    <p class='ocr_par' dir='ltr' id='par_1_34' title="bbox 130 2078 1707 2153">
     <span class='ocr_line' id='line_1_34' title="bbox 130 2078 1707 2153; baseline -0.003 -13"><span class='ocrx_word' id='word_1_253' title='bbox 130 2084 363 2140; x_wconf 87' lang='lat' dir='ltr'><strong>doctrina</strong></span> <span class='ocrx_word' id='word_1_254' title='bbox 403 2091 496 2141; x_wconf 87' lang='lat' dir='ltr'><strong>est</strong></span> <span class='ocrx_word' id='word_1_255' title='bbox 531 2082 730 2150; x_wconf 79' lang='lat' dir='ltr'><strong>forma,</strong></span> <span class='ocrx_word' id='word_1_256' title='bbox 760 2097 881 2153; x_wconf 68' lang='lat' dir='ltr'><strong>quae</strong></span> <span class='ocrx_word' id='word_1_257' title='bbox 910 2081 1201 2153; x_wconf 86' lang='lat' dir='ltr'><strong>imaginem</strong></span> <span class='ocrx_word' id='word_1_258' title='bbox 1224 2080 1321 2136; x_wconf 88' lang='lat' dir='ltr'><strong>Dei</strong></span> <span class='ocrx_word' id='word_1_259' title='bbox 1349 2078 1707 2136; x_wconf 79' lang='lat' dir='ltr'><strong>deformatam</strong></span> 
     </span>
    </p>
   </div>
   <div class='ocr_carea' id='block_1_35' title="bbox 126 2176 374 2233">
    <p class='ocr_par' dir='ltr' id='par_1_35' title="bbox 126 2176 374 2233">
     <span class='ocr_line' id='line_1_35' title="bbox 126 2176 374 2233; baseline 0.008 -2"><span class='ocrx_word' id='word_1_260' title='bbox 126 2176 374 2233; x_wconf 84' lang='lat' dir='ltr'><strong>restituit.</strong></span> 
     </span>
    </p>
   </div>
   <div class='ocr_carea' id='block_1_36' title="bbox 192 2263 1709 2333">
    <p class='ocr_par' dir='ltr' id='par_1_36' title="bbox 192 2263 1709 2333">
     <span class='ocr_line' id='line_1_36' title="bbox 192 2263 1709 2333; baseline -0.001 -13"><span class='ocrx_word' id='word_1_261' title='bbox 192 2266 353 2324; x_wconf 83' lang='lat' dir='ltr'><strong>Vens.</strong></span> <span class='ocrx_word' id='word_1_262' title='bbox 401 2266 495 2326; x_wconf 88' lang='grc'><strong>19.</strong></span> <span class='ocrx_word' id='word_1_263' title='bbox 534 2298 609 2310; x_wconf 90' lang='grc'><strong><em>-</em></strong></span> <span class='ocrx_word' id='word_1_264' title='bbox 642 2266 985 2333; x_wconf 83' lang='lat' dir='ltr'><strong>Humanum,</strong></span> <span class='ocrx_word' id='word_1_265' title='bbox 1016 2273 1121 2322; x_wconf 88' lang='lat' dir='ltr'><strong>etc.</strong></span> <span class='ocrx_word' id='word_1_266' title='bbox 1163 2263 1440 2321; x_wconf 82' lang='lat' dir='ltr'><strong>Hactenus</strong></span> <span class='ocrx_word' id='word_1_267' title='bbox 1470 2263 1709 2321; x_wconf 89' lang='lat' dir='ltr'><strong>ostendit</strong></span> 
     </span>
    </p>
   </div>
   <div class='ocr_carea' id='block_1_37' title="bbox 121 2355 1707 2431">
    <p class='ocr_par' dir='ltr' id='par_1_37' title="bbox 121 2355 1707 2431">
     <span class='ocr_line' id='line_1_37' title="bbox 121 2355 1707 2431; baseline -0.003 -17"><span class='ocrx_word' id='word_1_268' title='bbox 121 2358 404 2430; x_wconf 77' lang='lat' dir='ltr'><strong>Apostolus</strong></span> <span class='ocrx_word' id='word_1_269' title='bbox 429 2375 543 2415; x_wconf 92' lang='lat' dir='ltr'><strong>non</strong></span> <span class='ocrx_word' id='word_1_270' title='bbox 569 2374 689 2416; x_wconf 89' lang='lat' dir='ltr'><strong>esse</strong></span> <span class='ocrx_word' id='word_1_271' title='bbox 715 2360 1067 2431; x_wconf 90' lang='lat' dir='ltr'><strong>peccandum.</strong></span> <span class='ocrx_word' id='word_1_272' title='bbox 1102 2356 1200 2412; x_wconf 84' lang='lat' dir='ltr'><strong>Hic</strong></span> <span class='ocrx_word' id='word_1_273' title='bbox 1230 2356 1362 2411; x_wconf 92' lang='lat' dir='ltr'><strong>dicit</strong></span> <span class='ocrx_word' id='word_1_274' title='bbox 1393 2355 1521 2426; x_wconf 91' lang='lat' dir='ltr'><strong>quid</strong></span> <span class='ocrx_word' id='word_1_275' title='bbox 1555 2355 1707 2409; x_wconf 91' lang='lat' dir='ltr'><strong>dein-</strong></span> 
     </span>
    </p>
   </div>
   <div class='ocr_carea' id='block_1_38' title="bbox 121 2448 1707 2525">
    <p class='ocr_par' dir='ltr' id='par_1_38' title="bbox 121 2448 1707 2525">
     <span class='ocr_line' id='line_1_38' title="bbox 121 2448 1707 2525; baseline -0.003 -18"><span class='ocrx_word' id='word_1_276' title='bbox 121 2466 240 2523; x_wconf 86' lang='lat' dir='ltr'><strong>ceps</strong></span> <span class='ocrx_word' id='word_1_277' title='bbox 287 2452 363 2509; x_wconf 90' lang='lat' dir='ltr'><strong>sit</strong></span> <span class='ocrx_word' id='word_1_278' title='bbox 410 2453 683 2525; x_wconf 91' lang='lat' dir='ltr'><strong>agendum</strong></span> <span class='ocrx_word' id='word_1_279' title='bbox 725 2461 787 2508; x_wconf 91' lang='lat' dir='ltr'><strong>ut</strong></span> <span class='ocrx_word' id='word_1_280' title='bbox 829 2451 1033 2508; x_wconf 90' lang='lat' dir='ltr'><strong>scilicet</strong></span> <span class='ocrx_word' id='word_1_281' title='bbox 1078 2448 1607 2518; x_wconf 72' lang='lat' dir='ltr'><strong>serviaturjustitiae,</strong></span> <span class='ocrx_word' id='word_1_282' title='bbox 1639 2449 1707 2504; x_wconf 92' lang='lat' dir='ltr'><strong>de</strong></span> 
     </span>
    </p>
   </div>
   <div class='ocr_carea' id='block_1_39' title="bbox 118 2539 1705 2615">
    <p class='ocr_par' dir='ltr' id='par_1_39' title="bbox 118 2539 1705 2615">
     <span class='ocr_line' id='line_1_39' title="bbox 118 2539 1705 2615; baseline -0.001 -18"><span class='ocrx_word' id='word_1_283' title='bbox 118 2557 218 2613; x_wconf 90' lang='lat' dir='ltr'><strong>qua</strong></span> <span class='ocrx_word' id='word_1_284' title='bbox 256 2543 443 2601; x_wconf 88' lang='lat' dir='ltr'><strong>nullus</strong></span> <span class='ocrx_word' id='word_1_285' title='bbox 505 2551 589 2600; x_wconf 92' lang='lat' dir='ltr'><strong>est</strong></span> <span class='ocrx_word' id='word_1_286' title='bbox 622 2543 715 2614; x_wconf 88' lang='lat' dir='ltr'><strong>qui</strong></span> <span class='ocrx_word' id='word_1_287' title='bbox 751 2542 922 2615; x_wconf 87' lang='lat' dir='ltr'><strong>possit</strong></span> <span class='ocrx_word' id='word_1_288' title='bbox 954 2557 1015 2598; x_wconf 90' lang='lat' dir='ltr'><strong>se</strong></span> <span class='ocrx_word' id='word_1_289' title='bbox 1045 2556 1337 2607; x_wconf 91' lang='lat' dir='ltr'><strong>excusare,</strong></span> <span class='ocrx_word' id='word_1_290' title='bbox 1366 2540 1493 2611; x_wconf 84' lang='lat' dir='ltr'><strong>quia</strong></span> <span class='ocrx_word' id='word_1_291' title='bbox 1524 2539 1705 2595; x_wconf 87' lang='lat' dir='ltr'><strong>nullus</strong></span> 
     </span>
    </p>
   </div>
   <div class='ocr_carea' id='block_1_40' title="bbox 118 2633 1700 2708">
    <p class='ocr_par' dir='ltr' id='par_1_40' title="bbox 118 2633 1700 2708">
     <span class='ocr_line' id='line_1_40' title="bbox 118 2633 1700 2708; baseline -0.001 -20"><span class='ocrx_word' id='word_1_292' title='bbox 118 2645 197 2689; x_wconf 88' lang='lat' dir='ltr'><strong>est</strong></span> <span class='ocrx_word' id='word_1_293' title='bbox 239 2637 333 2707; x_wconf 86' lang='lat' dir='ltr'><strong>qui</strong></span> <span class='ocrx_word' id='word_1_294' title='bbox 370 2653 484 2693; x_wconf 90' lang='lat' dir='ltr'><strong>non</strong></span> <span class='ocrx_word' id='word_1_295' title='bbox 512 2636 685 2708; x_wconf 90' lang='lat' dir='ltr'><strong>possit</strong></span> <span class='ocrx_word' id='word_1_296' title='bbox 721 2636 861 2691; x_wconf 89' lang='lat' dir='ltr'><strong>bene</strong></span> <span class='ocrx_word' id='word_1_297' title='bbox 898 2634 1136 2705; x_wconf 89' lang='lat' dir='ltr'><strong>operari,</strong></span> <span class='ocrx_word' id='word_1_298' title='bbox 1166 2634 1355 2691; x_wconf 90' lang='lat' dir='ltr'><strong>saltem</strong></span> <span class='ocrx_word' id='word_1_299' title='bbox 1381 2633 1700 2689; x_wconf 86' lang='lat' dir='ltr'><strong>voluntate:</strong></span> 
     </span>
    </p>
   </div>
   <div class='ocr_carea' id='block_1_41' title="bbox 114 2727 940 2800">
    <p class='ocr_par' dir='ltr' id='par_1_41' title="bbox 114 2727 940 2800">
     <span class='ocr_line' id='line_1_41' title="bbox 114 2727 940 2800; baseline -0.001 -18"><span class='ocrx_word' id='word_1_300' title='bbox 114 2727 254 2797; x_wconf 88' lang='lat' dir='ltr'><strong>quod</strong></span> <span class='ocrx_word' id='word_1_301' title='bbox 283 2727 435 2784; x_wconf 89' lang='lat' dir='ltr'><strong>idem</strong></span> <span class='ocrx_word' id='word_1_302' title='bbox 463 2736 549 2785; x_wconf 86' lang='lat' dir='ltr'><strong>est</strong></span> <span class='ocrx_word' id='word_1_303' title='bbox 569 2743 668 2800; x_wconf 88' lang='lat' dir='ltr'><strong>per</strong></span> <span class='ocrx_word' id='word_1_304' title='bbox 692 2727 940 2799; x_wconf 87' lang='lat' dir='ltr'><strong>gratiam.</strong></span> 
     </span>
    </p>
   </div>
   <div class='ocr_carea' id='block_1_42' title="bbox 180 2816 1704 2891">
    <p class='ocr_par' dir='ltr' id='par_1_42' title="bbox 180 2816 1704 2891">
     <span class='ocr_line' id='line_1_42' title="bbox 180 2816 1704 2891; baseline -0.001 -18"><span class='ocrx_word' id='word_1_305' title='bbox 180 2817 335 2873; x_wconf 82' lang='lat' dir='ltr'><strong>Sicut</strong></span> <span class='ocrx_word' id='word_1_306' title='bbox 362 2820 507 2875; x_wconf 87' lang='lat' dir='ltr'><strong>enim</strong></span> <span class='ocrx_word' id='word_1_307' title='bbox 533 2819 856 2883; x_wconf 64' lang='lat' dir='ltr'><strong>exhibuistis,</strong></span> <span class='ocrx_word' id='word_1_308' title='bbox 886 2826 991 2875; x_wconf 91' lang='lat' dir='ltr'><strong>etc.</strong></span> <span class='ocrx_word' id='word_1_309' title='bbox 1021 2817 1204 2891; x_wconf 82' lang='lat' dir='ltr'><strong>(Auc.)</strong></span> <span class='ocrx_word' id='word_1_310' title='bbox 1232 2816 1290 2875; x_wconf 89' lang='lat' dir='ltr'><strong>Si</strong></span> <span class='ocrx_word' id='word_1_311' title='bbox 1318 2834 1426 2874; x_wconf 90' lang='lat' dir='ltr'><strong>non</strong></span> <span class='ocrx_word' id='word_1_312' title='bbox 1449 2818 1593 2889; x_wconf 91' lang='lat' dir='ltr'><strong>plus,</strong></span> <span class='ocrx_word' id='word_1_313' title='bbox 1618 2816 1704 2873; x_wconf 86' lang='lat' dir='ltr'><strong>vel</strong></span> 
     </span>
    </p>
   </div>
   <div class='ocr_carea' id='block_1_43' title="bbox 110 2909 1704 2983">
    <p class='ocr_par' dir='ltr' id='par_1_43' title="bbox 110 2909 1704 2983">
     <span class='ocr_line' id='line_1_43' title="bbox 110 2909 1704 2983; baseline 0.001 -18"><span class='ocrx_word' id='word_1_314' title='bbox 110 2920 376 2981; x_wconf 84' lang='lat' dir='ltr'><strong>quantum</strong></span> <span class='ocrx_word' id='word_1_315' title='bbox 414 2920 569 2978; x_wconf 87' lang='lat' dir='ltr'><strong>tunc,</strong></span> <span class='ocrx_word' id='word_1_316' title='bbox 594 2924 663 2966; x_wconf 89' lang='lat' dir='ltr'><strong>ne</strong></span> <span class='ocrx_word' id='word_1_317' title='bbox 696 2910 831 2967; x_wconf 86' lang='lat' dir='ltr'><strong>ﬁdes</strong></span> <span class='ocrx_word' id='word_1_318' title='bbox 854 2910 1012 2982; x_wconf 89' lang='lat' dir='ltr'><strong>quasi</strong></span> <span class='ocrx_word' id='word_1_319' title='bbox 1045 2926 1237 2983; x_wconf 90' lang='lat' dir='ltr'><strong>aspera</strong></span> <span class='ocrx_word' id='word_1_320' title='bbox 1262 2918 1318 2968; x_wconf 89' lang='lat' dir='ltr'><strong>et</strong></span> <span class='ocrx_word' id='word_1_321' title='bbox 1346 2909 1704 2982; x_wconf 91' lang='lat' dir='ltr'><strong>importabilis</strong></span> 
     </span>
    </p>
   </div>
   <div class='ocr_carea' id='block_1_44' title="bbox 108 3000 416 3074">
    <p class='ocr_par' dir='ltr' id='par_1_44' title="bbox 108 3000 416 3074">
     <span class='ocr_line' id='line_1_44' title="bbox 108 3000 416 3074; baseline 0.003 -17"><span class='ocrx_word' id='word_1_322' title='bbox 108 3000 416 3074; x_wconf 75' lang='lat' dir='ltr'><strong>fugeretur.</strong></span> 
     </span>
    </p>
   </div>
   <div class='ocr_carea' id='block_1_45' title="bbox 170 3093 1704 3165">
    <p class='ocr_par' dir='ltr' id='par_1_45' title="bbox 170 3093 1704 3165">
     <span class='ocr_line' id='line_1_45' title="bbox 170 3093 1704 3165; baseline -0.001 -14"><span class='ocrx_word' id='word_1_323' title='bbox 170 3094 335 3153; x_wconf 91' lang='lat' dir='ltr'><strong>Sicut</strong></span> <span class='ocrx_word' id='word_1_324' title='bbox 357 3104 496 3151; x_wconf 90' lang='lat' dir='ltr'><strong>tunc</strong></span> <span class='ocrx_word' id='word_1_325' title='bbox 510 3093 691 3151; x_wconf 91' lang='lat' dir='ltr'><strong>nullus</strong></span> <span class='ocrx_word' id='word_1_326' title='bbox 717 3094 881 3151; x_wconf 89' lang='lat' dir='ltr'><strong>timor</strong></span> <span class='ocrx_word' id='word_1_327' title='bbox 901 3094 1097 3165; x_wconf 86' lang='lat' dir='ltr'><strong>coegit,</strong></span> <span class='ocrx_word' id='word_1_328' title='bbox 1121 3095 1216 3151; x_wconf 89' lang='lat' dir='ltr'><strong>sed</strong></span> <span class='ocrx_word' id='word_1_329' title='bbox 1243 3093 1409 3151; x_wconf 90' lang='lat' dir='ltr'><strong>libido</strong></span> <span class='ocrx_word' id='word_1_330' title='bbox 1436 3095 1704 3165; x_wconf 86' lang='lat' dir='ltr'><strong>voluptas-</strong></span> 
     </span>
    </p>
   </div>
   <div class='ocr_carea' id='block_1_46' title="bbox 72 3186 1704 3260">
    <p class='ocr_par' dir='ltr' id='par_1_46' title="bbox 72 3186 1704 3260">
     <span class='ocr_line' id='line_1_46' title="bbox 72 3186 1704 3260; baseline -0.002 -15"><span class='ocrx_word' id='word_1_331' title='bbox 72 3204 202 3259; x_wconf 54' lang='lat' dir='ltr'><strong>,que</strong></span> <span class='ocrx_word' id='word_1_332' title='bbox 269 3188 497 3260; x_wconf 90' lang='lat' dir='ltr'><strong>peccati</strong></span> <span class='ocrx_word' id='word_1_333' title='bbox 553 3186 748 3252; x_wconf 87' lang='lat' dir='ltr'><strong>duxit,</strong></span> <span class='ocrx_word' id='word_1_334' title='bbox 802 3188 883 3243; x_wconf 90' lang='lat' dir='ltr'><strong>sic</strong></span> <span class='ocrx_word' id='word_1_335' title='bbox 938 3187 1099 3243; x_wconf 88' lang='lat' dir='ltr'><strong>modo</strong></span> <span class='ocrx_word' id='word_1_336' title='bbox 1152 3187 1437 3243; x_wconf 89' lang='lat' dir='ltr'><strong>delectatio</strong></span> <span class='ocrx_word' id='word_1_337' title='bbox 1479 3187 1704 3257; x_wconf 70' lang='lat' dir='ltr'><strong>iustitiae.</strong></span> 
     </span>
    </p>
   </div>
   <div class='ocr_carea' id='block_1_47' title="bbox 102 3276 1705 3349">
    <p class='ocr_par' dir='ltr' id='par_1_47' title="bbox 102 3276 1705 3349">
     <span class='ocr_line' id='line_1_47' title="bbox 102 3276 1705 3349; baseline -0.002 -16"><span class='ocrx_word' id='word_1_338' title='bbox 102 3279 302 3335; x_wconf 65' lang='lat' dir='ltr'><strong>adulta;</strong></span> <span class='ocrx_word' id='word_1_339' title='bbox 323 3318 340 3346; x_wconf 92' lang='lat'><strong>,</strong></span> <span class='ocrx_word' id='word_1_340' title='bbox 370 3277 482 3334; x_wconf 92' lang='lat' dir='ltr'><strong>etsi</strong></span> <span class='ocrx_word' id='word_1_341' title='bbox 512 3278 751 3335; x_wconf 91' lang='lat' dir='ltr'><strong>nondum</strong></span> <span class='ocrx_word' id='word_1_342' title='bbox 777 3277 1048 3349; x_wconf 77' lang='lat' dir='ltr'><strong>perfecta;</strong></span> <span class='ocrx_word' id='word_1_343' title='bbox 1087 3277 1232 3333; x_wconf 89' lang='lat' dir='ltr'><strong>unde</strong></span> <span class='ocrx_word' id='word_1_344' title='bbox 1267 3277 1405 3332; x_wconf 87' lang='lat' dir='ltr'><strong>dixit</strong></span> <span class='ocrx_word' id='word_1_345' title='bbox 1434 3295 1449 3331; x_wconf 89' lang='lat'><strong>:</strong></span> <span class='ocrx_word' id='word_1_346' title='bbox 1498 3276 1705 3330; x_wconf 85' lang='lat' dir='ltr'><strong>Huma-</strong></span> 
     </span>
    </p>
   </div>
   <div class='ocr_carea' id='block_1_48' title="bbox 105 3387 250 3425">
    <p class='ocr_par' dir='ltr' id='par_1_48' title="bbox 105 3387 250 3425">
     <span class='ocr_line' id='line_1_48' title="bbox 105 3387 250 3425; baseline 0.007 -1"><span class='ocrx_word' id='word_1_347' title='bbox 105 3387 250 3425; x_wconf 75' lang='lat' dir='ltr'><strong>nunt.</strong></span> 
     </span>
    </p>
   </div>
   <div class='ocr_carea' id='block_1_49' title="bbox 169 3457 1703 3528">
    <p class='ocr_par' dir='ltr' id='par_1_49' title="bbox 169 3457 1703 3528">
     <span class='ocr_line' id='line_1_49' title="bbox 169 3457 1703 3528; baseline -0.002 -14"><span class='ocrx_word' id='word_1_348' title='bbox 169 3460 260 3515; x_wconf 85' lang='lat' dir='ltr'><strong>Ita</strong></span> <span class='ocrx_word' id='word_1_349' title='bbox 292 3473 465 3515; x_wconf 87' lang='lat' dir='ltr'><strong>nunc.</strong></span> <span class='ocrx_word' id='word_1_350' title='bbox 498 3457 633 3527; x_wconf 85' lang='lat' dir='ltr'><strong>Quia</strong></span> <span class='ocrx_word' id='word_1_351' title='bbox 659 3458 778 3528; x_wconf 88' lang='lat' dir='ltr'><strong>plus</strong></span> <span class='ocrx_word' id='word_1_352' title='bbox 812 3458 977 3515; x_wconf 89' lang='lat' dir='ltr'><strong>etiam</strong></span> <span class='ocrx_word' id='word_1_353' title='bbox 1005 3458 1229 3515; x_wconf 89' lang='lat' dir='ltr'><strong>deberet</strong></span> <span class='ocrx_word' id='word_1_354' title='bbox 1267 3458 1442 3513; x_wconf 90' lang='lat' dir='ltr'><strong>amari</strong></span> <span class='ocrx_word' id='word_1_355' title='bbox 1468 3457 1703 3526; x_wconf 79' lang='lat' dir='ltr'><strong>justitia,</strong></span> 
     </span>
    </p>
   </div>
   <div class='ocr_carea' id='block_1_50' title="bbox 102 3548 1703 3622">
    <p class='ocr_par' dir='ltr' id='par_1_50' title="bbox 102 3548 1703 3622">
     <span class='ocr_line' id='line_1_50' title="bbox 102 3548 1703 3622; baseline -0.002 -15"><span class='ocrx_word' id='word_1_356' title='bbox 102 3567 268 3622; x_wconf 88' lang='lat' dir='ltr'><strong>quam</strong></span> <span class='ocrx_word' id='word_1_357' title='bbox 292 3560 439 3607; x_wconf 89' lang='lat' dir='ltr'><strong>tunc</strong></span> <span class='ocrx_word' id='word_1_358' title='bbox 460 3550 562 3605; x_wconf 82' lang='lat' dir='ltr'><strong>fuit</strong></span> <span class='ocrx_word' id='word_1_359' title='bbox 585 3550 866 3621; x_wconf 88' lang='lat' dir='ltr'><strong>iniquitas,</strong></span> <span class='ocrx_word' id='word_1_360' title='bbox 887 3559 947 3605; x_wconf 93' lang='lat' dir='ltr'><strong>ut</strong></span> <span class='ocrx_word' id='word_1_361' title='bbox 966 3564 1065 3620; x_wconf 90' lang='lat' dir='ltr'><strong>pro</strong></span> <span class='ocrx_word' id='word_1_362' title='bbox 1086 3550 1299 3621; x_wconf 90' lang='lat' dir='ltr'><strong>justitia</strong></span> <span class='ocrx_word' id='word_1_363' title='bbox 1327 3548 1518 3605; x_wconf 89' lang='lat' dir='ltr'><strong>toleret</strong></span> <span class='ocrx_word' id='word_1_364' title='bbox 1542 3549 1703 3604; x_wconf 90' lang='lat' dir='ltr'><strong>homo</strong></span> 
     </span>
    </p>
   </div>
   <div class='ocr_carea' id='block_1_51' title="bbox 101 3641 1487 3708">
    <p class='ocr_par' dir='ltr' id='par_1_51' title="bbox 101 3641 1487 3708">
     <span class='ocr_line' id='line_1_51' title="bbox 101 3641 1487 3708; baseline -0.004 -10"><span class='ocrx_word' id='word_1_365' title='bbox 101 3642 349 3708; x_wconf 89' lang='lat' dir='ltr'><strong>dolores,</strong></span> <span class='ocrx_word' id='word_1_366' title='bbox 381 3648 444 3697; x_wconf 91' lang='lat' dir='ltr'><strong>et</strong></span> <span class='ocrx_word' id='word_1_367' title='bbox 469 3648 781 3697; x_wconf 89' lang='lat' dir='ltr'><strong>contemnat</strong></span> <span class='ocrx_word' id='word_1_368' title='bbox 807 3641 1010 3705; x_wconf 91' lang='lat' dir='ltr'><strong>omnia,</strong></span> <span class='ocrx_word' id='word_1_369' title='bbox 1039 3642 1203 3695; x_wconf 89' lang='lat' dir='ltr'><strong>etiam</strong></span> <span class='ocrx_word' id='word_1_370' title='bbox 1236 3648 1487 3695; x_wconf 91' lang='lat' dir='ltr'><strong>mortem.</strong></span> 
     </span>
    </p>
   </div>
   <div class='ocr_carea' id='block_1_52' title="bbox 169 3749 1702 3822">
    <p class='ocr_par' dir='ltr' id='par_1_52' title="bbox 169 3749 1702 3822">
     <span class='ocr_line' id='line_1_52' title="bbox 169 3749 1702 3822; baseline 0.001 -16"><span class='ocrx_word' id='word_1_371' title='bbox 169 3750 346 3806; x_wconf 83' lang='lat' dir='ltr'><strong>Vens.</strong></span> <span class='ocrx_word' id='word_1_372' title='bbox 402 3749 497 3805; x_wconf 71' lang='lat'><strong>20.</strong></span> <span class='ocrx_word' id='word_1_373' title='bbox 538 3780 609 3791; x_wconf 97' lang='lat'><strong>—</strong></span> <span class='ocrx_word' id='word_1_374' title='bbox 647 3749 841 3805; x_wconf 84' lang='lat' dir='ltr'><strong>Liberi.</strong></span> <span class='ocrx_word' id='word_1_375' title='bbox 886 3750 1135 3807; x_wconf 90' lang='lat' dir='ltr'><strong>Libertas</strong></span> <span class='ocrx_word' id='word_1_376' title='bbox 1172 3752 1313 3807; x_wconf 88' lang='lat' dir='ltr'><strong>servi</strong></span> <span class='ocrx_word' id='word_1_377' title='bbox 1348 3760 1451 3817; x_wconf 90' lang='lat' dir='ltr'><strong>est,</strong></span> <span class='ocrx_word' id='word_1_378' title='bbox 1484 3752 1702 3822; x_wconf 92' lang='lat' dir='ltr'><strong>quando</strong></span> 
     </span>
    </p>
   </div>
   <div class='ocr_carea' id='block_1_53' title="bbox 101 3841 1697 3913">
    <p class='ocr_par' dir='ltr' id='par_1_53' title="bbox 101 3841 1697 3913">
     <span class='ocr_line' id='line_1_53' title="bbox 101 3841 1697 3913; baseline 0.001 -16"><span class='ocrx_word' id='word_1_379' title='bbox 101 3857 224 3897; x_wconf 92' lang='lat' dir='ltr'><strong>eum</strong></span> <span class='ocrx_word' id='word_1_380' title='bbox 272 3856 518 3913; x_wconf 88' lang='lat' dir='ltr'><strong>peccare</strong></span> <span class='ocrx_word' id='word_1_381' title='bbox 558 3841 806 3909; x_wconf 87' lang='lat' dir='ltr'><strong>delectat,</strong></span> <span class='ocrx_word' id='word_1_382' title='bbox 847 3842 991 3913; x_wconf 88' lang='lat' dir='ltr'><strong>quod</strong></span> <span class='ocrx_word' id='word_1_383' title='bbox 1030 3851 1116 3897; x_wconf 92' lang='lat' dir='ltr'><strong>est</strong></span> <span class='ocrx_word' id='word_1_384' title='bbox 1150 3856 1220 3900; x_wconf 86' lang='lat' dir='ltr'><strong>ex</strong></span> <span class='ocrx_word' id='word_1_385' title='bbox 1258 3842 1426 3898; x_wconf 91' lang='lat' dir='ltr'><strong>libero</strong></span> <span class='ocrx_word' id='word_1_386' title='bbox 1452 3842 1697 3899; x_wconf 89' lang='lat' dir='ltr'><strong>arbitrio.</strong></span> 
     </span>
    </p>
   </div>
   <div class='ocr_carea' id='block_1_54' title="bbox 98 3934 1702 4006">
    <p class='ocr_par' dir='ltr' id='par_1_54' title="bbox 98 3934 1702 4006">
     <span class='ocr_line' id='line_1_54' title="bbox 98 3934 1702 4006; baseline 0.002 -18"><span class='ocrx_word' id='word_1_387' title='bbox 98 3934 439 3991; x_wconf 86' lang='lat' dir='ltr'><strong>Liberaliter</strong></span> <span class='ocrx_word' id='word_1_388' title='bbox 483 3935 682 4002; x_wconf 90' lang='lat' dir='ltr'><strong>servit,</strong></span> <span class='ocrx_word' id='word_1_389' title='bbox 721 3936 813 4006; x_wconf 92' lang='lat' dir='ltr'><strong>qui</strong></span> <span class='ocrx_word' id='word_1_390' title='bbox 849 3935 1178 3991; x_wconf 87' lang='lat' dir='ltr'><strong>voluntatem</strong></span> <span class='ocrx_word' id='word_1_391' title='bbox 1214 3936 1425 3991; x_wconf 90' lang='lat' dir='ltr'><strong>Domini</strong></span> <span class='ocrx_word' id='word_1_392' title='bbox 1470 3935 1702 3992; x_wconf 89' lang='lat' dir='ltr'><strong>libenter</strong></span> 
     </span>
    </p>
   </div>
   <div class='ocr_carea' id='block_1_55' title="bbox 98 4026 1702 4099">
    <p class='ocr_par' dir='ltr' id='par_1_55' title="bbox 98 4026 1702 4099">
     <span class='ocr_line' id='line_1_55' title="bbox 98 4026 1702 4099; baseline 0.001 -18"><span class='ocrx_word' id='word_1_393' title='bbox 98 4027 265 4096; x_wconf 78' lang='lat' dir='ltr'><strong>facit;</strong></span> <span class='ocrx_word' id='word_1_394' title='bbox 297 4029 385 4086; x_wconf 89' lang='lat' dir='ltr'><strong>sic</strong></span> <span class='ocrx_word' id='word_1_395' title='bbox 415 4035 480 4085; x_wconf 78' lang='lat' dir='ltr'><strong>et</strong></span> <span class='ocrx_word' id='word_1_396' title='bbox 501 4026 726 4099; x_wconf 77' lang='lat' dir='ltr'><strong>justitia:</strong></span> <span class='ocrx_word' id='word_1_397' title='bbox 756 4027 926 4085; x_wconf 89' lang='lat' dir='ltr'><strong>libere</strong></span> <span class='ocrx_word' id='word_1_398' title='bbox 958 4028 1148 4096; x_wconf 89' lang='lat' dir='ltr'><strong>servit,</strong></span> <span class='ocrx_word' id='word_1_399' title='bbox 1177 4027 1269 4099; x_wconf 94' lang='lat' dir='ltr'><strong>qui</strong></span> <span class='ocrx_word' id='word_1_400' title='bbox 1302 4035 1469 4094; x_wconf 90' lang='lat' dir='ltr'><strong>amat,</strong></span> <span class='ocrx_word' id='word_1_401' title='bbox 1498 4027 1587 4099; x_wconf 90' lang='lat' dir='ltr'><strong>qui</strong></span> <span class='ocrx_word' id='word_1_402' title='bbox 1613 4027 1702 4083; x_wconf 79' lang='lat' dir='ltr'><strong>la:-</strong></span> 
     </span>
    </p>
   </div>
   <div class='ocr_carea' id='block_1_56' title="bbox 97 4127 269 4175">
    <p class='ocr_par' dir='ltr' id='par_1_56' title="bbox 97 4127 269 4175">
     <span class='ocr_line' id='line_1_56' title="bbox 97 4127 269 4175; baseline 0.023 -4"><span class='ocrx_word' id='word_1_403' title='bbox 97 4127 269 4175; x_wconf 91' lang='lat' dir='ltr'><strong>tatur.</strong></span> 
     </span>
    </p>
   </div>
   <div class='ocr_carea' id='block_1_57' title="bbox 168 4225 1704 4298">
    <p class='ocr_par' dir='ltr' id='par_1_57' title="bbox 168 4225 1704 4298">
     <span class='ocr_line' id='line_1_57' title="bbox 168 4225 1704 4298; baseline 0 -17"><span class='ocrx_word' id='word_1_404' title='bbox 168 4227 341 4284; x_wconf 87' lang='lat' dir='ltr'><strong>Vens.</strong></span> <span class='ocrx_word' id='word_1_405' title='bbox 371 4228 474 4283; x_wconf 77' lang='lat' dir='ltr'><strong>2i.</strong></span> <span class='ocrx_word' id='word_1_406' title='bbox 501 4256 574 4269; x_wconf 88' lang='lat'><strong><em>—</em></strong></span> <span class='ocrx_word' id='word_1_407' title='bbox 602 4226 767 4294; x_wconf 84' lang='lat' dir='ltr'><strong>Quem</strong></span> <span class='ocrx_word' id='word_1_408' title='bbox 795 4243 914 4298; x_wconf 89' lang='lat' dir='ltr'><strong>ergo</strong></span> <span class='ocrx_word' id='word_1_409' title='bbox 942 4226 1191 4297; x_wconf 82' lang='lat' dir='ltr'><strong>fructum.</strong></span> <span class='ocrx_word' id='word_1_410' title='bbox 1219 4225 1346 4282; x_wconf 66' lang='lat' dir='ltr'><strong>Haec</strong></span> <span class='ocrx_word' id='word_1_411' title='bbox 1376 4239 1704 4281; x_wconf 89' lang='lat' dir='ltr'><strong>rememora-</strong></span> 
     </span>
    </p>
   </div>
   <div class='ocr_carea' id='block_1_58' title="bbox 98 4318 1701 4394">
    <p class='ocr_par' dir='ltr' id='par_1_58' title="bbox 98 4318 1701 4394">
     <span class='ocr_line' id='line_1_58' title="bbox 98 4318 1701 4394; baseline -0.001 -20"><span class='ocrx_word' id='word_1_412' title='bbox 98 4320 173 4394; x_wconf 72' lang='lat' dir='ltr'><strong>tio</strong></span> <span class='ocrx_word' id='word_1_413' title='bbox 212 4319 353 4376; x_wconf 80' lang='lat' dir='ltr'><strong>facit</strong></span> <span class='ocrx_word' id='word_1_414' title='bbox 388 4318 578 4391; x_wconf 87' lang='lat' dir='ltr'><strong>priora</strong></span> <span class='ocrx_word' id='word_1_415' title='bbox 620 4319 945 4385; x_wconf 88' lang='lat' dir='ltr'><strong>abhorrere,</strong></span> <span class='ocrx_word' id='word_1_416' title='bbox 981 4326 1036 4374; x_wconf 91' lang='lat' dir='ltr'><strong>et</strong></span> <span class='ocrx_word' id='word_1_417' title='bbox 1076 4318 1248 4390; x_wconf 89' lang='lat' dir='ltr'><strong>magis</strong></span> <span class='ocrx_word' id='word_1_418' title='bbox 1276 4318 1538 4373; x_wconf 91' lang='lat' dir='ltr'><strong>obnoxios</strong></span> <span class='ocrx_word' id='word_1_419' title='bbox 1573 4333 1701 4387; x_wconf 89' lang='lat' dir='ltr'><strong>gra-</strong></span> 
     </span>
    </p>
   </div>
   <div class='ocr_carea' id='block_1_59' title="bbox 98 4406 1698 4479">
    <p class='ocr_par' dir='ltr' id='par_1_59' title="bbox 98 4406 1698 4479">
     <span class='ocr_line' id='line_1_59' title="bbox 98 4406 1698 4479; baseline 0 -17"><span class='ocrx_word' id='word_1_420' title='bbox 98 4410 207 4464; x_wconf 75' lang='lat' dir='ltr'><strong>tize.</strong></span> <span class='ocrx_word' id='word_1_421' title='bbox 252 4407 613 4464; x_wconf 86' lang='lat' dir='ltr'><strong>Erubescitis.</strong></span> <span class='ocrx_word' id='word_1_422' title='bbox 642 4407 737 4463; x_wconf 87' lang='lat' dir='ltr'><strong>Est</strong></span> <span class='ocrx_word' id='word_1_423' title='bbox 769 4408 912 4463; x_wconf 89' lang='lat' dir='ltr'><strong>enim</strong></span> <span class='ocrx_word' id='word_1_424' title='bbox 939 4408 1184 4479; x_wconf 61' lang='lat' dir='ltr'><strong>quadam</strong></span> <span class='ocrx_word' id='word_1_425' title='bbox 1228 4406 1537 4478; x_wconf 88' lang='lat' dir='ltr'><strong>temporalis</strong></span> <span class='ocrx_word' id='word_1_426' title='bbox 1567 4422 1698 4462; x_wconf 90' lang='lat' dir='ltr'><strong>con-</strong></span> 
     </span>
    </p>
   </div>
   <div class='ocr_carea' id='block_1_60' title="bbox 96 4497 1698 4569">
    <p class='ocr_par' dir='ltr' id='par_1_60' title="bbox 96 4497 1698 4569">
     <span class='ocr_line' id='line_1_60' title="bbox 96 4497 1698 4569; baseline -0.001 -15"><span class='ocrx_word' id='word_1_427' title='bbox 96 4500 261 4567; x_wconf 83' lang='lat' dir='ltr'><strong>fusio,</strong></span> <span class='ocrx_word' id='word_1_428' title='bbox 285 4500 538 4565; x_wconf 87' lang='lat' dir='ltr'><strong>scilicet,</strong></span> <span class='ocrx_word' id='word_1_429' title='bbox 558 4498 893 4569; x_wconf 89' lang='lat' dir='ltr'><strong>perturbatio</strong></span> <span class='ocrx_word' id='word_1_430' title='bbox 918 4497 1081 4552; x_wconf 89' lang='lat' dir='ltr'><strong>animi</strong></span> <span class='ocrx_word' id='word_1_431' title='bbox 1108 4497 1449 4568; x_wconf 89' lang='lat' dir='ltr'><strong>respicientis</strong></span> <span class='ocrx_word' id='word_1_432' title='bbox 1476 4506 1698 4567; x_wconf 89' lang='lat' dir='ltr'><strong>peccata</strong></span> 
     </span>
    </p>
   </div>
   <div class='ocr_carea' id='block_1_61' title="bbox 96 4581 1779 4661">
    <p class='ocr_par' dir='ltr' id='par_1_61' title="bbox 96 4581 1779 4661">
     <span class='ocr_line' id='line_1_61' title="bbox 96 4581 1779 4661; baseline -0.002 -14"><span class='ocrx_word' id='word_1_433' title='bbox 96 4608 217 4660; x_wconf 86' lang='lat' dir='ltr'><strong>sua,</strong></span> <span class='ocrx_word' id='word_1_434' title='bbox 246 4602 307 4649; x_wconf 90' lang='lat' dir='ltr'><strong>et</strong></span> <span class='ocrx_word' id='word_1_435' title='bbox 337 4590 688 4661; x_wconf 87' lang='lat' dir='ltr'><strong>respectione</strong></span> <span class='ocrx_word' id='word_1_436' title='bbox 715 4589 1007 4655; x_wconf 89' lang='lat' dir='ltr'><strong>horrentis,</strong></span> <span class='ocrx_word' id='word_1_437' title='bbox 1039 4597 1094 4644; x_wconf 89' lang='lat' dir='ltr'><strong>et</strong></span> <span class='ocrx_word' id='word_1_438' title='bbox 1123 4589 1348 4644; x_wconf 83' lang='lat' dir='ltr'><strong>horrore</strong></span> <span class='ocrx_word' id='word_1_439' title='bbox 1370 4588 1699 4644; x_wconf 88' lang='lat' dir='ltr'><strong>erubescen-</strong></span> <span class='ocrx_word' id='word_1_440' title='bbox 1723 4581 1779 4644; x_wconf 88' lang='lat' dir='ltr'><strong>D</strong></span> 
     </span>
    </p>
   </div>
   <div class='ocr_carea' id='block_1_62' title="bbox 94 4678 1695 4751">
    <p class='ocr_par' dir='ltr' id='par_1_62' title="bbox 94 4678 1695 4751">
     <span class='ocr_line' id='line_1_62' title="bbox 94 4678 1695 4751; baseline -0.001 -14"><span class='ocrx_word' id='word_1_441' title='bbox 94 4692 193 4749; x_wconf 78' lang='lat' dir='ltr'><strong>tis,</strong></span> <span class='ocrx_word' id='word_1_442' title='bbox 224 4692 285 4739; x_wconf 89' lang='lat' dir='ltr'><strong>et</strong></span> <span class='ocrx_word' id='word_1_443' title='bbox 315 4681 699 4739; x_wconf 86' lang='lat' dir='ltr'><strong>erubescendo</strong></span> <span class='ocrx_word' id='word_1_444' title='bbox 726 4680 1067 4751; x_wconf 88' lang='lat' dir='ltr'><strong>corrigentis.</strong></span> <span class='ocrx_word' id='word_1_445' title='bbox 1108 4678 1261 4733; x_wconf 85' lang='lat' dir='ltr'><strong>Finis</strong></span> <span class='ocrx_word' id='word_1_446' title='bbox 1299 4678 1545 4747; x_wconf 87' lang='lat' dir='ltr'><strong>illorum,</strong></span> <span class='ocrx_word' id='word_1_447' title='bbox 1590 4688 1695 4735; x_wconf 89' lang='lat' dir='ltr'><strong>etc.</strong></span> 
     </span>
    </p>
   </div>
   <div class='ocr_carea' id='block_1_63' title="bbox 93 4770 1701 4842">
    <p class='ocr_par' dir='ltr' id='par_1_63' title="bbox 93 4770 1701 4842">
     <span class='ocr_line' id='line_1_63' title="bbox 93 4770 1701 4842; baseline -0.002 -12"><span class='ocrx_word' id='word_1_448' title='bbox 93 4774 233 4842; x_wconf 86' lang='lat' dir='ltr'><strong>Quia</strong></span> <span class='ocrx_word' id='word_1_449' title='bbox 283 4788 451 4830; x_wconf 88' lang='lat' dir='ltr'><strong>mors</strong></span> <span class='ocrx_word' id='word_1_450' title='bbox 496 4780 582 4828; x_wconf 89' lang='lat' dir='ltr'><strong>est</strong></span> <span class='ocrx_word' id='word_1_451' title='bbox 627 4772 786 4842; x_wconf 90' lang='lat' dir='ltr'><strong>digna</strong></span> <span class='ocrx_word' id='word_1_452' title='bbox 828 4770 1112 4827; x_wconf 88' lang='lat' dir='ltr'><strong>retributio</strong></span> <span class='ocrx_word' id='word_1_453' title='bbox 1154 4784 1253 4841; x_wconf 92' lang='lat' dir='ltr'><strong>pro</strong></span> <span class='ocrx_word' id='word_1_454' title='bbox 1289 4778 1557 4841; x_wconf 84' lang='lat' dir='ltr'><strong>peccato:</strong></span> <span class='ocrx_word' id='word_1_455' title='bbox 1604 4771 1701 4826; x_wconf 89' lang='lat' dir='ltr'><strong>sed</strong></span> 
     </span>
    </p>
   </div>
   <div class='ocr_carea' id='block_1_64' title="bbox 89 4864 1705 4938">
    <p class='ocr_par' dir='ltr' id='par_1_64' title="bbox 89 4864 1705 4938">
     <span class='ocr_line' id='line_1_64' title="bbox 89 4864 1705 4938; baseline -0.004 -14"><span class='ocrx_word' id='word_1_456' title='bbox 89 4870 202 4925; x_wconf 89' lang='lat' dir='ltr'><strong>vita</strong></span> <span class='ocrx_word' id='word_1_457' title='bbox 230 4878 479 4935; x_wconf 67' lang='lat' dir='ltr'><strong>aeterna,</strong></span> <span class='ocrx_word' id='word_1_458' title='bbox 510 4883 629 4938; x_wconf 72' lang='lat' dir='ltr'><strong>qua:</strong></span> <span class='ocrx_word' id='word_1_459' title='bbox 657 4875 741 4923; x_wconf 90' lang='lat' dir='ltr'><strong>est</strong></span> <span class='ocrx_word' id='word_1_460' title='bbox 780 4866 905 4922; x_wconf 90' lang='lat' dir='ltr'><strong>ﬁnis</strong></span> <span class='ocrx_word' id='word_1_461' title='bbox 934 4866 1227 4937; x_wconf 74' lang='lat' dir='ltr'><strong>iustorum,</strong></span> <span class='ocrx_word' id='word_1_462' title='bbox 1261 4864 1374 4921; x_wconf 91' lang='lat' dir='ltr'><strong>sola</strong></span> <span class='ocrx_word' id='word_1_463' title='bbox 1402 4865 1576 4934; x_wconf 90' lang='lat' dir='ltr'><strong>gratia</strong></span> <span class='ocrx_word' id='word_1_464' title='bbox 1608 4865 1705 4919; x_wconf 87' lang='lat' dir='ltr'><strong>da-</strong></span> 
     </span>
    </p>
   </div>
   <div class='ocr_carea' id='block_1_65' title="bbox 91 4957 1699 5034">
    <p class='ocr_par' dir='ltr' id='par_1_65' title="bbox 91 4957 1699 5034">
     <span class='ocr_line' id='line_1_65' title="bbox 91 4957 1699 5034; baseline -0.001 -19"><span class='ocrx_word' id='word_1_465' title='bbox 91 4971 182 5017; x_wconf 92' lang='lat' dir='ltr'><strong>tur</strong></span> <span class='ocrx_word' id='word_1_466' title='bbox 208 4979 315 5034; x_wconf 90' lang='lat' dir='ltr'><strong>per</strong></span> <span class='ocrx_word' id='word_1_467' title='bbox 353 4962 661 5028; x_wconf 89' lang='lat' dir='ltr'><strong>Christum,</strong></span> <span class='ocrx_word' id='word_1_468' title='bbox 690 4961 817 5033; x_wconf 92' lang='lat' dir='ltr'><strong>quia</strong></span> <span class='ocrx_word' id='word_1_469' title='bbox 850 4968 906 5018; x_wconf 90' lang='lat' dir='ltr'><strong>et</strong></span> <span class='ocrx_word' id='word_1_470' title='bbox 932 4961 1126 5016; x_wconf 92' lang='lat' dir='ltr'><strong>merita</strong></span> <span class='ocrx_word' id='word_1_471' title='bbox 1159 4974 1226 5015; x_wconf 90' lang='lat' dir='ltr'><strong>ex</strong></span> <span class='ocrx_word' id='word_1_472' title='bbox 1256 4959 1450 5031; x_wconf 88' lang='lat' dir='ltr'><strong>gratia,</strong></span> <span class='ocrx_word' id='word_1_473' title='bbox 1482 4967 1537 5014; x_wconf 91' lang='lat' dir='ltr'><strong>et</strong></span> <span class='ocrx_word' id='word_1_474' title='bbox 1573 4957 1699 5013; x_wconf 89' lang='lat' dir='ltr'><strong>red-</strong></span> 
     </span>
    </p>
   </div>
   <div class='ocr_carea' id='block_1_66' title="bbox 88 5053 829 5128">
    <p class='ocr_par' dir='ltr' id='par_1_66' title="bbox 88 5053 829 5128">
     <span class='ocr_line' id='line_1_66' title="bbox 88 5053 829 5128; baseline -0.004 -17"><span class='ocrx_word' id='word_1_475' title='bbox 88 5057 255 5111; x_wconf 88' lang='lat' dir='ltr'><strong>detur</strong></span> <span class='ocrx_word' id='word_1_476' title='bbox 288 5054 479 5128; x_wconf 86' lang='lat' dir='ltr'><strong>gratia</strong></span> <span class='ocrx_word' id='word_1_477' title='bbox 511 5069 608 5124; x_wconf 90' lang='lat' dir='ltr'><strong>pro</strong></span> <span class='ocrx_word' id='word_1_478' title='bbox 636 5053 829 5126; x_wconf 91' lang='lat' dir='ltr'><strong>gratia.</strong></span> 
     </span>
    </p>
   </div>
   <div class='ocr_carea' id='block_1_67' title="bbox 162 5167 1703 5240">
    <p class='ocr_par' dir='ltr' id='par_1_67' title="bbox 162 5167 1703 5240">
     <span class='ocr_line' id='line_1_67' title="bbox 162 5167 1703 5240; baseline 0.001 -17"><span class='ocrx_word' id='word_1_479' title='bbox 162 5169 345 5226; x_wconf 80' lang='lat' dir='ltr'><strong>Vens.</strong></span> <span class='ocrx_word' id='word_1_480' title='bbox 396 5169 492 5224; x_wconf 72' lang='grc'><strong>22.</strong></span> <span class='ocrx_word' id='word_1_481' title='bbox 527 5198 600 5209; x_wconf 93' lang='lat'>—</span> <span class='ocrx_word' id='word_1_482' title='bbox 640 5167 797 5223; x_wconf 85' lang='lat' dir='ltr'><strong>Nunc</strong></span> <span class='ocrx_word' id='word_1_483' title='bbox 837 5184 954 5223; x_wconf 81' lang='lat' dir='ltr'><strong>vero</strong></span> <span class='ocrx_word' id='word_1_484' title='bbox 991 5167 1216 5223; x_wconf 86' lang='lat' dir='ltr'><strong>liberati.</strong></span> <span class='ocrx_word' id='word_1_485' title='bbox 1255 5167 1439 5240; x_wconf 80' lang='lat' dir='ltr'><strong>(Auc.)</strong></span> <span class='ocrx_word' id='word_1_486' title='bbox 1481 5168 1703 5225; x_wconf 86' lang='lat' dir='ltr'><strong>Liberos</strong></span> 
     </span>
    </p>
   </div>
   <div class='ocr_carea' id='block_1_68' title="bbox 87 5258 1701 5330">
    <p class='ocr_par' dir='ltr' id='par_1_68' title="bbox 87 5258 1701 5330">
     <span class='ocr_line' id='line_1_68' title="bbox 87 5258 1701 5330; baseline 0.001 -16"><span class='ocrx_word' id='word_1_487' title='bbox 87 5261 231 5317; x_wconf 80' lang='lat' dir='ltr'><strong>dixit</strong></span> <span class='ocrx_word' id='word_1_488' title='bbox 268 5258 531 5329; x_wconf 68' lang='lat' dir='ltr'><strong>iustitiae,</strong></span> <span class='ocrx_word' id='word_1_489' title='bbox 571 5273 677 5313; x_wconf 93' lang='lat' dir='ltr'><strong>non</strong></span> <span class='ocrx_word' id='word_1_490' title='bbox 718 5258 973 5313; x_wconf 89' lang='lat' dir='ltr'><strong>liberatos</strong></span> <span class='ocrx_word' id='word_1_491' title='bbox 1012 5273 1027 5313; x_wconf 90' lang='lat'><strong>:</strong></span> <span class='ocrx_word' id='word_1_492' title='bbox 1072 5274 1219 5314; x_wconf 92' lang='lat' dir='ltr'><strong>nunc</strong></span> <span class='ocrx_word' id='word_1_493' title='bbox 1260 5274 1293 5313; x_wconf 90' lang='lat' dir='ltr'><strong>a</strong></span> <span class='ocrx_word' id='word_1_494' title='bbox 1328 5269 1553 5330; x_wconf 88' lang='lat' dir='ltr'><strong>peccato</strong></span> <span class='ocrx_word' id='word_1_495' title='bbox 1592 5275 1701 5315; x_wconf 89' lang='lat' dir='ltr'><strong>non</strong></span> 
     </span>
    </p>
   </div>
   <div class='ocr_carea' id='block_1_69' title="bbox 86 5349 1703 5424">
    <p class='ocr_par' dir='ltr' id='par_1_69' title="bbox 86 5349 1703 5424">
     <span class='ocr_line' id='line_1_69' title="bbox 86 5349 1703 5424; baseline 0.004 -21"><span class='ocrx_word' id='word_1_496' title='bbox 86 5349 332 5418; x_wconf 89' lang='lat' dir='ltr'><strong>liberos,</strong></span> <span class='ocrx_word' id='word_1_497' title='bbox 374 5364 447 5405; x_wconf 87' lang='lat' dir='ltr'><strong>ne</strong></span> <span class='ocrx_word' id='word_1_498' title='bbox 488 5350 590 5406; x_wconf 90' lang='lat' dir='ltr'><strong>sibi</strong></span> <span class='ocrx_word' id='word_1_499' title='bbox 623 5351 725 5406; x_wconf 88' lang='lat' dir='ltr'><strong>hoc</strong></span> <span class='ocrx_word' id='word_1_500' title='bbox 757 5350 1014 5417; x_wconf 90' lang='lat' dir='ltr'><strong>tribuant,</strong></span> <span class='ocrx_word' id='word_1_501' title='bbox 1046 5352 1141 5407; x_wconf 90' lang='lat' dir='ltr'><strong>sed</strong></span> <span class='ocrx_word' id='word_1_502' title='bbox 1168 5350 1296 5407; x_wconf 90' lang='lat' dir='ltr'><strong>dicit</strong></span> <span class='ocrx_word' id='word_1_503' title='bbox 1319 5353 1544 5424; x_wconf 90' lang='lat' dir='ltr'><strong>proinde</strong></span> <span class='ocrx_word' id='word_1_504' title='bbox 1568 5352 1703 5409; x_wconf 86' lang='lat' dir='ltr'><strong>libe-</strong></span> 
     </span>
    </p>
   </div>
   <div class='ocr_carea' id='block_1_70' title="bbox 82 5440 1697 5510">
    <p class='ocr_par' dir='ltr' id='par_1_70' title="bbox 82 5440 1697 5510">
     <span class='ocr_line' id='line_1_70' title="bbox 82 5440 1697 5510; baseline 0.001 -13"><span class='ocrx_word' id='word_1_505' title='bbox 82 5452 279 5510; x_wconf 86' lang='lat' dir='ltr'><strong>ratos,</strong></span> <span class='ocrx_word' id='word_1_506' title='bbox 316 5441 398 5498; x_wconf 87' lang='lat' dir='ltr'><strong>ad</strong></span> <span class='ocrx_word' id='word_1_507' title='bbox 436 5442 759 5498; x_wconf 90' lang='lat' dir='ltr'><strong>sententiam</strong></span> <span class='ocrx_word' id='word_1_508' title='bbox 790 5441 1003 5497; x_wconf 91' lang='lat' dir='ltr'><strong>Domini</strong></span> <span class='ocrx_word' id='word_1_509' title='bbox 1036 5457 1051 5496; x_wconf 89' lang='lat'><strong>:</strong></span> <span class='ocrx_word' id='word_1_510' title='bbox 1084 5441 1145 5498; x_wconf 93' lang='lat' dir='ltr'><strong>Si</strong></span> <span class='ocrx_word' id='word_1_511' title='bbox 1181 5440 1359 5499; x_wconf 85' lang='lat' dir='ltr'><strong>Filius</strong></span> <span class='ocrx_word' id='word_1_512' title='bbox 1385 5459 1472 5499; x_wconf 83' lang='lat' dir='ltr'><strong>vos</strong></span> <span class='ocrx_word' id='word_1_513' title='bbox 1501 5443 1697 5499; x_wconf 86' lang='lat' dir='ltr'><strong>libera-</strong></span> 
     </span>
    </p>
   </div>
   <div class='ocr_carea' id='block_1_71' title="bbox 82 5532 1144 5606">
    <p class='ocr_par' dir='ltr' id='par_1_71' title="bbox 82 5532 1144 5606">
     <span class='ocr_line' id='line_1_71' title="bbox 82 5532 1144 5606; baseline 0.002 -19"><span class='ocrx_word' id='word_1_514' title='bbox 82 5536 244 5599; x_wconf 74' lang='lat' dir='ltr'><strong>verit,</strong></span> <span class='ocrx_word' id='word_1_515' title='bbox 285 5550 420 5589; x_wconf 73' lang='lat' dir='ltr'><strong>rere</strong></span> <span class='ocrx_word' id='word_1_516' title='bbox 447 5532 596 5587; x_wconf 82' lang='lat' dir='ltr'><strong>liberi</strong></span> <span class='ocrx_word' id='word_1_517' title='bbox 621 5535 766 5589; x_wconf 88' lang='lat' dir='ltr'><strong>eritis</strong></span> <span class='ocrx_word' id='word_1_518' title='bbox 793 5533 976 5606; x_wconf 81' lang='lat' dir='ltr'><strong>(Joan.</strong></span> <span class='ocrx_word' id='word_1_519' title='bbox 1003 5533 1144 5606; x_wconf 85' lang='lat' dir='ltr'><strong>vm).</strong></span> 
     </span>
    </p>
   </div>
   <div class='ocr_carea' id='block_1_72' title="bbox 154 5626 1701 5700">
    <p class='ocr_par' dir='ltr' id='par_1_72' title="bbox 154 5626 1701 5700">
     <span class='ocr_line' id='line_1_72' title="bbox 154 5626 1701 5700; baseline 0.002 -16"><span class='ocrx_word' id='word_1_520' title='bbox 154 5626 481 5699; x_wconf 79' lang='lat' dir='ltr'><strong>Stipendia.</strong></span> <span class='ocrx_word' id='word_1_521' title='bbox 526 5626 715 5683; x_wconf 79' lang='lat' dir='ltr'><strong>Merito</strong></span> <span class='ocrx_word' id='word_1_522' title='bbox 751 5628 1097 5699; x_wconf 89' lang='lat' dir='ltr'><strong>stipendium,</strong></span> <span class='ocrx_word' id='word_1_523' title='bbox 1121 5629 1246 5700; x_wconf 88' lang='lat' dir='ltr'><strong>quia</strong></span> <span class='ocrx_word' id='word_1_524' title='bbox 1276 5627 1484 5685; x_wconf 70' lang='lat' dir='ltr'><strong>militia:</strong></span> <span class='ocrx_word' id='word_1_525' title='bbox 1518 5628 1701 5687; x_wconf 89' lang='lat' dir='ltr'><strong>diabo-</strong></span> 
     </span>
    </p>
   </div>
   <div class='ocr_carea' id='block_1_73' title="bbox 80 5722 1701 5792">
    <p class='ocr_par' dir='ltr' id='par_1_73' title="bbox 80 5722 1701 5792">
     <span class='ocr_line' id='line_1_73' title="bbox 80 5722 1701 5792; baseline 0.003 -18"><span class='ocrx_word' id='word_1_526' title='bbox 80 5722 211 5777; x_wconf 66' lang='lat' dir='ltr'><strong>lica:</strong></span> <span class='ocrx_word' id='word_1_527' title='bbox 266 5736 437 5777; x_wconf 81' lang='lat' dir='ltr'><strong>mors</strong></span> <span class='ocrx_word' id='word_1_528' title='bbox 478 5730 679 5776; x_wconf 66' lang='lat' dir='ltr'><strong>aeterna</strong></span> <span class='ocrx_word' id='word_1_529' title='bbox 721 5729 975 5792; x_wconf 86' lang='lat' dir='ltr'><strong>tanquam</strong></span> <span class='ocrx_word' id='word_1_530' title='bbox 1019 5722 1257 5778; x_wconf 88' lang='lat' dir='ltr'><strong>debitum</strong></span> <span class='ocrx_word' id='word_1_531' title='bbox 1302 5723 1561 5778; x_wconf 87' lang='lat' dir='ltr'><strong>redditur.</strong></span> <span class='ocrx_word' id='word_1_532' title='bbox 1604 5724 1701 5779; x_wconf 88' lang='lat' dir='ltr'><strong>Cui</strong></span> 
     </span>
    </p>
   </div>
   <div class='ocr_carea' id='block_1_74' title="bbox 78 5812 1701 5888">
    <p class='ocr_par' dir='ltr' id='par_1_74' title="bbox 78 5812 1701 5888">
     <span class='ocr_line' id='line_1_74' title="bbox 78 5812 1701 5888; baseline 0.001 -17"><span class='ocrx_word' id='word_1_533' title='bbox 78 5816 367 5871; x_wconf 87' lang='lat' dir='ltr'><strong>redderet</strong></span> <span class='ocrx_word' id='word_1_534' title='bbox 395 5828 649 5871; x_wconf 90' lang='lat' dir='ltr'><strong>coronam</strong></span> <span class='ocrx_word' id='word_1_535' title='bbox 666 5812 844 5883; x_wconf 88' lang='lat' dir='ltr'><strong>justus</strong></span> <span class='ocrx_word' id='word_1_536' title='bbox 873 5812 1065 5880; x_wconf 83' lang='lat' dir='ltr'><strong>Judex,</strong></span> <span class='ocrx_word' id='word_1_537' title='bbox 1095 5815 1139 5872; x_wconf 84' lang='lat' dir='ltr'><strong>si</strong></span> <span class='ocrx_word' id='word_1_538' title='bbox 1172 5829 1277 5870; x_wconf 91' lang='lat' dir='ltr'><strong>non</strong></span> <span class='ocrx_word' id='word_1_539' title='bbox 1305 5816 1557 5874; x_wconf 87' lang='lat' dir='ltr'><strong>donasset</strong></span> <span class='ocrx_word' id='word_1_540' title='bbox 1579 5833 1701 5888; x_wconf 82' lang='lat' dir='ltr'><strong>gra-</strong></span> 
     </span>
    </p>
   </div>
   <div class='ocr_carea' id='block_1_75' title="bbox 481 5907 1019 5974">
    <p class='ocr_par' dir='ltr' id='par_1_75' title="bbox 481 5907 1019 5974">
     <span class='ocr_line' id='line_1_75' title="bbox 481 5907 1019 5974; baseline 0.006 -4"><span class='ocrx_word' id='word_1_541' title='bbox 481 5910 756 5972; x_wconf 69' lang='lat' dir='ltr'><strong>Ps&#39;rnoe.</strong></span> <span class='ocrx_word' id='word_1_542' title='bbox 802 5907 1019 5974; x_wconf 79' lang='lat' dir='ltr'><strong>CXIV.</strong></span> 
     </span>
    </p>
   </div>
   <div class='ocr_carea' id='block_1_76' title="bbox 1810 1958 3391 2039">
    <p class='ocr_par' dir='ltr' id='par_1_76' title="bbox 1810 1958 3391 2039">
     <span class='ocr_line' id='line_1_76' title="bbox 1810 1958 3391 2039; baseline 0.008 -27"><span class='ocrx_word' id='word_1_543' title='bbox 1810 1965 1974 2013; x_wconf 90' lang='lat' dir='ltr'><strong>stum.</strong></span> <span class='ocrx_word' id='word_1_544' title='bbox 2008 1958 2153 2016; x_wconf 93' lang='lat' dir='ltr'><strong>Ordo</strong></span> <span class='ocrx_word' id='word_1_545' title='bbox 2201 1976 2217 2015; x_wconf 91' lang='lat'><strong>:</strong></span> <span class='ocrx_word' id='word_1_546' title='bbox 2274 1961 2356 2018; x_wconf 84' lang='lat' dir='ltr'><strong>An</strong></span> <span class='ocrx_word' id='word_1_547' title='bbox 2411 1964 2672 2035; x_wconf 90' lang='lat' dir='ltr'><strong>ignoratis</strong></span> <span class='ocrx_word' id='word_1_548' title='bbox 2724 1965 2825 2021; x_wconf 87' lang='lat' dir='ltr'><strong>hoc</strong></span> <span class='ocrx_word' id='word_1_549' title='bbox 2857 1967 3102 2023; x_wconf 90' lang='lat' dir='ltr'><strong>scilicet:</strong></span> <span class='ocrx_word' id='word_1_550' title='bbox 3134 1968 3259 2039; x_wconf 86' lang='lat' dir='ltr'><strong>quia</strong></span> <span class='ocrx_word' id='word_1_551' title='bbox 3302 1968 3391 2025; x_wconf 79' lang='lat' dir='ltr'><strong>lex</strong></span> 
     </span>
    </p>
   </div>
   <div class='ocr_carea' id='block_1_77' title="bbox 1808 2050 3386 2128">
    <p class='ocr_par' dir='ltr' id='par_1_77' title="bbox 1808 2050 3386 2128">
     <span class='ocr_line' id='line_1_77' title="bbox 1808 2050 3386 2128; baseline 0.006 -23"><span class='ocrx_word' id='word_1_552' title='bbox 1808 2050 2072 2108; x_wconf 91' lang='lat' dir='ltr'><strong>naturalis</strong></span> <span class='ocrx_word' id='word_1_553' title='bbox 2112 2052 2167 2107; x_wconf 92' lang='lat' dir='ltr'><strong>in</strong></span> <span class='ocrx_word' id='word_1_554' title='bbox 2206 2054 2427 2110; x_wconf 88' lang='lat' dir='ltr'><strong>homine</strong></span> <span class='ocrx_word' id='word_1_555' title='bbox 2468 2055 2777 2111; x_wconf 90' lang='lat' dir='ltr'><strong>dominatur</strong></span> <span class='ocrx_word' id='word_1_556' title='bbox 2803 2066 3005 2127; x_wconf 92' lang='lat' dir='ltr'><strong>quanto</strong></span> <span class='ocrx_word' id='word_1_557' title='bbox 3036 2067 3277 2128; x_wconf 90' lang='lat' dir='ltr'><strong>tempore</strong></span> <span class='ocrx_word' id='word_1_558' title='bbox 3304 2061 3386 2114; x_wconf 87' lang='lat' dir='ltr'><strong>vi-</strong></span> 
     </span>
    </p>
   </div>
   <div class='ocr_carea' id='block_1_78' title="bbox 1806 2140 3393 2219">
    <p class='ocr_par' dir='ltr' id='par_1_78' title="bbox 1806 2140 3393 2219">
     <span class='ocr_line' id='line_1_78' title="bbox 1806 2140 3393 2219; baseline 0.007 -25"><span class='ocrx_word' id='word_1_559' title='bbox 1806 2140 1902 2203; x_wconf 89' lang='lat' dir='ltr'><strong>vit,</strong></span> <span class='ocrx_word' id='word_1_560' title='bbox 1929 2141 2072 2212; x_wconf 90' lang='lat' dir='ltr'><strong>quod</strong></span> <span class='ocrx_word' id='word_1_561' title='bbox 2094 2157 2200 2197; x_wconf 92' lang='lat' dir='ltr'><strong>non</strong></span> <span class='ocrx_word' id='word_1_562' title='bbox 2231 2142 2442 2200; x_wconf 86' lang='lat' dir='ltr'><strong>debetis</strong></span> <span class='ocrx_word' id='word_1_563' title='bbox 2466 2144 2716 2215; x_wconf 89' lang='lat' dir='ltr'><strong>ignorare</strong></span> <span class='ocrx_word' id='word_1_564' title='bbox 2740 2163 2754 2212; x_wconf 91' lang='lat'><strong>;</strong></span> <span class='ocrx_word' id='word_1_565' title='bbox 2787 2147 2915 2216; x_wconf 89' lang='lat' dir='ltr'><strong>quia</strong></span> <span class='ocrx_word' id='word_1_566' title='bbox 2936 2147 3107 2219; x_wconf 86' lang='lat' dir='ltr'><strong>legem</strong></span> <span class='ocrx_word' id='word_1_567' title='bbox 3136 2149 3307 2214; x_wconf 91' lang='lat' dir='ltr'><strong>scitis,</strong></span> <span class='ocrx_word' id='word_1_568' title='bbox 3334 2159 3393 2206; x_wconf 90' lang='lat' dir='ltr'><strong>et</strong></span> 
     </span>
    </p>
   </div>
   <div class='ocr_carea' id='block_1_79' title="bbox 1807 2233 3383 2311">
    <p class='ocr_par' dir='ltr' id='par_1_79' title="bbox 1807 2233 3383 2311">
     <span class='ocr_line' id='line_1_79' title="bbox 1807 2233 3383 2311; baseline 0.007 -24"><span class='ocrx_word' id='word_1_569' title='bbox 1807 2248 1908 2303; x_wconf 86' lang='lat' dir='ltr'><strong>ego</strong></span> <span class='ocrx_word' id='word_1_570' title='bbox 1936 2233 2129 2304; x_wconf 87' lang='lat' dir='ltr'><strong>loquor</strong></span> <span class='ocrx_word' id='word_1_571' title='bbox 2148 2234 2447 2293; x_wconf 89' lang='lat' dir='ltr'><strong>scientibus</strong></span> <span class='ocrx_word' id='word_1_572' title='bbox 2475 2236 2692 2307; x_wconf 87' lang='lat' dir='ltr'><strong>legem?</strong></span> <span class='ocrx_word' id='word_1_573' title='bbox 2734 2237 2786 2294; x_wconf 91' lang='lat' dir='ltr'><strong>in</strong></span> <span class='ocrx_word' id='word_1_574' title='bbox 2817 2255 2922 2309; x_wconf 90' lang='lat' dir='ltr'><strong>qua</strong></span> <span class='ocrx_word' id='word_1_575' title='bbox 2950 2242 3094 2311; x_wconf 89' lang='lat' dir='ltr'><strong>quod</strong></span> <span class='ocrx_word' id='word_1_576' title='bbox 3124 2242 3243 2298; x_wconf 91' lang='lat' dir='ltr'><strong>dico</strong></span> <span class='ocrx_word' id='word_1_577' title='bbox 3271 2258 3383 2297; x_wconf 88' lang='lat' dir='ltr'><strong>ma-</strong></span> 
     </span>
    </p>
   </div>
   <div class='ocr_carea' id='block_1_80' title="bbox 1808 2322 3391 2407">
    <p class='ocr_par' dir='ltr' id='par_1_80' title="bbox 1808 2322 3391 2407">
     <span class='ocr_line' id='line_1_80' title="bbox 1808 2322 3391 2407; baseline 0.008 -29"><span class='ocrx_word' id='word_1_578' title='bbox 1808 2322 2113 2407; x_wconf 75' lang='lat' dir='ltr'><strong>nifestatur,</strong></span> <span class='ocrx_word' id='word_1_579' title='bbox 2145 2327 2189 2382; x_wconf 90' lang='lat' dir='ltr'><strong>si</strong></span> <span class='ocrx_word' id='word_1_580' title='bbox 2220 2327 2575 2399; x_wconf 83' lang='lat' dir='ltr'><strong>spiritualiter</strong></span> <span class='ocrx_word' id='word_1_581' title='bbox 2604 2330 2953 2403; x_wconf 87' lang='lat' dir='ltr'><strong>intelligatur,</strong></span> <span class='ocrx_word' id='word_1_582' title='bbox 2984 2332 3069 2388; x_wconf 87' lang='lat' dir='ltr'><strong>vel</strong></span> <span class='ocrx_word' id='word_1_583' title='bbox 3105 2332 3193 2389; x_wconf 93' lang='lat' dir='ltr'><strong>lex</strong></span> <span class='ocrx_word' id='word_1_584' title='bbox 3222 2334 3391 2405; x_wconf 83' lang='lat' dir='ltr'><strong>Moysi</strong></span> 
     </span>
    </p>
   </div>
   <div class='ocr_carea' id='block_1_81' title="bbox 1807 2413 3393 2495">
    <p class='ocr_par' dir='ltr' id='par_1_81' title="bbox 1807 2413 3393 2495">
     <span class='ocr_line' id='line_1_81' title="bbox 1807 2413 3393 2495; baseline 0.008 -27"><span class='ocrx_word' id='word_1_585' title='bbox 1807 2413 2117 2471; x_wconf 88' lang='lat' dir='ltr'><strong>dominatur</strong></span> <span class='ocrx_word' id='word_1_586' title='bbox 2164 2418 2219 2472; x_wconf 93' lang='lat' dir='ltr'><strong>in</strong></span> <span class='ocrx_word' id='word_1_587' title='bbox 2260 2418 2511 2487; x_wconf 91' lang='lat' dir='ltr'><strong>homine,</strong></span> <span class='ocrx_word' id='word_1_588' title='bbox 2566 2429 2623 2475; x_wconf 93' lang='lat' dir='ltr'><strong>ut</strong></span> <span class='ocrx_word' id='word_1_589' title='bbox 2666 2422 2715 2477; x_wconf 91' lang='lat' dir='ltr'><strong>ei</strong></span> <span class='ocrx_word' id='word_1_590' title='bbox 2756 2423 3001 2489; x_wconf 86' lang='lat' dir='ltr'><strong>obediat;</strong></span> <span class='ocrx_word' id='word_1_591' title='bbox 3042 2425 3167 2495; x_wconf 88' lang='lat' dir='ltr'><strong>quia</strong></span> <span class='ocrx_word' id='word_1_592' title='bbox 3203 2433 3257 2480; x_wconf 91' lang='lat' dir='ltr'><strong>et</strong></span> <span class='ocrx_word' id='word_1_593' title='bbox 3294 2442 3393 2481; x_wconf 88' lang='lat' dir='ltr'><strong>vos</strong></span> 
     </span>
    </p>
   </div>
   <div class='ocr_carea' id='block_1_82' title="bbox 1806 2505 3393 2587">
    <p class='ocr_par' dir='ltr' id='par_1_82' title="bbox 1806 2505 3393 2587">
     <span class='ocr_line' id='line_1_82' title="bbox 1806 2505 3393 2587; baseline 0.007 -27"><span class='ocrx_word' id='word_1_594' title='bbox 1806 2505 1958 2560; x_wconf 90' lang='lat' dir='ltr'><strong>scitis</strong></span> <span class='ocrx_word' id='word_1_595' title='bbox 1979 2505 2150 2577; x_wconf 89' lang='lat' dir='ltr'><strong>legem</strong></span> <span class='ocrx_word' id='word_1_596' title='bbox 2180 2506 2369 2579; x_wconf 84' lang='lat' dir='ltr'><strong>Moysi,</strong></span> <span class='ocrx_word' id='word_1_597' title='bbox 2392 2511 2671 2567; x_wconf 84' lang='lat' dir='ltr'><strong>scientibus</strong></span> <span class='ocrx_word' id='word_1_598' title='bbox 2698 2514 2855 2580; x_wconf 88' lang='lat' dir='ltr'><strong>enim,</strong></span> <span class='ocrx_word' id='word_1_599' title='bbox 2885 2522 2990 2569; x_wconf 92' lang='lat' dir='ltr'><strong>etc.</strong></span> <span class='ocrx_word' id='word_1_600' title='bbox 3018 2514 3086 2569; x_wconf 85' lang='lat' dir='ltr'><strong>Et</strong></span> <span class='ocrx_word' id='word_1_601' title='bbox 3112 2514 3192 2571; x_wconf 92' lang='lat' dir='ltr'><strong>sic</strong></span> <span class='ocrx_word' id='word_1_602' title='bbox 3218 2515 3393 2587; x_wconf 88' lang='lat' dir='ltr'><strong>dupli-</strong></span> 
     </span>
    </p>
   </div>
   <div class='ocr_carea' id='block_1_83' title="bbox 1806 2596 3393 2677">
    <p class='ocr_par' dir='ltr' id='par_1_83' title="bbox 1806 2596 3393 2677">
     <span class='ocr_line' id='line_1_83' title="bbox 1806 2596 3393 2677; baseline 0.008 -28"><span class='ocrx_word' id='word_1_603' title='bbox 1806 2596 1944 2650; x_wconf 89' lang='lat' dir='ltr'><strong>citer</strong></span> <span class='ocrx_word' id='word_1_604' title='bbox 1971 2605 2151 2667; x_wconf 92' lang='lat' dir='ltr'><strong>potest</strong></span> <span class='ocrx_word' id='word_1_605' title='bbox 2192 2598 2294 2670; x_wconf 92' lang='lat' dir='ltr'><strong>legi</strong></span> <span class='ocrx_word' id='word_1_606' title='bbox 2340 2600 2544 2667; x_wconf 89' lang='lat' dir='ltr'><strong>littera,</strong></span> <span class='ocrx_word' id='word_1_607' title='bbox 2574 2602 2657 2658; x_wconf 89' lang='lat' dir='ltr'><strong>vel</strong></span> <span class='ocrx_word' id='word_1_608' title='bbox 2687 2604 2752 2658; x_wconf 89' lang='lat' dir='ltr'><strong>de</strong></span> <span class='ocrx_word' id='word_1_609' title='bbox 2784 2604 2900 2677; x_wconf 90' lang='lat' dir='ltr'><strong>lege</strong></span> <span class='ocrx_word' id='word_1_610' title='bbox 2930 2605 3185 2672; x_wconf 89' lang='lat' dir='ltr'><strong>naturali,</strong></span> <span class='ocrx_word' id='word_1_611' title='bbox 3210 2607 3294 2661; x_wconf 89' lang='lat' dir='ltr'><strong>vel</strong></span> <span class='ocrx_word' id='word_1_612' title='bbox 3325 2608 3393 2663; x_wconf 84' lang='lat' dir='ltr'><strong>de</strong></span> 
     </span>
    </p>
   </div>
   <div class='ocr_carea' id='block_1_84' title="bbox 1804 2683 3391 2763">
    <p class='ocr_par' dir='ltr' id='par_1_84' title="bbox 1804 2683 3391 2763">
     <span class='ocr_line' id='line_1_84' title="bbox 1804 2683 3391 2763; baseline 0.009 -26"><span class='ocrx_word' id='word_1_613' title='bbox 1804 2683 1922 2757; x_wconf 86' lang='lat' dir='ltr'><strong>lege</strong></span> <span class='ocrx_word' id='word_1_614' title='bbox 1969 2685 2225 2743; x_wconf 85' lang='lat' dir='ltr'><strong>Mosaica.</strong></span> <span class='ocrx_word' id='word_1_615' title='bbox 2269 2686 2422 2743; x_wconf 85' lang='lat' dir='ltr'><strong>Vivit.</strong></span> <span class='ocrx_word' id='word_1_616' title='bbox 2454 2689 2663 2746; x_wconf 85' lang='lat' dir='ltr'><strong>Mortua</strong></span> <span class='ocrx_word' id='word_1_617' title='bbox 2693 2692 2837 2748; x_wconf 91' lang='lat' dir='ltr'><strong>enim</strong></span> <span class='ocrx_word' id='word_1_618' title='bbox 2877 2694 3075 2751; x_wconf 90' lang='lat' dir='ltr'><strong>dicitur</strong></span> <span class='ocrx_word' id='word_1_619' title='bbox 3112 2695 3225 2763; x_wconf 89' lang='lat' dir='ltr'><strong>lex,</strong></span> <span class='ocrx_word' id='word_1_620' title='bbox 3265 2711 3391 2752; x_wconf 91' lang='lat' dir='ltr'><strong>cum</strong></span> 
     </span>
    </p>
   </div>
   <div class='ocr_carea' id='block_1_85' title="bbox 1805 2778 3089 2857">
    <p class='ocr_par' dir='ltr' id='par_1_85' title="bbox 1805 2778 3089 2857">
     <span class='ocr_line' id='line_1_85' title="bbox 1805 2778 3089 2857; baseline 0.01 -25"><span class='ocrx_word' id='word_1_621' title='bbox 1805 2788 1984 2835; x_wconf 91' lang='lat' dir='ltr'><strong>cessat</strong></span> <span class='ocrx_word' id='word_1_622' title='bbox 2003 2778 2123 2849; x_wconf 89' lang='lat' dir='ltr'><strong>ejus</strong></span> <span class='ocrx_word' id='word_1_623' title='bbox 2150 2783 2467 2839; x_wconf 87' lang='lat' dir='ltr'><strong>auctoritas.</strong></span> <span class='ocrx_word' id='word_1_624' title='bbox 3080 2849 3089 2857; x_wconf 58' lang='grc'>,</span> 
     </span>
    </p>
   </div>
   <div class='ocr_carea' id='block_1_86' title="bbox 1877 2870 3388 2947">
    <p class='ocr_par' dir='ltr' id='par_1_86' title="bbox 1877 2870 3388 2947">
     <span class='ocr_line' id='line_1_86' title="bbox 1877 2870 3388 2947; baseline 0.009 -22"><span class='ocrx_word' id='word_1_625' title='bbox 1877 2870 2042 2928; x_wconf 90' lang='lat' dir='ltr'><strong>Vens.</strong></span> <span class='ocrx_word' id='word_1_626' title='bbox 2079 2874 2135 2929; x_wconf 75' lang='grc'><strong>2.</strong></span> <span class='ocrx_word' id='word_1_627' title='bbox 2166 2906 2237 2916; x_wconf 89' lang='grc'><strong>-</strong></span> <span class='ocrx_word' id='word_1_628' title='bbox 2267 2875 2410 2930; x_wconf 84' lang='lat' dir='ltr'><strong>Nam</strong></span> <span class='ocrx_word' id='word_1_629' title='bbox 2431 2893 2549 2947; x_wconf 66' lang='lat' dir='ltr'><strong>quia</strong></span> <span class='ocrx_word' id='word_1_630' title='bbox 2575 2877 2670 2933; x_wconf 88' lang='lat' dir='ltr'><strong>sub</strong></span> <span class='ocrx_word' id='word_1_631' title='bbox 2699 2879 2830 2935; x_wconf 83' lang='lat' dir='ltr'><strong>viro.</strong></span> <span class='ocrx_word' id='word_1_632' title='bbox 2863 2878 2936 2937; x_wconf 87' lang='lat' dir='ltr'><strong>Ut</strong></span> <span class='ocrx_word' id='word_1_633' title='bbox 2970 2880 3150 2937; x_wconf 91' lang='lat' dir='ltr'><strong>ﬁrmet</strong></span> <span class='ocrx_word' id='word_1_634' title='bbox 3173 2884 3388 2940; x_wconf 85' lang='lat' dir='ltr'><strong>animos</strong></span> 
     </span>
    </p>
   </div>
   <div class='ocr_carea' id='block_1_87' title="bbox 1811 2968 3392 3048">
    <p class='ocr_par' dir='ltr' id='par_1_87' title="bbox 1811 2968 3392 3048">
     <span class='ocr_line' id='line_1_87' title="bbox 1811 2968 3392 3048; baseline 0.006 -25"><span class='ocrx_word' id='word_1_635' title='bbox 1811 2981 2023 3039; x_wconf 88' lang='lat' dir='ltr'><strong>eorum,</strong></span> <span class='ocrx_word' id='word_1_636' title='bbox 2053 2968 2299 3040; x_wconf 77' lang='lat' dir='ltr'><strong>exemplo</strong></span> <span class='ocrx_word' id='word_1_637' title='bbox 2334 2971 2584 3027; x_wconf 69' lang='lat' dir='ltr'><strong>humanae</strong></span> <span class='ocrx_word' id='word_1_638' title='bbox 2617 2970 2752 3044; x_wconf 89' lang='lat' dir='ltr'><strong>legis</strong></span> <span class='ocrx_word' id='word_1_639' title='bbox 2782 2974 2969 3028; x_wconf 92' lang='lat' dir='ltr'><strong>utitur.</strong></span> <span class='ocrx_word' id='word_1_640' title='bbox 3002 2972 3193 3030; x_wconf 91' lang='lat' dir='ltr'><strong>Sciunt</strong></span> <span class='ocrx_word' id='word_1_641' title='bbox 3217 2975 3392 3048; x_wconf 89' lang='lat' dir='ltr'><strong>legem</strong></span> 
     </span>
    </p>
   </div>
   <div class='ocr_carea' id='block_1_88' title="bbox 1806 3058 3395 3139">
    <p class='ocr_par' dir='ltr' id='par_1_88' title="bbox 1806 3058 3395 3139">
     <span class='ocr_line' id='line_1_88' title="bbox 1806 3058 3395 3139; baseline 0.009 -26"><span class='ocrx_word' id='word_1_642' title='bbox 1806 3058 2057 3126; x_wconf 85' lang='lat' dir='ltr'><strong>Romani,</strong></span> <span class='ocrx_word' id='word_1_643' title='bbox 2082 3064 2207 3132; x_wconf 87' lang='lat' dir='ltr'><strong>quia</strong></span> <span class='ocrx_word' id='word_1_644' title='bbox 2235 3078 2341 3118; x_wconf 92' lang='lat' dir='ltr'><strong>non</strong></span> <span class='ocrx_word' id='word_1_645' title='bbox 2371 3073 2497 3120; x_wconf 92' lang='lat' dir='ltr'><strong>sunt</strong></span> <span class='ocrx_word' id='word_1_646' title='bbox 2522 3065 2764 3131; x_wconf 89' lang='lat' dir='ltr'><strong>Barbari,</strong></span> <span class='ocrx_word' id='word_1_647' title='bbox 2794 3068 2890 3123; x_wconf 89' lang='lat' dir='ltr'><strong>sed</strong></span> <span class='ocrx_word' id='word_1_648' title='bbox 2920 3069 3218 3126; x_wconf 88' lang='lat' dir='ltr'><strong>naturalem</strong></span> <span class='ocrx_word' id='word_1_649' title='bbox 3239 3070 3395 3139; x_wconf 86' lang='lat' dir='ltr'><strong>justi-</strong></span> 
     </span>
    </p>
   </div>
   <div class='ocr_carea' id='block_1_89' title="bbox 1808 3151 3392 3227">
    <p class='ocr_par' dir='ltr' id='par_1_89' title="bbox 1808 3151 3392 3227">
     <span class='ocr_line' id='line_1_89' title="bbox 1808 3151 3392 3227; baseline 0.011 -24"><span class='ocrx_word' id='word_1_650' title='bbox 1808 3151 1939 3207; x_wconf 85' lang='lat' dir='ltr'><strong>tiam</strong></span> <span class='ocrx_word' id='word_1_651' title='bbox 1961 3155 2503 3224; x_wconf 81' lang='lat' dir='ltr'><strong>comprebenderunt,</strong></span> <span class='ocrx_word' id='word_1_652' title='bbox 2522 3158 2718 3227; x_wconf 84' lang='lat' dir='ltr'><strong>partim</strong></span> <span class='ocrx_word' id='word_1_653' title='bbox 2736 3173 2803 3214; x_wconf 91' lang='lat' dir='ltr'><strong>ex</strong></span> <span class='ocrx_word' id='word_1_654' title='bbox 2822 3158 3043 3226; x_wconf 62' lang='lat' dir='ltr'><strong>Grecis,</strong></span> <span class='ocrx_word' id='word_1_655' title='bbox 3058 3162 3193 3217; x_wconf 86' lang='lat' dir='ltr'><strong>sicut</strong></span> <span class='ocrx_word' id='word_1_656' title='bbox 3215 3161 3392 3222; x_wconf 84' lang='lat' dir='ltr'><strong>Graeci</strong></span> 
     </span>
    </p>
   </div>
   <div class='ocr_carea' id='block_1_90' title="bbox 1807 3243 2118 3301">
    <p class='ocr_par' dir='ltr' id='par_1_90' title="bbox 1807 3243 2118 3301">
     <span class='ocr_line' id='line_1_90' title="bbox 1807 3243 2118 3301; baseline 0.006 -4"><span class='ocrx_word' id='word_1_657' title='bbox 1807 3250 1863 3298; x_wconf 89' lang='lat' dir='ltr'><strong>et</strong></span> <span class='ocrx_word' id='word_1_658' title='bbox 1888 3243 2118 3301; x_wconf 65' lang='lat' dir='ltr'><strong>Hebraei.</strong></span> 
     </span>
    </p>
   </div>
   <div class='ocr_carea' id='block_1_91' title="bbox 1878 3332 3391 3407">
    <p class='ocr_par' dir='ltr' id='par_1_91' title="bbox 1878 3332 3391 3407">
     <span class='ocr_line' id='line_1_91' title="bbox 1878 3332 3391 3407; baseline 0.009 -19"><span class='ocrx_word' id='word_1_659' title='bbox 1878 3332 2043 3390; x_wconf 81' lang='lat' dir='ltr'><strong>Vens.</strong></span> <span class='ocrx_word' id='word_1_660' title='bbox 2084 3335 2138 3390; x_wconf 78' lang='grc'><strong>5.</strong></span> <span class='ocrx_word' id='word_1_661' title='bbox 2164 3336 2246 3404; x_wconf 67' lang='grc' dir='ltr'><strong>-ξ</strong></span> <span class='ocrx_word' id='word_1_662' title='bbox 2266 3335 2441 3407; x_wconf 83' lang='lat' dir='ltr'><strong>Igitur</strong></span> <span class='ocrx_word' id='word_1_663' title='bbox 2470 3338 2665 3393; x_wconf 84' lang='lat' dir='ltr'><strong>vivente</strong></span> <span class='ocrx_word' id='word_1_664' title='bbox 2692 3340 2884 3395; x_wconf 85' lang='lat' dir='ltr'><strong>marito</strong></span> <span class='ocrx_word' id='word_1_665' title='bbox 2902 3381 2916 3407; x_wconf 92' lang='lat'><strong>,</strong></span> <span class='ocrx_word' id='word_1_666' title='bbox 2940 3350 3045 3397; x_wconf 90' lang='lat' dir='ltr'><strong>etc.</strong></span> <span class='ocrx_word' id='word_1_667' title='bbox 3078 3342 3134 3398; x_wconf 90' lang='lat' dir='ltr'><strong>Si</strong></span> <span class='ocrx_word' id='word_1_668' title='bbox 3164 3359 3391 3401; x_wconf 87' lang='lat' dir='ltr'><strong>servans</strong></span> 
     </span>
    </p>
   </div>
   <div class='ocr_carea' id='block_1_92' title="bbox 1806 3424 3393 3497">
    <p class='ocr_par' dir='ltr' id='par_1_92' title="bbox 1806 3424 3393 3497">
     <span class='ocr_line' id='line_1_92' title="bbox 1806 3424 3393 3497; baseline 0.009 -19"><span class='ocrx_word' id='word_1_669' title='bbox 1806 3424 1978 3496; x_wconf 88' lang='lat' dir='ltr'><strong>legem</strong></span> <span class='ocrx_word' id='word_1_670' title='bbox 2012 3436 2306 3493; x_wconf 89' lang='lat' dir='ltr'><strong>mortuam,</strong></span> <span class='ocrx_word' id='word_1_671' title='bbox 2334 3428 2449 3483; x_wconf 90' lang='lat' dir='ltr'><strong>vult</strong></span> <span class='ocrx_word' id='word_1_672' title='bbox 2482 3444 2603 3485; x_wconf 91' lang='lat' dir='ltr'><strong>esse</strong></span> <span class='ocrx_word' id='word_1_673' title='bbox 2633 3430 2779 3497; x_wconf 91' lang='lat' dir='ltr'><strong>ﬁdei,</strong></span> <span class='ocrx_word' id='word_1_674' title='bbox 2809 3432 3020 3487; x_wconf 88' lang='lat' dir='ltr'><strong>adulter</strong></span> <span class='ocrx_word' id='word_1_675' title='bbox 3044 3444 3126 3490; x_wconf 92' lang='lat' dir='ltr'><strong>est</strong></span> <span class='ocrx_word' id='word_1_676' title='bbox 3154 3434 3209 3489; x_wconf 95' lang='lat' dir='ltr'><strong>in</strong></span> <span class='ocrx_word' id='word_1_677' title='bbox 3239 3444 3393 3493; x_wconf 88' lang='lat' dir='ltr'><strong>utro-</strong></span> 
     </span>
    </p>
   </div>
   <div class='ocr_carea' id='block_1_93' title="bbox 1806 3519 3394 3599">
    <p class='ocr_par' dir='ltr' id='par_1_93' title="bbox 1806 3519 3394 3599">
     <span class='ocr_line' id='line_1_93' title="bbox 1806 3519 3394 3599; baseline 0.009 -28"><span class='ocrx_word' id='word_1_678' title='bbox 1806 3531 1934 3587; x_wconf 90' lang='lat' dir='ltr'><strong>que,</strong></span> <span class='ocrx_word' id='word_1_679' title='bbox 1963 3533 2065 3573; x_wconf 92' lang='lat' dir='ltr'><strong>nec</strong></span> <span class='ocrx_word' id='word_1_680' title='bbox 2100 3520 2322 3589; x_wconf 90' lang='lat' dir='ltr'><strong>prodest</strong></span> <span class='ocrx_word' id='word_1_681' title='bbox 2357 3520 2407 3573; x_wconf 92' lang='lat' dir='ltr'><strong>ei</strong></span> <span class='ocrx_word' id='word_1_682' title='bbox 2439 3519 2707 3577; x_wconf 87' lang='lat' dir='ltr'><strong>Christus.</strong></span> <span class='ocrx_word' id='word_1_683' title='bbox 2733 3520 2794 3577; x_wconf 89' lang='lat' dir='ltr'><strong>Si</strong></span> <span class='ocrx_word' id='word_1_684' title='bbox 2818 3533 2990 3579; x_wconf 89' lang='lat' dir='ltr'><strong>autem</strong></span> <span class='ocrx_word' id='word_1_685' title='bbox 3018 3536 3256 3583; x_wconf 88' lang='lat' dir='ltr'><strong>mortuus</strong></span> <span class='ocrx_word' id='word_1_686' title='bbox 3283 3529 3394 3599; x_wconf 77' lang='lat' dir='ltr'><strong>fue-</strong></span> 
     </span>
    </p>
   </div>
   <div class='ocr_carea' id='block_1_94' title="bbox 1806 3607 3394 3688">
    <p class='ocr_par' dir='ltr' id='par_1_94' title="bbox 1806 3607 3394 3688">
     <span class='ocr_line' id='line_1_94' title="bbox 1806 3607 3394 3688; baseline 0.011 -27"><span class='ocrx_word' id='word_1_687' title='bbox 1806 3608 1874 3662; x_wconf 83' lang='lat' dir='ltr'><strong>rit</strong></span> <span class='ocrx_word' id='word_1_688' title='bbox 1903 3609 1998 3663; x_wconf 82' lang='lat' dir='ltr'><strong>vir.</strong></span> <span class='ocrx_word' id='word_1_689' title='bbox 2025 3607 2117 3664; x_wconf 92' lang='lat' dir='ltr'><strong>Sic</strong></span> <span class='ocrx_word' id='word_1_690' title='bbox 2144 3608 2295 3665; x_wconf 85' lang='lat' dir='ltr'><strong>ﬁnita</strong></span> <span class='ocrx_word' id='word_1_691' title='bbox 2323 3610 2440 3681; x_wconf 83' lang='lat' dir='ltr'><strong>lege</strong></span> <span class='ocrx_word' id='word_1_692' title='bbox 2463 3626 2568 3667; x_wconf 93' lang='lat' dir='ltr'><strong>non</strong></span> <span class='ocrx_word' id='word_1_693' title='bbox 2593 3614 3000 3682; x_wconf 85' lang='lat' dir='ltr'><strong>praevaricatur,</strong></span> <span class='ocrx_word' id='word_1_694' title='bbox 3025 3617 3117 3688; x_wconf 92' lang='lat' dir='ltr'><strong>qui</strong></span> <span class='ocrx_word' id='word_1_695' title='bbox 3147 3619 3215 3675; x_wconf 89' lang='lat' dir='ltr'><strong>ad</strong></span> <span class='ocrx_word' id='word_1_696' title='bbox 3243 3619 3394 3677; x_wconf 86' lang='lat' dir='ltr'><strong>Chri-</strong></span> 
     </span>
    </p>
   </div>
   <div class='ocr_carea' id='block_1_95' title="bbox 1803 3699 2681 3771">
    <p class='ocr_par' dir='ltr' id='par_1_95' title="bbox 1803 3699 2681 3771">
     <span class='ocr_line' id='line_1_95' title="bbox 1803 3699 2681 3771; baseline 0.002 -17"><span class='ocrx_word' id='word_1_697' title='bbox 1803 3706 1948 3754; x_wconf 87' lang='lat' dir='ltr'><strong>stum</strong></span> <span class='ocrx_word' id='word_1_698' title='bbox 1978 3699 2177 3754; x_wconf 90' lang='lat' dir='ltr'><strong>transit</strong></span> <span class='ocrx_word' id='word_1_699' title='bbox 2208 3699 2446 3755; x_wconf 90' lang='lat' dir='ltr'><strong>dimissis</strong></span> <span class='ocrx_word' id='word_1_700' title='bbox 2475 3700 2681 3771; x_wconf 89' lang='lat' dir='ltr'><strong>ﬁguris.</strong></span> 
     </span>
    </p>
   </div>
   <div class='ocr_carea' id='block_1_96' title="bbox 1876 3788 3394 3864">
    <p class='ocr_par' dir='ltr' id='par_1_96' title="bbox 1876 3788 3394 3864">
     <span class='ocr_line' id='line_1_96' title="bbox 1876 3788 3394 3864; baseline 0.011 -20"><span class='ocrx_word' id='word_1_701' title='bbox 1876 3789 2040 3845; x_wconf 80' lang='lat' dir='ltr'><strong>Vens.</strong></span> <span class='ocrx_word' id='word_1_702' title='bbox 2074 3789 2128 3844; x_wconf 76' lang='grc'><strong>4.</strong></span> <span class='ocrx_word' id='word_1_703' title='bbox 2160 3821 2226 3830; x_wconf 92' lang='grc'><strong>-</strong></span> <span class='ocrx_word' id='word_1_704' title='bbox 2254 3788 2363 3845; x_wconf 84' lang='lat' dir='ltr'><strong>Per</strong></span> <span class='ocrx_word' id='word_1_705' title='bbox 2390 3808 2578 3863; x_wconf 88' lang='lat' dir='ltr'><strong>corpus</strong></span> <span class='ocrx_word' id='word_1_706' title='bbox 2601 3792 2815 3850; x_wconf 78' lang='lat' dir='ltr'><strong>Christi.</strong></span> <span class='ocrx_word' id='word_1_707' title='bbox 2848 3796 2984 3864; x_wconf 86' lang='lat' dir='ltr'><strong>Quia</strong></span> <span class='ocrx_word' id='word_1_708' title='bbox 3015 3798 3260 3857; x_wconf 87' lang='lat' dir='ltr'><strong>Christus</strong></span> <span class='ocrx_word' id='word_1_709' title='bbox 3288 3802 3394 3860; x_wconf 78' lang='lat' dir='ltr'><strong>fuit</strong></span> 
     </span>
    </p>
   </div>
   <div class='ocr_carea' id='block_1_97' title="bbox 1805 3880 3391 3960">
    <p class='ocr_par' dir='ltr' id='par_1_97' title="bbox 1805 3880 3391 3960">
     <span class='ocr_line' id='line_1_97' title="bbox 1805 3880 3391 3960; baseline 0.01 -26"><span class='ocrx_word' id='word_1_710' title='bbox 1805 3880 2047 3951; x_wconf 89' lang='lat' dir='ltr'><strong>impletio</strong></span> <span class='ocrx_word' id='word_1_711' title='bbox 2083 3889 2139 3937; x_wconf 90' lang='lat' dir='ltr'><strong>et</strong></span> <span class='ocrx_word' id='word_1_712' title='bbox 2171 3882 2373 3938; x_wconf 89' lang='lat' dir='ltr'><strong>veritas</strong></span> <span class='ocrx_word' id='word_1_713' title='bbox 2419 3900 2432 3936; x_wconf 91' lang='lat'><strong>:</strong></span> <span class='ocrx_word' id='word_1_714' title='bbox 2485 3883 2673 3955; x_wconf 79' lang='lat' dir='ltr'><strong>legalis</strong></span> <span class='ocrx_word' id='word_1_715' title='bbox 2717 3901 2847 3942; x_wconf 92' lang='lat' dir='ltr'><strong>vero</strong></span> <span class='ocrx_word' id='word_1_716' title='bbox 2890 3888 3061 3960; x_wconf 89' lang='lat' dir='ltr'><strong>ﬁgura</strong></span> <span class='ocrx_word' id='word_1_717' title='bbox 3106 3899 3161 3947; x_wconf 87' lang='lat' dir='ltr'><strong>et</strong></span> <span class='ocrx_word' id='word_1_718' title='bbox 3199 3893 3391 3950; x_wconf 89' lang='lat' dir='ltr'><strong>umbra</strong></span> 
     </span>
    </p>
   </div>
   <div class='ocr_carea' id='block_1_98' title="bbox 1803 3970 3394 4053">
    <p class='ocr_par' dir='ltr' id='par_1_98' title="bbox 1803 3970 3394 4053">
     <span class='ocr_line' id='line_1_98' title="bbox 1803 3970 3394 4053; baseline 0.008 -27"><span class='ocrx_word' id='word_1_719' title='bbox 1803 3970 2006 4027; x_wconf 90' lang='lat' dir='ltr'><strong>Christi</strong></span> <span class='ocrx_word' id='word_1_720' title='bbox 2047 3970 2295 4039; x_wconf 84' lang='lat' dir='ltr'><strong>fuerunt,</strong></span> <span class='ocrx_word' id='word_1_721' title='bbox 2344 3980 2399 4028; x_wconf 92' lang='lat' dir='ltr'><strong>et</strong></span> <span class='ocrx_word' id='word_1_722' title='bbox 2434 3988 2623 4029; x_wconf 89' lang='lat' dir='ltr'><strong>eorum</strong></span> <span class='ocrx_word' id='word_1_723' title='bbox 2664 3990 2784 4045; x_wconf 77' lang='lat' dir='ltr'><strong>quae</strong></span> <span class='ocrx_word' id='word_1_724' title='bbox 2824 3977 2878 4031; x_wconf 92' lang='lat' dir='ltr'><strong>in</strong></span> <span class='ocrx_word' id='word_1_725' title='bbox 2915 3978 3135 4036; x_wconf 86' lang='lat' dir='ltr'><strong>Christo</strong></span> <span class='ocrx_word' id='word_1_726' title='bbox 3172 3979 3394 4053; x_wconf 91' lang='lat' dir='ltr'><strong>impleta</strong></span> 
     </span>
    </p>
   </div>
   <div class='ocr_carea' id='block_1_99' title="bbox 1802 4070 1949 4119">
    <p class='ocr_par' dir='ltr' id='par_1_99' title="bbox 1802 4070 1949 4119">
     <span class='ocr_line' id='line_1_99' title="bbox 1802 4070 1949 4119; baseline -0.02 0"><span class='ocrx_word' id='word_1_727' title='bbox 1802 4070 1949 4119; x_wconf 90' lang='lat' dir='ltr'><strong>sunt.</strong></span> 
     </span>
    </p>
   </div>
   <div class='ocr_carea' id='block_1_100' title="bbox 1875 4151 3393 4229">
    <p class='ocr_par' dir='ltr' id='par_1_100' title="bbox 1875 4151 3393 4229">
     <span class='ocr_line' id='line_1_100' title="bbox 1875 4151 3393 4229; baseline 0.009 -22"><span class='ocrx_word' id='word_1_728' title='bbox 1875 4154 2040 4209; x_wconf 84' lang='lat' dir='ltr'><strong>Vens.</strong></span> <span class='ocrx_word' id='word_1_729' title='bbox 2071 4152 2128 4207; x_wconf 83' lang='lat'><strong>5.</strong></span> <span class='ocrx_word' id='word_1_730' title='bbox 2154 4182 2227 4194; x_wconf 92' lang='lat'><strong>—</strong></span> <span class='ocrx_word' id='word_1_731' title='bbox 2248 4151 2381 4208; x_wconf 88' lang='lat' dir='ltr'><strong>Cum</strong></span> <span class='ocrx_word' id='word_1_732' title='bbox 2402 4154 2541 4209; x_wconf 86' lang='lat' dir='ltr'><strong>enim</strong></span> <span class='ocrx_word' id='word_1_733' title='bbox 2571 4171 2821 4211; x_wconf 83' lang='lat' dir='ltr'><strong>essemus.</strong></span> <span class='ocrx_word' id='word_1_734' title='bbox 2855 4157 2955 4213; x_wconf 81' lang='lat' dir='ltr'><strong>llic</strong></span> <span class='ocrx_word' id='word_1_735' title='bbox 2979 4168 3213 4229; x_wconf 88' lang='lat' dir='ltr'><strong>quatuor</strong></span> <span class='ocrx_word' id='word_1_736' title='bbox 3238 4173 3393 4221; x_wconf 87' lang='lat' dir='ltr'><strong>actus</strong></span> 
     </span>
    </p>
   </div>
   <div class='ocr_carea' id='block_1_101' title="bbox 1804 4246 3387 4326">
    <p class='ocr_par' dir='ltr' id='par_1_101' title="bbox 1804 4246 3387 4326">
     <span class='ocr_line' id='line_1_101' title="bbox 1804 4246 3387 4326; baseline 0.005 -22"><span class='ocrx_word' id='word_1_737' title='bbox 1804 4247 2038 4304; x_wconf 88' lang='lat' dir='ltr'><strong>hominis</strong></span> <span class='ocrx_word' id='word_1_738' title='bbox 2083 4246 2265 4317; x_wconf 90' lang='lat' dir='ltr'><strong>ponit,</strong></span> <span class='ocrx_word' id='word_1_739' title='bbox 2311 4254 2438 4302; x_wconf 91' lang='lat' dir='ltr'><strong>ante</strong></span> <span class='ocrx_word' id='word_1_740' title='bbox 2476 4246 2682 4320; x_wconf 90' lang='lat' dir='ltr'><strong>legem,</strong></span> <span class='ocrx_word' id='word_1_741' title='bbox 2717 4250 2817 4306; x_wconf 88' lang='lat' dir='ltr'><strong>sub</strong></span> <span class='ocrx_word' id='word_1_742' title='bbox 2858 4249 2997 4322; x_wconf 90' lang='lat' dir='ltr'><strong>lege,</strong></span> <span class='ocrx_word' id='word_1_743' title='bbox 3036 4254 3135 4309; x_wconf 89' lang='lat' dir='ltr'><strong>sub</strong></span> <span class='ocrx_word' id='word_1_744' title='bbox 3170 4256 3387 4326; x_wconf 87' lang='lat' dir='ltr'><strong>gratia:</strong></span> 
     </span>
    </p>
   </div>
   <div class='ocr_carea' id='block_1_102' title="bbox 1803 4340 2899 4399">
    <p class='ocr_par' dir='ltr' id='par_1_102' title="bbox 1803 4340 2899 4399">
     <span class='ocr_line' id='line_1_102' title="bbox 1803 4340 2899 4399; baseline 0.004 -4"><span class='ocrx_word' id='word_1_745' title='bbox 1803 4342 1997 4397; x_wconf 91' lang='lat' dir='ltr'><strong>deinde</strong></span> <span class='ocrx_word' id='word_1_746' title='bbox 2024 4341 2079 4396; x_wconf 89' lang='lat' dir='ltr'><strong>in</strong></span> <span class='ocrx_word' id='word_1_747' title='bbox 2103 4340 2206 4395; x_wconf 92' lang='lat' dir='ltr'><strong>alia</strong></span> <span class='ocrx_word' id='word_1_748' title='bbox 2226 4341 2337 4396; x_wconf 90' lang='lat' dir='ltr'><strong>vita</strong></span> <span class='ocrx_word' id='word_1_749' title='bbox 2357 4341 2448 4397; x_wconf 91' lang='lat' dir='ltr'><strong>ubi</strong></span> <span class='ocrx_word' id='word_1_750' title='bbox 2473 4341 2675 4396; x_wconf 90' lang='lat' dir='ltr'><strong>nullum</strong></span> <span class='ocrx_word' id='word_1_751' title='bbox 2701 4342 2899 4399; x_wconf 91' lang='lat' dir='ltr'><strong>bellum</strong></span> 
     </span>
    </p>
   </div>
   <div class='ocr_carea' id='block_1_103' title="bbox 1873 4433 3387 4511">
    <p class='ocr_par' dir='ltr' id='par_1_103' title="bbox 1873 4433 3387 4511">
     <span class='ocr_line' id='line_1_103' title="bbox 1873 4433 3387 4511; baseline 0.004 -20"><span class='ocrx_word' id='word_1_752' title='bbox 1873 4435 2037 4492; x_wconf 82' lang='lat' dir='ltr'><strong>Vens.</strong></span> <span class='ocrx_word' id='word_1_753' title='bbox 2067 4434 2119 4489; x_wconf 89' lang='lat'><strong>6.</strong></span> <span class='ocrx_word' id='word_1_754' title='bbox 2137 4433 2384 4488; x_wconf 88' lang='lat' dir='ltr'><strong>—Nunc</strong></span> <span class='ocrx_word' id='word_1_755' title='bbox 2407 4442 2604 4500; x_wconf 90' lang='lat' dir='ltr'><strong>autem,</strong></span> <span class='ocrx_word' id='word_1_756' title='bbox 2633 4443 2739 4490; x_wconf 91' lang='lat' dir='ltr'><strong>etc.</strong></span> <span class='ocrx_word' id='word_1_757' title='bbox 2769 4434 2953 4509; x_wconf 83' lang='lat' dir='ltr'><strong>(Auc.)</strong></span> <span class='ocrx_word' id='word_1_758' title='bbox 2975 4436 3032 4493; x_wconf 90' lang='lat' dir='ltr'><strong>ln</strong></span> <span class='ocrx_word' id='word_1_759' title='bbox 3060 4441 3387 4511; x_wconf 65' lang='lat' dir='ltr'><strong>praecedenti</strong></span> 
     </span>
    </p>
   </div>
   <div class='ocr_carea' id='block_1_104' title="bbox 1803 4524 3389 4601">
    <p class='ocr_par' dir='ltr' id='par_1_104' title="bbox 1803 4524 3389 4601">
     <span class='ocr_line' id='line_1_104' title="bbox 1803 4524 3389 4601; baseline 0.004 -18"><span class='ocrx_word' id='word_1_760' title='bbox 1803 4526 2155 4583; x_wconf 90' lang='lat' dir='ltr'><strong>similitudine</strong></span> <span class='ocrx_word' id='word_1_761' title='bbox 2192 4524 2295 4580; x_wconf 92' lang='lat' dir='ltr'><strong>tria</strong></span> <span class='ocrx_word' id='word_1_762' title='bbox 2323 4533 2448 4581; x_wconf 88' lang='lat' dir='ltr'><strong>sunt</strong></span> <span class='ocrx_word' id='word_1_763' title='bbox 2473 4542 2489 4581; x_wconf 88' lang='lat'><strong>:</strong></span> <span class='ocrx_word' id='word_1_764' title='bbox 2525 4526 2627 4592; x_wconf 90' lang='lat' dir='ltr'><strong>vir,</strong></span> <span class='ocrx_word' id='word_1_765' title='bbox 2654 4536 2785 4593; x_wconf 88' lang='lat' dir='ltr'><strong>etc.,</strong></span> <span class='ocrx_word' id='word_1_766' title='bbox 2811 4544 2973 4599; x_wconf 86' lang='lat' dir='ltr'><strong>usque</strong></span> <span class='ocrx_word' id='word_1_767' title='bbox 3000 4530 3068 4584; x_wconf 92' lang='lat' dir='ltr'><strong>ad</strong></span> <span class='ocrx_word' id='word_1_768' title='bbox 3096 4532 3239 4601; x_wconf 90' lang='lat' dir='ltr'><strong>quod</strong></span> <span class='ocrx_word' id='word_1_769' title='bbox 3263 4547 3389 4589; x_wconf 88' lang='lat' dir='ltr'><strong>eum</strong></span> 
     </span>
    </p>
   </div>
   <div class='ocr_carea' id='block_1_105' title="bbox 1805 4617 2191 4673">
    <p class='ocr_par' dir='ltr' id='par_1_105' title="bbox 1805 4617 2191 4673">
     <span class='ocr_line' id='line_1_105' title="bbox 1805 4617 2191 4673; baseline -0.005 -1"><span class='ocrx_word' id='word_1_770' title='bbox 1805 4633 1913 4673; x_wconf 91' lang='lat' dir='ltr'><strong>non</strong></span> <span class='ocrx_word' id='word_1_771' title='bbox 1953 4617 2191 4672; x_wconf 91' lang='lat' dir='ltr'><strong>vincant.</strong></span> 
     </span>
    </p>
   </div>
   <div class='ocr_carea' id='block_1_106' title="bbox 1876 4707 3387 4781">
    <p class='ocr_par' dir='ltr' id='par_1_106' title="bbox 1876 4707 3387 4781">
     <span class='ocr_line' id='line_1_106' title="bbox 1876 4707 3387 4781; baseline 0.004 -18"><span class='ocrx_word' id='word_1_772' title='bbox 1876 4710 1923 4763; x_wconf 83' lang='lat' dir='ltr'><strong><em>A</em></strong></span> <span class='ocrx_word' id='word_1_773' title='bbox 1954 4709 2061 4780; x_wconf 87' lang='lat' dir='ltr'><strong>lege</strong></span> <span class='ocrx_word' id='word_1_774' title='bbox 2090 4708 2292 4763; x_wconf 87' lang='lat' dir='ltr'><strong>mortis.</strong></span> <span class='ocrx_word' id='word_1_775' title='bbox 2316 4707 2487 4764; x_wconf 84' lang='lat' dir='ltr'><strong>Aucta</strong></span> <span class='ocrx_word' id='word_1_776' title='bbox 2517 4716 2601 4763; x_wconf 90' lang='lat' dir='ltr'><strong>est</strong></span> <span class='ocrx_word' id='word_1_777' title='bbox 2624 4707 2770 4764; x_wconf 92' lang='lat' dir='ltr'><strong>enim</strong></span> <span class='ocrx_word' id='word_1_778' title='bbox 2798 4710 3236 4781; x_wconf 89' lang='lat' dir='ltr'><strong>concupiscentia</strong></span> <span class='ocrx_word' id='word_1_779' title='bbox 3263 4728 3387 4770; x_wconf 88' lang='lat' dir='ltr'><strong>cum</strong></span> 
     </span>
    </p>
   </div>
   <div class='ocr_carea' id='block_1_107' title="bbox 1806 4800 3388 4872">
    <p class='ocr_par' dir='ltr' id='par_1_107' title="bbox 1806 4800 3388 4872">
     <span class='ocr_line' id='line_1_107' title="bbox 1806 4800 3388 4872; baseline 0.004 -16"><span class='ocrx_word' id='word_1_780' title='bbox 1806 4800 1892 4857; x_wconf 91' lang='lat' dir='ltr'><strong>lex</strong></span> <span class='ocrx_word' id='word_1_781' title='bbox 1930 4801 2243 4872; x_wconf 85' lang='lat' dir='ltr'><strong>prohiberet</strong></span> <span class='ocrx_word' id='word_1_782' title='bbox 2276 4802 2367 4856; x_wconf 91' lang='lat' dir='ltr'><strong>ubi</strong></span> <span class='ocrx_word' id='word_1_783' title='bbox 2405 4816 2513 4857; x_wconf 91' lang='lat' dir='ltr'><strong>non</strong></span> <span class='ocrx_word' id='word_1_784' title='bbox 2555 4811 2674 4856; x_wconf 89' lang='lat' dir='ltr'><strong>erat</strong></span> <span class='ocrx_word' id='word_1_785' title='bbox 2713 4802 2880 4869; x_wconf 89' lang='lat' dir='ltr'><strong>ﬁdes,</strong></span> <span class='ocrx_word' id='word_1_786' title='bbox 2918 4812 2975 4859; x_wconf 90' lang='lat' dir='ltr'><strong>et</strong></span> <span class='ocrx_word' id='word_1_787' title='bbox 3009 4805 3076 4859; x_wconf 87' lang='lat' dir='ltr'><strong>ad</strong></span> <span class='ocrx_word' id='word_1_788' title='bbox 3114 4807 3388 4863; x_wconf 91' lang='lat' dir='ltr'><strong>cumulum</strong></span> 
     </span>
    </p>
   </div>
   <div class='ocr_carea' id='block_1_108' title="bbox 1806 4893 3383 4968">
    <p class='ocr_par' dir='ltr' id='par_1_108' title="bbox 1806 4893 3383 4968">
     <span class='ocr_line' id='line_1_108' title="bbox 1806 4893 3383 4968; baseline 0.004 -21"><span class='ocrx_word' id='word_1_789' title='bbox 1806 4902 2151 4963; x_wconf 84' lang='lat' dir='ltr'><strong>peccatorum</strong></span> <span class='ocrx_word' id='word_1_790' title='bbox 2172 4934 2185 4956; x_wconf 90' lang='lat'><strong>,</strong></span> <span class='ocrx_word' id='word_1_791' title='bbox 2224 4893 2690 4964; x_wconf 60' lang='lat' dir='ltr'><strong>praevaricationis</strong></span> <span class='ocrx_word' id='word_1_792' title='bbox 2724 4895 2928 4951; x_wconf 91' lang='lat' dir='ltr'><strong>crimen</strong></span> <span class='ocrx_word' id='word_1_793' title='bbox 2970 4895 3238 4966; x_wconf 81' lang='lat' dir='ltr'><strong>adjectum</strong></span> <span class='ocrx_word' id='word_1_794' title='bbox 3269 4909 3383 4968; x_wconf 89' lang='lat' dir='ltr'><strong>est;</strong></span> 
     </span>
    </p>
   </div>
   <div class='ocr_carea' id='block_1_109' title="bbox 1808 4984 2976 5055">
    <p class='ocr_par' dir='ltr' id='par_1_109' title="bbox 1808 4984 2976 5055">
     <span class='ocr_line' id='line_1_109' title="bbox 1808 4984 2976 5055; baseline 0.003 -18"><span class='ocrx_word' id='word_1_795' title='bbox 1808 4985 1933 5053; x_wconf 87' lang='lat' dir='ltr'><strong>quia</strong></span> <span class='ocrx_word' id='word_1_796' title='bbox 1958 4984 2049 5039; x_wconf 91' lang='lat' dir='ltr'><strong>ubi</strong></span> <span class='ocrx_word' id='word_1_797' title='bbox 2073 4999 2178 5040; x_wconf 92' lang='lat' dir='ltr'><strong>non</strong></span> <span class='ocrx_word' id='word_1_798' title='bbox 2209 4992 2294 5039; x_wconf 91' lang='lat' dir='ltr'><strong>est</strong></span> <span class='ocrx_word' id='word_1_799' title='bbox 2324 4984 2428 5050; x_wconf 90' lang='lat' dir='ltr'><strong>lex,</strong></span> <span class='ocrx_word' id='word_1_800' title='bbox 2456 5000 2556 5040; x_wconf 90' lang='lat' dir='ltr'><strong>nec</strong></span> <span class='ocrx_word' id='word_1_801' title='bbox 2582 4987 2976 5055; x_wconf 79' lang='lat' dir='ltr'><strong>praevaricatio.</strong></span> 
     </span>
    </p>
   </div>
   <div class='ocr_carea' id='block_1_110' title="bbox 1874 5075 3388 5151">
    <p class='ocr_par' dir='ltr' id='par_1_110' title="bbox 1874 5075 3388 5151">
     <span class='ocr_line' id='line_1_110' title="bbox 1874 5075 3388 5151; baseline 0.004 -21"><span class='ocrx_word' id='word_1_802' title='bbox 1874 5076 1944 5130; x_wconf 86' lang='lat' dir='ltr'><strong>In</strong></span> <span class='ocrx_word' id='word_1_803' title='bbox 1987 5078 2209 5131; x_wconf 82' lang='lat' dir='ltr'><strong>novitate</strong></span> <span class='ocrx_word' id='word_1_804' title='bbox 2247 5077 2482 5147; x_wconf 84' lang='lat' dir='ltr'><strong>spiritus.</strong></span> <span class='ocrx_word' id='word_1_805' title='bbox 2525 5075 2789 5147; x_wconf 85' lang='lat' dir='ltr'><strong>Operibus</strong></span> <span class='ocrx_word' id='word_1_806' title='bbox 2826 5079 2949 5134; x_wconf 89' lang='lat' dir='ltr'><strong>novi</strong></span> <span class='ocrx_word' id='word_1_807' title='bbox 2985 5078 3237 5144; x_wconf 85' lang='lat' dir='ltr'><strong>hominis,</strong></span> <span class='ocrx_word' id='word_1_808' title='bbox 3268 5096 3388 5151; x_wconf 70' lang='lat' dir='ltr'><strong>qua:</strong></span> 
     </span>
    </p>
   </div>
   <div class='ocr_carea' id='block_1_111' title="bbox 1803 5166 3383 5241">
    <p class='ocr_par' dir='ltr' id='par_1_111' title="bbox 1803 5166 3383 5241">
     <span class='ocr_line' id='line_1_111' title="bbox 1803 5166 3383 5241; baseline 0.001 -18"><span class='ocrx_word' id='word_1_809' title='bbox 1803 5184 1910 5223; x_wconf 90' lang='lat' dir='ltr'><strong>non</strong></span> <span class='ocrx_word' id='word_1_810' title='bbox 1946 5168 2147 5223; x_wconf 88' lang='lat' dir='ltr'><strong>nostris</strong></span> <span class='ocrx_word' id='word_1_811' title='bbox 2181 5167 2386 5223; x_wconf 90' lang='lat' dir='ltr'><strong>viribus</strong></span> <span class='ocrx_word' id='word_1_812' title='bbox 2420 5166 2503 5221; x_wconf 89' lang='lat' dir='ltr'><strong>vel</strong></span> <span class='ocrx_word' id='word_1_813' title='bbox 2546 5166 2663 5237; x_wconf 91' lang='lat' dir='ltr'><strong>lege</strong></span> <span class='ocrx_word' id='word_1_814' title='bbox 2690 5168 3025 5240; x_wconf 86' lang='lat' dir='ltr'><strong>attingimus,</strong></span> <span class='ocrx_word' id='word_1_815' title='bbox 3061 5169 3155 5225; x_wconf 84' lang='lat' dir='ltr'><strong>sed</strong></span> <span class='ocrx_word' id='word_1_816' title='bbox 3184 5171 3383 5241; x_wconf 89' lang='lat' dir='ltr'><strong>gratia,</strong></span> 
     </span>
    </p>
   </div>
   <div class='ocr_carea' id='block_1_112' title="bbox 1802 5258 3387 5331">
    <p class='ocr_par' dir='ltr' id='par_1_112' title="bbox 1802 5258 3387 5331">
     <span class='ocr_line' id='line_1_112' title="bbox 1802 5258 3387 5331; baseline 0.002 -15"><span class='ocrx_word' id='word_1_817' title='bbox 1802 5260 2005 5316; x_wconf 90' lang='lat' dir='ltr'><strong>scilicet</strong></span> <span class='ocrx_word' id='word_1_818' title='bbox 2042 5259 2264 5329; x_wconf 87' lang='lat' dir='ltr'><strong>spiritus</strong></span> <span class='ocrx_word' id='word_1_819' title='bbox 2301 5258 2355 5312; x_wconf 92' lang='lat' dir='ltr'><strong>in</strong></span> <span class='ocrx_word' id='word_1_820' title='bbox 2397 5259 2595 5327; x_wconf 86' lang='lat' dir='ltr'><strong>quibus</strong></span> <span class='ocrx_word' id='word_1_821' title='bbox 2626 5259 2705 5314; x_wconf 92' lang='lat' dir='ltr'><strong>sic</strong></span> <span class='ocrx_word' id='word_1_822' title='bbox 2739 5268 2822 5315; x_wconf 90' lang='lat' dir='ltr'><strong>est</strong></span> <span class='ocrx_word' id='word_1_823' title='bbox 2870 5261 3287 5331; x_wconf 89' lang='lat' dir='ltr'><strong>immorandum,</strong></span> <span class='ocrx_word' id='word_1_824' title='bbox 3327 5271 3387 5319; x_wconf 88' lang='lat' dir='ltr'><strong>ut</strong></span> 
     </span>
    </p>
   </div>
   <div class='ocr_carea' id='block_1_113' title="bbox 1802 5349 3295 5423">
    <p class='ocr_par' dir='ltr' id='par_1_113' title="bbox 1802 5349 3295 5423">
     <span class='ocr_line' id='line_1_113' title="bbox 1802 5349 3295 5423; baseline -0.001 -15"><span class='ocrx_word' id='word_1_825' title='bbox 1802 5353 1936 5408; x_wconf 89' lang='lat' dir='ltr'><strong>nihil</strong></span> <span class='ocrx_word' id='word_1_826' title='bbox 1965 5353 2193 5408; x_wconf 87' lang='lat' dir='ltr'><strong>addatur</strong></span> <span class='ocrx_word' id='word_1_827' title='bbox 2216 5351 2280 5406; x_wconf 91' lang='lat' dir='ltr'><strong>de</strong></span> <span class='ocrx_word' id='word_1_828' title='bbox 2306 5349 2439 5421; x_wconf 91' lang='lat' dir='ltr'><strong>legis</strong></span> <span class='ocrx_word' id='word_1_829' title='bbox 2468 5350 2746 5421; x_wconf 88' lang='lat' dir='ltr'><strong>operibus,</strong></span> <span class='ocrx_word' id='word_1_830' title='bbox 2771 5368 2891 5423; x_wconf 65' lang='lat' dir='ltr'><strong>qua:</strong></span> <span class='ocrx_word' id='word_1_831' title='bbox 2916 5361 3125 5409; x_wconf 90' lang='lat' dir='ltr'><strong>vetusta</strong></span> <span class='ocrx_word' id='word_1_832' title='bbox 3151 5363 3295 5410; x_wconf 92' lang='lat' dir='ltr'><strong>sunt.</strong></span> 
     </span>
    </p>
   </div>
   <div class='ocr_carea' id='block_1_114' title="bbox 1874 5442 3384 5518">
    <p class='ocr_par' dir='ltr' id='par_1_114' title="bbox 1874 5442 3384 5518">
     <span class='ocr_line' id='line_1_114' title="bbox 1874 5442 3384 5518; baseline 0.002 -19"><span class='ocrx_word' id='word_1_833' title='bbox 1874 5444 2037 5500; x_wconf 89' lang='lat' dir='ltr'><strong>Vens.</strong></span> <span class='ocrx_word' id='word_1_834' title='bbox 2063 5445 2113 5499; x_wconf 91' lang='lat'><strong>7.</strong></span> <span class='ocrx_word' id='word_1_835' title='bbox 2140 5474 2210 5485; x_wconf 89' lang='lat'>—</span> <span class='ocrx_word' id='word_1_836' title='bbox 2232 5442 2371 5509; x_wconf 82' lang='lat' dir='ltr'><strong>Quid</strong></span> <span class='ocrx_word' id='word_1_837' title='bbox 2396 5459 2517 5515; x_wconf 88' lang='lat' dir='ltr'><strong>ergo</strong></span> <span class='ocrx_word' id='word_1_838' title='bbox 2543 5444 2795 5499; x_wconf 88' lang='lat' dir='ltr'><strong>dicemus.</strong></span> <span class='ocrx_word' id='word_1_839' title='bbox 2824 5444 3269 5518; x_wconf 85' lang='lat' dir='ltr'><strong>Quandoquidem</strong></span> <span class='ocrx_word' id='word_1_840' title='bbox 3298 5446 3384 5502; x_wconf 87' lang='lat' dir='ltr'><strong>lex</strong></span> 
     </span>
    </p>
   </div>
   <div class='ocr_carea' id='block_1_115' title="bbox 1802 5534 3383 5605">
    <p class='ocr_par' dir='ltr' id='par_1_115' title="bbox 1802 5534 3383 5605">
     <span class='ocr_line' id='line_1_115' title="bbox 1802 5534 3383 5605; baseline -0.001 -14"><span class='ocrx_word' id='word_1_841' title='bbox 1802 5537 1991 5593; x_wconf 90' lang='lat' dir='ltr'><strong>mortis</strong></span> <span class='ocrx_word' id='word_1_842' title='bbox 2033 5542 2115 5591; x_wconf 92' lang='lat' dir='ltr'><strong>est</strong></span> <span class='ocrx_word' id='word_1_843' title='bbox 2159 5543 2214 5590; x_wconf 91' lang='lat' dir='ltr'><strong>et</strong></span> <span class='ocrx_word' id='word_1_844' title='bbox 2252 5534 2403 5589; x_wconf 87' lang='lat' dir='ltr'><strong>auxit</strong></span> <span class='ocrx_word' id='word_1_845' title='bbox 2441 5535 2583 5589; x_wconf 89' lang='lat' dir='ltr'><strong>vires</strong></span> <span class='ocrx_word' id='word_1_846' title='bbox 2624 5536 2863 5605; x_wconf 86' lang='lat' dir='ltr'><strong>peccati,</strong></span> <span class='ocrx_word' id='word_1_847' title='bbox 2898 5538 3143 5592; x_wconf 91' lang='lat' dir='ltr'><strong>detinens</strong></span> <span class='ocrx_word' id='word_1_848' title='bbox 3183 5552 3214 5590; x_wconf 88' lang='lat' dir='ltr'><strong>a</strong></span> <span class='ocrx_word' id='word_1_849' title='bbox 3242 5536 3383 5591; x_wconf 89' lang='lat' dir='ltr'><strong>bona</strong></span> 
     </span>
    </p>
   </div>
   <div class='ocr_carea' id='block_1_116' title="bbox 1799 5628 3385 5702">
    <p class='ocr_par' dir='ltr' id='par_1_116' title="bbox 1799 5628 3385 5702">
     <span class='ocr_line' id='line_1_116' title="bbox 1799 5628 3385 5702; baseline -0.002 -15"><span class='ocrx_word' id='word_1_850' title='bbox 1799 5631 2143 5702; x_wconf 87' lang='lat' dir='ltr'><strong>operatione;</strong></span> <span class='ocrx_word' id='word_1_851' title='bbox 2181 5628 2393 5683; x_wconf 88' lang='lat' dir='ltr'><strong>videtur</strong></span> <span class='ocrx_word' id='word_1_852' title='bbox 2425 5644 2556 5699; x_wconf 90' lang='lat' dir='ltr'><strong>ergo</strong></span> <span class='ocrx_word' id='word_1_853' title='bbox 2596 5628 2681 5684; x_wconf 85' lang='lat' dir='ltr'><strong>lex</strong></span> <span class='ocrx_word' id='word_1_854' title='bbox 2711 5640 3027 5700; x_wconf 90' lang='lat' dir='ltr'><strong>peccatum,</strong></span> <span class='ocrx_word' id='word_1_855' title='bbox 3067 5630 3117 5682; x_wconf 91' lang='lat' dir='ltr'><strong>id</strong></span> <span class='ocrx_word' id='word_1_856' title='bbox 3169 5637 3251 5683; x_wconf 93' lang='lat' dir='ltr'><strong>est</strong></span> <span class='ocrx_word' id='word_1_857' title='bbox 3286 5628 3385 5684; x_wconf 85' lang='lat' dir='ltr'><strong>do-</strong></span> 
     </span>
    </p>
   </div>
   <div class='ocr_carea' id='block_1_117' title="bbox 1805 5719 3383 5793">
    <p class='ocr_par' dir='ltr' id='par_1_117' title="bbox 1805 5719 3383 5793">
     <span class='ocr_line' id='line_1_117' title="bbox 1805 5719 3383 5793; baseline -0.003 -15"><span class='ocrx_word' id='word_1_858' title='bbox 1805 5739 1929 5778; x_wconf 87' lang='lat' dir='ltr'><strong>cens</strong></span> <span class='ocrx_word' id='word_1_859' title='bbox 1958 5736 2211 5793; x_wconf 87' lang='lat' dir='ltr'><strong>peccare,</strong></span> <span class='ocrx_word' id='word_1_860' title='bbox 2244 5719 2326 5774; x_wconf 89' lang='lat' dir='ltr'><strong>vel</strong></span> <span class='ocrx_word' id='word_1_861' title='bbox 2359 5720 2481 5776; x_wconf 86' lang='lat' dir='ltr'><strong>talis</strong></span> <span class='ocrx_word' id='word_1_862' title='bbox 2511 5738 2612 5793; x_wconf 89' lang='lat' dir='ltr'><strong>pro</strong></span> <span class='ocrx_word' id='word_1_863' title='bbox 2647 5739 2752 5792; x_wconf 90' lang='lat' dir='ltr'><strong>qua</strong></span> <span class='ocrx_word' id='word_1_864' title='bbox 2782 5722 2976 5777; x_wconf 88' lang='lat' dir='ltr'><strong>donata</strong></span> <span class='ocrx_word' id='word_1_865' title='bbox 3009 5720 3250 5792; x_wconf 86' lang='lat' dir='ltr'><strong>peccavit</strong></span> <span class='ocrx_word' id='word_1_866' title='bbox 3287 5735 3383 5775; x_wconf 93' lang='lat' dir='ltr'><strong>au-</strong></span> 
     </span>
    </p>
   </div>
   <div class='ocr_carea' id='block_1_118' title="bbox 1806 5813 3383 5886">
    <p class='ocr_par' dir='ltr' id='par_1_118' title="bbox 1806 5813 3383 5886">
     <span class='ocr_line' id='line_1_118' title="bbox 1806 5813 3383 5886; baseline 0 -13"><span class='ocrx_word' id='word_1_867' title='bbox 1806 5827 1922 5873; x_wconf 91' lang='lat' dir='ltr'><strong>ctor</strong></span> <span class='ocrx_word' id='word_1_868' title='bbox 1954 5816 2100 5886; x_wconf 84' lang='lat' dir='ltr'><strong>ejus,</strong></span> <span class='ocrx_word' id='word_1_869' title='bbox 2141 5814 2294 5886; x_wconf 83' lang='lat' dir='ltr'><strong>quasi</strong></span> <span class='ocrx_word' id='word_1_870' title='bbox 2334 5814 2486 5871; x_wconf 68' lang='lat' dir='ltr'><strong>malae</strong></span> <span class='ocrx_word' id='word_1_871' title='bbox 2521 5816 2617 5871; x_wconf 87' lang='lat' dir='ltr'><strong>rei.</strong></span> <span class='ocrx_word' id='word_1_872' title='bbox 2662 5815 2775 5871; x_wconf 84' lang='lat' dir='ltr'><strong>Non</strong></span> <span class='ocrx_word' id='word_1_873' title='bbox 2797 5856 2811 5882; x_wconf 88' lang='lat'><strong>,</strong></span> <span class='ocrx_word' id='word_1_874' title='bbox 2840 5815 2933 5870; x_wconf 90' lang='lat' dir='ltr'><strong>sed</strong></span> <span class='ocrx_word' id='word_1_875' title='bbox 2962 5814 3140 5883; x_wconf 85' lang='lat' dir='ltr'><strong>potius</strong></span> <span class='ocrx_word' id='word_1_876' title='bbox 3177 5813 3383 5885; x_wconf 78' lang='lat' dir='ltr'><strong>bonum</strong></span> 
     </span>
    </p>
   </div>
   <div class='ocr_carea' id='block_1_119' title="bbox 2872 5907 2946 5969">
    <p class='ocr_par' dir='ltr' id='par_1_119' title="bbox 2872 5907 2946 5969">
     <span class='ocr_line' id='line_1_119' title="bbox 2872 5907 2946 5969; baseline -0.027 0"><span class='ocrx_word' id='word_1_877' title='bbox 2872 5907 2946 5969; x_wconf 84' lang='grc'><strong>16</strong></span> 
     </span>
    </p>
   </div>
  </div>
