  <div class='ocr_page' id='page_1' title='image "/cluster/home/n/w/nwhite01/storage/ocr_20150623/114/hvd.32044018909580/251.png"; bbox 0 0 3958 6314; ppageno 0'>
   <div class='ocr_carea' id='block_1_1' title="bbox 529 376 629 434">
    <p class='ocr_par' dir='ltr' id='par_1_1' title="bbox 529 376 629 434">
     <span class='ocr_line' id='line_1_1' title="bbox 529 376 629 434; baseline -0.02 0"><span class='ocrx_word' id='word_1_1' title='bbox 529 376 629 434; x_wconf 66' lang='grc' dir='ltr'><strong>ιθί</strong></span> 
     </span>
    </p>
   </div>
   <div class='ocr_carea' id='block_1_2' title="bbox 1031 364 2123 431">
    <p class='ocr_par' dir='ltr' id='par_1_2' title="bbox 1031 371 2123 431">
     <span class='ocr_line' id='line_1_2' title="bbox 1031 371 2123 431; baseline -0.004 -1"><span class='ocrx_word' id='word_1_2' title='bbox 1031 371 1425 431; x_wconf 75' lang='lat' dir='ltr'><strong>WALAFRIDI</strong></span> <span class='ocrx_word' id='word_1_3' title='bbox 1463 371 1714 431; x_wconf 76' lang='lat' dir='ltr'><strong>STRABI</strong></span> <span class='ocrx_word' id='word_1_4' title='bbox 1753 373 1962 431; x_wconf 85' lang='lat' dir='ltr'><strong>FULD.</strong></span> <span class='ocrx_word' id='word_1_5' title='bbox 2003 371 2123 428; x_wconf 67' lang='lat' dir='ltr'><strong>MOI</strong></span> 
     </span>
    </p>
   </div>
   <div class='ocr_carea' id='block_1_3' title="bbox 2240 364 3346 431">
    <p class='ocr_par' dir='ltr' id='par_1_3' title="bbox 2240 364 3346 428">
     <span class='ocr_line' id='line_1_3' title="bbox 2240 364 3346 428; baseline -0.001 -6"><span class='ocrx_word' id='word_1_6' title='bbox 2240 369 2357 425; x_wconf 80' lang='lat' dir='ltr'><strong>lPP.</strong></span> <span class='ocrx_word' id='word_1_7' title='bbox 2402 366 2586 426; x_wconf 71' lang='lat' dir='ltr'><strong>PARS</strong></span> <span class='ocrx_word' id='word_1_8' title='bbox 2622 367 2666 426; x_wconf 87' lang='lat' dir='ltr'><strong>l.</strong></span> <span class='ocrx_word' id='word_1_9' title='bbox 2703 391 2776 410; x_wconf 62' lang='grc' dir='ltr'><strong>-ε</strong></span> <span class='ocrx_word' id='word_1_10' title='bbox 2815 364 3277 428; x_wconf 69' lang='grc' dir='ltr'><strong>ΤΗΕΟΕΟΟΙΕΑ.</strong></span> <span class='ocrx_word' id='word_1_11' title='bbox 3341 401 3346 405; x_wconf 94' lang='grc'><strong>-</strong></span> 
     </span>
    </p>
   </div>
   <div class='ocr_carea' id='block_1_4' title="bbox 3709 366 3812 422">
    <p class='ocr_par' dir='ltr' id='par_1_4' title="bbox 3709 366 3812 422">
     <span class='ocr_line' id='line_1_4' title="bbox 3709 366 3812 422; baseline 0.01 -1"><span class='ocrx_word' id='word_1_12' title='bbox 3709 366 3812 422; x_wconf 62' lang='grc'><strong>492</strong></span> 
     </span>
    </p>
   </div>
   <div class='ocr_carea' id='block_1_5' title="bbox 530 480 3815 570">
    <p class='ocr_par' dir='ltr' id='par_1_5' title="bbox 530 480 3815 570">
     <span class='ocr_line' id='line_1_5' title="bbox 530 480 3815 570; baseline -0.005 -15"><span class='ocrx_word' id='word_1_13' title='bbox 530 505 616 557; x_wconf 86' lang='lat' dir='ltr'><strong>est</strong></span> <span class='ocrx_word' id='word_1_14' title='bbox 645 515 661 553; x_wconf 87' lang='lat'><strong>:</strong></span> <span class='ocrx_word' id='word_1_15' title='bbox 697 504 981 570; x_wconf 84' lang='lat' dir='ltr'><strong>peccatum</strong></span> <span class='ocrx_word' id='word_1_16' title='bbox 1011 495 1141 551; x_wconf 77' lang='lat' dir='ltr'><strong>fecit</strong></span> <span class='ocrx_word' id='word_1_17' title='bbox 1175 507 1501 564; x_wconf 83' lang='lat' dir='ltr'><strong>agnoscere,</strong></span> <span class='ocrx_word' id='word_1_18' title='bbox 1546 494 1674 564; x_wconf 88' lang='lat' dir='ltr'><strong>quia</strong></span> <span class='ocrx_word' id='word_1_19' title='bbox 1711 493 1867 563; x_wconf 85' lang='lat' dir='ltr'><strong>prius</strong></span> <span class='ocrx_word' id='word_1_20' title='bbox 1902 491 2113 546; x_wconf 86' lang='lat' dir='ltr'><strong>nescie-</strong></span> <span class='ocrx_word' id='word_1_21' title='bbox 2141 491 2197 553; x_wconf 76' lang='grc' dir='ltr'><strong>Α</strong></span> <span class='ocrx_word' id='word_1_22' title='bbox 2293 486 2456 540; x_wconf 87' lang='lat' dir='ltr'><strong>Nam.</strong></span> <span class='ocrx_word' id='word_1_23' title='bbox 2486 485 2652 553; x_wconf 83' lang='lat' dir='ltr'><strong>Quasi</strong></span> <span class='ocrx_word' id='word_1_24' title='bbox 2679 483 2824 542; x_wconf 86' lang='lat' dir='ltr'><strong>dicat</strong></span> <span class='ocrx_word' id='word_1_25' title='bbox 2865 503 2880 540; x_wconf 92' lang='lat'><strong>:</strong></span> <span class='ocrx_word' id='word_1_26' title='bbox 2924 482 3209 550; x_wconf 81' lang='lat' dir='ltr'><strong>Quomodo</strong></span> <span class='ocrx_word' id='word_1_27' title='bbox 3239 480 3380 538; x_wconf 86' lang='lat' dir='ltr'><strong>mihi</strong></span> <span class='ocrx_word' id='word_1_28' title='bbox 3409 483 3599 542; x_wconf 73' lang='lat' dir='ltr'><strong>datum</strong></span> <span class='ocrx_word' id='word_1_29' title='bbox 3639 483 3815 540; x_wconf 76' lang='lat' dir='ltr'><strong>estad</strong></span> 
     </span>
    </p>
   </div>
   <div class='ocr_carea' id='block_1_6' title="bbox 530 588 2122 663">
    <p class='ocr_par' dir='ltr' id='par_1_6' title="bbox 530 588 2122 663">
     <span class='ocr_line' id='line_1_6' title="bbox 530 588 2122 663; baseline -0.005 -16"><span class='ocrx_word' id='word_1_30' title='bbox 530 594 729 648; x_wconf 80' lang='lat' dir='ltr'><strong>bantur</strong></span> <span class='ocrx_word' id='word_1_31' title='bbox 759 590 1004 663; x_wconf 77' lang='lat' dir='ltr'><strong>quaedam</strong></span> <span class='ocrx_word' id='word_1_32' title='bbox 1032 589 1117 644; x_wconf 90' lang='lat' dir='ltr'><strong>vel</strong></span> <span class='ocrx_word' id='word_1_33' title='bbox 1149 604 1270 645; x_wconf 87' lang='lat' dir='ltr'><strong>esse</strong></span> <span class='ocrx_word' id='word_1_34' title='bbox 1294 597 1536 660; x_wconf 85' lang='lat' dir='ltr'><strong>peccata,</strong></span> <span class='ocrx_word' id='word_1_35' title='bbox 1569 588 1654 642; x_wconf 91' lang='lat' dir='ltr'><strong>vel</strong></span> <span class='ocrx_word' id='word_1_36' title='bbox 1685 589 1821 643; x_wconf 90' lang='lat' dir='ltr'><strong>adeo</strong></span> <span class='ocrx_word' id='word_1_37' title='bbox 1848 601 1971 642; x_wconf 87' lang='lat' dir='ltr'><strong>esse</strong></span> <span class='ocrx_word' id='word_1_38' title='bbox 1995 602 2122 657; x_wconf 86' lang='lat' dir='ltr'><strong>gra-</strong></span> 
     </span>
    </p>
   </div>
   <div class='ocr_carea' id='block_1_7' title="bbox 530 673 2123 749">
    <p class='ocr_par' dir='ltr' id='par_1_7' title="bbox 530 673 2123 749">
     <span class='ocr_line' id='line_1_7' title="bbox 530 673 2123 749; baseline -0.003 -15"><span class='ocrx_word' id='word_1_39' title='bbox 530 682 640 746; x_wconf 87' lang='lat' dir='ltr'><strong>via,</strong></span> <span class='ocrx_word' id='word_1_40' title='bbox 668 679 753 736; x_wconf 83' lang='lat' dir='ltr'><strong>vel</strong></span> <span class='ocrx_word' id='word_1_41' title='bbox 788 693 909 735; x_wconf 85' lang='lat' dir='ltr'><strong>esse</strong></span> <span class='ocrx_word' id='word_1_42' title='bbox 944 679 1234 749; x_wconf 88' lang='lat' dir='ltr'><strong>punienda.</strong></span> <span class='ocrx_word' id='word_1_43' title='bbox 1272 678 1439 732; x_wconf 77' lang='lat' dir='ltr'><strong>A‘bait.</strong></span> <span class='ocrx_word' id='word_1_44' title='bbox 1475 676 1580 733; x_wconf 87' lang='lat' dir='ltr'><strong>Sed</strong></span> <span class='ocrx_word' id='word_1_45' title='bbox 1606 685 1897 748; x_wconf 78' lang='lat' dir='ltr'><strong>peccatum.</strong></span> <span class='ocrx_word' id='word_1_46' title='bbox 1927 673 2123 731; x_wconf 80' lang='lat' dir='ltr'><strong>Osten-</strong></span> 
     </span>
    </p>
   </div>
   <div class='ocr_carea' id='block_1_8' title="bbox 531 766 2120 842">
    <p class='ocr_par' dir='ltr' id='par_1_8' title="bbox 531 766 2120 842">
     <span class='ocr_line' id='line_1_8' title="bbox 531 766 2120 842; baseline -0.003 -17"><span class='ocrx_word' id='word_1_47' title='bbox 531 771 609 826; x_wconf 82' lang='lat' dir='ltr'><strong>dit</strong></span> <span class='ocrx_word' id='word_1_48' title='bbox 642 771 812 842; x_wconf 83' lang='lat' dir='ltr'><strong>legem</strong></span> <span class='ocrx_word' id='word_1_49' title='bbox 853 784 958 824; x_wconf 90' lang='lat' dir='ltr'><strong>non</strong></span> <span class='ocrx_word' id='word_1_50' title='bbox 995 783 1115 823; x_wconf 89' lang='lat' dir='ltr'><strong>esse</strong></span> <span class='ocrx_word' id='word_1_51' title='bbox 1152 776 1456 838; x_wconf 83' lang='lat' dir='ltr'><strong>peccatum,</strong></span> <span class='ocrx_word' id='word_1_52' title='bbox 1486 769 1580 824; x_wconf 89' lang='lat' dir='ltr'><strong>sed</strong></span> <span class='ocrx_word' id='word_1_53' title='bbox 1609 767 1843 822; x_wconf 77' lang='lat' dir='ltr'><strong>indicem</strong></span> <span class='ocrx_word' id='word_1_54' title='bbox 1863 766 2075 837; x_wconf 88' lang='lat' dir='ltr'><strong>peccati</strong></span> <span class='ocrx_word' id='word_1_55' title='bbox 2102 776 2120 820; x_wconf 87' lang='lat'><strong>:</strong></span> 
     </span>
    </p>
   </div>
   <div class='ocr_carea' id='block_1_9' title="bbox 531 861 2124 932">
    <p class='ocr_par' dir='ltr' id='par_1_9' title="bbox 531 861 2124 932">
     <span class='ocr_line' id='line_1_9' title="bbox 531 861 2124 932; baseline -0.001 -15"><span class='ocrx_word' id='word_1_56' title='bbox 531 871 592 917; x_wconf 88' lang='lat' dir='ltr'><strong>ut</strong></span> <span class='ocrx_word' id='word_1_57' title='bbox 633 863 710 918; x_wconf 89' lang='lat' dir='ltr'><strong>sic</strong></span> <span class='ocrx_word' id='word_1_58' title='bbox 751 861 932 916; x_wconf 87' lang='lat' dir='ltr'><strong>anima</strong></span> <span class='ocrx_word' id='word_1_59' title='bbox 980 869 1164 916; x_wconf 82' lang='lat' dir='ltr'><strong>reatus</strong></span> <span class='ocrx_word' id='word_1_60' title='bbox 1213 861 1574 917; x_wconf 71' lang='lat' dir='ltr'><strong>sollicitudine</strong></span> <span class='ocrx_word' id='word_1_61' title='bbox 1609 861 1682 916; x_wconf 85' lang='lat' dir='ltr'><strong>ad</strong></span> <span class='ocrx_word' id='word_1_62' title='bbox 1713 861 2124 932; x_wconf 70' lang='lat' dir='ltr'><strong>percipiendam</strong></span> 
     </span>
    </p>
   </div>
   <div class='ocr_carea' id='block_1_10' title="bbox 531 955 1238 1026">
    <p class='ocr_par' dir='ltr' id='par_1_10' title="bbox 531 955 1238 1026">
     <span class='ocr_line' id='line_1_10' title="bbox 531 955 1238 1026; baseline 0 -19"><span class='ocrx_word' id='word_1_63' title='bbox 531 955 765 1026; x_wconf 86' lang='lat' dir='ltr'><strong>gratiam</strong></span> <span class='ocrx_word' id='word_1_64' title='bbox 803 961 1238 1009; x_wconf 77' lang='lat' dir='ltr'><strong>converteretur.</strong></span> 
     </span>
    </p>
   </div>
   <div class='ocr_carea' id='block_1_11' title="bbox 601 1042 2123 1115">
    <p class='ocr_par' dir='ltr' id='par_1_11' title="bbox 601 1042 2123 1115">
     <span class='ocr_line' id='line_1_11' title="bbox 601 1042 2123 1115; baseline 0.002 -18"><span class='ocrx_word' id='word_1_65' title='bbox 601 1043 783 1115; x_wconf 73' lang='grc' dir='ltr'><strong>(Αυς.)</strong></span> <span class='ocrx_word' id='word_1_66' title='bbox 808 1044 978 1098; x_wconf 73' lang='lat' dir='ltr'><strong>Absit.</strong></span> <span class='ocrx_word' id='word_1_67' title='bbox 1010 1044 1131 1100; x_wconf 87' lang='lat' dir='ltr'><strong>Uno</strong></span> <span class='ocrx_word' id='word_1_68' title='bbox 1160 1046 1327 1100; x_wconf 77' lang='lat' dir='ltr'><strong>verbo</strong></span> <span class='ocrx_word' id='word_1_69' title='bbox 1357 1042 1535 1115; x_wconf 72' lang='lat' dir='ltr'><strong>iegem</strong></span> <span class='ocrx_word' id='word_1_70' title='bbox 1569 1044 1821 1111; x_wconf 86' lang='lat' dir='ltr'><strong>absolvit,</strong></span> <span class='ocrx_word' id='word_1_71' title='bbox 1851 1053 1989 1112; x_wconf 78' lang='lat' dir='ltr'><strong>etc.,</strong></span> <span class='ocrx_word' id='word_1_72' title='bbox 2030 1059 2123 1100; x_wconf 46' lang='lat' dir='ltr'><strong>us.-</strong></span> 
     </span>
    </p>
   </div>
   <div class='ocr_carea' id='block_1_12' title="bbox 527 1136 2015 1209">
    <p class='ocr_par' dir='ltr' id='par_1_12' title="bbox 527 1136 2015 1209">
     <span class='ocr_line' id='line_1_12' title="bbox 527 1136 2015 1209; baseline 0 -18"><span class='ocrx_word' id='word_1_73' title='bbox 527 1155 627 1208; x_wconf 85' lang='lat' dir='ltr'><strong>que</strong></span> <span class='ocrx_word' id='word_1_74' title='bbox 652 1139 720 1190; x_wconf 89' lang='lat' dir='ltr'><strong>ad</strong></span> <span class='ocrx_word' id='word_1_75' title='bbox 743 1154 933 1209; x_wconf 87' lang='lat' dir='ltr'><strong>magna</strong></span> <span class='ocrx_word' id='word_1_76' title='bbox 956 1145 1042 1193; x_wconf 87' lang='lat' dir='ltr'><strong>est</strong></span> <span class='ocrx_word' id='word_1_77' title='bbox 1067 1137 1308 1208; x_wconf 81' lang='lat' dir='ltr'><strong>Apostoli</strong></span> <span class='ocrx_word' id='word_1_78' title='bbox 1333 1136 1672 1193; x_wconf 73' lang='lat' dir='ltr'><strong>defendentis</strong></span> <span class='ocrx_word' id='word_1_79' title='bbox 1699 1138 2015 1193; x_wconf 79' lang='lat' dir='ltr'><strong>auctoritas.</strong></span> 
     </span>
    </p>
   </div>
   <div class='ocr_carea' id='block_1_13' title="bbox 603 1229 2123 1300">
    <p class='ocr_par' dir='ltr' id='par_1_13' title="bbox 603 1229 2123 1300">
     <span class='ocr_line' id='line_1_13' title="bbox 603 1229 2123 1300; baseline -0.001 -17"><span class='ocrx_word' id='word_1_80' title='bbox 603 1229 856 1299; x_wconf 71' lang='grc' dir='ltr'><strong>(Τιιεου.)</strong></span> <span class='ocrx_word' id='word_1_81' title='bbox 885 1229 1020 1285; x_wconf 92' lang='lat' dir='ltr'><strong>lllud</strong></span> <span class='ocrx_word' id='word_1_82' title='bbox 1055 1238 1255 1296; x_wconf 89' lang='lat' dir='ltr'><strong>autem,</strong></span> <span class='ocrx_word' id='word_1_83' title='bbox 1290 1229 1414 1286; x_wconf 84' lang='lat' dir='ltr'><strong>Non</strong></span> <span class='ocrx_word' id='word_1_84' title='bbox 1441 1230 1679 1300; x_wconf 78' lang='lat' dir='ltr'><strong>cognovi,</strong></span> <span class='ocrx_word' id='word_1_85' title='bbox 1706 1237 1759 1284; x_wconf 91' lang='lat' dir='ltr'><strong>et</strong></span> <span class='ocrx_word' id='word_1_86' title='bbox 1792 1229 2123 1295; x_wconf 81' lang='lat' dir='ltr'><strong>Nesciebam,</strong></span> 
     </span>
    </p>
   </div>
   <div class='ocr_carea' id='block_1_14' title="bbox 530 1323 2128 1396">
    <p class='ocr_par' dir='ltr' id='par_1_14' title="bbox 530 1323 2128 1396">
     <span class='ocr_line' id='line_1_14' title="bbox 530 1323 2128 1396; baseline -0.001 -18"><span class='ocrx_word' id='word_1_87' title='bbox 530 1340 637 1378; x_wconf 90' lang='lat' dir='ltr'><strong>non</strong></span> <span class='ocrx_word' id='word_1_88' title='bbox 677 1324 765 1378; x_wconf 88' lang='lat' dir='ltr'><strong>hic</strong></span> <span class='ocrx_word' id='word_1_89' title='bbox 813 1324 1210 1394; x_wconf 81' lang='lat' dir='ltr'><strong>ignorationem</strong></span> <span class='ocrx_word' id='word_1_90' title='bbox 1249 1324 1470 1378; x_wconf 90' lang='lat' dir='ltr'><strong>omnino</strong></span> <span class='ocrx_word' id='word_1_91' title='bbox 1509 1324 1848 1396; x_wconf 86' lang='lat' dir='ltr'><strong>signiﬁcant,</strong></span> <span class='ocrx_word' id='word_1_92' title='bbox 1890 1323 1984 1379; x_wconf 87' lang='lat' dir='ltr'><strong>sed</strong></span> <span class='ocrx_word' id='word_1_93' title='bbox 2023 1323 2128 1377; x_wconf 88' lang='lat' dir='ltr'><strong>hoc</strong></span> 
     </span>
    </p>
   </div>
   <div class='ocr_carea' id='block_1_15' title="bbox 530 1409 2128 1485">
    <p class='ocr_par' dir='ltr' id='par_1_15' title="bbox 530 1409 2128 1485">
     <span class='ocr_line' id='line_1_15' title="bbox 530 1409 2128 1485; baseline 0.001 -19"><span class='ocrx_word' id='word_1_94' title='bbox 530 1411 662 1466; x_wconf 88' lang='lat' dir='ltr'><strong>dicit</strong></span> <span class='ocrx_word' id='word_1_95' title='bbox 695 1429 707 1465; x_wconf 90' lang='lat'><strong>:</strong></span> <span class='ocrx_word' id='word_1_96' title='bbox 738 1409 1018 1466; x_wconf 81' lang='lat' dir='ltr'><strong>Naturalis</strong></span> <span class='ocrx_word' id='word_1_97' title='bbox 1049 1411 1395 1468; x_wconf 89' lang='lat' dir='ltr'><strong>discretionis</strong></span> <span class='ocrx_word' id='word_1_98' title='bbox 1424 1413 1760 1469; x_wconf 82' lang='lat' dir='ltr'><strong>exactiorem</strong></span> <span class='ocrx_word' id='word_1_99' title='bbox 1792 1414 1910 1485; x_wconf 86' lang='lat' dir='ltr'><strong>cepi</strong></span> <span class='ocrx_word' id='word_1_100' title='bbox 1935 1413 2128 1485; x_wconf 84' lang='lat' dir='ltr'><strong>cogni-</strong></span> 
     </span>
    </p>
   </div>
   <div class='ocr_carea' id='block_1_16' title="bbox 530 1502 1090 1573">
    <p class='ocr_par' dir='ltr' id='par_1_16' title="bbox 530 1502 1090 1573">
     <span class='ocr_line' id='line_1_16' title="bbox 530 1502 1090 1573; baseline 0 -18"><span class='ocrx_word' id='word_1_101' title='bbox 530 1503 734 1557; x_wconf 90' lang='lat' dir='ltr'><strong>tionem</strong></span> <span class='ocrx_word' id='word_1_102' title='bbox 765 1517 865 1572; x_wconf 88' lang='lat' dir='ltr'><strong>per</strong></span> <span class='ocrx_word' id='word_1_103' title='bbox 898 1502 1090 1573; x_wconf 82' lang='lat' dir='ltr'><strong>legem.</strong></span> 
     </span>
    </p>
   </div>
   <div class='ocr_carea' id='block_1_17' title="bbox 605 1593 2130 1670">
    <p class='ocr_par' dir='ltr' id='par_1_17' title="bbox 605 1593 2130 1670">
     <span class='ocr_line' id='line_1_17' title="bbox 605 1593 2130 1670; baseline 0.002 -20"><span class='ocrx_word' id='word_1_104' title='bbox 605 1595 748 1652; x_wconf 85' lang='lat' dir='ltr'><strong>Nam</strong></span> <span class='ocrx_word' id='word_1_105' title='bbox 773 1595 1266 1667; x_wconf 77' lang='lat' dir='ltr'><strong>concupiscentiam.</strong></span> <span class='ocrx_word' id='word_1_106' title='bbox 1310 1593 1423 1653; x_wconf 82' lang='lat' dir='ltr'><strong>Hoc</strong></span> <span class='ocrx_word' id='word_1_107' title='bbox 1463 1594 1596 1669; x_wconf 85' lang='lat' dir='ltr'><strong>legit</strong></span> <span class='ocrx_word' id='word_1_108' title='bbox 1636 1597 1927 1670; x_wconf 82' lang='lat' dir='ltr'><strong>Apostolus</strong></span> <span class='ocrx_word' id='word_1_109' title='bbox 1960 1611 2130 1669; x_wconf 86' lang='lat' dir='ltr'><strong>gene-</strong></span> 
     </span>
    </p>
   </div>
   <div class='ocr_carea' id='block_1_18' title="bbox 529 1689 2128 1763">
    <p class='ocr_par' dir='ltr' id='par_1_18' title="bbox 529 1689 2128 1763">
     <span class='ocr_line' id='line_1_18' title="bbox 529 1689 2128 1763; baseline -0.001 -17"><span class='ocrx_word' id='word_1_110' title='bbox 529 1689 664 1756; x_wconf 90' lang='lat' dir='ltr'><strong>rale,</strong></span> <span class='ocrx_word' id='word_1_111' title='bbox 695 1691 835 1746; x_wconf 90' lang='lat' dir='ltr'><strong>unde</strong></span> <span class='ocrx_word' id='word_1_112' title='bbox 858 1691 1059 1746; x_wconf 90' lang='lat' dir='ltr'><strong>omnia.</strong></span> <span class='ocrx_word' id='word_1_113' title='bbox 1087 1692 1234 1746; x_wconf 85' lang='lat' dir='ltr'><strong>Bona</strong></span> <span class='ocrx_word' id='word_1_114' title='bbox 1261 1691 1379 1758; x_wconf 87' lang='lat' dir='ltr'><strong>lex,</strong></span> <span class='ocrx_word' id='word_1_115' title='bbox 1411 1707 1530 1763; x_wconf 74' lang='lat' dir='ltr'><strong>qua:</strong></span> <span class='ocrx_word' id='word_1_116' title='bbox 1564 1693 1690 1748; x_wconf 91' lang='lat' dir='ltr'><strong>dum</strong></span> <span class='ocrx_word' id='word_1_117' title='bbox 1720 1692 1824 1748; x_wconf 89' lang='lat' dir='ltr'><strong>hoc</strong></span> <span class='ocrx_word' id='word_1_118' title='bbox 1856 1692 2128 1762; x_wconf 87' lang='lat' dir='ltr'><strong>prohibet,</strong></span> 
     </span>
    </p>
   </div>
   <div class='ocr_carea' id='block_1_19' title="bbox 529 1777 2128 1855">
    <p class='ocr_par' dir='ltr' id='par_1_19' title="bbox 529 1777 2128 1855">
     <span class='ocr_line' id='line_1_19' title="bbox 529 1777 2128 1855; baseline 0 -19"><span class='ocrx_word' id='word_1_119' title='bbox 529 1782 711 1836; x_wconf 84' lang='lat' dir='ltr'><strong>omnia</strong></span> <span class='ocrx_word' id='word_1_120' title='bbox 744 1781 1016 1852; x_wconf 78' lang='lat' dir='ltr'><strong>prohibet.</strong></span> <span class='ocrx_word' id='word_1_121' title='bbox 1049 1777 1560 1852; x_wconf 80' lang='lat' dir='ltr'><strong>Concupiscentiam.</strong></span> <span class='ocrx_word' id='word_1_122' title='bbox 1603 1784 1785 1853; x_wconf 79' lang='lat' dir='ltr'><strong>Aliqui</strong></span> <span class='ocrx_word' id='word_1_123' title='bbox 1822 1782 2128 1855; x_wconf 78' lang='lat' dir='ltr'><strong>generalem</strong></span> 
     </span>
    </p>
   </div>
   <div class='ocr_carea' id='block_1_20' title="bbox 2222 574 3812 649">
    <p class='ocr_par' dir='ltr' id='par_1_20' title="bbox 2222 574 3812 649">
     <span class='ocr_line' id='line_1_20' title="bbox 2222 574 3812 649; baseline -0.003 -13"><span class='ocrx_word' id='word_1_124' title='bbox 2222 580 2490 636; x_wconf 81' lang='lat' dir='ltr'><strong>mortem?</strong></span> <span class='ocrx_word' id='word_1_125' title='bbox 2533 578 2671 646; x_wconf 85' lang='lat' dir='ltr'><strong>Quia</strong></span> <span class='ocrx_word' id='word_1_126' title='bbox 2708 591 2807 649; x_wconf 88' lang='lat' dir='ltr'><strong>per</strong></span> <span class='ocrx_word' id='word_1_127' title='bbox 2844 576 2978 631; x_wconf 87' lang='lat' dir='ltr'><strong>illud</strong></span> <span class='ocrx_word' id='word_1_128' title='bbox 3027 576 3284 642; x_wconf 73' lang='lat' dir='ltr'><strong>seductus</strong></span> <span class='ocrx_word' id='word_1_129' title='bbox 3329 574 3466 632; x_wconf 73' lang='lat' dir='ltr'><strong>falsa</strong></span> <span class='ocrx_word' id='word_1_130' title='bbox 3513 574 3812 631; x_wconf 82' lang='lat' dir='ltr'><strong>dulcedine.</strong></span> 
     </span>
    </p>
   </div>
   <div class='ocr_carea' id='block_1_21' title="bbox 2226 665 3818 739">
    <p class='ocr_par' dir='ltr' id='par_1_21' title="bbox 2226 665 3818 739">
     <span class='ocr_line' id='line_1_21' title="bbox 2226 665 3818 739; baseline -0.005 -12"><span class='ocrx_word' id='word_1_131' title='bbox 2226 671 2517 728; x_wconf 73' lang='lat' dir='ltr'><strong>Occasione</strong></span> <span class='ocrx_word' id='word_1_132' title='bbox 2545 677 2778 739; x_wconf 80' lang='lat' dir='ltr'><strong>accepta,</strong></span> <span class='ocrx_word' id='word_1_133' title='bbox 2807 675 2914 723; x_wconf 84' lang='lat' dir='ltr'><strong>etc.</strong></span> <span class='ocrx_word' id='word_1_134' title='bbox 2953 665 3106 734; x_wconf 87' lang='lat' dir='ltr'><strong>Quod</strong></span> <span class='ocrx_word' id='word_1_135' title='bbox 3135 666 3562 736; x_wconf 74' lang='lat' dir='ltr'><strong>wnalpiscitur,</strong></span> <span class='ocrx_word' id='word_1_136' title='bbox 3609 665 3674 720; x_wconf 79' lang='lat' dir='ltr'><strong>iit</strong></span> <span class='ocrx_word' id='word_1_137' title='bbox 3707 665 3818 720; x_wconf 80' lang='lat' dir='ltr'><strong>dul-</strong></span> 
     </span>
    </p>
   </div>
   <div class='ocr_carea' id='block_1_22' title="bbox 2224 756 3820 828">
    <p class='ocr_par' dir='ltr' id='par_1_22' title="bbox 2224 756 3820 828">
     <span class='ocr_line' id='line_1_22' title="bbox 2224 756 3820 828; baseline -0.004 -10"><span class='ocrx_word' id='word_1_138' title='bbox 2224 762 2342 819; x_wconf 88' lang='lat' dir='ltr'><strong>cius</strong></span> <span class='ocrx_word' id='word_1_139' title='bbox 2370 763 2498 817; x_wconf 85' lang='lat' dir='ltr'><strong>dum</strong></span> <span class='ocrx_word' id='word_1_140' title='bbox 2529 768 2767 824; x_wconf 85' lang='lat' dir='ltr'><strong>vetatur,</strong></span> <span class='ocrx_word' id='word_1_141' title='bbox 2795 766 2852 814; x_wconf 89' lang='lat' dir='ltr'><strong>et</strong></span> <span class='ocrx_word' id='word_1_142' title='bbox 2889 759 2970 815; x_wconf 89' lang='lat' dir='ltr'><strong>sic</strong></span> <span class='ocrx_word' id='word_1_143' title='bbox 2999 756 3136 813; x_wconf 77' lang='lat' dir='ltr'><strong>fallit</strong></span> <span class='ocrx_word' id='word_1_144' title='bbox 3164 766 3448 828; x_wconf 62' lang='lat' dir='ltr'><strong>peccatum</strong></span> <span class='ocrx_word' id='word_1_145' title='bbox 3475 771 3576 828; x_wconf 88' lang='lat' dir='ltr'><strong>per</strong></span> <span class='ocrx_word' id='word_1_146' title='bbox 3601 759 3820 813; x_wconf 79' lang='lat' dir='ltr'><strong>manda-</strong></span> 
     </span>
    </p>
   </div>
   <div class='ocr_carea' id='block_1_23' title="bbox 2225 849 3820 924">
    <p class='ocr_par' dir='ltr' id='par_1_23' title="bbox 2225 849 3820 924">
     <span class='ocr_line' id='line_1_23' title="bbox 2225 849 3820 924; baseline -0.003 -14"><span class='ocrx_word' id='word_1_147' title='bbox 2225 863 2363 910; x_wconf 83' lang='lat' dir='ltr'><strong>tum.</strong></span> <span class='ocrx_word' id='word_1_148' title='bbox 2403 853 2484 909; x_wconf 87' lang='lat' dir='ltr'><strong>Ex</strong></span> <span class='ocrx_word' id='word_1_149' title='bbox 2519 851 2909 924; x_wconf 80' lang='lat' dir='ltr'><strong>prohibitione,</strong></span> <span class='ocrx_word' id='word_1_150' title='bbox 2948 864 3186 919; x_wconf 76' lang='lat' dir='ltr'><strong>namque</strong></span> <span class='ocrx_word' id='word_1_151' title='bbox 3227 849 3319 904; x_wconf 82' lang='lat' dir='ltr'><strong>ubi</strong></span> <span class='ocrx_word' id='word_1_152' title='bbox 3361 849 3608 906; x_wconf 62' lang='lat' dir='ltr'><strong>claritas</strong></span> <span class='ocrx_word' id='word_1_153' title='bbox 3647 849 3820 907; x_wconf 70' lang='lat' dir='ltr'><strong>deﬁcit</strong></span> 
     </span>
    </p>
   </div>
   <div class='ocr_carea' id='block_1_24' title="bbox 2225 941 3822 1013">
    <p class='ocr_par' dir='ltr' id='par_1_24' title="bbox 2225 941 3822 1013">
     <span class='ocr_line' id='line_1_24' title="bbox 2225 941 3822 1013; baseline -0.002 -11"><span class='ocrx_word' id='word_1_154' title='bbox 2225 945 2558 1002; x_wconf 69' lang='lat' dir='ltr'><strong>desiderium</strong></span> <span class='ocrx_word' id='word_1_155' title='bbox 2597 944 2726 999; x_wconf 83' lang='lat' dir='ltr'><strong>mali</strong></span> <span class='ocrx_word' id='word_1_156' title='bbox 2763 942 2968 999; x_wconf 81' lang='lat' dir='ltr'><strong>crescit</strong></span> <span class='ocrx_word' id='word_1_157' title='bbox 3002 959 3016 996; x_wconf 88' lang='lat'><strong>:</strong></span> <span class='ocrx_word' id='word_1_158' title='bbox 3051 950 3318 1012; x_wconf 60' lang='grc' dir='ltr'><strong>(μοιοω</strong></span> <span class='ocrx_word' id='word_1_159' title='bbox 3343 941 3563 1005; x_wconf 69' lang='lat' dir='ltr'><strong>dulcius</strong></span> <span class='ocrx_word' id='word_1_160' title='bbox 3591 943 3657 997; x_wconf 81' lang='lat' dir='ltr'><strong>tit</strong></span> <span class='ocrx_word' id='word_1_161' title='bbox 3689 944 3822 1013; x_wconf 81' lang='lat' dir='ltr'><strong>quod</strong></span> 
     </span>
    </p>
   </div>
   <div class='ocr_carea' id='block_1_25' title="bbox 2224 1033 3824 1111">
    <p class='ocr_par' dir='ltr' id='par_1_25' title="bbox 2224 1033 3824 1111">
     <span class='ocr_line' id='line_1_25' title="bbox 2224 1033 3824 1111; baseline -0.003 -17"><span class='ocrx_word' id='word_1_162' title='bbox 2224 1038 2566 1111; x_wconf 76' lang='lat' dir='ltr'><strong>prohibetur,</strong></span> <span class='ocrx_word' id='word_1_163' title='bbox 2595 1044 2652 1093; x_wconf 84' lang='lat' dir='ltr'><strong>et</strong></span> <span class='ocrx_word' id='word_1_164' title='bbox 2679 1037 2757 1091; x_wconf 79' lang='lat' dir='ltr'><strong>ita</strong></span> <span class='ocrx_word' id='word_1_165' title='bbox 2785 1034 2926 1090; x_wconf 74' lang='lat' dir='ltr'><strong>fallit</strong></span> <span class='ocrx_word' id='word_1_166' title='bbox 2955 1034 3091 1091; x_wconf 76' lang='lat' dir='ltr'><strong>falsa</strong></span> <span class='ocrx_word' id='word_1_167' title='bbox 3117 1033 3426 1092; x_wconf 75' lang='lat' dir='ltr'><strong>dulcedine.</strong></span> <span class='ocrx_word' id='word_1_168' title='bbox 3456 1033 3651 1092; x_wconf 64' lang='lat' dir='ltr'><strong>Fallax</strong></span> <span class='ocrx_word' id='word_1_169' title='bbox 3689 1035 3824 1090; x_wconf 77' lang='lat' dir='ltr'><strong>enim</strong></span> 
     </span>
    </p>
   </div>
   <div class='ocr_carea' id='block_1_26' title="bbox 2225 1125 3829 1197">
    <p class='ocr_par' dir='ltr' id='par_1_26' title="bbox 2225 1125 3829 1197">
     <span class='ocr_line' id='line_1_26' title="bbox 2225 1125 3829 1197; baseline -0.003 -12"><span class='ocrx_word' id='word_1_170' title='bbox 2225 1129 2454 1185; x_wconf 92' lang='lat' dir='ltr'><strong>dulcedo</strong></span> <span class='ocrx_word' id='word_1_171' title='bbox 2491 1135 2599 1192; x_wconf 90' lang='lat' dir='ltr'><strong>est,</strong></span> <span class='ocrx_word' id='word_1_172' title='bbox 2639 1141 2803 1197; x_wconf 89' lang='lat' dir='ltr'><strong>quam</strong></span> <span class='ocrx_word' id='word_1_173' title='bbox 2842 1125 3026 1196; x_wconf 88' lang='lat' dir='ltr'><strong>plures</strong></span> <span class='ocrx_word' id='word_1_174' title='bbox 3063 1131 3227 1194; x_wconf 88' lang='lat' dir='ltr'><strong>atque</strong></span> <span class='ocrx_word' id='word_1_175' title='bbox 3263 1139 3503 1195; x_wconf 57' lang='lat' dir='ltr'><strong>maiores</strong></span> <span class='ocrx_word' id='word_1_176' title='bbox 3537 1139 3829 1194; x_wconf 66' lang='lat' dir='ltr'><strong>omnem</strong></span> 
     </span>
    </p>
   </div>
   <div class='ocr_carea' id='block_1_27' title="bbox 2228 1216 3834 1289">
    <p class='ocr_par' dir='ltr' id='par_1_27' title="bbox 2228 1216 3834 1289">
     <span class='ocr_line' id='line_1_27' title="bbox 2228 1216 3834 1289; baseline -0.002 -13"><span class='ocrx_word' id='word_1_177' title='bbox 2228 1217 2622 1276; x_wconf 76' lang='lat' dir='ltr'><strong>amaritudine&#39;s</strong></span> <span class='ocrx_word' id='word_1_178' title='bbox 2645 1227 2968 1289; x_wconf 72' lang='lat' dir='ltr'><strong>sequunmr.</strong></span> <span class='ocrx_word' id='word_1_179' title='bbox 3001 1216 3249 1275; x_wconf 57' lang='lat' dir='ltr'><strong>Sensit.</strong></span> <span class='ocrx_word' id='word_1_180' title='bbox 3276 1218 3324 1274; x_wconf 76' lang='grc' dir='ltr'><strong>Δ</strong></span> <span class='ocrx_word' id='word_1_181' title='bbox 3347 1219 3498 1276; x_wconf 76' lang='lat' dir='ltr'><strong>bono</strong></span> <span class='ocrx_word' id='word_1_182' title='bbox 3515 1220 3600 1276; x_wconf 71' lang='lat' dir='ltr'><strong>ad</strong></span> <span class='ocrx_word' id='word_1_183' title='bbox 3631 1217 3834 1273; x_wconf 74' lang='lat' dir='ltr'><strong>malum</strong></span> 
     </span>
    </p>
   </div>
   <div class='ocr_carea' id='block_1_28' title="bbox 2229 1310 3839 1382">
    <p class='ocr_par' dir='ltr' id='par_1_28' title="bbox 2229 1310 3839 1382">
     <span class='ocr_line' id='line_1_28' title="bbox 2229 1310 3839 1382; baseline -0.001 -14"><span class='ocrx_word' id='word_1_184' title='bbox 2229 1313 2418 1379; x_wconf 75' lang='lat' dir='ltr'><strong>traxit,</strong></span> <span class='ocrx_word' id='word_1_185' title='bbox 2457 1320 2518 1367; x_wconf 85' lang='lat' dir='ltr'><strong>et</strong></span> <span class='ocrx_word' id='word_1_186' title='bbox 2557 1315 2657 1382; x_wconf 76' lang='lat' dir='ltr'><strong>per</strong></span> <span class='ocrx_word' id='word_1_187' title='bbox 2695 1311 2803 1366; x_wconf 82' lang='lat' dir='ltr'><strong>hoc</strong></span> <span class='ocrx_word' id='word_1_188' title='bbox 2838 1311 2907 1366; x_wconf 74' lang='lat' dir='ltr'><strong>ad</strong></span> <span class='ocrx_word' id='word_1_189' title='bbox 2938 1317 3207 1367; x_wconf 61' lang='lat' dir='ltr'><strong>atem</strong></span> <span class='ocrx_word' id='word_1_190' title='bbox 3255 1310 3673 1368; x_wconf 69' lang='lat' dir='ltr'><strong>damnationem</strong></span> <span class='ocrx_word' id='word_1_191' title='bbox 3709 1323 3839 1380; x_wconf 50' lang='lat' dir='ltr'><strong>per</strong></span> 
     </span>
    </p>
   </div>
   <div class='ocr_carea' id='block_1_29' title="bbox 2231 1403 2404 1460">
    <p class='ocr_par' dir='ltr' id='par_1_29' title="bbox 2231 1403 2404 1460">
     <span class='ocr_line' id='line_1_29' title="bbox 2231 1403 2404 1460; baseline -0.017 0"><span class='ocrx_word' id='word_1_192' title='bbox 2231 1403 2404 1460; x_wconf 83' lang='lat' dir='ltr'><strong>duxit.</strong></span> 
     </span>
    </p>
   </div>
   <div class='ocr_carea' id='block_1_30' title="bbox 2305 1493 3826 1568">
    <p class='ocr_par' dir='ltr' id='par_1_30' title="bbox 2305 1493 3826 1568">
     <span class='ocr_line' id='line_1_30' title="bbox 2305 1493 3826 1568; baseline 0.001 -17"><span class='ocrx_word' id='word_1_193' title='bbox 2305 1495 2528 1552; x_wconf 79' lang='lat' dir='ltr'><strong>Occidit.</strong></span> <span class='ocrx_word' id='word_1_194' title='bbox 2565 1494 2750 1568; x_wconf 60' lang='lat' dir='ltr'><strong>(dum)</strong></span> <span class='ocrx_word' id='word_1_195' title='bbox 2777 1494 2971 1552; x_wconf 86' lang='lat' dir='ltr'><strong>Gladio</strong></span> <span class='ocrx_word' id='word_1_196' title='bbox 3016 1504 3110 1550; x_wconf 91' lang='lat' dir='ltr'><strong>tuo</strong></span> <span class='ocrx_word' id='word_1_197' title='bbox 3147 1508 3311 1566; x_wconf 86' lang='lat' dir='ltr'><strong>quem</strong></span> <span class='ocrx_word' id='word_1_198' title='bbox 3355 1493 3656 1564; x_wconf 73' lang='lat' dir='ltr'><strong>ponebas,</strong></span> <span class='ocrx_word' id='word_1_199' title='bbox 3707 1503 3826 1559; x_wconf 71' lang='lat' dir='ltr'><strong>etc,</strong></span> 
     </span>
    </p>
   </div>
   <div class='ocr_carea' id='block_1_31' title="bbox 2231 1587 3652 1660">
    <p class='ocr_par' dir='ltr' id='par_1_31' title="bbox 2231 1587 3652 1660">
     <span class='ocr_line' id='line_1_31' title="bbox 2231 1587 3652 1660; baseline 0 -16"><span class='ocrx_word' id='word_1_200' title='bbox 2231 1605 2397 1660; x_wconf 69' lang='lat' dir='ltr'><strong>Itaque</strong></span> <span class='ocrx_word' id='word_1_201' title='bbox 2423 1590 2493 1644; x_wconf 89' lang='lat' dir='ltr'><strong>ad</strong></span> <span class='ocrx_word' id='word_1_202' title='bbox 2521 1597 2641 1644; x_wconf 81' lang='lat' dir='ltr'><strong>esto</strong></span> <span class='ocrx_word' id='word_1_203' title='bbox 2666 1604 2799 1659; x_wconf 84' lang='lat' dir='ltr'><strong>ergo</strong></span> <span class='ocrx_word' id='word_1_204' title='bbox 2831 1587 3052 1643; x_wconf 86' lang='lat' dir='ltr'><strong>humilis</strong></span> <span class='ocrx_word' id='word_1_205' title='bbox 3082 1595 3137 1644; x_wconf 89' lang='lat' dir='ltr'><strong>et</strong></span> <span class='ocrx_word' id='word_1_206' title='bbox 3163 1587 3370 1660; x_wconf 86' lang='lat' dir='ltr'><strong>poteris</strong></span> <span class='ocrx_word' id='word_1_207' title='bbox 3398 1588 3652 1644; x_wconf 80' lang='lat' dir='ltr'><strong>vincere.</strong></span> 
     </span>
    </p>
   </div>
   <div class='ocr_carea' id='block_1_32' title="bbox 2307 1677 3830 1751">
    <p class='ocr_par' dir='ltr' id='par_1_32' title="bbox 2307 1677 3830 1751">
     <span class='ocr_line' id='line_1_32' title="bbox 2307 1677 3830 1751; baseline -0.001 -15"><span class='ocrx_word' id='word_1_208' title='bbox 2307 1680 2470 1736; x_wconf 75' lang='lat' dir='ltr'><strong>Vens.</strong></span> <span class='ocrx_word' id='word_1_209' title='bbox 2518 1679 2606 1734; x_wconf 69' lang='lat' dir='ltr'><strong>i2.</strong></span> <span class='ocrx_word' id='word_1_210' title='bbox 2643 1709 2716 1720; x_wconf 88' lang='lat'><strong><em>—</em></strong></span> <span class='ocrx_word' id='word_1_211' title='bbox 2737 1677 2928 1747; x_wconf 79' lang='lat' dir='ltr'><strong>Itaque</strong></span> <span class='ocrx_word' id='word_1_212' title='bbox 2965 1677 3052 1733; x_wconf 76' lang='lat' dir='ltr'><strong>lea:</strong></span> <span class='ocrx_word' id='word_1_213' title='bbox 3075 1678 3308 1750; x_wconf 84' lang='lat' dir='ltr'><strong>quidem.</strong></span> <span class='ocrx_word' id='word_1_214' title='bbox 3347 1678 3466 1751; x_wconf 71' lang='lat' dir='ltr'><strong>Ipsa</strong></span> <span class='ocrx_word' id='word_1_215' title='bbox 3499 1688 3589 1740; x_wconf 53' lang='lat' dir='ltr'><strong>at</strong></span> <span class='ocrx_word' id='word_1_216' title='bbox 3621 1689 3830 1744; x_wconf 73' lang='lat' dir='ltr'><strong>sancta,</strong></span> 
     </span>
    </p>
   </div>
   <div class='ocr_carea' id='block_1_33' title="bbox 2232 1767 3830 1842">
    <p class='ocr_par' dir='ltr' id='par_1_33' title="bbox 2232 1767 3830 1842">
     <span class='ocr_line' id='line_1_33' title="bbox 2232 1767 3830 1842; baseline -0.001 -14"><span class='ocrx_word' id='word_1_217' title='bbox 2232 1786 2368 1835; x_wconf 69' lang='lat' dir='ltr'><strong>sane</strong></span> <span class='ocrx_word' id='word_1_218' title='bbox 2413 1771 2637 1828; x_wconf 80' lang='lat' dir='ltr'><strong>docens.</strong></span> <span class='ocrx_word' id='word_1_219' title='bbox 2669 1767 2754 1823; x_wconf 81' lang='grc' dir='ltr'><strong>·Ει</strong></span> <span class='ocrx_word' id='word_1_220' title='bbox 2790 1768 3139 1835; x_wconf 72' lang='lat' dir='ltr'><strong>mandatum,</strong></span> <span class='ocrx_word' id='word_1_221' title='bbox 3183 1768 3242 1826; x_wconf 88' lang='lat' dir='ltr'><strong>id</strong></span> <span class='ocrx_word' id='word_1_222' title='bbox 3283 1776 3366 1830; x_wconf 68' lang='grc' dir='ltr'><strong>εει</strong></span> <span class='ocrx_word' id='word_1_223' title='bbox 3401 1768 3546 1840; x_wconf 75' lang='lat' dir='ltr'><strong>Quod</strong></span> <span class='ocrx_word' id='word_1_224' title='bbox 3567 1785 3688 1842; x_wconf 76' lang='lat' dir='ltr'><strong>per</strong></span> <span class='ocrx_word' id='word_1_225' title='bbox 3717 1785 3830 1826; x_wconf 82' lang='lat' dir='ltr'><strong>eam</strong></span> 
     </span>
    </p>
   </div>
   <div class='ocr_carea' id='block_1_34' title="bbox 460 1858 2566 1946">
    <p class='ocr_par' dir='ltr' id='par_1_34' title="bbox 460 1858 2566 1946">
     <span class='ocr_line' id='line_1_34' title="bbox 460 1858 2566 1946; baseline -0.003 -19"><span class='ocrx_word' id='word_1_226' title='bbox 460 1858 464 1862; x_wconf 47' lang='grc'><em>’</em></span> <span class='ocrx_word' id='word_1_227' title='bbox 528 1873 858 1944; x_wconf 81' lang='lat' dir='ltr'><strong>intelligunt.</strong></span> <span class='ocrx_word' id='word_1_228' title='bbox 887 1869 992 1926; x_wconf 78' lang='grc' dir='ltr'><strong>ἈΙίἰ</strong></span> <span class='ocrx_word' id='word_1_229' title='bbox 1025 1871 1173 1926; x_wconf 85' lang='lat' dir='ltr'><strong>illam</strong></span> <span class='ocrx_word' id='word_1_230' title='bbox 1203 1873 1270 1928; x_wconf 86' lang='lat' dir='ltr'><strong>de</strong></span> <span class='ocrx_word' id='word_1_231' title='bbox 1293 1887 1398 1943; x_wconf 85' lang='lat' dir='ltr'><strong>qua</strong></span> <span class='ocrx_word' id='word_1_232' title='bbox 1426 1874 1480 1926; x_wconf 93' lang='lat' dir='ltr'><strong>in</strong></span> <span class='ocrx_word' id='word_1_233' title='bbox 1511 1873 1776 1946; x_wconf 80' lang='lat' dir='ltr'><strong>Decalogo</strong></span> <span class='ocrx_word' id='word_1_234' title='bbox 1806 1893 1818 1928; x_wconf 91' lang='lat'>:</span> <span class='ocrx_word' id='word_1_235' title='bbox 1854 1873 1978 1928; x_wconf 87' lang='lat' dir='ltr'><strong>Non</strong></span> <span class='ocrx_word' id='word_1_236' title='bbox 2006 1891 2128 1928; x_wconf 86' lang='lat' dir='ltr'><strong>con-</strong></span> <span class='ocrx_word' id='word_1_237' title='bbox 2154 1875 2205 1938; x_wconf 66' lang='grc' dir='ltr'><strong>Β</strong></span> <span class='ocrx_word' id='word_1_238' title='bbox 2231 1863 2566 1937; x_wconf 70' lang='lat' dir='ltr'><strong>praecipitur.</strong></span> 
     </span>
    </p>
   </div>
   <div class='ocr_carea' id='block_1_35' title="bbox 527 1958 2126 2038">
    <p class='ocr_par' dir='ltr' id='par_1_35' title="bbox 527 1958 2126 2038">
     <span class='ocr_line' id='line_1_35' title="bbox 527 1958 2126 2038; baseline 0.002 -20"><span class='ocrx_word' id='word_1_239' title='bbox 527 1966 759 2034; x_wconf 65' lang='grc' dir='ltr'><strong>συνήθεες</strong></span> <span class='ocrx_word' id='word_1_240' title='bbox 777 1958 896 2020; x_wconf 77' lang='grc' dir='ltr'><strong>’νεηι</strong></span> <span class='ocrx_word' id='word_1_241' title='bbox 919 1965 1150 2035; x_wconf 77' lang='lat' dir='ltr'><strong>proximi</strong></span> <span class='ocrx_word' id='word_1_242' title='bbox 1175 1965 1256 2019; x_wconf 73' lang='lat' dir='ltr'><strong>tui</strong></span> <span class='ocrx_word' id='word_1_243' title='bbox 1284 1964 1359 2020; x_wconf 86' lang='lat' dir='ltr'><strong>vel</strong></span> <span class='ocrx_word' id='word_1_244' title='bbox 1387 1981 1604 2021; x_wconf 74' lang='lat' dir='ltr'><strong>uxorem</strong></span> <span class='ocrx_word' id='word_1_245' title='bbox 1641 1966 1840 2038; x_wconf 71' lang='lat' dir='ltr'><strong>(Exod.</strong></span> <span class='ocrx_word' id='word_1_246' title='bbox 1880 1967 1994 2038; x_wconf 82' lang='lat' dir='ltr'><strong>xx).</strong></span> <span class='ocrx_word' id='word_1_247' title='bbox 2023 1963 2126 2022; x_wconf 87' lang='lat' dir='ltr'><strong>Ge-</strong></span> 
     </span>
    </p>
   </div>
   <div class='ocr_carea' id='block_1_36' title="bbox 527 2055 2128 2126">
    <p class='ocr_par' dir='ltr' id='par_1_36' title="bbox 527 2055 2128 2126">
     <span class='ocr_line' id='line_1_36' title="bbox 527 2055 2128 2126; baseline 0.004 -16"><span class='ocrx_word' id='word_1_248' title='bbox 527 2057 795 2122; x_wconf 89' lang='lat' dir='ltr'><strong>neralem,</strong></span> <span class='ocrx_word' id='word_1_249' title='bbox 824 2057 945 2126; x_wconf 89' lang='lat' dir='ltr'><strong>quia</strong></span> <span class='ocrx_word' id='word_1_250' title='bbox 975 2073 1041 2113; x_wconf 83' lang='lat' dir='ltr'><strong>ex</strong></span> <span class='ocrx_word' id='word_1_251' title='bbox 1063 2073 1126 2113; x_wconf 89' lang='lat' dir='ltr'><strong>ea</strong></span> <span class='ocrx_word' id='word_1_252' title='bbox 1154 2069 1316 2113; x_wconf 89' lang='lat' dir='ltr'><strong>omne</strong></span> <span class='ocrx_word' id='word_1_253' title='bbox 1340 2059 1561 2114; x_wconf 87' lang='lat' dir='ltr'><strong>malum.</strong></span> <span class='ocrx_word' id='word_1_254' title='bbox 1595 2057 1924 2115; x_wconf 78' lang='lat' dir='ltr'><strong>Nesciebain.</strong></span> <span class='ocrx_word' id='word_1_255' title='bbox 1944 2055 2006 2114; x_wconf 77' lang='lat' dir='ltr'><strong>In</strong></span> <span class='ocrx_word' id='word_1_256' title='bbox 2031 2073 2128 2116; x_wconf 88' lang='lat' dir='ltr'><strong>sua</strong></span> 
     </span>
    </p>
   </div>
   <div class='ocr_carea' id='block_1_37' title="bbox 525 2151 1519 2224">
    <p class='ocr_par' dir='ltr' id='par_1_37' title="bbox 525 2151 1519 2224">
     <span class='ocr_line' id='line_1_37' title="bbox 525 2151 1519 2224; baseline 0.004 -20"><span class='ocrx_word' id='word_1_257' title='bbox 525 2163 758 2218; x_wconf 85' lang='lat' dir='ltr'><strong>persona</strong></span> <span class='ocrx_word' id='word_1_258' title='bbox 798 2151 1103 2222; x_wconf 82' lang='lat' dir='ltr'><strong>generalem</strong></span> <span class='ocrx_word' id='word_1_259' title='bbox 1137 2152 1250 2224; x_wconf 88' lang='lat' dir='ltr'><strong>agit</strong></span> <span class='ocrx_word' id='word_1_260' title='bbox 1278 2167 1519 2208; x_wconf 90' lang='lat' dir='ltr'><strong>causam.</strong></span> 
     </span>
    </p>
   </div>
   <div class='ocr_carea' id='block_1_38' title="bbox 602 2241 2131 2318">
    <p class='ocr_par' dir='ltr' id='par_1_38' title="bbox 602 2241 2131 2318">
     <span class='ocr_line' id='line_1_38' title="bbox 602 2241 2131 2318; baseline 0.005 -22"><span class='ocrx_word' id='word_1_261' title='bbox 602 2241 765 2297; x_wconf 74' lang='lat' dir='ltr'><strong>Vens.</strong></span> <span class='ocrx_word' id='word_1_262' title='bbox 815 2244 868 2299; x_wconf 90' lang='lat'><strong>8.</strong></span> <span class='ocrx_word' id='word_1_263' title='bbox 907 2273 976 2284; x_wconf 59' lang='grc' dir='ltr'><strong>ν-</strong></span> <span class='ocrx_word' id='word_1_264' title='bbox 1005 2241 1296 2300; x_wconf 79' lang='lat' dir='ltr'><strong>Occasione</strong></span> <span class='ocrx_word' id='word_1_265' title='bbox 1339 2255 1512 2302; x_wconf 86' lang='lat' dir='ltr'><strong>autem</strong></span> <span class='ocrx_word' id='word_1_266' title='bbox 1553 2258 1786 2318; x_wconf 83' lang='lat' dir='ltr'><strong>accepta.</strong></span> <span class='ocrx_word' id='word_1_267' title='bbox 1830 2245 1967 2316; x_wconf 86' lang='lat' dir='ltr'><strong>Quia</strong></span> <span class='ocrx_word' id='word_1_268' title='bbox 2007 2248 2131 2305; x_wconf 89' lang='lat' dir='ltr'><strong>talis</strong></span> 
     </span>
    </p>
   </div>
   <div class='ocr_carea' id='block_1_39' title="bbox 524 2335 2129 2412">
    <p class='ocr_par' dir='ltr' id='par_1_39' title="bbox 524 2335 2129 2412">
     <span class='ocr_line' id='line_1_39' title="bbox 524 2335 2129 2412; baseline 0.006 -26"><span class='ocrx_word' id='word_1_269' title='bbox 524 2338 610 2387; x_wconf 89' lang='lat' dir='ltr'><strong>est</strong></span> <span class='ocrx_word' id='word_1_270' title='bbox 644 2341 829 2389; x_wconf 71' lang='lat' dir='ltr'><strong>nosmi</strong></span> <span class='ocrx_word' id='word_1_271' title='bbox 868 2335 1186 2402; x_wconf 87' lang='lat' dir='ltr'><strong>carnalitas,</strong></span> <span class='ocrx_word' id='word_1_272' title='bbox 1217 2345 1278 2391; x_wconf 91' lang='lat' dir='ltr'><strong>ut</strong></span> <span class='ocrx_word' id='word_1_273' title='bbox 1312 2337 1590 2394; x_wconf 85' lang='lat' dir='ltr'><strong>ardentius</strong></span> <span class='ocrx_word' id='word_1_274' title='bbox 1633 2337 1906 2395; x_wconf 81' lang='lat' dir='ltr'><strong>desideret</strong></span> <span class='ocrx_word' id='word_1_275' title='bbox 1943 2341 2129 2412; x_wconf 86' lang='lat' dir='ltr'><strong>prohi-</strong></span> 
     </span>
    </p>
   </div>
   <div class='ocr_carea' id='block_1_40' title="bbox 523 2421 2128 2501">
    <p class='ocr_par' dir='ltr' id='par_1_40' title="bbox 523 2421 2128 2501">
     <span class='ocr_line' id='line_1_40' title="bbox 523 2421 2128 2501; baseline 0.005 -24"><span class='ocrx_word' id='word_1_276' title='bbox 523 2421 636 2478; x_wconf 88' lang='lat' dir='ltr'><strong>bita</strong></span> <span class='ocrx_word' id='word_1_277' title='bbox 675 2441 691 2478; x_wconf 86' lang='lat'>:</span> <span class='ocrx_word' id='word_1_278' title='bbox 735 2425 931 2494; x_wconf 90' lang='lat' dir='ltr'><strong>quibus</strong></span> <span class='ocrx_word' id='word_1_279' title='bbox 975 2441 1082 2482; x_wconf 93' lang='lat' dir='ltr'><strong>non</strong></span> <span class='ocrx_word' id='word_1_280' title='bbox 1124 2429 1466 2494; x_wconf 79' lang='lat' dir='ltr'><strong>memoratis,</strong></span> <span class='ocrx_word' id='word_1_281' title='bbox 1490 2428 1701 2498; x_wconf 88' lang='lat' dir='ltr'><strong>jaceret</strong></span> <span class='ocrx_word' id='word_1_282' title='bbox 1738 2430 1892 2500; x_wconf 89' lang='lat' dir='ltr'><strong>quasi</strong></span> <span class='ocrx_word' id='word_1_283' title='bbox 1927 2431 2128 2501; x_wconf 85' lang='lat' dir='ltr'><strong>sOpita.</strong></span> 
     </span>
    </p>
   </div>
   <div class='ocr_carea' id='block_1_41' title="bbox 523 2515 2132 2592">
    <p class='ocr_par' dir='ltr' id='par_1_41' title="bbox 523 2515 2132 2592">
     <span class='ocr_line' id='line_1_41' title="bbox 523 2515 2132 2592; baseline 0.005 -22"><span class='ocrx_word' id='word_1_284' title='bbox 523 2515 592 2570; x_wconf 89' lang='lat' dir='ltr'><strong>Et</strong></span> <span class='ocrx_word' id='word_1_285' title='bbox 619 2515 868 2574; x_wconf 82' lang='lat' dir='ltr'><strong>diabolus</strong></span> <span class='ocrx_word' id='word_1_286' title='bbox 892 2519 1084 2575; x_wconf 89' lang='lat' dir='ltr'><strong>videns</strong></span> <span class='ocrx_word' id='word_1_287' title='bbox 1112 2519 1284 2592; x_wconf 83' lang='lat' dir='ltr'><strong>legem</strong></span> <span class='ocrx_word' id='word_1_288' title='bbox 1319 2520 1371 2576; x_wconf 90' lang='lat' dir='ltr'><strong>in</strong></span> <span class='ocrx_word' id='word_1_289' title='bbox 1402 2521 1662 2577; x_wconf 76' lang='lat' dir='ltr'><strong>auxilium</strong></span> <span class='ocrx_word' id='word_1_290' title='bbox 1694 2521 2008 2578; x_wconf 89' lang='lat' dir='ltr'><strong>hominibus</strong></span> <span class='ocrx_word' id='word_1_291' title='bbox 2036 2524 2132 2578; x_wconf 84' lang='lat' dir='ltr'><strong>da-</strong></span> 
     </span>
    </p>
   </div>
   <div class='ocr_carea' id='block_1_42' title="bbox 526 2613 2128 2688">
    <p class='ocr_par' dir='ltr' id='par_1_42' title="bbox 526 2613 2128 2688">
     <span class='ocr_line' id='line_1_42' title="bbox 526 2613 2128 2688; baseline 0.004 -24"><span class='ocrx_word' id='word_1_292' title='bbox 526 2617 636 2665; x_wconf 87' lang='lat' dir='ltr'><strong>tam</strong></span> <span class='ocrx_word' id='word_1_293' title='bbox 665 2652 681 2676; x_wconf 95' lang='lat'><strong>,</strong></span> <span class='ocrx_word' id='word_1_294' title='bbox 714 2613 887 2683; x_wconf 91' lang='lat' dir='ltr'><strong>magis</strong></span> <span class='ocrx_word' id='word_1_295' title='bbox 917 2613 1124 2668; x_wconf 83' lang='lat' dir='ltr'><strong>exarsit</strong></span> <span class='ocrx_word' id='word_1_296' title='bbox 1154 2623 1210 2669; x_wconf 91' lang='lat' dir='ltr'><strong>et</strong></span> <span class='ocrx_word' id='word_1_297' title='bbox 1248 2617 1420 2688; x_wconf 87' lang='lat' dir='ltr'><strong>magis</strong></span> <span class='ocrx_word' id='word_1_298' title='bbox 1449 2615 1668 2681; x_wconf 89' lang='lat' dir='ltr'><strong>institit,</strong></span> <span class='ocrx_word' id='word_1_299' title='bbox 1703 2629 1764 2671; x_wconf 91' lang='lat' dir='ltr'><strong>ut</strong></span> <span class='ocrx_word' id='word_1_300' title='bbox 1791 2632 1910 2672; x_wconf 89' lang='lat' dir='ltr'><strong>eam</strong></span> <span class='ocrx_word' id='word_1_301' title='bbox 1938 2623 2128 2672; x_wconf 90' lang='lat' dir='ltr'><strong>verte-</strong></span> 
     </span>
    </p>
   </div>
   <div class='ocr_carea' id='block_1_43' title="bbox 521 2692 2129 2778">
    <p class='ocr_par' dir='ltr' id='par_1_43' title="bbox 521 2692 2129 2778">
     <span class='ocr_line' id='line_1_43' title="bbox 521 2692 2129 2778; baseline 0.005 -24"><span class='ocrx_word' id='word_1_302' title='bbox 521 2708 608 2756; x_wconf 82' lang='lat' dir='ltr'><strong>ret</strong></span> <span class='ocrx_word' id='word_1_303' title='bbox 633 2692 742 2757; x_wconf 80' lang='lat' dir='ltr'><strong>illis</strong></span> <span class='ocrx_word' id='word_1_304' title='bbox 775 2702 834 2756; x_wconf 86' lang='lat' dir='ltr'><strong>in</strong></span> <span class='ocrx_word' id='word_1_305' title='bbox 870 2705 1192 2774; x_wconf 87' lang='lat' dir='ltr'><strong>perniciem,</strong></span> <span class='ocrx_word' id='word_1_306' title='bbox 1221 2721 1343 2759; x_wconf 90' lang='lat' dir='ltr'><strong>cum</strong></span> <span class='ocrx_word' id='word_1_307' title='bbox 1370 2706 1521 2776; x_wconf 90' lang='lat' dir='ltr'><strong>prius</strong></span> <span class='ocrx_word' id='word_1_308' title='bbox 1551 2707 1705 2776; x_wconf 90' lang='lat' dir='ltr'><strong>quasi</strong></span> <span class='ocrx_word' id='word_1_309' title='bbox 1735 2723 1924 2762; x_wconf 88' lang='lat' dir='ltr'><strong>secure</strong></span> <span class='ocrx_word' id='word_1_310' title='bbox 1951 2706 2129 2778; x_wconf 88' lang='lat' dir='ltr'><strong>possi-</strong></span> 
     </span>
    </p>
   </div>
   <div class='ocr_carea' id='block_1_44' title="bbox 523 2791 2131 2868">
    <p class='ocr_par' dir='ltr' id='par_1_44' title="bbox 523 2791 2131 2868">
     <span class='ocr_line' id='line_1_44' title="bbox 523 2791 2131 2868; baseline 0.004 -21"><span class='ocrx_word' id='word_1_311' title='bbox 523 2791 659 2847; x_wconf 88' lang='lat' dir='ltr'><strong>dens</strong></span> <span class='ocrx_word' id='word_1_312' title='bbox 696 2803 876 2849; x_wconf 76' lang='lat' dir='ltr'><strong>minus</strong></span> <span class='ocrx_word' id='word_1_313' title='bbox 910 2803 1163 2858; x_wconf 90' lang='lat' dir='ltr'><strong>tentaret,</strong></span> <span class='ocrx_word' id='word_1_314' title='bbox 1199 2796 1282 2850; x_wconf 88' lang='lat' dir='ltr'><strong>vel</strong></span> <span class='ocrx_word' id='word_1_315' title='bbox 1313 2797 1598 2851; x_wconf 87' lang='lat' dir='ltr'><strong>occasione</strong></span> <span class='ocrx_word' id='word_1_316' title='bbox 1634 2805 1858 2866; x_wconf 89' lang='lat' dir='ltr'><strong>accepta</strong></span> <span class='ocrx_word' id='word_1_317' title='bbox 1899 2797 1954 2852; x_wconf 91' lang='lat' dir='ltr'><strong>in</strong></span> <span class='ocrx_word' id='word_1_318' title='bbox 1998 2797 2131 2868; x_wconf 89' lang='lat' dir='ltr'><strong>ipsis</strong></span> 
     </span>
    </p>
   </div>
   <div class='ocr_carea' id='block_1_45' title="bbox 524 2882 1484 2952">
    <p class='ocr_par' dir='ltr' id='par_1_45' title="bbox 524 2882 1484 2952">
     <span class='ocr_line' id='line_1_45' title="bbox 524 2882 1484 2952; baseline 0.003 -15"><span class='ocrx_word' id='word_1_319' title='bbox 524 2882 706 2952; x_wconf 89' lang='lat' dir='ltr'><strong>rebus,</strong></span> <span class='ocrx_word' id='word_1_320' title='bbox 732 2893 792 2938; x_wconf 91' lang='lat' dir='ltr'><strong>ut</strong></span> <span class='ocrx_word' id='word_1_321' title='bbox 818 2886 934 2940; x_wconf 85' lang='lat' dir='ltr'><strong>visa</strong></span> <span class='ocrx_word' id='word_1_322' title='bbox 967 2886 1196 2943; x_wconf 84' lang='lat' dir='ltr'><strong>muliere</strong></span> <span class='ocrx_word' id='word_1_323' title='bbox 1219 2887 1304 2940; x_wconf 88' lang='lat' dir='ltr'><strong>vel</strong></span> <span class='ocrx_word' id='word_1_324' title='bbox 1331 2902 1484 2942; x_wconf 90' lang='lat' dir='ltr'><strong>auro.</strong></span> 
     </span>
    </p>
   </div>
   <div class='ocr_carea' id='block_1_46' title="bbox 596 2972 2126 3050">
    <p class='ocr_par' dir='ltr' id='par_1_46' title="bbox 596 2972 2126 3050">
     <span class='ocr_line' id='line_1_46' title="bbox 596 2972 2126 3050; baseline 0.007 -24"><span class='ocrx_word' id='word_1_325' title='bbox 596 2972 788 3044; x_wconf 54' lang='lat' dir='ltr'><strong>(Ama)</strong></span> <span class='ocrx_word' id='word_1_326' title='bbox 821 2973 998 3029; x_wconf 86' lang='lat' dir='ltr'><strong>Minor</strong></span> <span class='ocrx_word' id='word_1_327' title='bbox 1030 2985 1148 3031; x_wconf 88' lang='lat' dir='ltr'><strong>erat</strong></span> <span class='ocrx_word' id='word_1_328' title='bbox 1179 2978 1614 3047; x_wconf 83' lang='lat' dir='ltr'><strong>concupiscentia</strong></span> <span class='ocrx_word' id='word_1_329' title='bbox 1642 2981 1857 3050; x_wconf 85' lang='lat' dir='ltr'><strong>quando</strong></span> <span class='ocrx_word' id='word_1_330' title='bbox 1888 2988 2013 3036; x_wconf 83' lang='lat' dir='ltr'><strong>ante</strong></span> <span class='ocrx_word' id='word_1_331' title='bbox 2047 2981 2126 3036; x_wconf 79' lang='lat' dir='ltr'><strong>le-</strong></span> 
     </span>
    </p>
   </div>
   <div class='ocr_carea' id='block_1_47' title="bbox 522 3071 2125 3142">
    <p class='ocr_par' dir='ltr' id='par_1_47' title="bbox 522 3071 2125 3142">
     <span class='ocr_line' id='line_1_47' title="bbox 522 3071 2125 3142; baseline 0.005 -21"><span class='ocrx_word' id='word_1_332' title='bbox 522 3079 642 3138; x_wconf 88' lang='lat' dir='ltr'><strong>gem</strong></span> <span class='ocrx_word' id='word_1_333' title='bbox 687 3082 912 3123; x_wconf 88' lang='lat' dir='ltr'><strong>securus</strong></span> <span class='ocrx_word' id='word_1_334' title='bbox 953 3071 1255 3138; x_wconf 74' lang='lat' dir='ltr'><strong>peccabas,</strong></span> <span class='ocrx_word' id='word_1_335' title='bbox 1299 3079 1438 3136; x_wconf 90' lang='lat' dir='ltr'><strong>etc.,</strong></span> <span class='ocrx_word' id='word_1_336' title='bbox 1485 3088 1645 3142; x_wconf 80' lang='lat' dir='ltr'><strong>usque</strong></span> <span class='ocrx_word' id='word_1_337' title='bbox 1683 3074 1752 3127; x_wconf 85' lang='lat' dir='ltr'><strong>ad</strong></span> <span class='ocrx_word' id='word_1_338' title='bbox 1794 3074 1971 3129; x_wconf 90' lang='lat' dir='ltr'><strong>omnis</strong></span> <span class='ocrx_word' id='word_1_339' title='bbox 2012 3082 2125 3138; x_wconf 88' lang='lat' dir='ltr'><strong>est,</strong></span> 
     </span>
    </p>
   </div>
   <div class='ocr_carea' id='block_1_48' title="bbox 523 3159 1326 3235">
    <p class='ocr_par' dir='ltr' id='par_1_48' title="bbox 523 3159 1326 3235">
     <span class='ocr_line' id='line_1_48' title="bbox 523 3159 1326 3235; baseline 0.006 -22"><span class='ocrx_word' id='word_1_340' title='bbox 523 3159 740 3230; x_wconf 88' lang='lat' dir='ltr'><strong>quando</strong></span> <span class='ocrx_word' id='word_1_341' title='bbox 769 3161 1104 3217; x_wconf 82' lang='lat' dir='ltr'><strong>transcendit</strong></span> <span class='ocrx_word' id='word_1_342' title='bbox 1125 3161 1326 3235; x_wconf 82' lang='lat' dir='ltr'><strong>legem.</strong></span> 
     </span>
    </p>
   </div>
   <div class='ocr_carea' id='block_1_49' title="bbox 2295 1955 3826 2029">
    <p class='ocr_par' dir='ltr' id='par_1_49' title="bbox 2295 1955 3826 2029">
     <span class='ocr_line' id='line_1_49' title="bbox 2295 1955 3826 2029; baseline -0.003 -13"><span class='ocrx_word' id='word_1_343' title='bbox 2295 1959 2579 2025; x_wconf 68' lang='lat' dir='ltr'><strong>Sanctum,</strong></span> <span class='ocrx_word' id='word_1_344' title='bbox 2607 1959 2666 2016; x_wconf 85' lang='lat' dir='ltr'><strong>in</strong></span> <span class='ocrx_word' id='word_1_345' title='bbox 2688 1973 2772 2016; x_wconf 85' lang='lat' dir='ltr'><strong>se.</strong></span> <span class='ocrx_word' id='word_1_346' title='bbox 2789 1957 2866 2023; x_wconf 62' lang='lat' dir='ltr'><strong>Et</strong></span> <span class='ocrx_word' id='word_1_347' title='bbox 2883 1958 3125 2029; x_wconf 71' lang='lat' dir='ltr'><strong>justum.</strong></span> <span class='ocrx_word' id='word_1_348' title='bbox 3160 1957 3216 2014; x_wconf 88' lang='lat' dir='ltr'><strong>id</strong></span> <span class='ocrx_word' id='word_1_349' title='bbox 3241 1957 3336 2027; x_wconf 39' lang='lat' dir='ltr'><strong>Iest</strong></span> <span class='ocrx_word' id='word_1_350' title='bbox 3353 1955 3680 2026; x_wconf 70' lang='lat' dir='ltr'><strong>justiﬁcans</strong></span> <span class='ocrx_word' id='word_1_351' title='bbox 3709 1973 3826 2029; x_wconf 83' lang='lat' dir='ltr'><strong>pec-</strong></span> 
     </span>
    </p>
   </div>
   <div class='ocr_carea' id='block_1_50' title="bbox 2225 2047 3828 2122">
    <p class='ocr_par' dir='ltr' id='par_1_50' title="bbox 2225 2047 3828 2122">
     <span class='ocr_line' id='line_1_50' title="bbox 2225 2047 3828 2122; baseline -0.001 -14"><span class='ocrx_word' id='word_1_352' title='bbox 2225 2059 2492 2114; x_wconf 66' lang='lat' dir='ltr'><strong>catorum.</strong></span> <span class='ocrx_word' id='word_1_353' title='bbox 2529 2049 2600 2105; x_wconf 78' lang='lat' dir='ltr'><strong>Et</strong></span> <span class='ocrx_word' id='word_1_354' title='bbox 2629 2049 2852 2110; x_wconf 71' lang='lat' dir='ltr'><strong>bonum.</strong></span> <span class='ocrx_word' id='word_1_355' title='bbox 2879 2049 2939 2106; x_wconf 74' lang='grc' dir='ltr'>ω</span> <span class='ocrx_word' id='word_1_356' title='bbox 2965 2057 3053 2106; x_wconf 84' lang='lat' dir='ltr'><strong>est</strong></span> <span class='ocrx_word' id='word_1_357' title='bbox 3096 2047 3256 2117; x_wconf 78' lang='lat' dir='ltr'><strong>utile,</strong></span> <span class='ocrx_word' id='word_1_358' title='bbox 3297 2051 3590 2122; x_wconf 83' lang='lat' dir='ltr'><strong>acquirens</strong></span> <span class='ocrx_word' id='word_1_359' title='bbox 3638 2051 3828 2107; x_wconf 83' lang='lat' dir='ltr'><strong>vitam.</strong></span> 
     </span>
    </p>
   </div>
   <div class='ocr_carea' id='block_1_51' title="bbox 2231 2141 3833 2213">
    <p class='ocr_par' dir='ltr' id='par_1_51' title="bbox 2231 2141 3833 2213">
     <span class='ocr_line' id='line_1_51' title="bbox 2231 2141 3833 2213; baseline 0 -15"><span class='ocrx_word' id='word_1_360' title='bbox 2231 2144 2301 2199; x_wconf 90' lang='lat' dir='ltr'><strong>Et</strong></span> <span class='ocrx_word' id='word_1_361' title='bbox 2329 2159 2456 2199; x_wconf 91' lang='lat' dir='ltr'><strong>cum</strong></span> <span class='ocrx_word' id='word_1_362' title='bbox 2484 2152 2699 2199; x_wconf 89' lang='lat' dir='ltr'><strong>constet</strong></span> <span class='ocrx_word' id='word_1_363' title='bbox 2728 2143 2860 2198; x_wconf 91' lang='lat' dir='ltr'><strong>mihi</strong></span> <span class='ocrx_word' id='word_1_364' title='bbox 2902 2142 3047 2213; x_wconf 84' lang='lat' dir='ltr'><strong>quod</strong></span> <span class='ocrx_word' id='word_1_365' title='bbox 3071 2141 3157 2197; x_wconf 86' lang='lat' dir='ltr'><strong>lex</strong></span> <span class='ocrx_word' id='word_1_366' title='bbox 3187 2143 3351 2210; x_wconf 90' lang='lat' dir='ltr'><strong>bona,</strong></span> <span class='ocrx_word' id='word_1_367' title='bbox 3379 2150 3433 2198; x_wconf 89' lang='lat' dir='ltr'><strong>et</strong></span> <span class='ocrx_word' id='word_1_368' title='bbox 3457 2151 3650 2198; x_wconf 87' lang='lat' dir='ltr'><strong>tamen</strong></span> <span class='ocrx_word' id='word_1_369' title='bbox 3677 2158 3748 2200; x_wconf 84' lang='lat' dir='ltr'><strong>ex</strong></span> <span class='ocrx_word' id='word_1_370' title='bbox 3775 2159 3833 2198; x_wconf 80' lang='lat' dir='ltr'><strong>ea</strong></span> 
     </span>
    </p>
   </div>
   <div class='ocr_carea' id='block_1_52' title="bbox 2227 2232 3832 2304">
    <p class='ocr_par' dir='ltr' id='par_1_52' title="bbox 2227 2232 3832 2304">
     <span class='ocr_line' id='line_1_52' title="bbox 2227 2232 3832 2304; baseline 0 -16"><span class='ocrx_word' id='word_1_371' title='bbox 2227 2233 2368 2288; x_wconf 66' lang='grc' dir='ltr'><strong>ιιιὓή</strong></span> <span class='ocrx_word' id='word_1_372' title='bbox 2396 2248 2546 2288; x_wconf 84' lang='lat' dir='ltr'><strong>mors</strong></span> <span class='ocrx_word' id='word_1_373' title='bbox 2571 2269 2586 2299; x_wconf 86' lang='lat'><strong>,</strong></span> <span class='ocrx_word' id='word_1_374' title='bbox 2633 2241 2695 2288; x_wconf 89' lang='lat' dir='ltr'><strong>ut</strong></span> <span class='ocrx_word' id='word_1_375' title='bbox 2719 2247 2886 2303; x_wconf 80' lang='lat' dir='ltr'><strong>supra</strong></span> <span class='ocrx_word' id='word_1_376' title='bbox 2913 2232 3117 2288; x_wconf 81' lang='lat' dir='ltr'><strong>dictum</strong></span> <span class='ocrx_word' id='word_1_377' title='bbox 3139 2240 3224 2288; x_wconf 86' lang='lat' dir='ltr'><strong>est</strong></span> <span class='ocrx_word' id='word_1_378' title='bbox 3241 2265 3264 2301; x_wconf 86' lang='lat'><strong>-,</strong></span> <span class='ocrx_word' id='word_1_379' title='bbox 3293 2248 3422 2302; x_wconf 84' lang='lat' dir='ltr'><strong>ergo</strong></span> <span class='ocrx_word' id='word_1_380' title='bbox 3453 2234 3602 2304; x_wconf 87' lang='lat' dir='ltr'><strong>quod</strong></span> <span class='ocrx_word' id='word_1_381' title='bbox 3631 2235 3832 2290; x_wconf 77' lang='lat' dir='ltr'><strong>bonum</strong></span> 
     </span>
    </p>
   </div>
   <div class='ocr_carea' id='block_1_53' title="bbox 2231 2323 3831 2396">
    <p class='ocr_par' dir='ltr' id='par_1_53' title="bbox 2231 2323 3831 2396">
     <span class='ocr_line' id='line_1_53' title="bbox 2231 2323 3831 2396; baseline 0 -15"><span class='ocrx_word' id='word_1_382' title='bbox 2231 2332 2338 2392; x_wconf 77' lang='lat' dir='ltr'><strong>est,</strong></span> <span class='ocrx_word' id='word_1_383' title='bbox 2379 2323 2582 2381; x_wconf 80' lang='lat' dir='ltr'><strong>factum</strong></span> <span class='ocrx_word' id='word_1_384' title='bbox 2617 2334 2703 2381; x_wconf 83' lang='lat' dir='ltr'><strong>est</strong></span> <span class='ocrx_word' id='word_1_385' title='bbox 2740 2339 2914 2391; x_wconf 82' lang='lat' dir='ltr'><strong>mors,</strong></span> <span class='ocrx_word' id='word_1_386' title='bbox 2955 2324 3008 2379; x_wconf 90' lang='lat' dir='ltr'><strong>id</strong></span> <span class='ocrx_word' id='word_1_387' title='bbox 3045 2334 3130 2379; x_wconf 86' lang='lat' dir='ltr'><strong>est</strong></span> <span class='ocrx_word' id='word_1_388' title='bbox 3151 2325 3315 2380; x_wconf 87' lang='lat' dir='ltr'><strong>datur</strong></span> <span class='ocrx_word' id='word_1_389' title='bbox 3343 2325 3473 2380; x_wconf 87' lang='lat' dir='ltr'><strong>mihi</strong></span> <span class='ocrx_word' id='word_1_390' title='bbox 3499 2341 3530 2379; x_wconf 89' lang='lat' dir='ltr'><strong>a</strong></span> <span class='ocrx_word' id='word_1_391' title='bbox 3557 2325 3720 2396; x_wconf 87' lang='lat' dir='ltr'><strong>Deo,</strong></span> <span class='ocrx_word' id='word_1_392' title='bbox 3765 2327 3831 2381; x_wconf 84' lang='lat' dir='ltr'><strong>ita</strong></span> 
     </span>
    </p>
   </div>
   <div class='ocr_carea' id='block_1_54' title="bbox 2232 2415 3832 2482">
    <p class='ocr_par' dir='ltr' id='par_1_54' title="bbox 2232 2415 3832 2482">
     <span class='ocr_line' id='line_1_54' title="bbox 2232 2415 3832 2482; baseline 0.003 -10"><span class='ocrx_word' id='word_1_393' title='bbox 2232 2425 2292 2472; x_wconf 88' lang='lat' dir='ltr'><strong>ut</strong></span> <span class='ocrx_word' id='word_1_394' title='bbox 2321 2417 2395 2472; x_wconf 90' lang='lat' dir='ltr'><strong>sit</strong></span> <span class='ocrx_word' id='word_1_395' title='bbox 2437 2415 2685 2480; x_wconf 69' lang='lat' dir='ltr'><strong>efficiens</strong></span> <span class='ocrx_word' id='word_1_396' title='bbox 2725 2432 2891 2473; x_wconf 87' lang='lat' dir='ltr'><strong>causa</strong></span> <span class='ocrx_word' id='word_1_397' title='bbox 2914 2416 3146 2482; x_wconf 80' lang='lat' dir='ltr'><strong>mortis?</strong></span> <span class='ocrx_word' id='word_1_398' title='bbox 3195 2415 3314 2472; x_wconf 85' lang='lat' dir='ltr'><strong>Non</strong></span> <span class='ocrx_word' id='word_1_399' title='bbox 3356 2418 3494 2474; x_wconf 80' lang='lat' dir='ltr'><strong>:sed</strong></span> <span class='ocrx_word' id='word_1_400' title='bbox 3543 2417 3730 2476; x_wconf 77' lang='lat' dir='ltr'><strong>fomes</strong></span> <span class='ocrx_word' id='word_1_401' title='bbox 3759 2427 3832 2477; x_wconf 77' lang='lat' dir='ltr'><strong>est</strong></span> 
     </span>
    </p>
   </div>
   <div class='ocr_carea' id='block_1_55' title="bbox 2227 2509 3521 2580">
    <p class='ocr_par' dir='ltr' id='par_1_55' title="bbox 2227 2509 3521 2580">
     <span class='ocr_line' id='line_1_55' title="bbox 2227 2509 3521 2580; baseline -0.002 -14"><span class='ocrx_word' id='word_1_402' title='bbox 2227 2509 2491 2577; x_wconf 75' lang='lat' dir='ltr'><strong>efﬁciens,</strong></span> <span class='ocrx_word' id='word_1_403' title='bbox 2526 2511 2619 2580; x_wconf 91' lang='lat' dir='ltr'><strong>qui</strong></span> <span class='ocrx_word' id='word_1_404' title='bbox 2653 2512 2852 2568; x_wconf 84' lang='lat' dir='ltr'><strong>bonam</strong></span> <span class='ocrx_word' id='word_1_405' title='bbox 2879 2526 2992 2566; x_wconf 86' lang='lat' dir='ltr'><strong>rem</strong></span> <span class='ocrx_word' id='word_1_406' title='bbox 3023 2509 3188 2568; x_wconf 77' lang='lat' dir='ltr'><strong>vertit</strong></span> <span class='ocrx_word' id='word_1_407' title='bbox 3214 2511 3269 2566; x_wconf 90' lang='lat' dir='ltr'><strong>in</strong></span> <span class='ocrx_word' id='word_1_408' title='bbox 3293 2509 3521 2566; x_wconf 79' lang='lat' dir='ltr'><strong>malum.</strong></span> 
     </span>
    </p>
   </div>
   <div class='ocr_carea' id='block_1_56' title="bbox 2309 2602 3828 2675">
    <p class='ocr_par' dir='ltr' id='par_1_56' title="bbox 2309 2602 3828 2675">
     <span class='ocr_line' id='line_1_56' title="bbox 2309 2602 3828 2675; baseline 0.001 -15"><span class='ocrx_word' id='word_1_409' title='bbox 2309 2603 2474 2660; x_wconf 66' lang='lat' dir='ltr'><strong>Vsus.</strong></span> <span class='ocrx_word' id='word_1_410' title='bbox 2525 2604 2612 2660; x_wconf 72' lang='lat' dir='ltr'><strong>l3.</strong></span> <span class='ocrx_word' id='word_1_411' title='bbox 2658 2633 2724 2646; x_wconf 86' lang='lat'><strong><em>-—</em></strong></span> <span class='ocrx_word' id='word_1_412' title='bbox 2762 2602 2833 2660; x_wconf 81' lang='lat' dir='ltr'><strong>Ut</strong></span> <span class='ocrx_word' id='word_1_413' title='bbox 2881 2613 3131 2675; x_wconf 74' lang='lat' dir='ltr'><strong>appareat</strong></span> <span class='ocrx_word' id='word_1_414' title='bbox 3179 2612 3468 2675; x_wconf 79' lang='lat' dir='ltr'><strong>peccatum.</strong></span> <span class='ocrx_word' id='word_1_415' title='bbox 3503 2602 3628 2660; x_wconf 87' lang='lat' dir='ltr'><strong>Non</strong></span> <span class='ocrx_word' id='word_1_416' title='bbox 3681 2606 3828 2674; x_wconf 75' lang='lat' dir='ltr'><strong>dico,</strong></span> 
     </span>
    </p>
   </div>
   <div class='ocr_carea' id='block_1_57' title="bbox 2235 2696 3832 2768">
    <p class='ocr_par' dir='ltr' id='par_1_57' title="bbox 2235 2696 3832 2768">
     <span class='ocr_line' id='line_1_57' title="bbox 2235 2696 3832 2768; baseline 0.003 -18"><span class='ocrx_word' id='word_1_417' title='bbox 2235 2704 2296 2750; x_wconf 91' lang='lat' dir='ltr'><strong>ut</strong></span> <span class='ocrx_word' id='word_1_418' title='bbox 2337 2697 2426 2764; x_wconf 89' lang='lat' dir='ltr'><strong>sit,</strong></span> <span class='ocrx_word' id='word_1_419' title='bbox 2473 2698 2598 2766; x_wconf 87' lang='lat' dir='ltr'><strong>quia</strong></span> <span class='ocrx_word' id='word_1_420' title='bbox 2629 2698 2794 2752; x_wconf 90' lang='lat' dir='ltr'><strong>etiam</strong></span> <span class='ocrx_word' id='word_1_421' title='bbox 2837 2706 2980 2762; x_wconf 89' lang='lat' dir='ltr'><strong>erat,</strong></span> <span class='ocrx_word' id='word_1_422' title='bbox 3007 2696 3229 2768; x_wconf 73' lang='lat' dir='ltr'><strong>quando</strong></span> <span class='ocrx_word' id='word_1_423' title='bbox 3259 2712 3374 2753; x_wconf 80' lang='lat' dir='ltr'><strong>non</strong></span> <span class='ocrx_word' id='word_1_424' title='bbox 3403 2699 3739 2768; x_wconf 72' lang='lat' dir='ltr'><strong>apparebat,</strong></span> <span class='ocrx_word' id='word_1_425' title='bbox 3781 2709 3832 2755; x_wconf 84' lang='lat' dir='ltr'><strong>ut</strong></span> 
     </span>
    </p>
   </div>
   <div class='ocr_carea' id='block_1_58' title="bbox 2225 2787 3828 2858">
    <p class='ocr_par' dir='ltr' id='par_1_58' title="bbox 2225 2787 3828 2858">
     <span class='ocr_line' id='line_1_58' title="bbox 2225 2787 3828 2858; baseline 0.003 -17"><span class='ocrx_word' id='word_1_426' title='bbox 2225 2803 2420 2858; x_wconf 78' lang='lat' dir='ltr'><strong>supra.</strong></span> <span class='ocrx_word' id='word_1_427' title='bbox 2449 2787 2957 2858; x_wconf 78' lang='lat' dir='ltr'><strong>Coucupiscentiam</strong></span> <span class='ocrx_word' id='word_1_428' title='bbox 2991 2787 3326 2852; x_wconf 73' lang='lat' dir='ltr'><strong>nesciebam.</strong></span> <span class='ocrx_word' id='word_1_429' title='bbox 3360 2787 3478 2848; x_wconf 83' lang='lat' dir='ltr'><strong>Non</strong></span> <span class='ocrx_word' id='word_1_430' title='bbox 3509 2789 3686 2858; x_wconf 78' lang='lat' dir='ltr'><strong>dixit,</strong></span> <span class='ocrx_word' id='word_1_431' title='bbox 3717 2790 3828 2846; x_wconf 77' lang='lat' dir='ltr'><strong>Non</strong></span> 
     </span>
    </p>
   </div>
   <div class='ocr_carea' id='block_1_59' title="bbox 2225 2879 2518 2935">
    <p class='ocr_par' dir='ltr' id='par_1_59' title="bbox 2225 2879 2518 2935">
     <span class='ocr_line' id='line_1_59' title="bbox 2225 2879 2518 2935; baseline 0 -1"><span class='ocrx_word' id='word_1_432' title='bbox 2225 2879 2518 2935; x_wconf 72' lang='lat' dir='ltr'><strong>habebam.</strong></span> 
     </span>
    </p>
   </div>
   <div class='ocr_carea' id='block_1_60' title="bbox 2306 2971 3831 3045">
    <p class='ocr_par' dir='ltr' id='par_1_60' title="bbox 2306 2971 3831 3045">
     <span class='ocr_line' id='line_1_60' title="bbox 2306 2971 3831 3045; baseline 0.003 -21"><span class='ocrx_word' id='word_1_433' title='bbox 2306 2971 2413 3024; x_wconf 87' lang='lat' dir='ltr'><strong>Per</strong></span> <span class='ocrx_word' id='word_1_434' title='bbox 2442 2973 2654 3026; x_wconf 86' lang='lat' dir='ltr'><strong>bonum.</strong></span> <span class='ocrx_word' id='word_1_435' title='bbox 2689 2971 2910 3043; x_wconf 88' lang='lat' dir='ltr'><strong>Legem.</strong></span> <span class='ocrx_word' id='word_1_436' title='bbox 2956 2971 3073 3027; x_wconf 84' lang='lat' dir='ltr'><strong>Non</strong></span> <span class='ocrx_word' id='word_1_437' title='bbox 3115 2971 3303 3041; x_wconf 90' lang='lat' dir='ltr'><strong>utique</strong></span> <span class='ocrx_word' id='word_1_438' title='bbox 3344 2971 3676 3028; x_wconf 72' lang='lat' dir='ltr'><strong>efﬁcientem</strong></span> <span class='ocrx_word' id='word_1_439' title='bbox 3713 2990 3831 3045; x_wconf 77' lang='lat' dir='ltr'><strong>pee-</strong></span> 
     </span>
    </p>
   </div>
   <div class='ocr_carea' id='block_1_61' title="bbox 2231 3064 3831 3136">
    <p class='ocr_par' dir='ltr' id='par_1_61' title="bbox 2231 3064 3831 3136">
     <span class='ocr_line' id='line_1_61' title="bbox 2231 3064 3831 3136; baseline 0.001 -17"><span class='ocrx_word' id='word_1_440' title='bbox 2231 3071 2439 3130; x_wconf 87' lang='lat' dir='ltr'><strong>catum,</strong></span> <span class='ocrx_word' id='word_1_441' title='bbox 2477 3064 2573 3119; x_wconf 84' lang='lat' dir='ltr'><strong>sed</strong></span> <span class='ocrx_word' id='word_1_442' title='bbox 2606 3064 2797 3134; x_wconf 70' lang='lat' dir='ltr'><strong>potius</strong></span> <span class='ocrx_word' id='word_1_443' title='bbox 2839 3064 3309 3128; x_wconf 58' lang='lat' dir='ltr'><strong>«monstrantem</strong></span> <span class='ocrx_word' id='word_1_444' title='bbox 3344 3073 3406 3120; x_wconf 86' lang='lat' dir='ltr'><strong>et</strong></span> <span class='ocrx_word' id='word_1_445' title='bbox 3445 3064 3831 3136; x_wconf 72' lang='lat' dir='ltr'><strong>prohibentem</strong></span> 
     </span>
    </p>
   </div>
   <div class='ocr_carea' id='block_1_62' title="bbox 2222 3155 2392 3211">
    <p class='ocr_par' dir='ltr' id='par_1_62' title="bbox 2222 3155 2392 3211">
     <span class='ocr_line' id='line_1_62' title="bbox 2222 3155 2392 3211; baseline 0.053 -10"><span class='ocrx_word' id='word_1_446' title='bbox 2222 3155 2392 3211; x_wconf 68' lang='lat' dir='ltr'><strong>illud.</strong></span> 
     </span>
    </p>
   </div>
   <div class='ocr_carea' id='block_1_63' title="bbox 593 3235 3829 3339">
    <p class='ocr_par' dir='ltr' id='par_1_63' title="bbox 593 3235 3829 3339">
     <span class='ocr_line' id='line_1_63' title="bbox 593 3235 3829 3339; baseline 0.002 -35"><span class='ocrx_word' id='word_1_447' title='bbox 593 3251 813 3324; x_wconf 66' lang='lat' dir='ltr'><strong>(Auum)</strong></span> <span class='ocrx_word' id='word_1_448' title='bbox 854 3251 1077 3308; x_wconf 88' lang='lat' dir='ltr'><strong>Omnem</strong></span> <span class='ocrx_word' id='word_1_449' title='bbox 1126 3255 1635 3339; x_wconf 68' lang='lat' dir='ltr'><strong>concupiscentiam,</strong></span> <span class='ocrx_word' id='word_1_450' title='bbox 1670 3256 1857 3313; x_wconf 89' lang='lat' dir='ltr'><strong>dicens</strong></span> <span class='ocrx_word' id='word_1_451' title='bbox 1875 3299 1889 3324; x_wconf 95' lang='lat'><strong>,</strong></span> <span class='ocrx_word' id='word_1_452' title='bbox 1934 3265 2130 3316; x_wconf 79' lang='lat' dir='ltr'><strong>cuncta</strong></span> <span class='ocrx_word' id='word_1_453' title='bbox 2157 3235 2204 3306; x_wconf 61' lang='grc' dir='ltr'><strong>(ἶ</strong></span> <span class='ocrx_word' id='word_1_454' title='bbox 2311 3247 2378 3303; x_wconf 79' lang='lat' dir='ltr'><strong>Ut</strong></span> <span class='ocrx_word' id='word_1_455' title='bbox 2407 3248 2502 3318; x_wconf 69' lang='lat' dir='ltr'><strong>ﬁat</strong></span> <span class='ocrx_word' id='word_1_456' title='bbox 2525 3265 2692 3319; x_wconf 63' lang='lat' dir='ltr'><strong>coma</strong></span> <span class='ocrx_word' id='word_1_457' title='bbox 2708 3250 2952 3306; x_wconf 73' lang='lat' dir='ltr'><strong>modum.</strong></span> <span class='ocrx_word' id='word_1_458' title='bbox 2981 3251 3248 3339; x_wconf 74' lang='lat' dir='ltr'><strong>Quia-per</strong></span> <span class='ocrx_word' id='word_1_459' title='bbox 3268 3251 3448 3324; x_wconf 74' lang='lat' dir='ltr'><strong>legem</strong></span> <span class='ocrx_word' id='word_1_460' title='bbox 3469 3267 3586 3310; x_wconf 89' lang='lat' dir='ltr'><strong>non</strong></span> <span class='ocrx_word' id='word_1_461' title='bbox 3609 3253 3829 3320; x_wconf 76' lang='lat' dir='ltr'><strong>defecit,</strong></span> 
     </span>
    </p>
   </div>
   <div class='ocr_carea' id='block_1_64' title="bbox 518 3345 2124 3420">
    <p class='ocr_par' dir='ltr' id='par_1_64' title="bbox 518 3345 2124 3420">
     <span class='ocr_line' id='line_1_64' title="bbox 518 3345 2124 3420; baseline 0.006 -22"><span class='ocrx_word' id='word_1_462' title='bbox 518 3355 741 3414; x_wconf 84' lang='lat' dir='ltr'><strong>peccata</strong></span> <span class='ocrx_word' id='word_1_463' title='bbox 785 3347 984 3418; x_wconf 84' lang='lat' dir='ltr'><strong>signat.</strong></span> <span class='ocrx_word' id='word_1_464' title='bbox 1028 3345 1161 3401; x_wconf 89' lang='lat' dir='ltr'><strong>Erat</strong></span> <span class='ocrx_word' id='word_1_465' title='bbox 1200 3348 1345 3402; x_wconf 91' lang='lat' dir='ltr'><strong>enim</strong></span> <span class='ocrx_word' id='word_1_466' title='bbox 1385 3357 1511 3405; x_wconf 89' lang='lat' dir='ltr'><strong>ante</strong></span> <span class='ocrx_word' id='word_1_467' title='bbox 1548 3360 1857 3420; x_wconf 90' lang='lat' dir='ltr'><strong>peccatum,</strong></span> <span class='ocrx_word' id='word_1_468' title='bbox 1885 3352 1976 3407; x_wconf 84' lang='lat' dir='ltr'><strong>Sed</strong></span> <span class='ocrx_word' id='word_1_469' title='bbox 2015 3359 2124 3408; x_wconf 91' lang='lat' dir='ltr'><strong>&#39;non</strong></span> 
     </span>
    </p>
   </div>
   <div class='ocr_carea' id='block_1_65' title="bbox 521 3437 2124 3506">
    <p class='ocr_par' dir='ltr' id='par_1_65' title="bbox 521 3437 2124 3506">
     <span class='ocr_line' id='line_1_65' title="bbox 521 3437 2124 3506; baseline 0.007 -19"><span class='ocrx_word' id='word_1_470' title='bbox 521 3444 704 3499; x_wconf 82' lang='lat' dir='ltr'><strong>Omne,</strong></span> <span class='ocrx_word' id='word_1_471' title='bbox 737 3437 955 3505; x_wconf 89' lang='lat' dir='ltr'><strong>quando</strong></span> <span class='ocrx_word' id='word_1_472' title='bbox 986 3437 1194 3492; x_wconf 90' lang='lat' dir='ltr'><strong>crimen</strong></span> <span class='ocrx_word' id='word_1_473' title='bbox 1221 3440 1694 3506; x_wconf 83' lang='lat' dir='ltr'><strong>praevaricationis</strong></span> <span class='ocrx_word' id='word_1_474' title='bbox 1719 3441 1896 3498; x_wconf 86' lang='lat' dir='ltr'><strong>adhuc</strong></span> <span class='ocrx_word' id='word_1_475' title='bbox 1917 3441 2124 3499; x_wconf 87' lang='lat' dir='ltr'><strong>deerat.</strong></span> 
     </span>
    </p>
   </div>
   <div class='ocr_carea' id='block_1_66' title="bbox 520 3520 2130 3606">
    <p class='ocr_par' dir='ltr' id='par_1_66' title="bbox 520 3520 2130 3606">
     <span class='ocr_line' id='line_1_66' title="bbox 520 3520 2130 3606; baseline 0.008 -29"><span class='ocrx_word' id='word_1_476' title='bbox 520 3520 627 3578; x_wconf 89' lang='lat' dir='ltr'><strong>Sed</strong></span> <span class='ocrx_word' id='word_1_477' title='bbox 658 3539 819 3578; x_wconf 88' lang='lat' dir='ltr'><strong>omne</strong></span> <span class='ocrx_word' id='word_1_478' title='bbox 851 3533 1134 3594; x_wconf 86' lang='lat' dir='ltr'><strong>peccatum</strong></span> <span class='ocrx_word' id='word_1_479' title='bbox 1161 3527 1324 3583; x_wconf 84' lang='lat' dir='ltr'><strong>modo</strong></span> <span class='ocrx_word' id='word_1_480' title='bbox 1349 3530 1602 3599; x_wconf 89' lang='lat' dir='ltr'><strong>accessit,</strong></span> <span class='ocrx_word' id='word_1_481' title='bbox 1629 3532 1758 3602; x_wconf 89' lang='lat' dir='ltr'><strong>quia</strong></span> <span class='ocrx_word' id='word_1_482' title='bbox 1787 3533 1953 3589; x_wconf 88' lang='lat' dir='ltr'><strong>etiam</strong></span> <span class='ocrx_word' id='word_1_483' title='bbox 1985 3545 2130 3606; x_wconf 66' lang='lat' dir='ltr'><strong>prae-</strong></span> 
     </span>
    </p>
   </div>
   <div class='ocr_carea' id='block_1_67' title="bbox 518 3617 813 3671">
    <p class='ocr_par' dir='ltr' id='par_1_67' title="bbox 518 3617 813 3671">
     <span class='ocr_line' id='line_1_67' title="bbox 518 3617 813 3671; baseline 0.01 -3"><span class='ocrx_word' id='word_1_484' title='bbox 518 3617 813 3671; x_wconf 85' lang='lat' dir='ltr'><strong>varicatio.</strong></span> 
     </span>
    </p>
   </div>
   <div class='ocr_carea' id='block_1_68' title="bbox 592 3706 2129 3790">
    <p class='ocr_par' dir='ltr' id='par_1_68' title="bbox 592 3706 2129 3790">
     <span class='ocr_line' id='line_1_68' title="bbox 592 3706 2129 3790; baseline 0.011 -31"><span class='ocrx_word' id='word_1_485' title='bbox 592 3706 778 3778; x_wconf 80' lang='lat' dir='ltr'><strong>(Auc.)</strong></span> <span class='ocrx_word' id='word_1_486' title='bbox 818 3708 991 3764; x_wconf 87' lang='lat' dir='ltr'><strong>Aucta</strong></span> <span class='ocrx_word' id='word_1_487' title='bbox 1026 3718 1110 3764; x_wconf 90' lang='lat' dir='ltr'><strong>est</strong></span> <span class='ocrx_word' id='word_1_488' title='bbox 1143 3709 1290 3765; x_wconf 89' lang='lat' dir='ltr'><strong>enim</strong></span> <span class='ocrx_word' id='word_1_489' title='bbox 1319 3713 1762 3785; x_wconf 83' lang='lat' dir='ltr'><strong>&#39;concupiscentia</strong></span> <span class='ocrx_word' id='word_1_490' title='bbox 1791 3734 1860 3774; x_wconf 89' lang='lat' dir='ltr'><strong>ex</strong></span> <span class='ocrx_word' id='word_1_491' title='bbox 1886 3718 2129 3790; x_wconf 86' lang='lat' dir='ltr'><strong>prohibi-</strong></span> 
     </span>
    </p>
   </div>
   <div class='ocr_carea' id='block_1_69' title="bbox 521 3797 2055 3875">
    <p class='ocr_par' dir='ltr' id='par_1_69' title="bbox 521 3797 2055 3875">
     <span class='ocr_line' id='line_1_69' title="bbox 521 3797 2055 3875; baseline 0.011 -24"><span class='ocrx_word' id='word_1_492' title='bbox 521 3797 670 3854; x_wconf 91' lang='lat' dir='ltr'><strong>tione</strong></span> <span class='ocrx_word' id='word_1_493' title='bbox 691 3797 853 3872; x_wconf 81' lang='lat' dir='ltr'><strong>legis,</strong></span> <span class='ocrx_word' id='word_1_494' title='bbox 887 3801 1104 3871; x_wconf 88' lang='lat' dir='ltr'><strong>quando</strong></span> <span class='ocrx_word' id='word_1_495' title='bbox 1130 3803 1310 3859; x_wconf 90' lang='lat' dir='ltr'><strong>adhuc</strong></span> <span class='ocrx_word' id='word_1_496' title='bbox 1337 3805 1512 3875; x_wconf 88' lang='lat' dir='ltr'><strong>gratia</strong></span> <span class='ocrx_word' id='word_1_497' title='bbox 1542 3807 1728 3864; x_wconf 90' lang='lat' dir='ltr'><strong>deerat</strong></span> <span class='ocrx_word' id='word_1_498' title='bbox 1753 3810 2055 3868; x_wconf 89' lang='lat' dir='ltr'><strong>liberantis.</strong></span> 
     </span>
    </p>
   </div>
   <div class='ocr_carea' id='block_1_70' title="bbox 592 3889 2130 3973">
    <p class='ocr_par' dir='ltr' id='par_1_70' title="bbox 592 3889 2130 3973">
     <span class='ocr_line' id='line_1_70' title="bbox 592 3889 2130 3973; baseline 0.01 -28"><span class='ocrx_word' id='word_1_499' title='bbox 592 3889 762 3948; x_wconf 72' lang='lat' dir='ltr'><strong>Vens.</strong></span> <span class='ocrx_word' id='word_1_500' title='bbox 795 3893 848 3948; x_wconf 92' lang='lat'><strong>9.</strong></span> <span class='ocrx_word' id='word_1_501' title='bbox 884 3925 955 3935; x_wconf 92' lang='lat'>—</span> <span class='ocrx_word' id='word_1_502' title='bbox 984 3892 1099 3967; x_wconf 84' lang='lat' dir='ltr'><strong>Ego</strong></span> <span class='ocrx_word' id='word_1_503' title='bbox 1136 3906 1312 3951; x_wconf 88' lang='lat' dir='ltr'><strong>autem</strong></span> <span class='ocrx_word' id='word_1_504' title='bbox 1346 3897 1597 3954; x_wconf 84' lang='lat' dir='ltr'><strong>vivebam.</strong></span> <span class='ocrx_word' id='word_1_505' title='bbox 1630 3899 1824 3957; x_wconf 84' lang='lat' dir='ltr'><strong>Patet:</strong></span> <span class='ocrx_word' id='word_1_506' title='bbox 1861 3905 1988 3973; x_wconf 85' lang='lat' dir='ltr'><strong>quia</strong></span> <span class='ocrx_word' id='word_1_507' title='bbox 2016 3918 2130 3960; x_wconf 80' lang='lat' dir='ltr'><strong>non</strong></span> 
     </span>
    </p>
   </div>
   <div class='ocr_carea' id='block_1_71' title="bbox 527 3981 2128 4064">
    <p class='ocr_par' dir='ltr' id='par_1_71' title="bbox 527 3981 2128 4064">
     <span class='ocr_line' id='line_1_71' title="bbox 527 3981 2128 4064; baseline 0.006 -26"><span class='ocrx_word' id='word_1_508' title='bbox 527 3981 595 4038; x_wconf 78' lang='lat' dir='ltr'><strong>ex</strong></span> <span class='ocrx_word' id='word_1_509' title='bbox 631 3996 749 4048; x_wconf 84' lang='lat' dir='ltr'><strong>sua,</strong></span> <span class='ocrx_word' id='word_1_510' title='bbox 792 3982 887 4038; x_wconf 86' lang='lat' dir='ltr'><strong>sed</strong></span> <span class='ocrx_word' id='word_1_511' title='bbox 933 3995 1001 4039; x_wconf 85' lang='lat' dir='ltr'><strong>ex</strong></span> <span class='ocrx_word' id='word_1_512' title='bbox 1044 3999 1279 4057; x_wconf 87' lang='lat' dir='ltr'><strong>persona</strong></span> <span class='ocrx_word' id='word_1_513' title='bbox 1309 3987 1547 4044; x_wconf 86' lang='lat' dir='ltr'><strong>hominis</strong></span> <span class='ocrx_word' id='word_1_514' title='bbox 1576 3991 1897 4061; x_wconf 81' lang='lat' dir='ltr'><strong>generaliter</strong></span> <span class='ocrx_word' id='word_1_515' title='bbox 1951 3991 2128 4064; x_wconf 90' lang='lat' dir='ltr'><strong>loqui-</strong></span> 
     </span>
    </p>
   </div>
   <div class='ocr_carea' id='block_1_72' title="bbox 541 4073 2132 4146">
    <p class='ocr_par' dir='ltr' id='par_1_72' title="bbox 541 4073 2132 4146">
     <span class='ocr_line' id='line_1_72' title="bbox 541 4073 2132 4146; baseline 0.006 -17"><span class='ocrx_word' id='word_1_516' title='bbox 541 4081 649 4129; x_wconf 89' lang='lat' dir='ltr'><strong>tur.</strong></span> <span class='ocrx_word' id='word_1_517' title='bbox 729 4073 844 4146; x_wconf 83' lang='lat' dir='ltr'><strong>Ego</strong></span> <span class='ocrx_word' id='word_1_518' title='bbox 914 4087 1089 4132; x_wconf 85' lang='lat' dir='ltr'><strong>autem</strong></span> <span class='ocrx_word' id='word_1_519' title='bbox 1156 4077 1406 4132; x_wconf 84' lang='lat' dir='ltr'><strong>vivebam.</strong></span> <span class='ocrx_word' id='word_1_520' title='bbox 1464 4079 1604 4136; x_wconf 87' lang='lat' dir='ltr'><strong>Nota</strong></span> <span class='ocrx_word' id='word_1_521' title='bbox 1678 4083 1812 4138; x_wconf 91' lang='lat' dir='ltr'><strong>duos</strong></span> <span class='ocrx_word' id='word_1_522' title='bbox 1881 4083 2132 4140; x_wconf 87' lang='lat' dir='ltr'><strong>homines</strong></span> 
     </span>
    </p>
   </div>
   <div class='ocr_carea' id='block_1_73' title="bbox 523 4159 2129 4236">
    <p class='ocr_par' dir='ltr' id='par_1_73' title="bbox 523 4159 2129 4236">
     <span class='ocr_line' id='line_1_73' title="bbox 523 4159 2129 4236; baseline 0.006 -16"><span class='ocrx_word' id='word_1_523' title='bbox 523 4159 590 4220; x_wconf 61' lang='lat' dir='ltr'><strong>‘in</strong></span> <span class='ocrx_word' id='word_1_524' title='bbox 623 4161 813 4221; x_wconf 79' lang='lat' dir='ltr'><strong>eodem</strong></span> <span class='ocrx_word' id='word_1_525' title='bbox 843 4208 858 4233; x_wconf 96' lang='lat'><strong>,</strong></span> <span class='ocrx_word' id='word_1_526' title='bbox 885 4166 1287 4223; x_wconf 81' lang='lat' dir='ltr'><strong>interiorem&#39;et</strong></span> <span class='ocrx_word' id='word_1_527' title='bbox 1327 4169 1691 4236; x_wconf 81' lang='lat' dir='ltr'><strong>exteriorem,</strong></span> <span class='ocrx_word' id='word_1_528' title='bbox 1733 4168 1790 4225; x_wconf 90' lang='lat' dir='ltr'><strong>id</strong></span> <span class='ocrx_word' id='word_1_529' title='bbox 1828 4180 1911 4228; x_wconf 90' lang='lat' dir='ltr'><strong>est</strong></span> <span class='ocrx_word' id='word_1_530' title='bbox 1960 4175 2129 4230; x_wconf 87' lang='lat' dir='ltr'><strong>ratio-</strong></span> 
     </span>
    </p>
   </div>
   <div class='ocr_carea' id='block_1_74' title="bbox 519 4255 2132 4329">
    <p class='ocr_par' dir='ltr' id='par_1_74' title="bbox 519 4255 2132 4329">
     <span class='ocr_line' id='line_1_74' title="bbox 519 4255 2132 4329; baseline 0.004 -14"><span class='ocrx_word' id='word_1_531' title='bbox 519 4272 648 4315; x_wconf 84' lang='lat' dir='ltr'><strong>nem</strong></span> <span class='ocrx_word' id='word_1_532' title='bbox 681 4265 738 4313; x_wconf 89' lang='lat' dir='ltr'><strong>et</strong></span> <span class='ocrx_word' id='word_1_533' title='bbox 779 4255 1060 4324; x_wconf 81' lang='lat' dir='ltr'><strong>fomitem,</strong></span> <span class='ocrx_word' id='word_1_534' title='bbox 1099 4259 1192 4329; x_wconf 87' lang='lat' dir='ltr'><strong>qui</strong></span> <span class='ocrx_word' id='word_1_535' title='bbox 1223 4268 1307 4316; x_wconf 88' lang='lat' dir='ltr'><strong>est</strong></span> <span class='ocrx_word' id='word_1_536' title='bbox 1335 4260 1390 4316; x_wconf 91' lang='lat' dir='ltr'><strong>in</strong></span> <span class='ocrx_word' id='word_1_537' title='bbox 1422 4277 1606 4318; x_wconf 89' lang='lat' dir='ltr'><strong>carne.</strong></span> <span class='ocrx_word' id='word_1_538' title='bbox 1641 4263 1958 4320; x_wconf 89' lang='lat' dir='ltr'><strong>lnteriorcm</strong></span> <span class='ocrx_word' id='word_1_539' title='bbox 1999 4266 2132 4324; x_wconf 89' lang='lat' dir='ltr'><strong>dicit</strong></span> 
     </span>
    </p>
   </div>
   <div class='ocr_carea' id='block_1_75' title="bbox 521 4348 2131 4431">
    <p class='ocr_par' dir='ltr' id='par_1_75' title="bbox 521 4348 2131 4431">
     <span class='ocr_line' id='line_1_75' title="bbox 521 4348 2131 4431; baseline 0.006 -26"><span class='ocrx_word' id='word_1_540' title='bbox 521 4348 838 4406; x_wconf 84' lang='lat' dir='ltr'><strong>consentire</strong></span> <span class='ocrx_word' id='word_1_541' title='bbox 869 4349 992 4421; x_wconf 89' lang='lat' dir='ltr'><strong>legi,</strong></span> <span class='ocrx_word' id='word_1_542' title='bbox 1021 4357 1075 4404; x_wconf 86' lang='lat' dir='ltr'><strong>et</strong></span> <span class='ocrx_word' id='word_1_543' title='bbox 1097 4350 1215 4423; x_wconf 83' lang='lat' dir='ltr'><strong>ejus</strong></span> <span class='ocrx_word' id='word_1_544' title='bbox 1245 4353 1560 4409; x_wconf 88' lang='lat' dir='ltr'><strong>testimonio</strong></span> <span class='ocrx_word' id='word_1_545' title='bbox 1582 4351 1783 4409; x_wconf 87' lang='lat' dir='ltr'><strong>bonam</strong></span> <span class='ocrx_word' id='word_1_546' title='bbox 1808 4371 1929 4413; x_wconf 90' lang='lat' dir='ltr'><strong>esse</strong></span> <span class='ocrx_word' id='word_1_547' title='bbox 1953 4358 2131 4431; x_wconf 87' lang='lat' dir='ltr'><strong>legem</strong></span> 
     </span>
    </p>
   </div>
   <div class='ocr_carea' id='block_1_76' title="bbox 525 4441 2133 4512">
    <p class='ocr_par' dir='ltr' id='par_1_76' title="bbox 525 4441 2133 4512">
     <span class='ocr_line' id='line_1_76' title="bbox 525 4441 2133 4512; baseline 0.008 -16"><span class='ocrx_word' id='word_1_548' title='bbox 525 4443 808 4512; x_wconf 83' lang='lat' dir='ltr'><strong>approbat.</strong></span> <span class='ocrx_word' id='word_1_549' title='bbox 831 4441 1172 4498; x_wconf 85' lang='lat' dir='ltr'><strong>Exteriorem</strong></span> <span class='ocrx_word' id='word_1_550' title='bbox 1199 4458 1329 4499; x_wconf 83' lang='lat' dir='ltr'><strong>vero</strong></span> <span class='ocrx_word' id='word_1_551' title='bbox 1352 4454 1544 4500; x_wconf 90' lang='lat' dir='ltr'><strong>contra</strong></span> <span class='ocrx_word' id='word_1_552' title='bbox 1573 4447 1888 4505; x_wconf 89' lang='lat' dir='ltr'><strong>interiorem</strong></span> <span class='ocrx_word' id='word_1_553' title='bbox 1923 4461 1978 4507; x_wconf 89' lang='lat' dir='ltr'><strong>et</strong></span> <span class='ocrx_word' id='word_1_554' title='bbox 2003 4469 2133 4508; x_wconf 88' lang='lat' dir='ltr'><strong>con-</strong></span> 
     </span>
    </p>
   </div>
   <div class='ocr_carea' id='block_1_77' title="bbox 524 4536 2168 4624">
    <p class='ocr_par' dir='ltr' id='par_1_77' title="bbox 524 4536 2168 4624">
     <span class='ocr_line' id='line_1_77' title="bbox 524 4536 2168 4624; baseline 0.009 -36"><span class='ocrx_word' id='word_1_555' title='bbox 524 4543 614 4589; x_wconf 89' lang='lat' dir='ltr'><strong>tra</strong></span> <span class='ocrx_word' id='word_1_556' title='bbox 651 4536 824 4607; x_wconf 91' lang='lat' dir='ltr'><strong>legem</strong></span> <span class='ocrx_word' id='word_1_557' title='bbox 863 4551 1168 4608; x_wconf 85' lang='lat' dir='ltr'><strong>repugnare</strong></span> <span class='ocrx_word' id='word_1_558' title='bbox 1197 4546 1252 4592; x_wconf 91' lang='lat' dir='ltr'><strong>et</strong></span> <span class='ocrx_word' id='word_1_559' title='bbox 1280 4539 1559 4609; x_wconf 82' lang='lat' dir='ltr'><strong>captivarc</strong></span> <span class='ocrx_word' id='word_1_560' title='bbox 1591 4550 1645 4596; x_wconf 92' lang='lat' dir='ltr'><strong>et</strong></span> <span class='ocrx_word' id='word_1_561' title='bbox 1673 4556 1770 4613; x_wconf 89' lang='lat' dir='ltr'><strong>per</strong></span> <span class='ocrx_word' id='word_1_562' title='bbox 1809 4544 1982 4618; x_wconf 86' lang='lat' dir='ltr'><strong>legem</strong></span> <span class='ocrx_word' id='word_1_563' title='bbox 2017 4563 2168 4624; x_wconf 26' lang='lat' dir='ltr'><strong>ma-v</strong></span> 
     </span>
    </p>
   </div>
   <div class='ocr_carea' id='block_1_78' title="bbox 2237 3334 3369 3412">
    <p class='ocr_par' dir='ltr' id='par_1_78' title="bbox 2237 3334 3369 3412">
     <span class='ocr_line' id='line_1_78' title="bbox 2237 3334 3369 3412; baseline 0.003 -15"><span class='ocrx_word' id='word_1_564' title='bbox 2237 3340 2334 3397; x_wconf 87' lang='lat' dir='ltr'><strong>sed</strong></span> <span class='ocrx_word' id='word_1_565' title='bbox 2361 3341 2534 3412; x_wconf 86' lang='lat' dir='ltr'><strong>magis</strong></span> <span class='ocrx_word' id='word_1_566' title='bbox 2569 3341 2743 3397; x_wconf 88' lang='lat' dir='ltr'><strong>solitis</strong></span> <span class='ocrx_word' id='word_1_567' title='bbox 2767 3334 3153 3412; x_wconf 85' lang='lat' dir='ltr'><strong>cupiditatibus</strong></span> <span class='ocrx_word' id='word_1_568' title='bbox 3176 3345 3369 3400; x_wconf 90' lang='lat' dir='ltr'><strong>crevit.</strong></span> 
     </span>
    </p>
   </div>
   <div class='ocr_carea' id='block_1_79' title="bbox 2304 3431 3832 3509">
    <p class='ocr_par' dir='ltr' id='par_1_79' title="bbox 2304 3431 3832 3509">
     <span class='ocr_line' id='line_1_79' title="bbox 2304 3431 3832 3509; baseline 0.003 -21"><span class='ocrx_word' id='word_1_569' title='bbox 2304 3431 2468 3489; x_wconf 77' lang='lat' dir='ltr'><strong>Vens.</strong></span> <span class='ocrx_word' id='word_1_570' title='bbox 2507 3432 2594 3488; x_wconf 65' lang='grc'><strong>14.</strong></span> <span class='ocrx_word' id='word_1_571' title='bbox 2625 3463 2696 3495; x_wconf 88' lang='lat'><strong>_—</strong></span> <span class='ocrx_word' id='word_1_572' title='bbox 2719 3433 2838 3504; x_wconf 81' lang='lat' dir='ltr'><strong>Ego</strong></span> <span class='ocrx_word' id='word_1_573' title='bbox 2859 3443 3056 3490; x_wconf 82' lang='lat' dir='ltr'><strong>autem.</strong></span> <span class='ocrx_word' id='word_1_574' title='bbox 3079 3435 3374 3506; x_wconf 73' lang='lat' dir='ltr'><strong>ﬂuensque</strong></span> <span class='ocrx_word' id='word_1_575' title='bbox 3398 3436 3578 3509; x_wconf 79' lang='lat' dir='ltr'><strong>legem</strong></span> <span class='ocrx_word' id='word_1_576' title='bbox 3597 3451 3832 3494; x_wconf 79' lang='lat' dir='ltr'><strong>excusa-</strong></span> 
     </span>
    </p>
   </div>
   <div class='ocr_carea' id='block_1_80' title="bbox 2222 3523 3831 3600">
    <p class='ocr_par' dir='ltr' id='par_1_80' title="bbox 2222 3523 3831 3600">
     <span class='ocr_line' id='line_1_80' title="bbox 2222 3523 3831 3600; baseline 0.005 -20"><span class='ocrx_word' id='word_1_577' title='bbox 2222 3524 2332 3590; x_wconf 70' lang='lat' dir='ltr'><strong>vit,</strong></span> <span class='ocrx_word' id='word_1_578' title='bbox 2361 3523 2510 3595; x_wconf 85' lang='lat' dir='ltr'><strong>quod</strong></span> <span class='ocrx_word' id='word_1_579' title='bbox 2535 3539 2645 3580; x_wconf 85' lang='lat' dir='ltr'><strong>non</strong></span> <span class='ocrx_word' id='word_1_580' title='bbox 2671 3524 2830 3582; x_wconf 84' lang='lat' dir='ltr'><strong>debet</strong></span> <span class='ocrx_word' id='word_1_581' title='bbox 2853 3525 3066 3584; x_wconf 77' lang='lat' dir='ltr'><strong>relundi</strong></span> <span class='ocrx_word' id='word_1_582' title='bbox 3085 3527 3146 3584; x_wconf 81' lang='lat' dir='ltr'><strong>in</strong></span> <span class='ocrx_word' id='word_1_583' title='bbox 3165 3543 3293 3586; x_wconf 78' lang='lat' dir='ltr'><strong>eam</strong></span> <span class='ocrx_word' id='word_1_584' title='bbox 3318 3529 3517 3600; x_wconf 71' lang='lat' dir='ltr'><strong>culpa;</strong></span> <span class='ocrx_word' id='word_1_585' title='bbox 3550 3530 3644 3585; x_wconf 87' lang='lat' dir='ltr'><strong>hic</strong></span> <span class='ocrx_word' id='word_1_586' title='bbox 3667 3532 3800 3588; x_wconf 78' lang='lat' dir='ltr'><strong>dicit</strong></span> <span class='ocrx_word' id='word_1_587' title='bbox 3815 3572 3831 3598; x_wconf 92' lang='lat'><strong>,</strong></span> 
     </span>
    </p>
   </div>
   <div class='ocr_carea' id='block_1_81' title="bbox 2231 3618 3831 3695">
    <p class='ocr_par' dir='ltr' id='par_1_81' title="bbox 2231 3618 3831 3695">
     <span class='ocr_line' id='line_1_81' title="bbox 2231 3618 3831 3695; baseline 0.007 -23"><span class='ocrx_word' id='word_1_588' title='bbox 2231 3618 2378 3688; x_wconf 90' lang='lat' dir='ltr'><strong>quod</strong></span> <span class='ocrx_word' id='word_1_589' title='bbox 2414 3632 2516 3673; x_wconf 87' lang='lat' dir='ltr'><strong>nec</strong></span> <span class='ocrx_word' id='word_1_590' title='bbox 2546 3618 2606 3673; x_wconf 83' lang='lat' dir='ltr'><strong>in</strong></span> <span class='ocrx_word' id='word_1_591' title='bbox 2633 3618 2992 3689; x_wconf 74' lang='lat' dir='ltr'><strong>principalem</strong></span> <span class='ocrx_word' id='word_1_592' title='bbox 3029 3630 3304 3690; x_wconf 70' lang='lat' dir='ltr'><strong>naturam,</strong></span> <span class='ocrx_word' id='word_1_593' title='bbox 3328 3623 3387 3682; x_wconf 78' lang='lat' dir='ltr'><strong>id</strong></span> <span class='ocrx_word' id='word_1_594' title='bbox 3404 3633 3500 3684; x_wconf 77' lang='lat' dir='ltr'><strong>est</strong></span> <span class='ocrx_word' id='word_1_595' title='bbox 3539 3627 3831 3695; x_wconf 60' lang='lat' dir='ltr'><strong>ratium,</strong></span> 
     </span>
    </p>
   </div>
   <div class='ocr_carea' id='block_1_82' title="bbox 2217 3711 3835 3784">
    <p class='ocr_par' dir='ltr' id='par_1_82' title="bbox 2217 3711 3835 3784">
     <span class='ocr_line' id='line_1_82' title="bbox 2217 3711 3835 3784; baseline 0.005 -16"><span class='ocrx_word' id='word_1_596' title='bbox 2217 3711 2532 3768; x_wconf 66' lang='lat' dir='ltr'><strong>secundum</strong></span> <span class='ocrx_word' id='word_1_597' title='bbox 2582 3712 2672 3768; x_wconf 90' lang='lat' dir='ltr'><strong>hic</strong></span> <span class='ocrx_word' id='word_1_598' title='bbox 2718 3715 2862 3784; x_wconf 89' lang='lat' dir='ltr'><strong>quod</strong></span> <span class='ocrx_word' id='word_1_599' title='bbox 2914 3729 2948 3768; x_wconf 91' lang='lat' dir='ltr'><strong>a</strong></span> <span class='ocrx_word' id='word_1_600' title='bbox 2996 3714 3106 3772; x_wconf 83' lang='lat' dir='ltr'><strong>Deo</strong></span> <span class='ocrx_word' id='word_1_601' title='bbox 3145 3716 3348 3784; x_wconf 84' lang='lat' dir='ltr'><strong>habet;</strong></span> <span class='ocrx_word' id='word_1_602' title='bbox 3390 3727 3446 3774; x_wconf 90' lang='lat' dir='ltr'><strong>et</strong></span> <span class='ocrx_word' id='word_1_603' title='bbox 3479 3718 3560 3773; x_wconf 82' lang='lat' dir='ltr'><strong>ita</strong></span> <span class='ocrx_word' id='word_1_604' title='bbox 3617 3736 3737 3777; x_wconf 70' lang='lat' dir='ltr'><strong>non</strong></span> <span class='ocrx_word' id='word_1_605' title='bbox 3785 3722 3835 3776; x_wconf 90' lang='lat' dir='ltr'><strong>in</strong></span> 
     </span>
    </p>
   </div>
   <div class='ocr_carea' id='block_1_83' title="bbox 2231 3803 3834 3881">
    <p class='ocr_par' dir='ltr' id='par_1_83' title="bbox 2231 3803 3834 3881">
     <span class='ocr_line' id='line_1_83' title="bbox 2231 3803 3834 3881; baseline 0.006 -21"><span class='ocrx_word' id='word_1_606' title='bbox 2231 3803 2573 3873; x_wconf 88' lang='lat' dir='ltr'><strong>Creatorem,</strong></span> <span class='ocrx_word' id='word_1_607' title='bbox 2617 3806 2714 3862; x_wconf 89' lang='lat' dir='ltr'><strong>sed</strong></span> <span class='ocrx_word' id='word_1_608' title='bbox 2764 3807 2817 3862; x_wconf 90' lang='lat' dir='ltr'><strong>in</strong></span> <span class='ocrx_word' id='word_1_609' title='bbox 2847 3807 3119 3876; x_wconf 88' lang='lat' dir='ltr'><strong>homines,</strong></span> <span class='ocrx_word' id='word_1_610' title='bbox 3163 3810 3258 3881; x_wconf 79' lang='lat' dir='ltr'><strong>qui</strong></span> <span class='ocrx_word' id='word_1_611' title='bbox 3299 3826 3364 3868; x_wconf 86' lang='lat' dir='ltr'><strong>ex</strong></span> <span class='ocrx_word' id='word_1_612' title='bbox 3392 3813 3660 3868; x_wconf 81' lang='lat' dir='ltr'><strong>sevitiati</strong></span> <span class='ocrx_word' id='word_1_613' title='bbox 3689 3825 3834 3879; x_wconf 82' lang='lat' dir='ltr'><strong>sunt,</strong></span> 
     </span>
    </p>
   </div>
   <div class='ocr_carea' id='block_1_84' title="bbox 2216 3897 3832 3972">
    <p class='ocr_par' dir='ltr' id='par_1_84' title="bbox 2216 3897 3832 3972">
     <span class='ocr_line' id='line_1_84' title="bbox 2216 3897 3832 3972; baseline 0.005 -21"><span class='ocrx_word' id='word_1_614' title='bbox 2216 3903 2294 3952; x_wconf 80' lang='lat' dir='ltr'><strong>ut</strong></span> <span class='ocrx_word' id='word_1_615' title='bbox 2325 3897 2517 3967; x_wconf 82' lang='lat' dir='ltr'><strong>.pravis</strong></span> <span class='ocrx_word' id='word_1_616' title='bbox 2553 3897 2790 3956; x_wconf 87' lang='lat' dir='ltr'><strong>motibus</strong></span> <span class='ocrx_word' id='word_1_617' title='bbox 2813 3899 3068 3958; x_wconf 84' lang='lat' dir='ltr'><strong>resistere</strong></span> <span class='ocrx_word' id='word_1_618' title='bbox 3097 3909 3390 3972; x_wconf 83' lang='lat' dir='ltr'><strong>nequeant.</strong></span> <span class='ocrx_word' id='word_1_619' title='bbox 3421 3901 3678 3960; x_wconf 72' lang='lat' dir='ltr'><strong>Carnutis</strong></span> <span class='ocrx_word' id='word_1_620' title='bbox 3702 3924 3832 3961; x_wconf 63' lang='lat' dir='ltr'><strong>sua.</strong></span> 
     </span>
    </p>
   </div>
   <div class='ocr_carea' id='block_1_85' title="bbox 2232 3988 3831 4067">
    <p class='ocr_par' dir='ltr' id='par_1_85' title="bbox 2232 3988 3831 4067">
     <span class='ocr_line' id='line_1_85' title="bbox 2232 3988 3831 4067; baseline 0.006 -23"><span class='ocrx_word' id='word_1_621' title='bbox 2232 3988 2351 4046; x_wconf 81' lang='lat' dir='ltr'><strong>Non</strong></span> <span class='ocrx_word' id='word_1_622' title='bbox 2383 3991 2695 4050; x_wconf 88' lang='lat' dir='ltr'><strong>indecenter</strong></span> <span class='ocrx_word' id='word_1_623' title='bbox 2716 3992 2825 4048; x_wconf 87' lang='lat' dir='ltr'><strong>hoc</strong></span> <span class='ocrx_word' id='word_1_624' title='bbox 2851 3993 3017 4050; x_wconf 88' lang='lat' dir='ltr'><strong>etiam</strong></span> <span class='ocrx_word' id='word_1_625' title='bbox 3046 3993 3113 4050; x_wconf 89' lang='lat' dir='ltr'><strong>de</strong></span> <span class='ocrx_word' id='word_1_626' title='bbox 3127 3994 3315 4066; x_wconf 78' lang='lat' dir='ltr'><strong>seipse</strong></span> <span class='ocrx_word' id='word_1_627' title='bbox 3341 3995 3472 4060; x_wconf 79' lang='lat' dir='ltr'><strong>dicit</strong></span> <span class='ocrx_word' id='word_1_628' title='bbox 3503 3995 3831 4067; x_wconf 78' lang='lat' dir='ltr'><strong>Apostolus.</strong></span> 
     </span>
    </p>
   </div>
   <div class='ocr_carea' id='block_1_86' title="bbox 2233 4084 3837 4160">
    <p class='ocr_par' dir='ltr' id='par_1_86' title="bbox 2233 4084 3837 4160">
     <span class='ocr_line' id='line_1_86' title="bbox 2233 4084 3837 4160; baseline 0.006 -21"><span class='ocrx_word' id='word_1_629' title='bbox 2233 4084 2531 4140; x_wconf 88' lang='lat' dir='ltr'><strong>secundum</strong></span> <span class='ocrx_word' id='word_1_630' title='bbox 2565 4099 2787 4140; x_wconf 88' lang='lat' dir='ltr'><strong>carnem</strong></span> <span class='ocrx_word' id='word_1_631' title='bbox 2819 4086 3056 4156; x_wconf 90' lang='lat' dir='ltr'><strong>quandiu</strong></span> <span class='ocrx_word' id='word_1_632' title='bbox 3089 4087 3177 4142; x_wconf 89' lang='lat' dir='ltr'><strong>hic</strong></span> <span class='ocrx_word' id='word_1_633' title='bbox 3201 4088 3354 4153; x_wconf 85' lang='lat' dir='ltr'><strong>vivit,</strong></span> <span class='ocrx_word' id='word_1_634' title='bbox 3395 4100 3624 4160; x_wconf 81' lang='lat' dir='ltr'><strong>propter</strong></span> <span class='ocrx_word' id='word_1_635' title='bbox 3654 4094 3837 4148; x_wconf 79' lang='lat' dir='ltr'><strong>carnis</strong></span> 
     </span>
    </p>
   </div>
   <div class='ocr_carea' id='block_1_87' title="bbox 2234 4176 3834 4238">
    <p class='ocr_par' dir='ltr' id='par_1_87' title="bbox 2234 4176 3834 4238">
     <span class='ocr_line' id='line_1_87' title="bbox 2234 4176 3834 4238; baseline 0.004 -6"><span class='ocrx_word' id='word_1_636' title='bbox 2234 4187 2434 4232; x_wconf 90' lang='lat' dir='ltr'><strong>motus.</strong></span> <span class='ocrx_word' id='word_1_637' title='bbox 2465 4176 2533 4231; x_wconf 92' lang='lat' dir='ltr'><strong>Et</strong></span> <span class='ocrx_word' id='word_1_638' title='bbox 2560 4177 2663 4233; x_wconf 90' lang='lat' dir='ltr'><strong>hoc</strong></span> <span class='ocrx_word' id='word_1_639' title='bbox 2681 4176 2821 4232; x_wconf 88' lang='lat' dir='ltr'><strong>bene</strong></span> <span class='ocrx_word' id='word_1_640' title='bbox 2844 4178 2976 4234; x_wconf 92' lang='lat' dir='ltr'><strong>dicit</strong></span> <span class='ocrx_word' id='word_1_641' title='bbox 3003 4179 3180 4236; x_wconf 91' lang='lat' dir='ltr'><strong>omnis</strong></span> <span class='ocrx_word' id='word_1_642' title='bbox 3207 4188 3448 4236; x_wconf 83' lang='lat' dir='ltr'><strong>sanctus.</strong></span> <span class='ocrx_word' id='word_1_643' title='bbox 3487 4180 3834 4238; x_wconf 74' lang='lat' dir='ltr'><strong>Venundutu</strong></span> 
     </span>
    </p>
   </div>
   <div class='ocr_carea' id='block_1_88' title="bbox 2231 4271 3836 4351">
    <p class='ocr_par' dir='ltr' id='par_1_88' title="bbox 2231 4271 3836 4351">
     <span class='ocr_line' id='line_1_88' title="bbox 2231 4271 3836 4351; baseline 0.006 -25"><span class='ocrx_word' id='word_1_644' title='bbox 2231 4271 2328 4326; x_wconf 83' lang='lat' dir='ltr'><strong>sub</strong></span> <span class='ocrx_word' id='word_1_645' title='bbox 2351 4279 2583 4339; x_wconf 85' lang='lat' dir='ltr'><strong>peccato.</strong></span> <span class='ocrx_word' id='word_1_646' title='bbox 2618 4271 2686 4326; x_wconf 89' lang='lat' dir='ltr'><strong>Et</strong></span> <span class='ocrx_word' id='word_1_647' title='bbox 2706 4272 2809 4328; x_wconf 91' lang='lat' dir='ltr'><strong>hoc</strong></span> <span class='ocrx_word' id='word_1_648' title='bbox 2847 4288 2914 4327; x_wconf 85' lang='lat' dir='ltr'><strong>ex</strong></span> <span class='ocrx_word' id='word_1_649' title='bbox 2937 4273 3090 4344; x_wconf 88' lang='lat' dir='ltr'><strong>culpa</strong></span> <span class='ocrx_word' id='word_1_650' title='bbox 3119 4275 3280 4345; x_wconf 86' lang='lat' dir='ltr'><strong>primi</strong></span> <span class='ocrx_word' id='word_1_651' title='bbox 3315 4276 3578 4343; x_wconf 86' lang='lat' dir='ltr'><strong>hominis,</strong></span> <span class='ocrx_word' id='word_1_652' title='bbox 3617 4282 3718 4349; x_wconf 89' lang='lat' dir='ltr'><strong>qui</strong></span> <span class='ocrx_word' id='word_1_653' title='bbox 3745 4296 3836 4351; x_wconf 82' lang='lat' dir='ltr'><strong>pm</strong></span> 
     </span>
    </p>
   </div>
   <div class='ocr_carea' id='block_1_89' title="bbox 2233 4366 3830 4450">
    <p class='ocr_par' dir='ltr' id='par_1_89' title="bbox 2233 4366 3830 4450">
     <span class='ocr_line' id='line_1_89' title="bbox 2233 4366 3830 4450; baseline 0.004 -27"><span class='ocrx_word' id='word_1_654' title='bbox 2233 4366 2595 4424; x_wconf 87' lang='lat' dir='ltr'><strong>delectatione</strong></span> <span class='ocrx_word' id='word_1_655' title='bbox 2632 4367 2738 4424; x_wconf 89' lang='lat' dir='ltr'><strong>cibi</strong></span> <span class='ocrx_word' id='word_1_656' title='bbox 2771 4368 2948 4435; x_wconf 83' lang='lat' dir='ltr'><strong>vetiti,</strong></span> <span class='ocrx_word' id='word_1_657' title='bbox 2992 4385 3051 4426; x_wconf 89' lang='lat' dir='ltr'><strong>se</strong></span> <span class='ocrx_word' id='word_1_658' title='bbox 3085 4378 3140 4427; x_wconf 90' lang='lat' dir='ltr'><strong>et</strong></span> <span class='ocrx_word' id='word_1_659' title='bbox 3177 4386 3365 4431; x_wconf 84' lang='lat' dir='ltr'><strong>omnes</strong></span> <span class='ocrx_word' id='word_1_660' title='bbox 3378 4372 3531 4450; x_wconf 70' lang='lat' dir='ltr'><strong>,alios</strong></span> <span class='ocrx_word' id='word_1_661' title='bbox 3565 4377 3830 4431; x_wconf 82' lang='lat' dir='ltr'><strong>vendidit.</strong></span> 
     </span>
    </p>
   </div>
   <div class='ocr_carea' id='block_1_90' title="bbox 2233 4456 3836 4535">
    <p class='ocr_par' dir='ltr' id='par_1_90' title="bbox 2233 4456 3836 4535">
     <span class='ocr_line' id='line_1_90' title="bbox 2233 4456 3836 4535; baseline 0.006 -22"><span class='ocrx_word' id='word_1_662' title='bbox 2233 4456 2372 4526; x_wconf 83' lang='lat' dir='ltr'><strong>Vel,</strong></span> <span class='ocrx_word' id='word_1_663' title='bbox 2422 4459 2532 4516; x_wconf 80' lang='lat' dir='ltr'><strong>sub</strong></span> <span class='ocrx_word' id='word_1_664' title='bbox 2572 4468 2798 4529; x_wconf 89' lang='lat' dir='ltr'><strong>peccato</strong></span> <span class='ocrx_word' id='word_1_665' title='bbox 2827 4500 2842 4526; x_wconf 93' lang='lat'><strong>,</strong></span> <span class='ocrx_word' id='word_1_666' title='bbox 2905 4459 2957 4517; x_wconf 93' lang='lat' dir='ltr'><strong>id</strong></span> <span class='ocrx_word' id='word_1_667' title='bbox 3005 4473 3088 4518; x_wconf 89' lang='lat' dir='ltr'><strong>est</strong></span> <span class='ocrx_word' id='word_1_668' title='bbox 3133 4465 3274 4520; x_wconf 86' lang='lat' dir='ltr'><strong>servi</strong></span> <span class='ocrx_word' id='word_1_669' title='bbox 3305 4465 3511 4535; x_wconf 84' lang='lat' dir='ltr'><strong>peccati</strong></span> <span class='ocrx_word' id='word_1_670' title='bbox 3558 4467 3695 4523; x_wconf 89' lang='lat' dir='ltr'><strong>sint.</strong></span> <span class='ocrx_word' id='word_1_671' title='bbox 3744 4467 3836 4522; x_wconf 65' lang='lat' dir='ltr'><strong>Vel</strong></span> 
     </span>
    </p>
   </div>
   <div class='ocr_carea' id='block_1_91' title="bbox 2235 4552 3832 4636">
    <p class='ocr_par' dir='ltr' id='par_1_91' title="bbox 2235 4552 3832 4636">
     <span class='ocr_line' id='line_1_91' title="bbox 2235 4552 3832 4636; baseline 0.008 -31"><span class='ocrx_word' id='word_1_672' title='bbox 2235 4552 2610 4624; x_wconf 82' lang='lat' dir='ltr'><strong>unusquisque</strong></span> <span class='ocrx_word' id='word_1_673' title='bbox 2657 4553 2902 4610; x_wconf 86' lang='lat' dir='ltr'><strong>vendidit</strong></span> <span class='ocrx_word' id='word_1_674' title='bbox 2927 4570 2991 4612; x_wconf 84' lang='lat' dir='ltr'><strong>se</strong></span> <span class='ocrx_word' id='word_1_675' title='bbox 3031 4559 3424 4616; x_wconf 83' lang='lat' dir='ltr'><strong>consuetudine</strong></span> <span class='ocrx_word' id='word_1_676' title='bbox 3455 4562 3699 4636; x_wconf 66' lang='lat' dir='ltr'><strong>prqpria:</strong></span> <span class='ocrx_word' id='word_1_677' title='bbox 3741 4578 3832 4617; x_wconf 80' lang='lat' dir='ltr'><strong>vo-</strong></span> 
     </span>
    </p>
   </div>
   <div class='ocr_carea' id='block_1_92' title="bbox 517 4617 2479 4702">
    <p class='ocr_par' dir='ltr' id='par_1_92' title="bbox 517 4617 2479 4702">
     <span class='ocr_line' id='line_1_92' title="bbox 517 4617 2479 4702; baseline 0.007 -18"><span class='ocrx_word' id='word_1_678' title='bbox 517 4629 694 4702; x_wconf 87' lang='lat' dir='ltr'><strong>jorem</strong></span> <span class='ocrx_word' id='word_1_679' title='bbox 731 4637 1055 4701; x_wconf 88' lang='lat' dir='ltr'><strong>potestatem</strong></span> <span class='ocrx_word' id='word_1_680' title='bbox 1093 4631 1353 4700; x_wconf 87' lang='lat' dir='ltr'><strong>peccandi</strong></span> <span class='ocrx_word' id='word_1_681' title='bbox 1399 4632 1620 4688; x_wconf 88' lang='lat' dir='ltr'><strong>habere.</strong></span> <span class='ocrx_word' id='word_1_682' title='bbox 1663 4633 1766 4690; x_wconf 89' lang='lat' dir='ltr'><strong>Sed</strong></span> <span class='ocrx_word' id='word_1_683' title='bbox 1804 4655 1922 4692; x_wconf 88' lang='lat' dir='ltr'><strong>cum</strong></span> <span class='ocrx_word' id='word_1_684' title='bbox 1952 4617 2209 4694; x_wconf 24' lang='lat' dir='ltr'><strong>venis-1D</strong></span> <span class='ocrx_word' id='word_1_685' title='bbox 2233 4617 2479 4698; x_wconf 72' lang='lat' dir='ltr'><strong>luntatis.</strong></span> 
     </span>
    </p>
   </div>
   <div class='ocr_carea' id='block_1_93' title="bbox 524 4721 2132 4800">
    <p class='ocr_par' dir='ltr' id='par_1_93' title="bbox 524 4721 2132 4800">
     <span class='ocr_line' id='line_1_93' title="bbox 524 4721 2132 4800; baseline 0.007 -23"><span class='ocrx_word' id='word_1_686' title='bbox 524 4731 623 4790; x_wconf 78' lang='lat' dir='ltr'><strong>set,</strong></span> <span class='ocrx_word' id='word_1_687' title='bbox 653 4731 759 4778; x_wconf 88' lang='lat' dir='ltr'><strong>etc.</strong></span> <span class='ocrx_word' id='word_1_688' title='bbox 805 4721 906 4778; x_wconf 87' lang='lat' dir='ltr'><strong>Hic</strong></span> <span class='ocrx_word' id='word_1_689' title='bbox 946 4723 1218 4778; x_wconf 90' lang='lat' dir='ltr'><strong>secundus</strong></span> <span class='ocrx_word' id='word_1_690' title='bbox 1251 4731 1407 4779; x_wconf 90' lang='lat' dir='ltr'><strong>actus</strong></span> <span class='ocrx_word' id='word_1_691' title='bbox 1439 4725 1538 4781; x_wconf 91' lang='lat' dir='ltr'><strong>sub</strong></span> <span class='ocrx_word' id='word_1_692' title='bbox 1575 4726 1714 4800; x_wconf 88' lang='lat' dir='ltr'><strong>lege.</strong></span> <span class='ocrx_word' id='word_1_693' title='bbox 1755 4729 1814 4785; x_wconf 85' lang='lat' dir='ltr'><strong>Id</strong></span> <span class='ocrx_word' id='word_1_694' title='bbox 1856 4738 1939 4788; x_wconf 89' lang='lat' dir='ltr'><strong>est</strong></span> <span class='ocrx_word' id='word_1_695' title='bbox 1980 4751 1991 4786; x_wconf 89' lang='lat'>:</span> <span class='ocrx_word' id='word_1_696' title='bbox 2023 4732 2132 4789; x_wconf 86' lang='lat' dir='ltr'><strong>&#39;Hic</strong></span> 
     </span>
    </p>
   </div>
   <div class='ocr_carea' id='block_1_94' title="bbox 523 4813 2128 4897">
    <p class='ocr_par' dir='ltr' id='par_1_94' title="bbox 523 4813 2128 4897">
     <span class='ocr_line' id='line_1_94' title="bbox 523 4813 2128 4897; baseline 0.009 -27"><span class='ocrx_word' id='word_1_697' title='bbox 523 4813 766 4885; x_wconf 86' lang='lat' dir='ltr'><strong>loquitur</strong></span> <span class='ocrx_word' id='word_1_698' title='bbox 794 4815 1085 4887; x_wconf 83' lang='lat' dir='ltr'><strong>Apostolus</strong></span> <span class='ocrx_word' id='word_1_699' title='bbox 1113 4814 1168 4868; x_wconf 92' lang='lat' dir='ltr'><strong>in</strong></span> <span class='ocrx_word' id='word_1_700' title='bbox 1198 4822 1346 4870; x_wconf 89' lang='lat' dir='ltr'><strong>statu</strong></span> <span class='ocrx_word' id='word_1_701' title='bbox 1379 4817 1616 4876; x_wconf 89' lang='lat' dir='ltr'><strong>hominis</strong></span> <span class='ocrx_word' id='word_1_702' title='bbox 1648 4822 1811 4893; x_wconf 86' lang='lat' dir='ltr'><strong>positi</strong></span> <span class='ocrx_word' id='word_1_703' title='bbox 1850 4823 1952 4879; x_wconf 89' lang='lat' dir='ltr'><strong>sub</strong></span> <span class='ocrx_word' id='word_1_704' title='bbox 1989 4824 2128 4897; x_wconf 88' lang='lat' dir='ltr'><strong>lege.</strong></span> 
     </span>
    </p>
   </div>
   <div class='ocr_carea' id='block_1_95' title="bbox 523 4905 2128 4981">
    <p class='ocr_par' dir='ltr' id='par_1_95' title="bbox 523 4905 2128 4981">
     <span class='ocr_line' id='line_1_95' title="bbox 523 4905 2128 4981; baseline 0.005 -19"><span class='ocrx_word' id='word_1_705' title='bbox 523 4906 748 4962; x_wconf 79' lang='lat' dir='ltr'><strong>Revixit.</strong></span> <span class='ocrx_word' id='word_1_706' title='bbox 798 4905 975 4976; x_wconf 73' lang='lat' dir='ltr'><strong>C(Bpil</strong></span> <span class='ocrx_word' id='word_1_707' title='bbox 1025 4919 1288 4976; x_wconf 87' lang='lat' dir='ltr'><strong>apparere</strong></span> <span class='ocrx_word' id='word_1_708' title='bbox 1337 4918 1393 4964; x_wconf 90' lang='lat' dir='ltr'><strong>et</strong></span> <span class='ocrx_word' id='word_1_709' title='bbox 1441 4911 1723 4970; x_wconf 90' lang='lat' dir='ltr'><strong>rebellare.</strong></span> <span class='ocrx_word' id='word_1_710' title='bbox 1767 4912 1987 4981; x_wconf 76' lang='lat' dir='ltr'><strong>Revixit,</strong></span> <span class='ocrx_word' id='word_1_711' title='bbox 2030 4915 2128 4970; x_wconf 66' lang='lat' dir='ltr'><strong>ait.</strong></span> 
     </span>
    </p>
   </div>
   <div class='ocr_carea' id='block_1_96' title="bbox 527 4997 2133 5080">
    <p class='ocr_par' dir='ltr' id='par_1_96' title="bbox 527 4997 2133 5080">
     <span class='ocr_line' id='line_1_96' title="bbox 527 4997 2133 5080; baseline 0.005 -24"><span class='ocrx_word' id='word_1_712' title='bbox 527 5016 636 5056; x_wconf 89' lang='lat' dir='ltr'><strong>non</strong></span> <span class='ocrx_word' id='word_1_713' title='bbox 659 5000 813 5054; x_wconf 82' lang='lat' dir='ltr'><strong>vixit.</strong></span> <span class='ocrx_word' id='word_1_714' title='bbox 849 4997 1071 5054; x_wconf 86' lang='lat' dir='ltr'><strong>Vixerat</strong></span> <span class='ocrx_word' id='word_1_715' title='bbox 1093 4999 1238 5056; x_wconf 90' lang='lat' dir='ltr'><strong>enim</strong></span> <span class='ocrx_word' id='word_1_716' title='bbox 1263 4999 1556 5073; x_wconf 87' lang='lat' dir='ltr'><strong>aliquando</strong></span> <span class='ocrx_word' id='word_1_717' title='bbox 1583 5006 1636 5060; x_wconf 90' lang='lat' dir='ltr'><strong>in</strong></span> <span class='ocrx_word' id='word_1_718' title='bbox 1661 5007 1933 5076; x_wconf 89' lang='lat' dir='ltr'><strong>paradiso,</strong></span> <span class='ocrx_word' id='word_1_719' title='bbox 1957 5024 2133 5080; x_wconf 89' lang='lat' dir='ltr'><strong>quan-</strong></span> 
     </span>
    </p>
   </div>
   <div class='ocr_carea' id='block_1_97' title="bbox 530 5092 2130 5167">
    <p class='ocr_par' dir='ltr' id='par_1_97' title="bbox 530 5092 2130 5167">
     <span class='ocr_line' id='line_1_97' title="bbox 530 5092 2130 5167; baseline 0.006 -19"><span class='ocrx_word' id='word_1_720' title='bbox 530 5093 597 5148; x_wconf 90' lang='lat' dir='ltr'><strong>do</strong></span> <span class='ocrx_word' id='word_1_721' title='bbox 629 5099 817 5147; x_wconf 90' lang='lat' dir='ltr'><strong>contra</strong></span> <span class='ocrx_word' id='word_1_722' title='bbox 853 5102 1184 5162; x_wconf 55' lang='lat' dir='ltr'><strong>praeceptum</strong></span> <span class='ocrx_word' id='word_1_723' title='bbox 1211 5092 1396 5150; x_wconf 88' lang='lat' dir='ltr'><strong>datum</strong></span> <span class='ocrx_word' id='word_1_724' title='bbox 1428 5097 1561 5151; x_wconf 86' lang='lat' dir='ltr'><strong>satis</strong></span> <span class='ocrx_word' id='word_1_725' title='bbox 1596 5100 1891 5167; x_wconf 85' lang='lat' dir='ltr'><strong>apparebat</strong></span> <span class='ocrx_word' id='word_1_726' title='bbox 1927 5101 2130 5158; x_wconf 91' lang='lat' dir='ltr'><strong>admis-</strong></span> 
     </span>
    </p>
   </div>
   <div class='ocr_carea' id='block_1_98' title="bbox 529 5181 2130 5256">
    <p class='ocr_par' dir='ltr' id='par_1_98' title="bbox 529 5181 2130 5256">
     <span class='ocr_line' id='line_1_98' title="bbox 529 5181 2130 5256; baseline 0.007 -19"><span class='ocrx_word' id='word_1_727' title='bbox 529 5199 668 5238; x_wconf 91' lang='lat' dir='ltr'><strong>sum.</strong></span> <span class='ocrx_word' id='word_1_728' title='bbox 691 5181 799 5237; x_wconf 85' lang='lat' dir='ltr'><strong>Sed</strong></span> <span class='ocrx_word' id='word_1_729' title='bbox 824 5191 946 5238; x_wconf 87' lang='lat' dir='ltr'><strong>cum</strong></span> <span class='ocrx_word' id='word_1_730' title='bbox 969 5181 1224 5241; x_wconf 85' lang='lat' dir='ltr'><strong>homines</strong></span> <span class='ocrx_word' id='word_1_731' title='bbox 1250 5185 1363 5240; x_wconf 90' lang='lat' dir='ltr'><strong>nati</strong></span> <span class='ocrx_word' id='word_1_732' title='bbox 1388 5195 1704 5256; x_wconf 88' lang='lat' dir='ltr'><strong>peccatores</strong></span> <span class='ocrx_word' id='word_1_733' title='bbox 1732 5185 1848 5244; x_wconf 89' lang='lat' dir='ltr'><strong>sine</strong></span> <span class='ocrx_word' id='word_1_734' title='bbox 1873 5187 2130 5249; x_wconf 87' lang='lat' dir='ltr'><strong>mandato</strong></span> 
     </span>
    </p>
   </div>
   <div class='ocr_carea' id='block_1_99' title="bbox 527 5272 2126 5354">
    <p class='ocr_par' dir='ltr' id='par_1_99' title="bbox 527 5272 2126 5354">
     <span class='ocr_line' id='line_1_99' title="bbox 527 5272 2126 5354; baseline 0.009 -28"><span class='ocrx_word' id='word_1_735' title='bbox 527 5272 796 5342; x_wconf 81' lang='lat' dir='ltr'><strong>viverent,</strong></span> <span class='ocrx_word' id='word_1_736' title='bbox 827 5279 1084 5346; x_wconf 83' lang='lat' dir='ltr'><strong>tanquam</strong></span> <span class='ocrx_word' id='word_1_737' title='bbox 1119 5286 1389 5334; x_wconf 91' lang='lat' dir='ltr'><strong>mortuum</strong></span> <span class='ocrx_word' id='word_1_738' title='bbox 1429 5277 1634 5336; x_wconf 87' lang='lat' dir='ltr'><strong>latebat</strong></span> <span class='ocrx_word' id='word_1_739' title='bbox 1661 5280 1779 5336; x_wconf 84' lang='lat' dir='ltr'><strong>sine</strong></span> <span class='ocrx_word' id='word_1_740' title='bbox 1802 5283 2126 5354; x_wconf 89' lang='lat' dir='ltr'><strong>cognitione,</strong></span> 
     </span>
    </p>
   </div>
   <div class='ocr_carea' id='block_1_100' title="bbox 531 5364 2133 5447">
    <p class='ocr_par' dir='ltr' id='par_1_100' title="bbox 531 5364 2133 5447">
     <span class='ocr_line' id='line_1_100' title="bbox 531 5364 2133 5447; baseline 0.007 -25"><span class='ocrx_word' id='word_1_741' title='bbox 531 5364 658 5436; x_wconf 87' lang='lat' dir='ltr'><strong>quia</strong></span> <span class='ocrx_word' id='word_1_742' title='bbox 690 5366 807 5425; x_wconf 88' lang='lat' dir='ltr'><strong>sine</strong></span> <span class='ocrx_word' id='word_1_743' title='bbox 841 5367 1170 5427; x_wconf 89' lang='lat' dir='ltr'><strong>cohibitione</strong></span> <span class='ocrx_word' id='word_1_744' title='bbox 1198 5386 1213 5426; x_wconf 89' lang='lat'><strong>:</strong></span> <span class='ocrx_word' id='word_1_745' title='bbox 1248 5372 1342 5429; x_wconf 90' lang='lat' dir='ltr'><strong>sed</strong></span> <span class='ocrx_word' id='word_1_746' title='bbox 1386 5373 1511 5428; x_wconf 91' lang='lat' dir='ltr'><strong>data</strong></span> <span class='ocrx_word' id='word_1_747' title='bbox 1546 5373 1686 5447; x_wconf 84' lang='lat' dir='ltr'><strong>lege,</strong></span> <span class='ocrx_word' id='word_1_748' title='bbox 1726 5373 1778 5430; x_wconf 90' lang='lat' dir='ltr'><strong>in</strong></span> <span class='ocrx_word' id='word_1_749' title='bbox 1809 5376 1998 5433; x_wconf 89' lang='lat' dir='ltr'><strong>notitia</strong></span> <span class='ocrx_word' id='word_1_750' title='bbox 2037 5380 2133 5434; x_wconf 85' lang='lat' dir='ltr'><strong>ho-</strong></span> 
     </span>
    </p>
   </div>
   <div class='ocr_carea' id='block_1_101' title="bbox 530 5456 2129 5541">
    <p class='ocr_par' dir='ltr' id='par_1_101' title="bbox 530 5456 2129 5541">
     <span class='ocr_line' id='line_1_101' title="bbox 530 5456 2129 5541; baseline 0.009 -26"><span class='ocrx_word' id='word_1_751' title='bbox 530 5456 693 5515; x_wconf 88' lang='lat' dir='ltr'><strong>minis</strong></span> <span class='ocrx_word' id='word_1_752' title='bbox 714 5460 929 5531; x_wconf 85' lang='lat' dir='ltr'><strong>revixit,</strong></span> <span class='ocrx_word' id='word_1_753' title='bbox 947 5464 1088 5534; x_wconf 89' lang='lat' dir='ltr'><strong>quod</strong></span> <span class='ocrx_word' id='word_1_754' title='bbox 1108 5463 1162 5519; x_wconf 89' lang='lat' dir='ltr'><strong>in</strong></span> <span class='ocrx_word' id='word_1_755' title='bbox 1184 5465 1373 5521; x_wconf 89' lang='lat' dir='ltr'><strong>notitia</strong></span> <span class='ocrx_word' id='word_1_756' title='bbox 1393 5466 1557 5539; x_wconf 88' lang='lat' dir='ltr'><strong>primi</strong></span> <span class='ocrx_word' id='word_1_757' title='bbox 1577 5467 1815 5526; x_wconf 89' lang='lat' dir='ltr'><strong>hominis</strong></span> <span class='ocrx_word' id='word_1_758' title='bbox 1835 5468 2129 5541; x_wconf 89' lang='lat' dir='ltr'><strong>aliquando</strong></span> 
     </span>
    </p>
   </div>
   <div class='ocr_carea' id='block_1_102' title="bbox 458 5549 760 5608">
    <p class='ocr_par' dir='ltr' id='par_1_102' title="bbox 458 5549 760 5608">
     <span class='ocr_line' id='line_1_102' title="bbox 458 5549 760 5608; baseline 0.01 -3"><span class='ocrx_word' id='word_1_759' title='bbox 458 5565 462 5570; x_wconf 60' lang='lat'>‘</span> <span class='ocrx_word' id='word_1_760' title='bbox 528 5549 760 5608; x_wconf 87' lang='lat' dir='ltr'><strong>vixerat.</strong></span> 
     </span>
    </p>
   </div>
   <div class='ocr_carea' id='block_1_103' title="bbox 599 5642 2125 5724">
    <p class='ocr_par' dir='ltr' id='par_1_103' title="bbox 599 5642 2125 5724">
     <span class='ocr_line' id='line_1_103' title="bbox 599 5642 2125 5724; baseline 0.005 -23"><span class='ocrx_word' id='word_1_761' title='bbox 599 5642 766 5701; x_wconf 70' lang='lat' dir='ltr'><strong>Vnus.</strong></span> <span class='ocrx_word' id='word_1_762' title='bbox 813 5644 900 5701; x_wconf 82' lang='lat' dir='ltr'><strong>l0.</strong></span> <span class='ocrx_word' id='word_1_763' title='bbox 941 5677 1015 5688; x_wconf 89' lang='lat'><strong><em>—</em></strong></span> <span class='ocrx_word' id='word_1_764' title='bbox 1055 5643 1354 5706; x_wconf 83' lang='lat' dir='ltr'><strong>Inventum.</strong></span> <span class='ocrx_word' id='word_1_765' title='bbox 1392 5648 1534 5706; x_wconf 86' lang='lat' dir='ltr'><strong>Ante</strong></span> <span class='ocrx_word' id='word_1_766' title='bbox 1562 5657 1682 5707; x_wconf 88' lang='lat' dir='ltr'><strong>erat</strong></span> <span class='ocrx_word' id='word_1_767' title='bbox 1711 5651 1813 5708; x_wconf 88' lang='lat' dir='ltr'><strong>sibi</strong></span> <span class='ocrx_word' id='word_1_768' title='bbox 1844 5651 2125 5724; x_wconf 85' lang='lat' dir='ltr'><strong>ignoratus</strong></span> 
     </span>
    </p>
   </div>
   <div class='ocr_carea' id='block_1_104' title="bbox 527 5737 2125 5816">
    <p class='ocr_par' dir='ltr' id='par_1_104' title="bbox 527 5737 2125 5816">
     <span class='ocr_line' id='line_1_104' title="bbox 527 5737 2125 5816; baseline 0.008 -27"><span class='ocrx_word' id='word_1_769' title='bbox 527 5746 806 5806; x_wconf 87' lang='lat' dir='ltr'><strong>peccator,</strong></span> <span class='ocrx_word' id='word_1_770' title='bbox 844 5737 939 5794; x_wconf 91' lang='lat' dir='ltr'><strong>sed</strong></span> <span class='ocrx_word' id='word_1_771' title='bbox 975 5739 1135 5798; x_wconf 91' lang='lat' dir='ltr'><strong>modo</strong></span> <span class='ocrx_word' id='word_1_772' title='bbox 1162 5737 1341 5798; x_wconf 80' lang='lat' dir='ltr'><strong>factus</strong></span> <span class='ocrx_word' id='word_1_773' title='bbox 1371 5739 1694 5800; x_wconf 78' lang='lat' dir='ltr'><strong>manifestus</strong></span> <span class='ocrx_word' id='word_1_774' title='bbox 1728 5743 1832 5801; x_wconf 89' lang='lat' dir='ltr'><strong>sibi</strong></span> <span class='ocrx_word' id='word_1_775' title='bbox 1863 5744 2125 5816; x_wconf 68' lang='lat' dir='ltr'><strong>praevari-</strong></span> 
     </span>
    </p>
   </div>
   <div class='ocr_carea' id='block_1_105' title="bbox 531 5833 704 5884">
    <p class='ocr_par' dir='ltr' id='par_1_105' title="bbox 531 5833 704 5884">
     <span class='ocr_line' id='line_1_105' title="bbox 531 5833 704 5884; baseline 0.017 -4"><span class='ocrx_word' id='word_1_776' title='bbox 531 5833 704 5884; x_wconf 61' lang='grc' dir='ltr'><strong>(ἓν)ιό</strong></span> 
     </span>
    </p>
   </div>
   <div class='ocr_carea' id='block_1_106' title="bbox 2307 4730 3834 4819">
    <p class='ocr_par' dir='ltr' id='par_1_106' title="bbox 2307 4730 3834 4819">
     <span class='ocr_line' id='line_1_106' title="bbox 2307 4730 3834 4819; baseline 0.011 -33"><span class='ocrx_word' id='word_1_777' title='bbox 2307 4730 2470 4790; x_wconf 74' lang='lat' dir='ltr'><strong>Vsus.</strong></span> <span class='ocrx_word' id='word_1_778' title='bbox 2531 4733 2618 4790; x_wconf 79' lang='grc'><strong>16.</strong></span> <span class='ocrx_word' id='word_1_779' title='bbox 2642 4765 2711 4776; x_wconf 91' lang='grc'><strong><em>-</em></strong></span> <span class='ocrx_word' id='word_1_780' title='bbox 2740 4735 2901 4802; x_wconf 76' lang='lat' dir='ltr'><strong>Quod</strong></span> <span class='ocrx_word' id='word_1_781' title='bbox 2931 4739 3076 4796; x_wconf 69' lang='lat' dir='ltr'><strong>enim</strong></span> <span class='ocrx_word' id='word_1_782' title='bbox 3123 4757 3327 4811; x_wconf 85' lang='lat' dir='ltr'><strong>operor.</strong></span> <span class='ocrx_word' id='word_1_783' title='bbox 3387 4739 3635 4807; x_wconf 79' lang='lat' dir='ltr'><strong>Probat,</strong></span> <span class='ocrx_word' id='word_1_784' title='bbox 3691 4746 3834 4819; x_wconf 67' lang='lat' dir='ltr'><strong>quod</strong></span> 
     </span>
    </p>
   </div>
   <div class='ocr_carea' id='block_1_107' title="bbox 2235 4829 3834 4902">
    <p class='ocr_par' dir='ltr' id='par_1_107' title="bbox 2235 4829 3834 4902">
     <span class='ocr_line' id='line_1_107' title="bbox 2235 4829 3834 4902; baseline 0.008 -25"><span class='ocrx_word' id='word_1_785' title='bbox 2235 4837 2426 4878; x_wconf 89' lang='lat' dir='ltr'><strong>servus</strong></span> <span class='ocrx_word' id='word_1_786' title='bbox 2451 4831 2534 4880; x_wconf 90' lang='lat' dir='ltr'><strong>est</strong></span> <span class='ocrx_word' id='word_1_787' title='bbox 2553 4829 2765 4894; x_wconf 83' lang='lat' dir='ltr'><strong>peccati</strong></span> <span class='ocrx_word' id='word_1_788' title='bbox 2799 4842 2815 4881; x_wconf 91' lang='lat'><strong>:</strong></span> <span class='ocrx_word' id='word_1_789' title='bbox 2847 4829 2973 4899; x_wconf 82' lang='lat' dir='ltr'><strong>quia</strong></span> <span class='ocrx_word' id='word_1_790' title='bbox 3007 4831 3149 4901; x_wconf 85' lang='lat' dir='ltr'><strong>quod</strong></span> <span class='ocrx_word' id='word_1_791' title='bbox 3175 4846 3373 4902; x_wconf 89' lang='lat' dir='ltr'><strong>operor</strong></span> <span class='ocrx_word' id='word_1_792' title='bbox 3403 4834 3714 4890; x_wconf 86' lang='lat' dir='ltr'><strong>secundum</strong></span> <span class='ocrx_word' id='word_1_793' title='bbox 3743 4852 3834 4892; x_wconf 84' lang='lat' dir='ltr'><strong>ex-</strong></span> 
     </span>
    </p>
   </div>
   <div class='ocr_carea' id='block_1_108' title="bbox 2237 4915 3834 4999">
    <p class='ocr_par' dir='ltr' id='par_1_108' title="bbox 2237 4915 3834 4999">
     <span class='ocr_line' id='line_1_108' title="bbox 2237 4915 3834 4999; baseline 0.006 -30"><span class='ocrx_word' id='word_1_794' title='bbox 2237 4915 2490 4972; x_wconf 86' lang='lat' dir='ltr'><strong>teriorem</strong></span> <span class='ocrx_word' id='word_1_795' title='bbox 2515 4917 2839 4976; x_wconf 79' lang='lat' dir='ltr'><strong>dimittenda</strong></span> <span class='ocrx_word' id='word_1_796' title='bbox 2863 4920 3005 4975; x_wconf 85' lang='lat' dir='ltr'><strong>bona</strong></span> <span class='ocrx_word' id='word_1_797' title='bbox 3020 4921 3105 4976; x_wconf 82' lang='lat' dir='ltr'><strong>vel</strong></span> <span class='ocrx_word' id='word_1_798' title='bbox 3128 4920 3376 4980; x_wconf 75' lang='lat' dir='ltr'><strong>faciendo</strong></span> <span class='ocrx_word' id='word_1_799' title='bbox 3396 4923 3566 4988; x_wconf 84' lang='lat' dir='ltr'><strong>mala,</strong></span> <span class='ocrx_word' id='word_1_800' title='bbox 3591 4926 3834 4999; x_wconf 70' lang='lat' dir='ltr'><strong>intelligo</strong></span> 
     </span>
    </p>
   </div>
   <div class='ocr_carea' id='block_1_109' title="bbox 2236 5008 3832 5086">
    <p class='ocr_par' dir='ltr' id='par_1_109' title="bbox 2236 5008 3832 5086">
     <span class='ocr_line' id='line_1_109' title="bbox 2236 5008 3832 5086; baseline 0.004 -21"><span class='ocrx_word' id='word_1_801' title='bbox 2236 5008 2532 5065; x_wconf 89' lang='lat' dir='ltr'><strong>secundum</strong></span> <span class='ocrx_word' id='word_1_802' title='bbox 2580 5010 2895 5066; x_wconf 89' lang='lat' dir='ltr'><strong>interiorem</strong></span> <span class='ocrx_word' id='word_1_803' title='bbox 2947 5027 3055 5068; x_wconf 92' lang='lat' dir='ltr'><strong>non</strong></span> <span class='ocrx_word' id='word_1_804' title='bbox 3104 5028 3224 5070; x_wconf 89' lang='lat' dir='ltr'><strong>esse</strong></span> <span class='ocrx_word' id='word_1_805' title='bbox 3274 5015 3636 5086; x_wconf 77' lang='lat' dir='ltr'><strong>operandam.</strong></span> <span class='ocrx_word' id='word_1_806' title='bbox 3697 5016 3832 5071; x_wconf 74' lang='lat' dir='ltr'><strong>Vere</strong></span> 
     </span>
    </p>
   </div>
   <div class='ocr_carea' id='block_1_110' title="bbox 2235 5102 3831 5178">
    <p class='ocr_par' dir='ltr' id='par_1_110' title="bbox 2235 5102 3831 5178">
     <span class='ocr_line' id='line_1_110' title="bbox 2235 5102 3831 5178; baseline 0.002 -19"><span class='ocrx_word' id='word_1_807' title='bbox 2235 5118 2433 5175; x_wconf 90' lang='lat' dir='ltr'><strong>operor</strong></span> <span class='ocrx_word' id='word_1_808' title='bbox 2477 5102 2621 5174; x_wconf 90' lang='lat' dir='ltr'><strong>quod</strong></span> <span class='ocrx_word' id='word_1_809' title='bbox 2665 5119 2771 5159; x_wconf 92' lang='lat' dir='ltr'><strong>non</strong></span> <span class='ocrx_word' id='word_1_810' title='bbox 2817 5104 3077 5177; x_wconf 88' lang='lat' dir='ltr'><strong>intelligo,</strong></span> <span class='ocrx_word' id='word_1_811' title='bbox 3120 5107 3248 5178; x_wconf 92' lang='lat' dir='ltr'><strong>quia</strong></span> <span class='ocrx_word' id='word_1_812' title='bbox 3285 5115 3339 5161; x_wconf 90' lang='lat' dir='ltr'><strong>et</strong></span> <span class='ocrx_word' id='word_1_813' title='bbox 3369 5104 3588 5163; x_wconf 90' lang='lat' dir='ltr'><strong>dimitto</strong></span> <span class='ocrx_word' id='word_1_814' title='bbox 3627 5109 3831 5164; x_wconf 87' lang='lat' dir='ltr'><strong>bonum</strong></span> 
     </span>
    </p>
   </div>
   <div class='ocr_carea' id='block_1_111' title="bbox 2236 5195 3824 5272">
    <p class='ocr_par' dir='ltr' id='par_1_111' title="bbox 2236 5195 3824 5272">
     <span class='ocr_line' id='line_1_111' title="bbox 2236 5195 3824 5272; baseline 0.003 -22"><span class='ocrx_word' id='word_1_815' title='bbox 2236 5196 2379 5269; x_wconf 90' lang='lat' dir='ltr'><strong>quod</strong></span> <span class='ocrx_word' id='word_1_816' title='bbox 2407 5195 2551 5262; x_wconf 89' lang='lat' dir='ltr'><strong>volo,</strong></span> <span class='ocrx_word' id='word_1_817' title='bbox 2583 5201 2636 5251; x_wconf 85' lang='lat' dir='ltr'><strong>et</strong></span> <span class='ocrx_word' id='word_1_818' title='bbox 2677 5195 2816 5252; x_wconf 81' lang='lat' dir='ltr'><strong>facio</strong></span> <span class='ocrx_word' id='word_1_819' title='bbox 2839 5198 3035 5252; x_wconf 90' lang='lat' dir='ltr'><strong>malum</strong></span> <span class='ocrx_word' id='word_1_820' title='bbox 3062 5199 3205 5269; x_wconf 92' lang='lat' dir='ltr'><strong>quod</strong></span> <span class='ocrx_word' id='word_1_821' title='bbox 3232 5197 3376 5255; x_wconf 90' lang='lat' dir='ltr'><strong>nolo.</strong></span> <span class='ocrx_word' id='word_1_822' title='bbox 3411 5199 3535 5256; x_wconf 72' lang='lat' dir='ltr'><strong>Non</strong></span> <span class='ocrx_word' id='word_1_823' title='bbox 3569 5201 3824 5272; x_wconf 76' lang='lat' dir='ltr'><strong>intelligo.</strong></span> 
     </span>
    </p>
   </div>
   <div class='ocr_carea' id='block_1_112' title="bbox 2239 5287 3825 5364">
    <p class='ocr_par' dir='ltr' id='par_1_112' title="bbox 2239 5287 3825 5364">
     <span class='ocr_line' id='line_1_112' title="bbox 2239 5287 3825 5364; baseline 0.001 -21"><span class='ocrx_word' id='word_1_824' title='bbox 2239 5289 2373 5356; x_wconf 87' lang='lat' dir='ltr'><strong>Quia</strong></span> <span class='ocrx_word' id='word_1_825' title='bbox 2401 5287 2544 5343; x_wconf 89' lang='lat' dir='ltr'><strong>aliud</strong></span> <span class='ocrx_word' id='word_1_826' title='bbox 2565 5287 2727 5346; x_wconf 77' lang='lat' dir='ltr'><strong>video</strong></span> <span class='ocrx_word' id='word_1_827' title='bbox 2758 5304 2843 5344; x_wconf 90' lang='lat' dir='ltr'><strong>me</strong></span> <span class='ocrx_word' id='word_1_828' title='bbox 2870 5304 2966 5359; x_wconf 90' lang='lat' dir='ltr'><strong>per</strong></span> <span class='ocrx_word' id='word_1_829' title='bbox 2993 5289 3165 5362; x_wconf 89' lang='lat' dir='ltr'><strong>legem</strong></span> <span class='ocrx_word' id='word_1_830' title='bbox 3189 5291 3350 5358; x_wconf 89' lang='lat' dir='ltr'><strong>scire,</strong></span> <span class='ocrx_word' id='word_1_831' title='bbox 3379 5299 3434 5347; x_wconf 77' lang='lat' dir='ltr'><strong>&quot;et</strong></span> <span class='ocrx_word' id='word_1_832' title='bbox 3463 5291 3611 5348; x_wconf 84' lang='lat' dir='ltr'><strong>aliud</strong></span> <span class='ocrx_word' id='word_1_833' title='bbox 3638 5308 3825 5364; x_wconf 81' lang='lat' dir='ltr'><strong>agere.</strong></span> 
     </span>
    </p>
   </div>
   <div class='ocr_carea' id='block_1_113' title="bbox 2237 5376 3825 5455">
    <p class='ocr_par' dir='ltr' id='par_1_113' title="bbox 2237 5376 3825 5455">
     <span class='ocr_line' id='line_1_113' title="bbox 2237 5376 3825 5455; baseline 0.003 -23"><span class='ocrx_word' id='word_1_834' title='bbox 2237 5376 2362 5433; x_wconf 87' lang='lat' dir='ltr'><strong>Non</strong></span> <span class='ocrx_word' id='word_1_835' title='bbox 2389 5380 2526 5432; x_wconf 85' lang='lat' dir='ltr'><strong>enim</strong></span> <span class='ocrx_word' id='word_1_836' title='bbox 2547 5380 2688 5450; x_wconf 79' lang='lat' dir='ltr'><strong>quod</strong></span> <span class='ocrx_word' id='word_1_837' title='bbox 2705 5378 2819 5434; x_wconf 76' lang='lat' dir='ltr'><strong>volo</strong></span> <span class='ocrx_word' id='word_1_838' title='bbox 2846 5379 3061 5448; x_wconf 84' lang='lat' dir='ltr'><strong>bonum,</strong></span> <span class='ocrx_word' id='word_1_839' title='bbox 3088 5381 3187 5435; x_wconf 84' lang='lat' dir='ltr'><strong>hoc</strong></span> <span class='ocrx_word' id='word_1_840' title='bbox 3222 5399 3356 5455; x_wconf 83' lang='lat' dir='ltr'><strong>ago;</strong></span> <span class='ocrx_word' id='word_1_841' title='bbox 3377 5383 3471 5438; x_wconf 82' lang='lat' dir='ltr'><strong>sed</strong></span> <span class='ocrx_word' id='word_1_842' title='bbox 3494 5386 3656 5455; x_wconf 84' lang='lat' dir='ltr'><strong>quod.</strong></span> <span class='ocrx_word' id='word_1_843' title='bbox 3687 5383 3825 5438; x_wconf 77' lang='lat' dir='ltr'><strong>Sub-</strong></span> 
     </span>
    </p>
   </div>
   <div class='ocr_carea' id='block_1_114' title="bbox 2228 5470 3824 5542">
    <p class='ocr_par' dir='ltr' id='par_1_114' title="bbox 2228 5470 3824 5542">
     <span class='ocr_line' id='line_1_114' title="bbox 2228 5470 3824 5542; baseline 0.003 -17"><span class='ocrx_word' id='word_1_844' title='bbox 2228 5470 2406 5542; x_wconf 87' lang='lat' dir='ltr'><strong>jectus</strong></span> <span class='ocrx_word' id='word_1_845' title='bbox 2445 5481 2693 5541; x_wconf 87' lang='lat' dir='ltr'><strong>peccato,</strong></span> <span class='ocrx_word' id='word_1_846' title='bbox 2724 5471 2856 5528; x_wconf 86' lang='lat' dir='ltr'><strong>facit</strong></span> <span class='ocrx_word' id='word_1_847' title='bbox 2899 5472 3042 5542; x_wconf 86' lang='lat' dir='ltr'><strong>quod</strong></span> <span class='ocrx_word' id='word_1_848' title='bbox 3067 5490 3178 5531; x_wconf 89' lang='lat' dir='ltr'><strong>non</strong></span> <span class='ocrx_word' id='word_1_849' title='bbox 3211 5473 3342 5530; x_wconf 85' lang='lat' dir='ltr'><strong>vult.</strong></span> <span class='ocrx_word' id='word_1_850' title='bbox 3381 5471 3577 5530; x_wconf 85' lang='lat' dir='ltr'><strong>Facio.</strong></span> <span class='ocrx_word' id='word_1_851' title='bbox 3612 5475 3824 5531; x_wconf 80' lang='lat' dir='ltr'><strong>Conca-</strong></span> 
     </span>
    </p>
   </div>
   <div class='ocr_carea' id='block_1_115' title="bbox 2229 5561 3826 5638">
    <p class='ocr_par' dir='ltr' id='par_1_115' title="bbox 2229 5561 3826 5638">
     <span class='ocr_line' id='line_1_115' title="bbox 2229 5561 3826 5638; baseline 0.003 -22"><span class='ocrx_word' id='word_1_852' title='bbox 2229 5561 2402 5634; x_wconf 88' lang='lat' dir='ltr'><strong>pisco,</strong></span> <span class='ocrx_word' id='word_1_853' title='bbox 2452 5576 2561 5617; x_wconf 90' lang='lat' dir='ltr'><strong>non</strong></span> <span class='ocrx_word' id='word_1_854' title='bbox 2605 5561 2747 5632; x_wconf 89' lang='lat' dir='ltr'><strong>quod</strong></span> <span class='ocrx_word' id='word_1_855' title='bbox 2798 5571 2922 5633; x_wconf 88' lang='lat' dir='ltr'><strong>post</strong></span> <span class='ocrx_word' id='word_1_856' title='bbox 2980 5565 3479 5636; x_wconf 85' lang='lat' dir='ltr'><strong>concupiscentiam</strong></span> <span class='ocrx_word' id='word_1_857' title='bbox 3529 5567 3826 5638; x_wconf 84' lang='lat' dir='ltr'><strong>Apostolus</strong></span> 
     </span>
    </p>
   </div>
   <div class='ocr_carea' id='block_1_116' title="bbox 2231 5653 3828 5726">
    <p class='ocr_par' dir='ltr' id='par_1_116' title="bbox 2231 5653 3828 5726">
     <span class='ocr_line' id='line_1_116' title="bbox 2231 5653 3828 5726; baseline 0.004 -20"><span class='ocrx_word' id='word_1_858' title='bbox 2231 5661 2358 5717; x_wconf 91' lang='lat' dir='ltr'><strong>eat,</strong></span> <span class='ocrx_word' id='word_1_859' title='bbox 2411 5659 2467 5707; x_wconf 89' lang='lat' dir='ltr'><strong>et</strong></span> <span class='ocrx_word' id='word_1_860' title='bbox 2519 5665 2645 5708; x_wconf 91' lang='lat' dir='ltr'><strong>eum</strong></span> <span class='ocrx_word' id='word_1_861' title='bbox 2694 5653 2761 5708; x_wconf 91' lang='lat' dir='ltr'><strong>ad</strong></span> <span class='ocrx_word' id='word_1_862' title='bbox 2808 5655 2949 5710; x_wconf 83' lang='lat' dir='ltr'><strong>mala</strong></span> <span class='ocrx_word' id='word_1_863' title='bbox 3006 5657 3186 5712; x_wconf 86' lang='lat' dir='ltr'><strong>trahat</strong></span> <span class='ocrx_word' id='word_1_864' title='bbox 3229 5674 3242 5712; x_wconf 89' lang='lat'><strong>:</strong></span> <span class='ocrx_word' id='word_1_865' title='bbox 3303 5657 3655 5726; x_wconf 88' lang='lat' dir='ltr'><strong>luctabatur,</strong></span> <span class='ocrx_word' id='word_1_866' title='bbox 3715 5674 3828 5712; x_wconf 85' lang='lat' dir='ltr'><strong>non</strong></span> 
     </span>
    </p>
   </div>
   <div class='ocr_carea' id='block_1_117' title="bbox 2232 5733 3825 5822">
    <p class='ocr_par' dir='ltr' id='par_1_117' title="bbox 2232 5733 3825 5822">
     <span class='ocr_line' id='line_1_117' title="bbox 2232 5733 3825 5822; baseline 0.004 -24"><span class='ocrx_word' id='word_1_867' title='bbox 2232 5742 2622 5814; x_wconf 86' lang='lat' dir='ltr'><strong>subjugabatur</strong></span> <span class='ocrx_word' id='word_1_868' title='bbox 2656 5761 2669 5797; x_wconf 88' lang='lat'><strong>:</strong></span> <span class='ocrx_word' id='word_1_869' title='bbox 2710 5744 2776 5801; x_wconf 88' lang='lat' dir='ltr'><strong>de</strong></span> <span class='ocrx_word' id='word_1_870' title='bbox 2815 5733 2874 5802; x_wconf 81' lang='lat' dir='ltr'><strong>se</strong></span> <span class='ocrx_word' id='word_1_871' title='bbox 2905 5747 3008 5803; x_wconf 91' lang='lat' dir='ltr'><strong>hoc</strong></span> <span class='ocrx_word' id='word_1_872' title='bbox 3039 5748 3136 5805; x_wconf 88' lang='lat' dir='ltr'><strong>tibi</strong></span> <span class='ocrx_word' id='word_1_873' title='bbox 3187 5751 3465 5822; x_wconf 90' lang='lat' dir='ltr'><strong>proponit,</strong></span> <span class='ocrx_word' id='word_1_874' title='bbox 3504 5763 3577 5807; x_wconf 87' lang='lat' dir='ltr'><strong>ne</strong></span> <span class='ocrx_word' id='word_1_875' title='bbox 3622 5751 3684 5807; x_wconf 84' lang='lat' dir='ltr'><strong>de</strong></span> <span class='ocrx_word' id='word_1_876' title='bbox 3717 5752 3825 5804; x_wconf 82' lang='lat' dir='ltr'><strong>hoc</strong></span> 
     </span>
    </p>
   </div>
   <div class='ocr_carea' id='block_1_118' title="bbox 2233 5835 2665 5904">
    <p class='ocr_par' dir='ltr' id='par_1_118' title="bbox 2233 5835 2665 5904">
     <span class='ocr_line' id='line_1_118' title="bbox 2233 5835 2665 5904; baseline 0.002 -12"><span class='ocrx_word' id='word_1_877' title='bbox 2233 5835 2486 5904; x_wconf 85' lang='lat' dir='ltr'><strong>desperes</strong></span> <span class='ocrx_word' id='word_1_878' title='bbox 2511 5835 2567 5891; x_wconf 92' lang='lat' dir='ltr'><strong>in</strong></span> <span class='ocrx_word' id='word_1_879' title='bbox 2593 5844 2665 5893; x_wconf 90' lang='lat' dir='ltr'><strong>te.</strong></span> 
     </span>
    </p>
   </div>
  </div>
