3958 6314
229 403 340 460 ιθδ

1184 402 1452 462 GLOSSA
1487 379 1885 458 OﬁblNABtA.
1924 377 1999 438 3—-
2034 393 2253 453 EPIST.
2292 396 2387 454 an
2422 387 2592 454 nou.

3377 391 3487 452 ιω

305 507 468 565 Vens.
498 509 586 565 Π.
617 541 688 552 -
721 510 878 566 Nune
903 521 1098 567 autem.
1130 511 1248 568 Jam
1276 514 1586 582 redemptus
1636 524 1652 564 :
1698 510 1811 580 jam
1838 515 1891 576 Α
1915 509 2040 580 quia
2080 509 2262 564 anima
2287 509 2418 565 Adae
2451 509 2731 581 peccavit,
2762 509 2808 565 si
2845 522 2976 565 vero
3001 522 3182 564 anima
3201 514 3486 579 peceatum

226 609 453 670 accepta
510 602 682 672 gratia
737 601 937 657 Christi
985 604 1076 672 qui
1125 603 1226 658 fuit
1269 614 1394 659 ante
1443 604 1543 658 sub
1591 609 1816 672 peccato

226 693 589 748 venundatus.
621 692 744 748 Non
774 711 885 765 ego.
916 693 1108 751 Libera
1124 705 1208 751 est
1231 712 1408 762 mens,
1430 711 1558 752 caro
1577 695 1813 766 captiva.

228 784 480 852 Habitat,
528 787 630 842 etsi
669 803 779 843 non
831 790 1216 844 eonsentiendo
1265 791 1348 854 ei,
1390 790 1523 844 vivit
1576 802 1644 842 ex
1688 787 1814 843 ﬁde.

227 875 374 931 Sunt
413 877 675 932 desideria
703 919 718 944 ,
751 879 846 933 sed
879 879 924 933 si
971 894 1075 934 non
1115 890 1342 949 regnant
1372 880 1487 950 ipse
1515 894 1623 932 non
1665 878 1816 943 facit,

224 966 441 1022 faceret
467 977 648 1022 autem
669 970 713 1023 si
739 970 1093 1024 consentiret.
1119 968 1221 1024 Sed
1246 971 1386 1039 quod
1409 969 1607 1023 habitat
1627 969 1686 1022 in
1711 984 1824 1024 me.»

226 1061 514 1127 Quomodo
541 1059 768 1126 habitat,
782 1073 907 1114 cum
935 1073 1040 1113 non
1065 1060 1140 1114 sit
1151 1061 1452 1114 substantia
1482 1060 1820 1130 sedprivatio

223 1149 404 1204 boni?
428 1149 564 1204 Ecce
593 1149 754 1219 primi
781 1149 1020 1203 hominis
1041 1161 1242 1218 corpus
1275 1159 1592 1218 corruptum
1621 1155 1706 1204 est
1723 1163 1823 1217 per

223 1250 532 1312 peccatum.
550 1240 778 1310 Ipsaque
788 1241 1068 1311 corruptio
1079 1254 1176 1311 per
1191 1240 1555 1295 conditionem
1570 1239 1822 1296 oﬂensio-

223 1334 320 1388 nis
345 1342 526 1388 manet
554 1334 611 1387 in
638 1347 887 1404 corpore,
910 1335 1077 1388 robur
1105 1344 1296 1388 tenens
1321 1333 1516 1388 divina:
1543 1333 1823 1388 sententiae

227 1427 375 1482 datae
422 1427 474 1481 in
519 1427 726 1491 Adam,
775 1425 928 1495 cuius
969 1427 1244 1482 consortio
1293 1426 1472 1481 anima
1517 1426 1825 1480 maculatur

224 1528 476 1590 peccato:

303 1629 470 1683 Vsus.
511 1628 599 1684 18.
646 1659 717 1670 -
765 1627 907 1683 Nam
955 1629 1099 1684 velle.
1144 1629 1292 1686 Velle
1334 1647 1442 1686 non
1474 1648 1487 1685 :
1514 1634 1640 1702 quia
1685 1632 1824 1688 velle

238 1723 447 1777 bonum
492 1721 704 1792 adjacet
758 1722 911 1786 mihi,
965 1723 1088 1792 quia
1128 1723 1282 1794 juxta
1335 1739 1554 1778 carnem
1589 1723 1732 1792 jacet
1771 1731 1825 1780 et

232 1813 495 1882 quiescit,
555 1811 823 1883 impotens
861 1827 1080 1883 surgere
1117 1815 1184 1868 ab
1223 1814 1422 1868 bonum
1467 1814 1818 1883 operandum.

1915 601 1971 658 in
1991 617 2052 657 se
2081 602 2322 668 haberet,
2355 603 2518 657 homo
2543 617 2649 657 non
2678 617 2738 659 se
2760 610 3132 674 cognosceret.

1988 714 2152 770 Vens.
2181 714 2275 769 25.
2303 743 2375 754 -
2395 711 2556 768 Video
2585 724 2781 768 autem.
2811 715 2997 787 (Auc.)
3027 713 3106 769 Ad
3127 728 3322 784 corpus
3342 730 3492 771 mor-

1916 800 1988 861 tis
2012 805 2264 876 pertinet,
2287 811 2347 860 ut
2383 804 2467 859 lex
2491 805 2855 860 membrorum
2879 814 3138 877 repugnet
3164 805 3266 877 legi
3293 807 3492 864 mentis

1917 901 2044 957 dum
2095 915 2224 956 caro
2267 901 2526 956 adversus
2563 900 2812 969 spiritum
2859 899 3210 970 concupiscit.
3255 897 3358 952 Sed
3403 897 3493 953 lex

1918 992 2126 1063 peccati
2179 1007 2285 1046 non
2336 1000 2559 1062 regnat,
2599 1005 2720 1044 cum
2773 1005 2878 1043 non
2911 990 3162 1044 obeditur
3208 987 3494 1043 desideriis

1919 1082 2056 1153 ejus.
2127 1080 2314 1151 Legem
2375 1082 2430 1134 in
2494 1081 2756 1134 membris.
2820 1080 2984 1133 Recte
3052 1077 3225 1134 fomes
3284 1075 3494 1147 peccati

1921 1172 2004 1227 lex
2049 1173 2246 1228 dicitur
2299 1188 2312 1225 :
2354 1171 2480 1241 quia
2544 1171 2781 1241 legitime
2849 1168 3050 1224 factum
3093 1177 3175 1224 est
3211 1209 3228 1234 ,
3295 1176 3353 1222 ut
3403 1166 3497 1236 qui

1920 1279 2028 1319 non
2059 1263 2293 1319 obedivit
2325 1279 2420 1318 suo
2451 1261 2736 1332 superiori,
2772 1263 2822 1316 ei
2851 1276 2959 1316 non
2986 1260 3189 1316 serviat
3225 1273 3383 1314 suum
3411 1259 3494 1312 in-

1921 1352 2118 1418 ferius,
2161 1355 2214 1408 id
2255 1363 2337 1409 est
2370 1370 2515 1408 caro.
2549 1352 2839 1423 Captivum.
2871 1352 2949 1406 Ex
2989 1367 3172 1416 carne,
3201 1365 3265 1405 ex
3293 1358 3447 1420 parte
3481 1367 3495 1401 :

1922 1446 2048 1518 quia
2088 1460 2242 1500 mens
2289 1452 2580 1516 repugnat,
2613 1452 2668 1498 et
2694 1443 3097 1498 condelectatur
3130 1442 3231 1512 legi
3265 1442 3379 1494 Dei.
3407 1439 3499 1494 Sic

1926 1536 1992 1592 de
2031 1537 2145 1608 ipso
2179 1536 2436 1608 Apostolo
2477 1536 2672 1607 legitur
2703 1551 2719 1589 :
2753 1550 2905 1590 mens
2933 1551 3041 1590 non
3067 1535 3336 1590 consentit
3367 1547 3498 1603 pec-

1925 1636 2072 1694 cato,
2095 1642 2244 1682 mors
2267 1627 2564 1692 contendit,
2590 1641 2744 1682 mens
2765 1641 2873 1681 non
2898 1626 3181 1681 consentit.
3215 1625 3311 1678 Est
3331 1624 3384 1678 in
3415 1637 3502 1676 me
3536 1635 3556 1656 κ

1925 1717 2181 1788 quiddam
2237 1726 2533 1782 mortuum,
2599 1717 2850 1786 quiddam
2911 1716 3094 1769 vivum
3134 1732 3146 1768 :
3186 1713 3316 1783 quid
3376 1712 3504 1768 inde

1927 1810 2193 1880 sperandu
2201 1825 2251 1863 m
2270 1809 2294 1864 ξ’

223 1873 391 1957 Juxta
427 1920 438 1956 :
468 1873 594 1972 quia
631 1873 876 1958 naturale
903 1873 986 1958 est
1013 1904 1410 1974 quodammodo
1446 1873 1648 1959 bonum
1682 1905 1820 1960 velle
1850 1873 1898 1934 Β
1956 1873 1972 1880 -
1993 1923 2159 1980 vus.
2189 1924 2279 1979 24.
2306 1954 2380 1966 ___
2407 1923 2625 1994 ιηιιείεκ,
2656 1922 2772 1978 Non
2797 1923 2854 1977 in
2877 1930 3079 1987 meum,
3110 1919 3202 1976 sed
3230 1921 3285 1976 δη
3313 1933 3499 1976 came,
3527 1914 3531 1918 ”

221 2007 330 2064 per
358 1995 645 2061 rationem,
688 1993 782 2049 sed
819 1995 926 2049 tale
963 2005 1046 2049 est
1083 1995 1186 2050 hoc
1222 1995 1396 2062 velle,
1425 1995 1565 2065 quod
1605 2009 1819 2069 semper

222 2085 279 2139 vi
311 2086 490 2140 carnis
533 2094 824 2156 superatur
859 2106 872 2139 :
912 2085 1047 2141 velle
1084 2095 1264 2142 autem
1288 2087 1380 2142 Dei
1408 2101 1628 2142 carnem
1662 2102 1820 2157 supe-

222 2188 332 2235 rat.
375 2179 539 2234 Velle.
569 2179 718 2235 Bona
749 2186 875 2234 sunt
895 2194 1014 2250 quae
1032 2177 1185 2249 jubet
1212 2180 1317 2244 lex,
1351 2178 1482 2235 adeo
1504 2189 1564 2234 ut
1593 2191 1816 2235 natura-

223 2271 356 2328 liter
402 2279 567 2340 amet,
614 2279 668 2328 et
712 2269 892 2326 facere
935 2270 1083 2338 velit,
1134 2270 1229 2326 sed
1272 2272 1421 2326 deest
1452 2271 1624 2325 virtus
1655 2269 1820 2341 perﬁ-

222 2367 430 2423 ciendi.

311 2480 473 2537 Velle.
519 2481 730 2554 (Avo)
778 2479 1006 2551 Semper
1045 2479 1222 2535 bonus
1284 2477 1398 2532 vult
1448 2477 1662 2548 penitus
1712 2492 1819 2532 non

224 2573 635 2642 concupiscere,
664 2572 758 2628 sed
798 2587 1074 2641 nunquam
1104 2571 1207 2626 hoc
1232 2569 1444 2639 perlicit
1470 2568 1662 2623 in-hac
1686 2568 1816 2622 vita.

303 2663 583 2732 Perﬁcere.
621 2662 738 2717 Non
767 2663 841 2717 ait
878 2661 1078 2729 facere,
1116 2662 1210 2718 sed
1232 2661 1513 2731 perﬁcere,
1549 2661 1674 2731 quia
1711 2675 1820 2716 non

225 2756 368 2810 nihil
419 2755 568 2811 facit.
617 2755 745 2826 Agit
781 2757 980 2812 bonum
1017 2774 1028 2810 :
1062 2756 1188 2828 quia
1228 2753 1681 2824 concupiscentia
1709 2767 1818 2808 non

222 2847 540 2914 consentit;
570 2847 663 2904 sed
693 2863 796 2903 non
822 2847 1034 2919 perﬁcit
1066 2858 1122 2904 ut
1165 2848 1385 2903 omnino
1406 2845 1528 2919 {non
1565 2845 1820 2916 concupi-

225 2949 370 3006 scat,
420 2939 498 2994 sic
531 2948 586 2998 et
620 2939 791 2996 hostis
816 2941 926 3010 agit
965 2939 1183 3005 malum,
1214 2941 1341 2995 dum
1384 2947 1565 2994 movet
1604 2937 1817 2993 deside-

226 3033 397 3097 rium,
421 3032 517 3086 sed
545 3046 651 3086 non
673 3031 903 3100 perﬁcit,
939 3032 1064 3102 quia
1089 3047 1193 3086 non
1215 3030 1484 3102 pertrahit
1508 3029 1573 3084 ad
1595 3028 1817 3083 malum.

298 3125 469 3180 Vsus.
496 3125 582 3180 l9.
609 3155 680 3164 —
707 3125 830 3182 Non
849 3127 986 3180 enim
1007 3126 1144 3195 quod
1172 3124 1306 3180 volo.
1330 3123 1539 3180 Bonum
1558 3123 1820 3192 perﬁcere

215 3231 342 3288 non
394 3215 633 3281 invenio,
677 3215 802 3285 quia
849 3230 950 3269 nec
997 3215 1198 3270 bonum
1246 3214 1375 3303 illud
1413 3213 1556 3283 quod
1597 3212 1738 3266 volo.
1776 3211 1898 3294 Au
1999 3246 2164 3303 vus.

217 3315 386 3386 parte
417 3322 446 3359 a
473 3322 579 3376 qua
609 3306 791 3362 minus
820 3306 1092 3360 videretur
1113 3302 1372 3369 ostendit,
1397 3305 1489 3359 sed
1513 3303 1825 3362 econtrario

229 3397 462 3462 malum,
509 3397 634 3466 quia
665 3397 830 3452 etiam
865 3397 994 3452 illud
1037 3397 1180 3466 quod
1221 3395 1363 3460 nolo,
1411 3405 1517 3451 etc.
1550 3395 1666 3460 Vel,
1718 3409 1826 3450 non

231 3486 460 3552 invenio
483 3483 704 3550 bonum,
729 3487 852 3556 quia
871 3501 976 3541 non
1000 3495 1081 3541 est
1111 3486 1204 3542 ibi.
1222 3485 1368 3541 Multi
1382 3486 1527 3541 enim
1555 3485 1702 3540 stulti
1719 3500 1826 3542 non

241 3576 527 3634 inveniunt
551 3576 750 3630 bonum
777 3575 828 3629 in
852 3575 1028 3646 aliqua
1057 3591 1134 3642 re,
1159 3576 1300 3646 quod
1330 3585 1507 3631 tamen
1529 3583 1611 3630 est
1633 3575 1727 3630 ibi.

303 3689 486 3760 (Aue.)
513 3689 675 3748 Aliud
705 3697 788 3746 est
813 3703 923 3748 non
949 3690 1351 3761 concupiscere,
1375 3690 1519 3745 aliud
1545 3699 1667 3761 post
1688 3706 1818 3746 con-

226 3785 601 3855 cupisceutias
624 3798 750 3842 suas
773 3799 884 3840 non
905 3784 1004 3839 ine.
1028 3783 1146 3840 Non
1171 3784 1577 3853 concupiscere,
1601 3784 1824 3842 omnino

225 3876 456 3948 perfecti
493 3883 605 3941 est;
635 3882 758 3946 post
789 3875 1252 3946 concupiscentias
1276 3891 1402 3931 suas
1437 3891 1544 3930 non
1581 3876 1690 3942 ire,
1717 3892 1824 3946 pu-

221 3969 450 4042 gnantis
487 3976 594 4034 est,
645 3967 901 4025 luctantis
924 3977 1028 4025 est.
1069 3967 1170 4025 Ubi
1200 3967 1374 4024 fervet
1407 3983 1609 4041 pugna,
1655 3985 1826 4039 quare

221 4063 554 4131 desperatur
575 4060 802 4116 victoria
815 4061 841 4114 Υ

307 4178 474 4232 Vsus.
503 4177 592 4232 20.
625 4207 697 4218 -—
724 4174 782 4230 Si
810 4184 1006 4240 autem,
1043 4183 1144 4231 etc.
1179 4173 1466 4230 Concludit
1490 4176 1824 4246 superiorem

225 4269 566 4327 sententiam
597 4287 610 4322 :
640 4283 772 4338 ergo
798 4283 898 4337 ego
927 4283 1035 4321 non
1065 4283 1260 4337 operor
1285 4267 1412 4322 illud
1435 4308 1449 4333 ,
1481 4267 1688 4322 scilicet
1710 4283 1826 4322 ma-

219 4362 368 4424 lum,
391 4374 460 4415 ex
481 4375 590 4430 quo
623 4361 772 4430 prior
814 4359 1040 4429 quazstio
1064 4359 1423 4425 concluditur,
1457 4359 1661 4414 scilicet
1681 4359 1826 4430 quod

227 4453 508 4511 consentit
534 4453 636 4523 legi
671 4451 788 4506 Dei.
829 4450 936 4506 Sed
961 4450 1100 4520 quod
1129 4451 1328 4503 habitat
1349 4450 1405 4504 in
1431 4465 1512 4504 me
1532 4460 1820 4519 peccatum.

221 4546 465 4600 Pressus
509 4552 732 4612 peccato
771 4541 889 4610 ejus
927 4541 1260 4596 voluntatem
1299 4540 1429 4594 facit
1465 4542 1608 4610 quod
1643 4551 1822 4597 tamen

217 4645 323 4693 est
361 4636 488 4691 vitio
533 4634 785 4690 hominis.
835 4633 946 4688 Hoc
991 4633 1164 4698 dicit,
1205 4641 1274 4694 ut
1313 4641 1462 4689 notet
1494 4633 1562 4688 de
1603 4617 1850 4703 quantis"

220 4727 384 4784 Deus
402 4726 678 4780 hominem
710 4725 871 4779 eruit.

312 4815 474 4871 Vens.
497 4816 589 4871 21.
611 4845 683 4856 —
703 4813 920 4869 Invenio
937 4815 1121 4885 igitur.
1151 4813 1373 4870 Dixerat
1399 4813 1573 4887 legem
1603 4817 1816 4884 bonam,

219 4916 492 4965 naturam
517 4906 712 4962 bonam
755 4921 878 4976 quae
902 4906 1042 4960 idem
1065 4905 1180 4960 vult
1203 4915 1258 4960 et
1293 4907 1343 4962 ei
1376 4909 1646 4963 consentit
1677 4927 1690 4963 :
1732 4910 1823 4966 hic

228 5001 486 5070 adiungit
523 4999 718 5054 bonam
753 4998 929 5068 legem
959 4999 1114 5052 bona;
1147 5007 1354 5053 natura:
1378 4998 1694 5068 adjutricem
1719 5017 1734 5066 ;
1763 5008 1820 5057 et

223 5101 423 5146 tamen
466 5089 707 5146 exterior
737 5090 900 5145 homo
937 5087 1227 5158 conjuncta
1267 5089 1358 5145 illa
1383 5091 1489 5146 duo
1525 5092 1696 5148 vincit
1725 5111 1738 5147 :
1766 5101 1829 5148 ut

222 5185 406 5241 homo
430 5196 528 5254 per
567 5190 819 5236 neutrum
859 5195 1020 5251 posse
1044 5181 1278 5236 evadere
1307 5182 1530 5249 videns,
1563 5184 1829 5242 obnoxius

223 5275 538 5345 eitgratiae.
573 5274 615 5326 εγ
623 5273 801 5328 olenti.
831 5271 1064 5327 Tantum
1090 5287 1105 5325 :
1131 5271 1260 5342 quia
1285 5273 1544 5342 perﬁcere
1566 5290 1829 5346 non-pos-

233 5382 386 5430 sum,
440 5365 564 5435 quia
613 5364 813 5418 malum
864 5361 1063 5418 rationi
1105 5377 1280 5434 prope
1305 5372 1415 5431 est,
1463 5365 1726 5423 insidians
1771 5368 1827 5423 in

231 5471 410 5514 carne
436 5464 520 5510 est
551 5455 707 5525 quasi
739 5453 808 5508 ad
833 5454 1030 5524 januas
1057 5453 1284 5521 animae,
1316 5463 1372 5510 et
1397 5455 1543 5512 aliud
1572 5459 1716 5528 cogit
1741 5458 1826 5513 fa-

223 5561 392 5613 cere,
419 5561 582 5616 quam
607 5546 726 5600 vult
754 5547 916 5600 homo
937 5553 992 5598 et
1009 5543 1114 5599 lex.

317 5638 481 5694 Vens.
519 5639 612 5694 22.
657 5668 726 5679 -
767 5635 1068 5694 Secundum
1111 5637 1433 5692 interiorem.
1467 5640 1650 5711 (Arum)
1691 5641 1830 5709 Quia

235 5745 378 5789 eam
418 5745 484 5785 ex
514 5731 685 5787 Adam
717 5729 1016 5786 traducitur
1059 5739 1340 5798 peccatum
1381 5732 1434 5786 in
1466 5747 1526 5787 se
1553 5735 1738 5801 habet,
1782 5735 1831 5792 si

240 5824 427 5880 anima
455 5825 834 5881 traduceretur
853 5863 868 5890 ,
894 5829 952 5877 et
975 5821 1030 5876 in
1055 5821 1172 5892 ipsa
1201 5823 1472 5882 habitaret
1497 5836 1776 5898 peccatum
1811 5848 1826 5887 :

1926 2014 2056 2084 Quis
2087 2030 2168 2068 me
2203 2013 2479 2068 liberabit?
2507 2012 2852 2068 Liberabitur
2875 2027 2997 2068 cum
3036 2011 3265 2066 mortale
3292 2012 3394 2066 hoc
3421 2010 3505 2064 in-

1924 2107 2050 2161 duet
2079 2105 2538 2161 immortalitatem
2562 2144 2577 2169 ,
2608 2104 2698 2158 ubi
2730 2103 2874 2157 nulla
2903 2101 3338 2172 concupiscentia
3375 2114 3502 2171 per-

1922 2197 2178 2251 manebit.

1927 2363 1934 2366 _
1994 2291 2158 2346 Vens.
2192 2289 2283 2344 25.
2311 2319 2381 2332 -—
2406 2288 2583 2360 Igitur
2619 2304 2712 2360 ego
2747 2288 2876 2357 ipse.
2908 2286 3012 2342 Hic
3033 2284 3228 2342 tertius
3260 2293 3415 2340 actus
3448 2284 3505 2338 in

1923 2383 2042 2455 lege
2079 2383 2320 2454 spiritus.
2370 2381 2478 2438 Sed
2517 2383 2645 2452 quia
2683 2382 2816 2437 dicit
2849 2381 3024 2452 gratia
3055 2394 3116 2435 se
3150 2392 3274 2435 esse
3303 2378 3506 2434 libera-

1924 2481 2058 2540 tum,
2103 2488 2172 2530 ne
2201 2473 2323 2542 quis
2351 2481 2562 2542 torpeat
2603 2487 2844 2534 securus,
2871 2472 3029 2542 quasi
3071 2481 3356 2541 peccatum
3397 2483 3507 2523 non

1923 2565 2065 2620 ultra
2105 2573 2315 2630 noceat,
2352 2565 2676 2620 determinat
2704 2565 2973 2636 quomodo
3002 2563 3073 2619 sit
3093 2562 3345 2619 liberatio
3369 2562 3416 2619 si
3451 2562 3509 2617 ia

1923 2661 2096 2731 gratia
2137 2661 2418 2716 manserit.
2451 2661 2703 2732 Alioquin
2731 2669 3015 2732 peccatum
3046 2660 3242 2715 iterum
3275 2673 3508 2729 occupa-

1923 2754 2022 2810 bit.
2076 2753 2190 2825 Ego
2231 2755 2362 2825 ipse.
2403 2755 2518 2826 Ego
2555 2755 2608 2810 in
2653 2769 2839 2820 carne,
2882 2768 2982 2824 ego
3031 2755 3084 2809 in
3123 2761 3306 2810 mente
3345 2770 3360 2807 :
3400 2767 3510 2808 non

1922 2845 2054 2913 duo,
2107 2847 2202 2902 sed
2231 2863 2374 2902 υιιιιε
2419 2862 2489 2902 ex
2536 2854 2805 2917 utroque;
2845 2854 3028 2904 mente
3065 2860 3175 2904 non
3204 2843 3507 2912 consentio,

1925 2953 2090 2994 carne
2114 2939 2456 3009 concupisco.

2489 3093 2716 3152 CAPUT
2753 3095 2885 3151 Vill.

2207 3249 2262 3303 1.
2308 3279 2380 3290 -
2416 3248 2570 3304 Nihil
2610 3251 2774 3322 igitur
2809 3271 2969 3310 nunc.
3021 3254 3134 3310 Etsi
3182 3261 3307 3310 ante
3335 3294 3351 3322 ,
3401 3268 3510 3311 non

1923 3355 2076 3398 nunc
2109 3360 2125 3396 :
2159 3357 2285 3398 cum
2313 3343 2368 3398 in
2391 3343 2628 3401 Christo.
2664 3345 2816 3400 Nihil
2843 3348 3218 3404 damnationis.
3250 3349 3387 3418 Quia
3414 3364 3512 3419 per

1931 3436 2161 3506 gratiam
2191 3435 2532 3507 baptismatis
2563 3445 2617 3493 et
2646 3438 2920 3495 lavacrum
2960 3442 3384 3514 regenerationis
3423 3457 3512 3498 so-

1925 3525 2077 3582 lutus
2097 3537 2180 3582 est
2203 3536 2258 3582 et
2282 3528 2395 3598 ipse
2417 3539 2618 3597 reatus,
2649 3547 2773 3588 cum
2791 3548 2899 3604 quo
2923 3549 3046 3591 eras
3070 3535 3249 3604 natus,
3275 3544 3332 3592 et
3357 3537 3514 3607 quid-

1927 3619 2056 3688 quid
2085 3628 2212 3674 ante
2247 3621 2586 3676 commisisti.

2002 3709 2184 3782 (Auc.)
2225 3711 2338 3767 Etsi
2378 3712 2579 3769 habent
2629 3715 2894 3772 desideria
2941 3719 3122 3777 eamis
3156 3719 3352 3792 quibus
3401 3735 3512 3778 non

1927 3803 2299 3870 consentiunt,
2337 3812 2467 3869 etc.,
2502 3820 2664 3878 usque
2694 3808 2764 3862 ad
2793 3809 2887 3864 sed
2915 3809 3018 3866 hoc
3044 3812 3246 3867 bonum
3276 3811 3406 3869 fecit
3425 3828 3513 3869 reo

1930 3894 2229 3968 generatio.

1999 3985 2242 4040 Vans.2.
2271 3985 2472 4042 -——Lex
2505 3990 2643 4044 enim
2691 3992 2924 4061 spiritus.
2981 3992 3080 4049 Hic
3133 3996 3371 4051 ostendit
3415 4011 3513 4068 per

1927 4077 2056 4148 quid
2085 4077 2258 4148 gratia
2283 4077 2495 4144 liberet,
2541 4080 2748 4135 scilicet
2785 4097 2879 4151 per
2924 4082 3188 4154 Spiritum
3240 4095 3509 4154 sanctum,

1929 4168 2055 4237 quia
2096 4168 2180 4223 (ex
2223 4169 2456 4239 spiritus.
2515 4170 2612 4224 Est
2659 4170 2895 4242 Spiritus
2946 4183 3168 4230 sanctus
3217 4176 3307 4244 qui
3354 4176 3513 4231 docet

1927 4259 2055 4328 quid
2085 4259 2156 4314 sit
2189 4260 2477 4330 agendum,
2505 4268 2560 4314 et
2587 4261 2716 4339 quid
2747 4277 2853 4317 non
2887 4304 2898 4316 .
2930 4264 3022 4334 qui
3059 4272 3143 4319 est
3181 4264 3337 4320 dator
3363 4264 3510 4331 vitaz,

1925 4359 1982 4404 et
2019 4351 2120 4405 hoc
2150 4366 2248 4420 per
2273 4351 2545 4408 Christum
2574 4353 2666 4423 qui
2698 4353 2789 4409 dat
2813 4353 3076 4425 Spiritum
3106 4370 3121 4410 :
3157 4368 3214 4412 et
3239 4357 3511 4426 quomodo

1919 4443 1980 4498 in
2003 4441 2222 4498 Christo
2248 4445 2496 4513 exponit.

1998 4535 2162 4592 Vnus.
2188 4537 2241 4592 5.
2268 4568 2338 4578 —
2370 4535 2512 4592 Nam
2548 4539 2689 4610 quod
2723 4541 3065 4610 impossibile.
3117 4541 3399 4610 Quomodo
3455 4543 3511 4602 in

1926 4625 2144 4682 Christo
2189 4627 2329 4683 facta
2375 4630 2445 4684 sit
2494 4629 2758 4694 liberatio,
2801 4633 3060 4688 ostendit.
3117 4631 3224 4688 Per
3275 4651 3507 4690 carnem.

1921 4718 2032 4774 Per
2081 4720 2479 4786 carnalitatem,
2525 4735 2647 4792 quae
2696 4722 3008 4791 rebellabat,
3057 4733 3112 4780 et
3157 4725 3339 4784 audita
3393 4726 3512 4798 lege

1919 4809 2158 4880 «amplius
2186 4819 2270 4866 est
2316 4812 2570 4878 incitata;
2601 4813 2682 4868 sic
2723 4813 2996 4869 inﬁrmata
3050 4823 3134 4870 est
3179 4815 3267 4872 lex
3313 4817 3511 4874 littera

1925 4917 2024 4972 per
2049 4916 2268 4957 carnem
2292 4942 2308 4969 ,
2341 4912 2396 4958 et
2422 4904 2542 4958 ideo
2575 4913 2698 4959 erat
2736 4906 2787 4960 ei
2833 4905 3167 4976 impossibile
3207 4907 3442 4966 liberare
3475 4925 3511 4966 ι

1923 4994 2044 5067 lege
2073 4997 2276 5066 peccati
2299 5006 2354 5051 et
2380 4996 2588 5051 mortis.

1999 5083 2202 5140 Filium
2227 5103 2382 5140 suum
2407 5088 2635 5142 mittens.
2675 5087 2856 5162 (Auc.)
2888 5087 3004 5144 Non
3055 5091 3142 5147 ubi
3186 5107 3293 5149 non
3343 5105 3462 5149 erat
3491 5111 3508 5150 :

1929 5177 2020 5249 qui
2046 5179 2248 5250 ubique
2267 5187 2372 5245 est,
2395 5189 2524 5246 etc.,
2553 5197 2715 5252 usque
2756 5181 2826 5235 ad
2869 5183 2996 5252 quia
3042 5183 3270 5240 visibilis
3311 5187 3512 5242 mundo

1925 5274 2151 5344 θρυλιθυί
2161 5282 2199 5328 t.

2000 5363 2070 5420 In
2089 5366 2509 5432 similitudinem,
2553 5375 2658 5422 etc.
2705 5366 2829 5425 Non
2880 5369 2941 5424 in
2985 5383 3206 5426 carnem
3249 5370 3512 5440 peccatri-

1924 5471 2086 5526 cem;
2115 5462 2241 5530 quia
2271 5471 2378 5516 non
2407 5474 2532 5515 eum
2571 5468 2749 5516 mater
2776 5463 3210 5535 concupiscentia
3238 5465 3339 5518 sed
3389 5478 3514 5533 gra-

1929 5557 2011 5612 tia
2037 5555 2305 5627 concepit.
2327 5552 2445 5610 Non
2476 5557 2751 5625 peccatrix
2777 5570 2906 5628 ergo
2931 5556 3054 5622 fuit,
3089 5557 3214 5626 quia
3239 5570 3339 5610 nec
3363 5555 3416 5609 in
3443 5554 3513 5608 li-

1927 5647 2133 5703 bidinis
2163 5647 2600 5718 concupiscentia
2643 5656 2935 5719 concepta,
2967 5662 3068 5703 nec
3115 5646 3327 5717 peccati
3379 5660 3512 5698 cau-

1938 5758 2052 5799 sam
2081 5743 2134 5797 in
2164 5756 2223 5797 se
2247 5741 2467 5810 habuit,
2502 5757 2602 5798 nec
2624 5743 2678 5798 in
2717 5757 2782 5798 ea
2813 5741 3074 5812 peccavit.
3108 5740 3163 5794 in
3195 5751 3354 5810 poena
3384 5751 3516 5810 ergo

1937 5828 2132 5884 similis
2167 5836 2388 5893 nostrae,
2417 5830 2601 5883 nonin
2631 5828 2889 5899 qualitate
2911 5825 3137 5900 peccati.
