3958 6314
1739 264 2346 309 ma:

497 341 599 412 £95

988 350 1382 410 WALAFRlDl
1421 352 1670 420 STRABI
1702 355 1910 414 FULD.
1953 355 2119 416 ΜΟΝ.
2141 357 2314 430 ,ΟΡΡ.
2354 359 2538 420 PARS
2574 361 2618 419 l.
2659 387 2732 406 —
2767 362 3232 424 THEOLOGICA.

3670 371 3787 428 496

577 475 648 530 Et
672 476 737 532 de
765 482 995 547 peccato.
1022 472 1225 546 (Οιιις.)
1265 473 1378 531 Hoc
1400 483 1484 532 est
1515 493 1529 531 :
1561 474 1667 532 Per
1691 477 1924 533 hostiam
1967 492 2086 556 care
2115 481 2169 543 Α
2191 478 2276 535 vel
2296 487 2484 538 nostro
2507 499 2522 537 :
2546 482 2691 554 quod
2719 492 2901 542 tamen
2923 501 3033 542 non
3061 495 3165 555 est,
3195 485 3302 545 nisi
3329 493 3526 558 agente
3567 486 3785 562 Spiritu

495 566 583 622 nis
607 581 718 622 sute
737 581 900 637 quam
925 564 1122 621 obtulit
1149 565 1205 621 in
1245 580 1338 621 ara
1389 567 1587 633 crucis,
1640 568 1918 624 damnavit
1951 583 2098 640 pec--

493 665 700 722 catum,
727 663 781 712 et
806 657 873 710 ad
903 655 1131 710 nihilum
1161 656 1370 739 redegit
1397 657 1452 713 in
1477 673 1643 715 carne
1671 674 1790 715 sua.
1869 737 1872 743 Ι

561 746 861 801 Damnavit.
895 746 952 803 ld
983 756 1068 803 est
1114 730 1388 805 destruxit
1415 751 1705 816 diabolum,
1758 752 1814 808 id
1855 737 1939 810 est
1984 770 2084 827 pro

490 847 716 909 peccato
743 839 887 908 quod
921 837 1052 894 facit
1084 839 1139 895 in
1169 855 1338 897 carne
1364 842 1586 899 Christi.
1644 842 1744 900 Vel
1775 854 2080 925 peccatum,

488 928 543 984 id
565 937 649 984 est
685 928 928 985 fomitem
952 932 1332 1001 procedentem
1361 933 1428 990 de
1450 943 1676 1005 peccato
1701 935 1834 992 Adae
1859 939 2084 994 damna-

487 1023 594 1087 vit,
627 1023 679 1076 id
709 1031 792 1077 est
820 1024 1137 1080 debilitavit.

556 1111 723 1168 Vens.
748 1114 804 1168 4.
831 1146 900 1155 -
925 1114 1004 1170 ’Πι
1023 1116 1361 1188 justiﬁcatio.
1415 1119 1495 1176 Ita
1545 1121 1836 1180 damnatur
1889 1141 2081 1196 pecca-

483 1213 600 1260 tum
628 1222 725 1276 per
760 1205 1037 1264 Christum
1069 1219 1126 1264 ut
1149 1211 1361 1282 justitia
1390 1229 1553 1285 quam
1590 1213 1676 1270 lex
1732 1215 1900 1290 Moysi
1954 1233 2079 1288 pro-

401 1319 415 1356 ε
482 1298 1148 1357 misitconsummaretur.

555 1389 720 1446 Vens.
751 1390 804 1445 5.
831 1423 901 1432 -—
930 1392 1034 1459 Qui
1071 1396 1211 1449 enim
1251 1397 1538 1451 secundum
1587 1415 1817 1454 carnem.
1877 1399 2078 1458 Ambu-

499 1498 603 1538 ans
631 1483 932 1538 secundum
960 1501 1179 1541 carnem
1201 1502 1308 1542 non
1336 1497 1420 1542 est
1439 1487 1640 1556 justus,
1692 1492 1818 1560 quia
1852 1507 1954 1549 nec
1981 1494 2076 1564 qui

398 1602 401 1604 -
481 1583 568 1627 ost
607 1575 906 1630 secundum
951 1591 1096 1632 eam.
1152 1576 1261 1632 Cur
1308 1579 1450 1634 non?
1494 1580 1622 1650 quia
1677 1581 1916 1638 carnalia
1977 1599 2075 1654 pro

452 1665 714 1770 ﬁsummis
743 1666 900 1722 bonis
925 1668 1278 1739 concupiscit,
1332 1672 1476 1740 quod
1520 1682 1784 1745 repugnat
1821 1672 2068 1744 iustitiae.

552 1775 718 1830 Vens.
760 1777 813 1832 6.
840 1808 914 1818 —
959 1777 1103 1833 Nam
1150 1779 1454 1850 prudentia.
1513 1780 1615 1848 Qui
1651 1784 1767 1840 haec
1803 1800 1924 1855 qua:
1949 1799 2070 1840 car-

2181 581 2390 630 sancto.

2252 665 2415 723 Vens.
2434 668 2520 724 14.
2550 699 2623 710 -
2643 671 2906 742 Aguntur.
2920 674 3171 745 Aguntur
3182 674 3331 742 dicit,
3358 690 3468 732 non
3489 686 3786 748 reguntur.

2179 759 2306 818 Plus
2349 771 2434 819 est
2477 763 2624 821 enim
2661 767 2749 838 agi
2792 782 2955 838 quam
3005 769 3121 839 regi
3161 770 3293 840 :agi
3337 771 3488 826 enim
3542 771 3785 827 dicimus

2181 851 2435 923 aliquem,
2484 842 2641 926 quasi
2698 857 2788 913 vix
2833 859 3038 929 aliquid
3085 871 3377 932 agentem;
3431 863 3547 934 regi
3591 873 3784 918 autem

2182 945 2336 1014 quasi
2350 945 2464 1016 jam
2483 946 2682 1017 aliquid
2717 957 2986 1021 agentem,
3022 952 3113 1022 qui
3140 952 3264 1008 ideo
3283 953 3516 1025 regitur,
3538 963 3606 1009 ut
3630 965 3788 1010 recte

2181 1043 2324 1105 agat.
2372 1034 2478 1092 Sed
2503 1047 2754 1109 aguntur,
2795 1055 2902 1097 non
2929 1043 3073 1112 quod
3099 1043 3233 1099 nihil
3254 1059 3356 1115 per
3376 1060 3456 1111 se,
3485 1047 3584 1102 sed
3611 1047 3786 1118 quod,

2179 1134 2239 1181 ut
2265 1128 2467 1199 aliquid
2504 1141 2688 1203 agant,
2715 1135 2916 1206 impetu
2944 1138 3134 1208 gratiae
3163 1139 3534 1209 impelluntur.

2255 1216 2411 1290 (Anc.
2423 1260 2438 1284 ,
2456 1219 2547 1275 lib.
2564 1223 2627 1277 de
2638 1221 2903 1294 Correp.et
2915 1224 3090 1292 Grat.,
3107 1243 3156 1283 c.
3170 1228 3251 1300 2.)
3266 1229 3384 1286 Non
3399 1246 3459 1288 se
3472 1233 3669 1303 itaque
3683 1232 3788 1287 fal-

2179 1308 2292 1364 lant
2315 1311 2406 1381 qui
2427 1312 2614 1368 dicunt
2641 1332 2653 1369 :
2685 1314 2758 1372 Ut
2783 1319 3116 1386 quidnobis,
3137 1329 3267 1388 etc.,
3292 1339 3456 1392 usque
3501 1326 3572 1380 ad
3616 1341 3785 1382 acce-

2175 1405 2320 1476 pisse
2347 1422 2406 1462 se
2435 1409 2724 1479 gaudeant.

2246 1495 2411 1552 Vens.
2439 1499 2528 1554 15.
2559 1530 2630 1540 -
2655 1499 2780 1556 Νοη
2805 1505 2943 1558 enim
2970 1508 3266 1578 accepistis,
3314 1518 3422 1566 etc.
3475 1511 3601 1568 Filii
3657 1527 3785 1569 esse

2174 1585 2398 1652 debetis,
2433 1605 2542 1645 non
2571 1592 2735 1659 servi,
2763 1594 2890 1664 quia
2911 1611 3019 1652 non
3048 1599 3338 1670 accepistis
3361 1603 3622 1674 spiritum
3662 1620 3785 1661 ser-

2171 1675 2362 1734 vitutis
2392 1693 2408 1732 :
2441 1681 2532 1749 qui
2559 1680 2759 1738 invitos
2781 1684 2978 1742 timore
3005 1702 3181 1758 paena:
3202 1693 3412 1748 servire
3445 1693 3643 1752 faciat.

2242 1768 2347 1824 Sed
2374 1774 2642 1843 accepistis
2669 1776 2911 1848 spiritum
2940 1779 3258 1850 adeptionis.
3299 1784 3444 1841 [dem
3471 1796 3556 1842 est
3607 1789 3784 1860 spiri-

479 1870 566 1924 nis
590 1880 719 1924 sum
743 1869 908 1941 sapit,
939 1886 1047 1925 υοιι
1081 1879 1165 1926 εει
1181 1871 1364 1943 justus
1391 1889 1405 1939 ς
1434 1888 1562 1928 nam
1607 1874 1894 1944 prudentia
1933 1891 2058 1931 car-
2088 1857 2138 1916 B
2163 1875 2269 1925 tus,
2297 1863 2388 1917 sed
2414 1874 2635 1934 propter
2655 1866 2866 1923 diversa
2889 1884 3054 1941 opera
3075 1872 3412 1932 dissimiliter
3429 1879 3778 1949 appellatur:

477 1959 565 2014 nis
589 1974 736 2016 mors
763 1969 867 2016 est.
914 1960 1034 2016 Vita
1055 1967 1251 2033 et‘pax.
1283 1963 1410 2019 Vita
1461 1963 1678 2033 quidem
1728 1965 1877 2020 adid
1929 1964 2068 2020 rela-

476 2059 617 2116 tum,
644 2052 864 2121 a/feetus
894 2053 1068 2108 carnis
1122 2070 1300 2120 mors;
1336 2070 1439 2126 pax
1468 2066 1648 2111 autem
1703 2057 1774 2112 ad
1826 2057 1880 2113 id
1922 2059 2066 2128 quod

477 2143 724 2212 sequitur
747 2163 759 2198 :
791 2145 1012 2214 affectus
1036 2147 1210 2201 carnis
1229 2148 1509 2202 inimicitia
1534 2158 1611 2204 est
1637 2150 1706 2204 ad
1731 2149 1922 2205 Deum.

549 2254 715 2310 Vens.
738 2255 792 2310 7.
824 2285 892 2296 --
924 2256 1187 2322 Quoniam
1215 2258 1473 2329 sapientia
1510 2260 1705 2315 carnis.
1757 2259 1888 2318 Haec
1932 2276 2066 2318 enu-

473 2347 738 2403 merando
761 2348 998 2404 deterret
1024 2365 1054 2404 a
1085 2350 1266 2405 carnis
1293 2350 1620 2406 obedientia.

548 2434 777 2490 Inimica
801 2446 900 2491 est.
929 2437 1068 2492 Dum
1096 2439 1172 2493 nil
1208 2447 1363 2510 putat
1416 2440 1586 2496 Deum
1642 2457 1822 2513 posse,
1866 2451 2064 2515 praeter

473 2525 620 2596 quod
643 2525 699 2580 in
719 2527 929 2582 naturis
955 2542 1137 2582 rerum
1163 2528 1394 2584 videtur.

544 2639 711 2694 Vens.
736 2638 790 2694 9.
837 2629 933 2680 —"
963 2638 1030 2694 Si
1061 2623 1254 2694 tamen.
1305 2641 1571 2714 Ambigue
1623 2642 1885 2714 loquitur,
1934 2646 2061 2714 quia

471 2730 711 2786 nondum
741 2737 864 2786 sunt
884 2729 1152 2802 perfectae
1173 2730 1320 2797 ﬁdei,
1353 2733 1446 2787 sed
1471 2748 1594 2802 spes
1616 2744 1699 2788 est
1723 2734 2056 2805 perficiendi.

470 2818 706 2890 Spiritus
726 2820 845 2875 Dei.
883 2819 1120 2891 Spiritus
1146 2820 1373 2888 Christi,
1399 2823 1526 2893 quia
1551 2823 1696 2880 idem
1745 2834 1831 2881 est
1881 2825 2057 2897 Spiri-

473 2917 561 2966 tus
598 2911 693 2965 Dei
717 2919 771 2966 et
800 2910 1036 2982 Spiritus
1062 2911 1283 2967 Christi.

542 3022 708 3079 Vens.
743 3024 830 3079 10.
864 3056 932 3066 ——
960 3024 1162 3098 Corpus
1188 3025 1418 3097 quidem.
1448 3025 1679 3083 Nomine
1700 3029 1943 3100 corporis
1964 3032 2059 3087 bo-

467 3117 671 3173 minem
723 3125 892 3173 totum
937 3117 1229 3189 signiﬁcat,
1275 3111 1416 3174 Sicut
1460 3119 1710 3176 Ezechiel
1758 3137 2055 3179 econverso

475 3207 700 3264 nemine
722 3207 934 3269 animae.
961 3224 1084 3263 cum
1107 3208 1308 3280 inquit:
1326 3209 1517 3264 Anima
1539 3227 1656 3281 qua:
1676 3212 1923 3282 peccavit,
1945 3222 2052 3269 etc.
2081 3212 2129 3277 C

475 3298 544 3353 Et
562 3312 761 3372 sensus
787 3307 871 3356 est
899 3318 910 3356 :
938 3299 994 3356 Si
1025 3300 1246 3372 spiritus
1269 3300 1471 3357 Christi
1501 3302 1555 3357 in
1588 3303 1743 3358 vobis
1771 3312 1875 3369 est,
1927 3304 2056 3361 licet

464 3407 664 3463 corpus
693 3371 988 3458 mortuum,
1025 3371 1078 3448 id
1099 3401 1184 3449 est
1218 3394 1380 3460 homo
1427 3406 1674 3450 mortuus
1722 3396 1884 3451 fuerit
1931 3412 2056 3467 pro-

459 3493 588 3556 pter
614 3493 855 3555 peccata,
887 3485 940 3538 id
971 3491 1055 3538 est
1078 3484 1132 3538 in
1162 3483 1420 3554 peccatis,
1472 3485 1696 3556 spiritus
1752 3495 1948 3550 tamen,
1998 3487 2054 3543 id

461 3581 550 3628 est
579 3574 760 3628 anima
785 3589 904 3644 qua:
933 3573 1112 3629 fuerat
1139 3574 1324 3644 impia,
1359 3574 1521 3628 vivit:
1552 3576 1678 3644 quia
1695 3577 1826 3641 Deo,
1851 3577 1942 3647 qui
1971 3585 2055 3634 est

462 3666 602 3732 vita,
630 3665 895 3737 jungitur,
925 3674 981 3720 et
1007 3667 1109 3721 hoc
1134 3668 1354 3737 propter
1388 3665 1848 3734 justiﬁeationem,
1893 3669 1946 3724 id
1968 3678 2053 3726 est

458 3767 810 3827 peccatorum
839 3757 1233 3822 remissionem,
1266 3772 1387 3826 qua:
1408 3766 1492 3813 est
1519 3774 1585 3813 ex
1612 3757 1816 3827 Spiritu
1837 3769 2046 3816 sancto.

463 3847 758 3915 Hor-tuum,
775 3849 872 3914 ait,
897 3864 1004 3904 non
1027 3849 1272 3904 mortale.
1297 3849 1439 3906 Ante
1462 3858 1744 3920 peccatum
1761 3852 1905 3906 enim
1928 3868 2051 3908 cor-

458 3957 562 4012 pus
585 3941 836 4007 animale,
861 3941 914 3996 id
935 3948 1016 3997 est
1038 3941 1267 3997 mortale
1290 3942 1412 4008 fuit,
1453 3942 1660 3998 scilicet
1679 3952 1870 4013 potens
1887 3945 2046 4002 mori.

459 4034 567 4096 Sed
595 4035 738 4105 quod
775 4050 883 4090 non
927 4048 1147 4090 necesse
1190 4047 1308 4089 erat
1352 4035 1491 4090 mori
1529 4054 1543 4090 :
1578 4037 1737 4090 modo
1775 4045 2046 4092 mortuum

457 4126 657 4181 dicitur
694 4135 914 4197 propter
943 4135 1243 4196 peccatum,
1288 4126 1341 4180 id
1369 4134 1453 4182 est
1498 4128 1642 4198 quod
1691 4136 1775 4182 est
1827 4142 2049 4184 necesse

454 4217 617 4273 mori.
648 4214 872 4288 Propter
913 4227 1183 4287 peccatum
1227 4217 1528 4284 vitandum,
1576 4228 1886 4274 reservatur
1931 4221 2046 4277 haec

455 4309 766 4375 inﬁrmitas,
798 4317 856 4364 ut
879 4309 1073 4364 exinde
1095 4325 1322 4381 peccare
1350 4313 1521 4383 magis
1545 4312 1749 4381 timeat.

525 4421 690 4475 Vens.
742 4419 829 4473 11.
879 4450 950 4460 --
990 4417 1144 4486 Quod
1190 4421 1237 4475 si
1288 4419 1540 4491 Spiritus.
1595 4422 1778 4495 (Auc.)
1813 4425 2046 4486 Attende

452 4513 596 4580 quod
627 4509 861 4580 Spiritus
887 4521 1126 4578 sanctus,
1165 4519 1297 4577 etc.,
1321 4527 1484 4584 usque
1508 4513 1578 4566 ad
1603 4514 1744 4570 sicut
1779 4525 1835 4572 et
1879 4534 2042 4590 gene-

452 4601 716 4657 rationem
743 4600 862 4656 Filii
889 4601 1010 4671 quis
1034 4601 1343 4656 cnarrahit?

446 4709 448 4712 ν
534 4692 822 4761 Viviﬁcabit
847 4703 894 4748 et
922 4693 1188 4747 mortalia.
1236 4693 1358 4766 (10.)
1402 4694 1541 4752 Ecce
1590 4707 1816 4767 quartus
1861 4708 2035 4758 actus.

448 4783 506 4838 lu
536 4784 709 4853 prima
747 4785 979 4850 actione,
1015 4793 1146 4850 etc.,
1181 4802 1342 4856 usque
1371 4787 1440 4840 ad
1469 4789 1596 4858 quia
1647 4805 1746 4844 nos
1793 4793 2038 4861 superio-

447 4889 563 4930 rem
598 4874 755 4930 nobis
778 4875 944 4930 Deum
970 4878 1404 4934 descrueramus.

520 4961 793 5016 Mortalia.
829 4961 943 5018 Non
973 4974 1203 5031 mortua,
1238 4967 1362 5036 quia
1390 4967 1444 5021 in
1477 4971 1876 5026 resurrectione
1909 4987 2031 5028 cum

442 5054 673 5109 mortale
700 5055 802 5109 hoc
827 5055 1010 5111 induet
1041 5058 1528 5124 immortalitatem,
1560 5074 1664 5114 non
1721 5061 1893 5116 solum
1938 5078 2030 5118 ne-

443 5146 668 5200 cessitas
695 5147 980 5213 moriendi,
1006 5165 1172 5219 quam
1202 5150 1362 5204 modo
1391 5148 1552 5202 habet
1572 5160 1794 5218 propter
1834 5167 2026 5222 pecca-

444 5237 690 5305 tum,st
716 5254 815 5294 nec
843 5241 1342 5311 mortalitas,quam
1373 5240 1561 5295 habuit
1583 5255 1778 5312 corpus
1797 5244 2028 5302 animale

443 5335 570 5384 ante
597 5336 897 5399 peccatum,
935 5331 1257 5386 remanebit.

514 5421 737 5494 Propter
762 5423 1158 5477 inhabitantem.
1191 5421 1609 5480 Evidentissime
1645 5432 1872 5497 apparet
1914 5440 2023 5482 non

442 5521 651 5569 tantum
703 5513 962 5584 Spiritus,
994 5513 1089 5568 sed
1121 5513 1284 5568 etiam
1317 5516 1558 5584 corporis
1599 5526 1775 5574 morte
1803 5525 2024 5589 propter

438 5611 720 5674 peccatum
756 5603 1030 5659 hominem
1060 5603 1340 5670 meruisse,
1364 5613 1418 5660 et
1444 5621 1543 5676 per
1592 5604 1855 5678 Spiritum
1898 5623 2024 5664 san-

439 5701 605 5756 ctum,
636 5702 927 5764 utrumque
956 5693 1244 5749 liberatum
1271 5711 1302 5750 a
1325 5696 1559 5753 Christo.

512 5784 674 5845 Vsus.
707 5785 792 5841 1³5.
816 5815 887 5828 -
910 5784 969 5844 Si
991 5795 1166 5841 autem
1193 5787 1414 5857 Spiritu.
1448 5789 1542 5846 Vel
1583 5791 1786 5863 Spiritu
1835 5804 2023 5851 sancto

2175 1951 2410 2045 Spiritus
2448 1956 2542 2012 ira:
2573 1957 2846 2032 Egyptiis
2875 1964 3096 2032 dicitur,
3138 1969 3337 2039 quibus
3377 1987 3516 2044 aqua
3561 1977 3780 2045 spiritu

2171 2044 2340 2100 divisa
2367 2048 2574 2104 nocuit.
2601 2048 2773 2108 Filius
2801 2053 2967 2110 Israel
3011 2071 3119 2112 non
3167 2059 3366 2116 dicitur
3404 2063 3519 2131 irae,
3561 2044 3778 2135 quibus

2170 2151 2307 2228 aqua
2334 2137 2506 2194 divisa
2535 2140 2758 2208 profuit.
2791 2142 3029 2214 Spiritus
3055 2149 3270 2206 timoris
3297 2161 3402 2218 est,
3434 2155 3519 2210 bis
3546 2157 3651 2226 qui
3679 2174 3781 2228 per

2168 2226 2359 2300 legem,
2386 2230 2451 2284 de
2482 2233 2722 2301 peccatis
2750 2243 2804 2291 et
2829 2251 2924 2292 sua
2960 2238 3282 2297 inﬁrmitate
3334 2246 3592 2310 convicti,
3644 2226 3778 2319 gra-

2167 2316 2298 2371 tiam
2340 2319 2566 2388 spiritus
2612 2339 2720 2378 non
2765 2325 3154 2399 intelligebant.
3207 2331 3440 2403 Spiritus
3491 2316 3777 2396 libertatis

2165 2406 2282 2477 ejus
2307 2424 2468 2480 opere
2496 2413 2615 2468 istis
2648 2415 2848 2484 quibus
2880 2422 3220 2490 regeneratio
3277 2423 3334 2478 in
3387 2425 3552 2481 vitam
3590 2437 3772 2485 mter-

2164 2516 2289 2555 nam
2321 2510 2376 2558 et
2404 2503 2557 2569 ﬁdes,
2586 2521 2705 2577 quae
2735 2523 2833 2578 per
2859 2509 3202 2569 dilectionem
3225 2526 3500 2586 operatur,
3553 2520 3773 2592 imper-

2164 2591 2260 2645 tita
2287 2600 2389 2647 est.
2431 2591 2582 2652 Unus
2610 2612 2744 2669 ergo
2774 2599 2996 2669 spiritus
3021 2604 3114 2673 qui
3147 2605 3281 2662 duos
3331 2597 3552 2666 timores
3603 2591 3768 2670 facit.

2163 2681 2264 2750 Qui
2295 2691 2350 2738 et
2376 2686 2482 2742 duo
2518 2703 2716 2757 genera
2749 2706 3031 2749 servorum
3062 2695 3285 2753 faciunt.
3337 2698 3436 2756 Est
3461 2703 3610 2759 enim
3648 2723 3770 2763 ser-

2161 2786 2261 2828 vus
2285 2776 2375 2844 qui
2405 2785 2460 2830 et
2491 2775 2656 2844 ﬁlius,
2688 2781 2778 2848 qui
2813 2783 2968 2839 timet
2999 2785 3287 2843 Dominum
3313 2798 3368 2844 et
3396 2792 3630 2850 honorat
3662 2814 3769 2868 pa-

2160 2867 2477 2931 trem,unde
2498 2867 2791 2928 Malachias
2814 2888 2829 2927 :
2852 2873 2912 2930 Si
2935 2875 3193 2935 Dominus
3220 2899 3358 2949 sum,
3386 2885 3473 2939 ubi
3494 2897 3569 2941 est
3597 2867 3771 2946 timor

2158 2959 2343 3053 meus?
2390 2958 2448 3013 Si
2484 2971 2654 3031 pater,
2708 2965 2794 3018 ubi
2844 2976 2920 3020 est
2961 2969 3130 3024 honor
3167 2975 3632 3047 meus?(lfalach.
3678 2985 3762 3053 t).

2158 3044 2227 3101 Et
2264 3059 2350 3104 est
2376 3067 2567 3108 servus
2596 3055 3115 3128 quitimetpmnam,
3145 3065 3240 3119 sed
3267 3044 3575 3142 nonvdiligit
3593 3044 3766 3143 justi-

2159 3137 2309 3192 tiam.
2339 3139 2403 3194 Et
2431 3143 2555 3211 quia
2583 3145 2650 3199 de
2683 3145 2970 3204 timoribus
3004 3150 3065 3204 ﬁt
3087 3154 3323 3222 mentio,
3357 3137 3641 3216 sciendum
3677 3172 3766 3220 est

2157 3238 2353 3300 praeter
2379 3234 2679 3291 naturalem
2713 3238 2986 3308 timorem,
3019 3244 3111 3314 qui
3136 3248 3386 3306 omnibus
3410 3251 3576 3322 inest,
3613 3274 3762 3329 qua-

2161 3328 2279 3376 tuor
2300 3337 2422 3379 esse
2446 3325 2692 3395 timores,
2742 3332 2994 3390 scilicet:
3024 3339 3378 3410 mundanum,
3431 3347 3524 3416 qui
3575 3325 3762 3410 malus

2155 3424 2240 3469 est
2260 3432 2358 3472 nec
2391 3433 2420 3472 a
2451 3418 2592 3487 Deo;
2637 3431 2693 3478 et
2727 3426 2999 3493 servilem,
3025 3432 3116 3501 qui
3147 3432 3322 3492 bonus
3347 3446 3431 3492 est
3472 3449 3532 3495 et.
3556 3457 3586 3496 a
3611 3443 3757 3513 Deo,

2155 3508 2251 3561 sed
2281 3525 2383 3564 non
2414 3519 2499 3566 est
2539 3513 2845 3586 suﬁiciens;
2891 3521 3180 3593 initialem,
3213 3529 3306 3599 qui
3344 3533 3520 3590 bonus
3572 3547 3660 3593 est
3701 3508 3760 3596 et

2155 3597 2458 3668 sufﬁciens;
2487 3610 2542 3656 et
2569 3617 2800 3675 castum,
2837 3613 2927 3681 qui
2958 3614 3133 3670 bonus
3163 3597 3251 3674 est
3273 3628 3328 3676 et
3350 3625 3666 3696 perﬁciens,
3688 3633 3758 3690 de

2153 3702 2260 3758 quo
2289 3691 2377 3746 hic
2403 3693 2584 3764 agitur
2612 3714 2625 3749 :
2653 3695 2774 3768 Ipse
2798 3703 2936 3756 enim
2957 3718 3167 3775 generat
3194 3725 3289 3766 nos
3328 3691 3472 3781 ﬁlios
3502 3717 3622 3775 Dei.
3652 3691 3755 3780 ⁷Ιιι

2151 3796 2254 3850 quo
2277 3781 2586 3878 clantamus.
2609 3786 2724 3845 Hoc
2748 3790 2944 3848 iterum
2965 3809 3032 3852 ex
3055 3798 3198 3855 dono
3221 3800 3477 3872 Spiritus,
3501 3811 3650 3878 quod
3674 3813 3752 3868 ita

2152 3888 2252 3928 nos
2296 3873 2428 3930 facit
2481 3877 2718 3935 clamare
2769 3882 2936 3950 Abba,
2989 3886 3273 3958 Hebraice,
3329 3905 3478 3964 pater
3518 3873 3749 3958 _Latine.

2150 3964 2296 4018 Abba
2316 3977 2483 4036 pater.
2522 3969 2752 4041 Propter
2779 3989 3204 4047 sacramentum,
3234 3993 3534 4058 utrumque
3559 3996 3753 4062 posuit

2148 4054 2461 4126 Apostolus.
2492 4060 2559 4114 Et
2581 4062 2635 4116 in
2666 4065 2915 4133 passione
2957 4070 3092 4126 dixit
3129 4072 3397 4141 Christus,
3441 4054 3605 4139 _Abb.a
3643 4105 3749 4156 pa-

2147 4158 2243 4213 ter,
2298 4153 2422 4221 quia
2454 4154 2699 4211 Ecclesia
2727 4166 2809 4213 est
2836 4161 2904 4216 de
2938 4171 3170 4235 utroque
3196 4171 3412 4239 populo,
3460 4177 3548 4231 cui
3594 4153 3748 4234 com—

2147 4239 2359 4306 patiens
2390 4241 2442 4296 in
2463 4258 2521 4298 se
2543 4247 2778 4302 ostendit
2815 4249 2954 4307 ﬁlios
2983 4251 3099 4323 ejus
3148 4256 3448 4332 (martyres
3503 4267 3742 4336 scilicet)

2146 4344 2254 4424 non
2284 4331 2482 4388 debere
2505 4335 2814 4406 desperare,
2847 4343 2892 4398 si
2917 4359 3022 4414 qua
3056 4355 3298 4420 tempore
3324 4331 3627 4424 passionis

2146 4422 2381 4479 humana
2409 4425 2698 4499 fragilitate
2722 4434 2940 4490 tristitia
2968 4437 3192 4510 irrepat.

2217 4515 2384 4616 Vsus.
2417 4521 2502 4576 l6.
2527 4554 2596 4563 —
2621 4523 2776 4590 Quod
2805 4545 2985 4584 sumus
3004 4531 3105 4598 ﬁlii
3143 4533 3263 4590 Dei.
3313 4537 3425 4594 Hoc
3473 4557 3741 4616 recogno-

2143 4623 2296 4665 scere
2325 4609 2455 4667 facit
2481 4613 2715 4684 Spiritus
2743 4628 2993 4692 ‘sanctus,
3020 4621 3147 4677 dum
3177 4625 3232 4679 in
3258 4627 3500 4685 Ecclesia
3537 4609 3633 4688 fit-
3649 4652 3740 4691 ne-

2143 4697 2332 4752 missio
2366 4710 2738 4769 peccatorum;
2771 4721 2933 4775 quam
2965 4709 3068 4764 etsi
3124 4718 3233 4766 tota
3274 4715 3516 4774 Trinitas
3545 4719 3733 4789 faciat,

2140 4791 2206 4845 ad
2239 4790 2498 4861 Spiritum
2546 4807 2793 4854 sanctum
2844 4810 3023 4858 tamen
3073 4805 3394 4880 intelligitur
3429 4817 3731 4888 pertinere,

2137 4884 2264 4954 quia
2323 4889 2630 4944 communis
2686 4899 2773 4946 est
2825 4890 2976 4949 Patri
3001 4905 3056 4950 et
3104 4898 3264 4966 Filio,
3331 4884 3732 4978 amborumque

2137 4976 2303 5041 unio;
2349 4992 2446 5046 per
2472 4994 2631 5048 quam
2665 4981 2726 5036 ﬁt
2757 4983 2988 5040 societas
3009 4995 3065 5041 et
3089 4990 3288 5058 unitas,
3325 5008 3432 5063 qua
3463 4976 3730 5053 efﬁcimur

2135 5079 2299 5120 unum
2327 5083 2522 5137 corpus
2549 5071 2692 5126 unici
2716 5071 2837 5128 Filii
2862 5076 2979 5130 Dei.
3013 5075 3206 5136 Unitas
3235 5082 3381 5138 enim
3429 5101 3532 5142 nos
3577 5103 3726 5144 com-

2129 5157 2377 5227 paginat,
2408 5175 2568 5228 quam
2601 5161 2732 5218 facit
2779 5166 3044 5233 Charitas,
3092 5187 3216 5242 quae
3258 5189 3365 5230 non
3422 5187 3511 5233 est
3560 5181 3723 5237 nisis

2130 5244 2334 5316 Spiritu
2371 5259 2576 5306 sancto.
2612 5251 2739 5310 Haec
2765 5255 3043 5327 dicuntur,
3073 5271 3133 5317 ut
3162 5278 3408 5323 amemus
3427 5270 3718 5338 unitatem,

2127 5347 2183 5394 et
2218 5339 2508 5399 timeamus
2531 5349 2951 5415 separationem.

2197 5429 2360 5486 Vens.
2395 5433 2478 5486 t7.
2531 5465 2604 5476 —-
2652 5436 2921 5495 Heredes.
2958 5442 3072 5500 Etsi
3124 5459 3231 5502 non
3277 5447 3506 5506 decedat
3553 5452 3708 5518 Deus,

2125 5523 2269 5591 quod
2292 5523 2489 5580 dicitur
2518 5527 2767 5586 immanis
2797 5531 3028 5604 legibus.
3053 5535 3171 5608 _Vel
3213 5536 3459 5606 decedet,
3505 5551 3570 5597 ut
3606 5559 3710 5600 non

2125 5613 2495 5686 videaturcper
2521 5622 2796 5689 speculum
2821 5624 2874 5678 in
2906 5627 3192 5697 aenigmate
3224 5628 3369 5683 sicut
3410 5647 3580 5696 nunc,
3617 5633 3708 5688 sed

2125 5707 2263 5763 facie
2287 5709 2353 5762 ad
2379 5708 2593 5765 faciem.
2647 5713 2833 5770 Potest
2869 5717 3036 5771 etiam
3087 5717 3219 5786 dici,
3270 5722 3414 5789 quod
3461 5722 3706 5779 Christus
3759 5786 3764 5788 γ

2125 5809 2288 5869 caput
2318 5810 2562 5858 nostrum
2597 5804 2664 5860 ad
2694 5805 2997 5876 passionem
3029 5808 3320 5879 decedens,
3363 5813 3520 5870 nobis
3577 5815 3702 5872 reli-
