3958 6314
211 369 316 430 897

1171 379 1436 438 GLOSSA
1473 378 1868 438 ORDlNARlA.
1907 409 1977 421 —
2010 372 2226 437 EPIST.
2269 375 2360 438 AD
2400 376 2566 441 ROM.

3361 397 3467 452 498

207 487 329 554 quit
347 488 498 556 pacis
523 486 902 544 ecclesiasticae
923 491 1345 560 possessionem,
1373 494 1513 549 sicut
1534 493 1647 565 ipse
1669 493 1744 548 ait
1769 511 1781 546 :
1812 496 1865 555 Α
1889 491 2006 548 Non
2024 502 2201 549 tamen
2222 496 2443 552 omnino
2462 499 2755 569 ignoratur.
2781 498 2913 555 Nam
2942 501 2985 558 si
3012 505 3226 574 penitus
3249 507 3466 578 ignora-

209 573 404 632 Pacem
430 594 598 634 meam
629 579 698 634 do
728 581 892 648 vobis,
935 598 1115 650 pacem
1163 600 1331 639 meam
1373 585 1612 657 relinquo
1645 585 1786 640 vobis

207 667 392 739 (Joan.
441 669 575 741 xw).
622 668 869 728 Christus
913 673 1079 727 etiam
1120 683 1204 730 est
1247 676 1535 731 haereditas
1582 683 1788 732 nostra.

208 756 367 814 Unde
391 776 404 812 :
429 758 684 814 Dominus
706 777 829 831 pars
854 762 1174 818 hwreditatis
1193 779 1321 819 mete
1343 763 1514 836 (Psal.
1546 767 1659 836 xv),
1679 772 1786 820 etc.

287 848 351 904 Si
395 857 570 904 tamen
605 851 967 922 compatimur.
1003 853 1346 923 .Mortiﬁcare
1391 854 1534 912 facta
1585 856 1789 922 carnis,

206 940 356 995 unde
389 942 501 996 vita
528 941 655 1008 erit,
682 957 842 1000 nemo
865 952 1045 1016 potest
1088 946 1208 1003 sine
1248 947 1520 1015 molestia,
1568 947 1656 1004 cui
1699 962 1793 1003 ne-

207 1031 452 1086 cessaria
483 1039 568 1087 est
587 1032 872 1102 patientia.

280 1122 445 1178 Vsus.
478 1123 566 1180 l9.
593 1154 666 1165 —
695 1124 836 1179 Nam
858 1129 1172 1198 exspectatio
1196 1137 1470 1184 creaturae.
1506 1127 1791 1196 Creatura,

205 1223 341 1270 sunt
361 1215 510 1280 boni,
557 1215 649 1285 qui
695 1216 752 1272 in
791 1219 1067 1274 creatione
1110 1219 1206 1273 Dei
1253 1227 1494 1286 manent,
1542 1220 1627 1276 vel
1665 1222 1792 1291 quia

204 1312 336 1362 sunt
359 1320 522 1361 causa
541 1306 801 1362 omnium.
830 1307 1117 1379 Corruptio
1159 1317 1244 1365 est
1269 1311 1511 1377 vanitas,
1545 1311 1633 1367 cui
1668 1312 1796 1367 sub—

204 1395 352 1465 jecta
373 1405 456 1452 est
477 1405 746 1452 creatura.
773 1395 970 1453 Omnia
1016 1401 1160 1455 enim
1197 1415 1318 1471 quae
1363 1409 1663 1456 nascuntur
1705 1401 1794 1456 in-

206 1487 370 1542 ﬁrma
399 1497 456 1544 et
473 1489 846 1560 corruptibilia
871 1500 1016 1558 sunt,
1057 1500 1112 1548 et
1159 1507 1271 1564 per,
1299 1493 1404 1550 hoc
1451 1509 1590 1549 vana
1621 1512 1635 1547 :
1667 1494 1794 1565 quia

203 1588 413 1636 statum
440 1595 596 1636 suum
622 1589 806 1637 tenere
832 1598 939 1637 non
967 1578 1212 1653 possunt.

281 1671 465 1744 (Auc.)
494 1671 649 1740 Quod
671 1672 770 1739 ait,
797 1689 920 1728 nam
940 1675 1274 1745 exspectatio,
1318 1681 1423 1731 etc.
1462 1672 1555 1730 Sic
1598 1673 1795 1732 intelli-

155 1815 158 1818 .
206 1761 442 1832 gendum
469 1769 575 1828 est,
604 1769 664 1817 ut
683 1777 858 1833 neque
887 1779 1126 1832 sensum,
1150 1773 1280 1831 etc.,
1324 1781 1486 1836 usque
1533 1765 1603 1818 ad
1645 1763 1796 1821 labo-

205 1863 298 1909 rat
325 1863 380 1908 et
401 1854 734 1925 corruptioni
761 1854 1021 1926 subjacet.

288 1945 451 2001 Vens.
474 1946 563 2000 20.
587 1976 658 1986 —
684 1945 810 2002 Non
829 1945 1026 2014 volens,
1052 1957 1158 2004 etc.
1184 1947 1386 2020 Sponte
1409 1949 1675 2020 peccavit,
1694 1949 1789 2006 sed

207 2054 321 2094 non
350 2048 540 2109 sponte
569 2037 683 2108 fert
710 2053 948 2109 poenam,
997 2040 1140 2109 quod
1191 2040 1474 2109 subiicitur
1515 2039 1785 2096 fallaciae:

206 2131 308 2188 sed
331 2138 549 2200 propter
563 2127 830 2198 justitiam
858 2138 912 2184 et
932 2129 1275 2186 clementiam
1300 2129 1417 2201 ejus
1455 2131 1549 2203 qui
1583 2139 1640 2188 et
1664 2145 1792 2204 peo-

206 2229 392 2276 catum
418 2221 592 2291 punit,
620 2229 675 2275 et
701 2235 898 2277 sanare
917 2220 1166 2276 intendit;

284 2316 447 2371 Vens.
482 2315 570 2369 21.
593 2345 666 2354 -
697 2313 836 2380 Quia
881 2325 928 2370 et
957 2316 1073 2385 ipsa
1106 2323 1370 2383 creatura.
1412 2314 1595 2387 (Anc.)
1633 2313 1791 2371 Modo

204 2414 462 2462 creatura
493 2413 700 2460 tantum
749 2418 871 2458 cum
898 2403 1136 2458 nondum
1177 2403 1410 2460 ﬁliorum
1456 2403 1628 2460 forma
1669 2420 1793 2475 per-

205 2496 374 2563 fecta,
404 2506 532 2562 etc.,
561 2512 721 2568 usque
741 2495 810 2550 ad
846 2495 1008 2551 homo
1035 2494 1202 2562 enim,
1238 2494 1517 2568 signaculo
1543 2494 1792 2566 imaginis

207 2587 431 2653 amisso,
454 2585 716 2642 remansit
742 2593 951 2640 tantum
975 2592 1246 2640 creatura.

281 2679 628 2735 Liberabitur.
651 2678 1018 2746 Revelabitur,
1041 2687 1320 2750 exspectat
1339 2679 1546 2746 revela;
1567 2678 1793 2748 subjecit

206 2773 548 2830 liberabitur.
578 2772 704 2830 Haec
732 2774 912 2829 omnia
943 2787 1043 2844 per
1079 2772 1362 2844 Spiritum.

282 2865 446 2922 Vens.
477 2866 650 2922 22.-
679 2866 864 2922 Omnis
891 2875 1151 2922 creatura.
1178 2866 1359 2938 (Auc.)
1382 2865 1574 2923 Homo.
1603 2865 1792 2922 Omnis

203 2965 464 3014 creatura
485 2965 569 3014 est
593 2956 677 3012 vel
696 2957 1011 3028 corporalis,
1035 2967 1166 3024 etc.,
1196 2974 1358 3029 usque
1378 2958 1447 3012 ad
1473 2956 1573 3013 etsi
1600 2972 1706 3012 non
1737 2957 1792 3011 in

206 3047 467 3102 omnibus
494 3045 820 3102 hominibus.
853 3046 1035 3102 Omnis
1065 3057 1325 3103 creatura.
1349 3047 1570 3119 (Anam)
1599 3047 1791 3103 Omnia

199 3136 476 3192 elementa
505 3150 628 3191 cum
676 3135 860 3192 labore
893 3151 991 3191 sua
1035 3137 1254 3207 explent
1280 3136 1484 3204 olﬁcia,
1525 3137 1668 3207 quod
1709 3145 1794 3191 est

1892 594 2060 654 retur,
2093 601 2202 642 non
2223 587 2641 646 desideraretur.
2669 592 2736 648 Et
2763 608 2956 651 rursus
2980 594 3025 651 si
3052 595 3351 668 videretur,
3380 616 3469 674 ge-

1890 677 2112 734 mitibus
2134 693 2241 734 non
2277 690 2630 749 quaereretur.

1963 766 2264 824 Scrutatur.
2283 769 2503 844 (Anam)
2521 772 2637 829 Non
2652 789 2755 845 qua
2763 776 2806 830 si
2821 789 3069 846 quaerens
3081 779 3223 849 quod
3238 783 3446 838 nesciat

1891 860 1977 915 cui
2005 859 2140 916 nihil
2168 871 2252 918 est
2279 865 2547 920 occultum
2567 907 2583 934 ,
2609 867 2805 937 cuique
2829 877 2956 925 nota
2978 877 3060 926 est
3085 874 3326 941 precatio
3346 890 3467 931 om-

1891 951 2044 1007 nium
2064 953 2372 1024 spirituum.

1888 1037 1889 1040 “
1964 1040 2129 1099 Vens.
2186 1045 2278 1102 28.
2314 1076 2386 1086 -
2433 1046 2639 1104 Scimus
2680 1061 2854 1107 autem
2911 1058 3170 1127 quoniam,
3205 1059 3472 1132 diligenti-

1893 1133 2005 1198 bus,
2038 1143 2140 1190 etc.
2173 1135 2338 1204 Quasi
2364 1138 2506 1195 dicat
2533 1159 2546 1195 :
2579 1141 2695 1197 Non
2736 1145 2908 1200 solum
2953 1149 3056 1204 hoc
3084 1149 3216 1207 facit
3239 1151 3472 1223 Spiritus

1892 1235 2132 1293 sanctus,
2147 1230 2240 1284 sed
2253 1231 2412 1286 etiam
2426 1231 2554 1288 facit
2565 1235 2745 1290 omnia
2761 1236 3104 1309 diligentibus
3119 1257 3175 1298 se
3186 1247 3472 1314 provenire

1893 1317 1948 1373 in
1976 1319 2210 1386 bonum,
2236 1337 2495 1392 prospera
2543 1325 2627 1380 vel
2671 1329 2933 1395 adversa;
2979 1331 3102 1388 talis
3137 1319 3282 1390 enim
3327 1337 3470 1392 Deus

1894 1409 2203 1464 consolatur
2229 1414 2526 1482 prosperis,
2551 1426 2768 1472 exercet
2789 1419 3050 1477 adversis.
3075 1422 3313 1480 Prosunt
3338 1440 3468 1495 ergo

1893 1498 2038 1552 mala
2057 1515 2176 1569 quae
2193 1500 2378 1557 fideles
2401 1504 2487 1573 pie
2506 1506 2806 1574 perferunt,
2822 1509 2905 1564 vel
2919 1510 2986 1565 ad
3003 1513 3332 1569 emendanda
3359 1515 3474 1571 sive

1895 1585 2154 1643 demenda
2183 1599 2423 1659 peccata,
2451 1593 2532 1648 vel
2555 1594 2621 1648 ad
2651 1599 3006 1653 exercendam
3031 1601 3473 1674 probandamque

1887 1675 2186 1748 justitiam,
2221 1680 2304 1734 vel
2333 1683 2402 1736 ad
2440 1684 2916 1743 demonstrandam
2957 1689 3117 1759 hujus
3150 1694 3273 1747 vitae
3310 1696 3472 1750 mise-

1894 1767 2054 1822 riam.
2087 1768 2342 1836 Quamvis
2375 1773 2520 1827 enim
2558 1789 2706 1830 mors
2747 1777 2927 1833 carnis
2955 1779 3022 1835 de
3060 1793 3282 1850 peccato
3311 1784 3471 1852 primi

1820 1868 1868 1929 Β
1897 1861 2131 1918 hominis
2169 1867 2506 1938 originaliter
2531 1871 2760 1937 venerit,
2786 1880 2966 1928 tamen
2993 1874 3166 1931 bonus
3195 1877 3310 1948 ejus
3339 1894 3471 1934 usus

1891 1953 2310 2026 gloriosissimos
2348 1967 2618 2030 martyres
2665 1959 2812 2016 fecit.
2869 1963 3102 2034 Ideoque
3147 1981 3254 2022 non
3296 1967 3471 2024 solum

1889 2045 2025 2116 ipsa,
2053 2047 2149 2102 sed
2169 2057 2224 2103 et
2262 2050 2442 2104 omnia
2464 2051 2645 2107 saeculi
2675 2053 2815 2107 mala
2843 2056 3085 2112 remissis
3111 2060 3352 2129 peccatis
3380 2076 3472 2116 re-

1888 2149 2111 2192 manere
2166 2138 2500 2206 debuerunt,
2533 2148 2594 2195 ut
2644 2141 2871 2199 haberet
2920 2145 3082 2200 homo
3117 2161 3240 2202 cum
3273 2149 3471 2220 quibus

1889 2243 1989 2300 pro
2026 2230 2257 2286 veritate
2289 2240 2556 2301 certaret,
2602 2243 2659 2291 et
2702 2237 2844 2293 unde
2877 2239 3272 2297 exercitaretur
3298 2243 3474 2302 virtus

1891 2317 2152 2375 ﬁdelium.

1963 2409 2264 2466 Secundum
2301 2416 2643 2486 propositum.
2678 2416 2842 2485 Quasi
2883 2419 3064 2477 dicat:
3097 2423 3254 2490 Quod
3293 2430 3474 2484 vocati

1891 2509 2036 2567 sunt,
2061 2516 2167 2556 non
2183 2502 2396 2559 aliunde
2423 2513 2506 2560 est
2530 2521 2690 2576 quam
2714 2523 2743 2563 a
2763 2511 3235 2580 praedestinatione
3252 2515 3368 2571 Dei.
3393 2518 3467 2573 Et

1892 2587 2018 2646 inde
2044 2599 2146 2660 est,
2167 2593 2312 2665 quod
2343 2597 2518 2653 omnia
2555 2610 2900 2670 coaperantur
2925 2603 2978 2658 in
3004 2604 3194 2661 bonum
3218 2625 3238 2664 :
3260 2624 3366 2665 non
3397 2626 3466 2666 ex

1893 2681 2110 2736 merito.

1909 2799 1912 2802 ~
1963 2771 2126 2827 Vens.
2165 2772 2254 2829 29.
2284 2805 2353 2815 -
2387 2775 2526 2832 Nam
2554 2796 2703 2850 quos,
2733 2781 2907 2849 Deus,
2959 2786 3380 2856 prcedesliuavit,
3411 2790 3468 2844 id

1892 2870 1995 2930 est,
2018 2879 2117 2934 per
2142 2868 2442 2937 appositam
2463 2872 2690 2942 gratiam
2713 2877 3037 2946 praeparavit
3063 2887 3126 2933 ut
3153 2879 3316 2937 verbo
3336 2897 3473 2952 prae-

1893 2957 2178 3014 dicationis
2203 2961 2518 3016 crederent:
2543 2964 2660 3020 illos
2682 2968 2963 3036 prwscivit,
2981 2969 3032 3024 id
3054 2980 3136 3027 est
3161 2971 3319 3044 longe
3346 2981 3474 3031 ante

1891 3051 2306 3121 praenovit,ﬁeri
2334 3056 2624 3125 conformrs
2656 3055 2805 3126 Filii,
2829 3061 2920 3130 qui
2946 3071 3030 3117 est
3057 3063 3236 3136 imago
3269 3065 3474 3133 Patris,
3511 3123 3517 3129 ,

1895 3156 2280 3212 usquequaque
2304 3149 2492 3200 eadem
2537 3163 2658 3202 cum
2690 3147 2870 3204 Patre.
2907 3149 3062 3207 Unde
3083 3154 3280 3210 dicitur
3309 3174 3322 3211 :
3367 3156 3476 3224 Qui

199 3227 389 3285 nostri
418 3242 577 3284 causa
607 3241 623 3281 :
652 3227 796 3283 unde
834 3227 1113 3297 quiescent
1155 3228 1312 3284 nobis
1359 3229 1687 3298 assumptis;
1737 3235 1792 3282 et
1816 3230 1864 3295 C
1894 3233 2026 3288 videt
2054 3251 2152 3298 me,
2190 3236 2324 3289 videt
2349 3246 2397 3290 et
2431 3234 2641 3291 Patrem
2673 3238 2851 3310 (Joan.
2886 3242 3022 3311 XIV).

203 3319 338 3375 ideo
367 3318 648 3389 diligenter
676 3333 775 3375 nos
809 3331 1080 3389 paremus.

283 3410 607 3482 Iugemiscit.
643 3410 871 3482 Semper
908 3412 964 3466 in
988 3412 1092 3468 hoc
1115 3425 1256 3467 nova
1280 3419 1383 3478 est,
1407 3411 1550 3482 quod
1577 3418 1796 3467 notatur

205 3493 311 3580 per
353 3507 719 3564 inchoativum
771 3509 1028 3575 verbum,
1081 3516 1137 3564 et
1174 3524 1274 3580 pro
1309 3508 1579 3566 desiderio
1606 3509 1794 3580 patriae

210 3599 473 3656 caelestis.
505 3598 767 3654 Parturit.
803 3598 862 3654 Id
882 3607 969 3656 est
997 3599 1157 3656 dolet.

285 3689 462 3762 Usque
501 3691 692 3746 adhuc.
738 3690 921 3764 (Auc.)
975 3690 1110 3758 Quia
1166 3690 1269 3747 etsi
1323 3690 1520 3763 aliquis
1562 3692 1619 3747 in
1671 3690 1794 3747 sinu

207 3785 444 3840 Abrahae
473 3783 656 3840 dolere
675 3784 898 3851 destitit,
939 3791 1118 3839 tamen
1143 3783 1320 3839 adhuc
1347 3783 1402 3838 in
1431 3783 1518 3840 his
1543 3783 1634 3853 qui
1659 3799 1795 3840 non-

211 3876 345 3932 dum
372 3882 500 3932 sunt
522 3874 754 3940 liberati,
781 3874 960 3930 omnis
983 3885 1233 3930 creatura
1254 3874 1579 3946 ingemiscit.

284 3967 449 4023 Vens.
479 3967 570 4022 25.
599 3997 670 4008 ——
706 3966 830 4022 Non
870 3966 1060 4034 solum,
1104 3975 1210 4023 etc.
1249 3965 1430 4038 (Auc.)
1467 3965 1524 4020 id
1547 3973 1660 4032 est,
1687 3980 1795 4021 non

210 4059 391 4116 solum
426 4059 479 4113 in
509 4057 728 4112 homine
754 4057 1026 4128 corporis,
1065 4056 1159 4112 sed
1181 4063 1235 4111 et
1272 4071 1371 4112 nos
1397 4055 1454 4110 in
1483 4054 1640 4111 nobis
1663 4055 1795 4126 ipsis

207 4160 412 4224 praeter
439 4164 655 4219 corpus,
684 4148 922 4220 exceptis
957 4148 1202 4218 corporis
1221 4145 1507 4203 molestiis.

285 4241 412 4301 Non
447 4241 634 4296 solum.
665 4240 843 4313 (Ana,
885 4241 941 4295 in
974 4255 1152 4312 cmpos.
1181 4257 1389 4312 propos.
1419 4239 1507 4295 55.
1547 4240 1602 4294 in
1642 4240 1793 4310 epist.

207 4335 283 4389 ad
314 4332 495 4404 Rom.)
521 4333 638 4389 Non
664 4333 836 4388 solum
856 4333 971 4404 ipsa
997 4348 1118 4404 qua:
1144 4333 1516 4388 tantummodo
1542 4340 1794 4388 creatura
1827 4323 1832 4326 ’

211 4431 420 4487 dicitur
458 4430 514 4485 in
549 4429 876 4497 hominibus,
901 4436 1032 4496 etc.,
1065 4445 1226 4501 usque
1252 4428 1322 4483 ad
1361 4436 1455 4483 aut
1476 4427 1798 4484 sollicitante

211 4523 486 4580 molestia.

1965 3323 2240 3396 Imaginis.
2273 3325 2345 3382 Ut
2378 3337 2655 3397 portemus
2685 3328 2976 3400 imaginem
3025 3331 3292 3398 ctelestis,
3335 3335 3476 3390 sicut

1891 3420 2227 3490 portavimus
2293 3420 2582 3492 imaginem
2654 3423 2876 3478 terreni.
2926 3421 3023 3478 Vel
3076 3426 3471 3497 primogeuilus.

1894 3508 2030 3578 Quia
2061 3517 2188 3565 ante
2216 3525 2431 3565 omnem
2463 3520 2768 3567 creaturam
2813 3528 2918 3568 non
2948 3513 3123 3570 factus
3170 3517 3265 3572 sed
3315 3527 3474 3573 natus

1893 3609 1998 3666 est,
2026 3609 2083 3655 et
2109 3601 2232 3671 quia
2248 3602 2454 3672 primus
2475 3604 2592 3659 sine
2620 3615 2844 3676 peccato
2868 3616 3047 3674 natus,
3073 3617 3128 3663 et
3147 3609 3353 3680 primus
3373 3611 3475 3666 im-

1892 3693 2165 3766 passibilis
2184 3708 2493 3767 resurgens,
2515 3697 2568 3751 in
2594 3713 2700 3767 quo
2730 3699 2894 3753 habet
2915 3699 3133 3756 fratres.

1968 3784 2129 3841 Vens.
2153 3786 2241 3842 50.
2268 3818 2340 3828 -
2367 3785 2598 3844 Vocavit.
2627 3791 2850 3846 Vocatio
2872 3793 3110 3849 exterior
3133 3792 3192 3848 ﬁt
3215 3809 3310 3865 per
3335 3811 3472 3866 prae-

1894 3877 2163 3934 dicatores
2189 3887 2244 3932 et
2272 3887 2355 3933 est
2385 3880 2687 3936 communis
2714 3881 2976 3937 bonorum
2999 3891 3054 3938 et
3077 3884 3360 3940 malorum.
3390 3886 3476 3941 ln-

1895 3968 2064 4024 terior
2086 3983 2217 4023 vero
2237 3976 2450 4024 tantum
2484 3969 2796 4026 electorum.
2830 3971 2905 4025 De
2933 3972 3192 4027 exteriori
3234 3974 3432 4029 dicitur
3458 3994 3472 4028 :

1898 4058 2056 4112 Multi
2083 4068 2204 4114 sunt
2231 4059 2423 4124 vocati,
2445 4061 2600 4130 pauci
2626 4077 2741 4114 vero
2763 4060 2930 4115 electi.
2955 4062 3250 4118 Vocatione
3279 4064 3471 4134 imple-

1897 4157 1986 4205 tur
2025 4151 2446 4220 praedestinatio.
2493 4148 2717 4215 Vocare,
2759 4159 2842 4206 est
2867 4152 3228 4220 cognitionem
3265 4154 3329 4208 de
3370 4154 3474 4209 (ide

1897 4239 2152 4309 adjuvare
2187 4240 2272 4296 vel
2310 4255 2672 4312 compungere
2701 4257 2823 4297 eum
2869 4257 3028 4312 quem
3056 4243 3224 4299 faciat
3261 4246 3471 4309 audire,

1897 4343 1953 4389 et
1993 4335 2096 4390 hoc
2133 4342 2217 4389 est
2245 4333 2538 4390 electorum
2573 4343 2802 4389 tantum.
2843 4334 3221 4406 Magniﬁcavit.
3255 4336 3368 4393 Hoc
3410 4337 3476 4393 de

1896 4426 2182 4497 praescitis,
2207 4427 2272 4482 de
2290 4427 2410 4482 aliis
2431 4443 2560 4493 non,
2579 4427 2670 4497 qui
2695 4427 2796 4482 etsi
2825 4428 2892 4484 ad
2930 4436 3140 4499 tempus
3168 4432 3390 4485 credant
3421 4440 3478 4485 et

1899 4523 2024 4578 boni
2049 4523 2352 4589 videantur,
2369 4532 2550 4578 tamen
2571 4523 2696 4593 quia
2723 4539 2830 4579 non
2856 4533 3199 4594 permanent,
3222 4541 3329 4579 non
3361 4540 3476 4578 ma-

286 4614 568 4670 Primitias
613 4615 848 4685 spiritus.
895 4611 953 4666 Id
999 4617 1116 4677 est,
1162 4624 1388 4679 quorum
1419 4609 1530 4681 jam
1577 4609 1798 4680 spiritus
1819 4591 1875 4654 D
1900 4615 2242 4686 gniﬁcantur.
2272 4591 2662 4700 Magyiﬁcavil,
2690 4614 2774 4669 vel
2817 4591 3169 4684 m—agniﬁcabit
3194 4632 3212 4669 :
3245 4616 3347 4671 hoc
3376 4632 3474 4680 au-

208 4706 372 4778 quasi
403 4705 458 4759 in
481 4702 809 4760 sacriﬁcium
834 4700 1002 4757 oblati
1025 4707 1148 4757 sunt
1169 4699 1301 4764 Deo,
1331 4708 1388 4755 et
1411 4698 1592 4754 divino
1621 4699 1798 4754 chari-

208 4800 345 4855 tatis
373 4799 496 4870 igne
521 4795 787 4853 succensi.
809 4794 1173 4866 Adoptionem.
1203 4791 1274 4848 Ut
1291 4805 1487 4861 corpus
1509 4790 1674 4846 etiam
1703 4792 1799 4847 he?

208 4891 472 4949 neﬁcium
502 4888 808 4962 adoptionis
848 4887 1118 4958 accipiat,
1141 4893 1199 4943 et
1223 4900 1293 4942 ex
1325 4883 1476 4940 omni
1510 4892 1663 4954 parte
1697 4883 1792 4938 ﬁlii

210 4985 315 5041 Dei
344 4982 474 5038 sint.
1721 5057 1724 5062 η

256 5075 457 5130 -Veus.
501 5071 600 5127 24.
646 5102 716 5114 -
735 5069 838 5143 Spe
863 5070 1020 5126 enim.
1051 5067 1175 5124 Ideo
1202 5066 1334 5124 dicit
1355 5074 1413 5122 ut
1438 5066 1614 5138 majus
1640 5067 1800 5124 meri-

212 5170 386 5237 ritum
415 5166 528 5237 spei
551 5165 798 5221 videatur
815 5173 871 5220 et
890 5162 1012 5218 ideo
1035 5161 1228 5217 debeat
1247 5159 1478 5217 salvare.

289 5186 325 5224 υ
415 5184 528 5237 Spei
551 5184 798 5221 Vlaeawl'
815 5184 871 5220 Ct
890 5184 1012 5218 meo
1035 5184 1228 5217 ueneat
1247 5184 1478 5217 salvare.

289 5184 526 5332 S‘p‘iritus
547 5259 762 5329 adjuvat
793 5255 1170 5326 inﬁrmitatem.
1201 5253 1380 5325 (Auc.)
1407 5252 1543 5320 Quia
1574 5253 1802 5325 ingemi-

214 5353 428 5408 scimus
453 5359 510 5406 et
534 5349 770 5420 petimus
798 5345 1038 5412 liberari,
1070 5344 1167 5400 sed
1203 5359 1273 5399 ne
1308 5343 1394 5398 vel
1431 5351 1558 5400 ante
1587 5353 1799 5415 tempus

213 5444 304 5502 vel
329 5442 604 5499 contrarie
627 5449 894 5513 petamus,
923 5435 1413 5510 Spiritusladjuvat.
1445 5435 1598 5505 Quod
1625 5439 1800 5494 oratio
1829 5463 1831 5466 ⁴

217 5538 504 5606 impetrat,
538 5533 736 5590 donum
758 5531 852 5588 Dei
879 5539 964 5589 est
999 5530 1294 5594 evidenter,
1328 5529 1422 5584 sed
1452 5537 1507 5585 et
1526 5543 1686 5584 orare
1716 5537 1800 5587 est

214 5645 287 5686 cx
331 5627 525 5698 gratia.
1157 5681 1165 5688 ,

272 5719 462 5775 .Vens.
501 5719 592 5774 26.
634 5749 704 5761 -
749 5714 1217 5772 Inenarrabilibus.
1268 5713 1605 5781 Quommodo
1657 5714 1801 5770 enim

214 5820 609 5880 enarraretur,
653 5811 869 5880 quando
903 5808 1258 5871 desideratur,
1296 5805 1442 5876 quod
1489 5806 1804 5877 ignoratur?

1899 4715 2005 4761 tem
2035 4704 2273 4760 futurum
2309 4713 2414 4770 est,
2436 4703 2529 4758 sed
2556 4704 2755 4760 dicitur
2780 4703 3113 4773 praeteritum
3138 4721 3150 4757 :
3187 4705 3310 4774 quia
3339 4705 3475 4761 dici-

1897 4808 1986 4855 tur
2012 4799 2154 4855 Deus
2198 4797 2389 4853 fecisse
2431 4814 2551 4868 quae
2595 4797 2662 4853 ab
2700 4806 2900 4851 aeterno
2944 4797 3210 4867 disposuit
3260 4796 3475 4864 facere;

1895 4893 2038 4947 unde
2079 4889 2284 4946 Isaias:
2317 4889 2420 4956 Qui
2470 4889 2588 4958 fecit
2624 4904 2739 4959 qua:
2771 4887 2952 4956 futura
2976 4895 3097 4942 sunt
3140 4885 3273 4958 (Isa.
3305 4887 3475 4959 xuv).

1899 4985 2119 5042 Talibus
2151 4983 2332 5039 omnia
2360 4983 2414 5036 in
2458 4981 2689 5046 bonum,
2720 4981 2882 5035 etiam
2930 4979 3075 5050 quod
3123 4979 3373 5044 deviaut,
3418 4990 3479 5034 ut

1897 5079 2022 5135 inde
2047 5078 2316 5133 cautiores
2356 5075 2485 5141 sint,
2531 5082 2585 5129 et
2629 5073 2684 5127 in
2715 5087 2773 5128 se
2811 5088 2918 5127 non
2958 5069 3307 5128 conﬁdentes.
3339 5071 3479 5128 Sunt

1899 5170 1989 5225 hic
2008 5177 2240 5238 quatuor
2261 5175 2555 5223 memorata
2583 5183 2595 5218 :
2621 5165 3047 5235 praedestinatio,
3063 5165 3294 5230 vocatio,
3315 5165 3478 5236 justi-
3511 5150 3519 5156 ’

1901 5259 2104 5323 ﬁcatio,
2133 5256 2521 5329 magniﬁcatio.
2550 5255 2725 5311 Unum
2745 5263 2828 5310 cst
2852 5255 2905 5309 in
2933 5256 3065 5324 Deo,
3093 5265 3148 5311 et
3169 5257 3270 5311 tria
3293 5255 3349 5310 in
3378 5271 3477 5311 uo-

1898 5349 2002 5406 bis.
2036 5348 2444 5404 Prtedestinatio
2465 5347 2609 5402 enim
2637 5353 2822 5401 nostra
2849 5347 3032 5405 nonin
3063 5347 3220 5403 nobis
3247 5354 3348 5411 est,
3381 5348 3478 5403 sed
3515 5359 3518 5362 ‘

1900 5443 1956 5498 in
1978 5441 2187 5498 occulto
2219 5439 2354 5510 apud
2381 5440 2553 5508 ipsum
2583 5439 2633 5493 in
2662 5436 2778 5508 ejus
2805 5440 3166 5510 praescientia.
3193 5439 3322 5495 Tria
3347 5455 3477 5494 vero

1901 5533 2108 5604 reliqua
2129 5533 2183 5587 in
2209 5532 2364 5586 nobis
2389 5541 2532 5586 sunt.

1973 5627 2136 5682 Vens.
2161 5625 2339 5679 5l.—
2369 5622 2426 5679 Si
2465 5624 2608 5679 Deus
2647 5641 2740 5695 pro
2779 5625 2950 5679 nobis.
2993 5623 3177 5695 (Auc.)
3204 5621 3346 5676 Deus
3379 5637 3477 5692 pro

1903 5718 2060 5775 nobis
2086 5727 2145 5772 ut
2179 5717 2590 5788 prmdestinaret
2631 5733 2730 5773 nos
2758 5724 2883 5771 ante
2919 5731 3079 5786 quam
3108 5727 3380 5778 essemus,
3416 5722 3478 5766 ut

1905 5821 2128 5871 vocaret
2162 5826 2259 5868 nos
2290 5825 2412 5868 cum
2439 5811 2614 5870 aversi
2653 5825 2927 5878 essemus,
2954 5817 3013 5864 ut
3031 5805 3351 5882 justiﬁcaret
3377 5821 3478 5866 nos
