  <div class='ocr_page' id='page_1' title='image "/cluster/home/n/w/nwhite01/storage/ocr_20150623/114/hvd.32044018909580/255.png"; bbox 0 0 3958 6314; ppageno 0'>
   <div class='ocr_carea' id='block_1_1' title="bbox 485 400 588 454">
    <p class='ocr_par' dir='ltr' id='par_1_1' title="bbox 485 400 588 454">
     <span class='ocr_line' id='line_1_1' title="bbox 485 400 588 454; baseline -0.01 0"><span class='ocrx_word' id='word_1_1' title='bbox 485 400 588 454; x_wconf 67' lang='grc'><strong><em>499</em></strong></span> 
     </span>
    </p>
   </div>
   <div class='ocr_carea' id='block_1_2' title="bbox 984 382 3190 455">
    <p class='ocr_par' dir='ltr' id='par_1_2' title="bbox 984 382 3190 455">
     <span class='ocr_line' id='line_1_2' title="bbox 984 382 3190 455; baseline -0.009 0"><span class='ocrx_word' id='word_1_2' title='bbox 984 395 1378 455; x_wconf 78' lang='lat' dir='ltr'><strong><em>WALAFRIDI</em></strong></span> <span class='ocrx_word' id='word_1_3' title='bbox 1413 395 1660 452; x_wconf 80' lang='lat' dir='ltr'><strong><em>STRABI</em></strong></span> <span class='ocrx_word' id='word_1_4' title='bbox 1697 396 1903 454; x_wconf 85' lang='lat' dir='ltr'><strong><em>FULD.</em></strong></span> <span class='ocrx_word' id='word_1_5' title='bbox 1944 391 2114 455; x_wconf 61' lang='lat' dir='ltr'><strong><em>MONL</em></strong></span> <span class='ocrx_word' id='word_1_6' title='bbox 2148 393 2304 450; x_wconf 76' lang='lat' dir='ltr'><strong><em>OPP.</em></strong></span> <span class='ocrx_word' id='word_1_7' title='bbox 2338 391 2520 449; x_wconf 71' lang='lat' dir='ltr'><strong>PARS</strong></span> <span class='ocrx_word' id='word_1_8' title='bbox 2556 389 2596 444; x_wconf 88' lang='grc' dir='ltr'><strong>ι.</strong></span> <span class='ocrx_word' id='word_1_9' title='bbox 2639 417 2705 429; x_wconf 86' lang='lat'><strong><em>—-</em></strong></span> <span class='ocrx_word' id='word_1_10' title='bbox 2737 382 3190 441; x_wconf 74' lang='lat' dir='ltr'><strong><em>THEOLOGICA.</em></strong></span> 
     </span>
    </p>
   </div>
   <div class='ocr_carea' id='block_1_3' title="bbox 3628 374 3743 431">
    <p class='ocr_par' dir='ltr' id='par_1_3' title="bbox 3628 374 3743 431">
     <span class='ocr_line' id='line_1_3' title="bbox 3628 374 3743 431; baseline 0 0"><span class='ocrx_word' id='word_1_11' title='bbox 3628 374 3743 431; x_wconf 75' lang='lat' dir='ltr'><strong><em>suo</em></strong></span> 
     </span>
    </p>
   </div>
   <div class='ocr_carea' id='block_1_4' title="bbox 485 493 3748 579">
    <p class='ocr_par' dir='ltr' id='par_1_4' title="bbox 485 493 3748 579">
     <span class='ocr_line' id='line_1_4' title="bbox 485 493 3748 579; baseline -0.005 -14"><span class='ocrx_word' id='word_1_12' title='bbox 485 526 607 565; x_wconf 91' lang='lat' dir='ltr'><strong><em>cum</em></strong></span> <span class='ocrx_word' id='word_1_13' title='bbox 628 517 946 579; x_wconf 84' lang='lat' dir='ltr'><strong><em>peccatores</em></strong></span> <span class='ocrx_word' id='word_1_14' title='bbox 960 523 1228 576; x_wconf 79' lang='lat' dir='ltr'><strong><em>essemus.</em></strong></span> <span class='ocrx_word' id='word_1_15' title='bbox 1240 517 1297 564; x_wconf 91' lang='lat' dir='ltr'><strong><em>et</em></strong></span> <span class='ocrx_word' id='word_1_16' title='bbox 1317 507 1645 579; x_wconf 74' lang='lat' dir='ltr'><strong><em>gloriilcaret</em></strong></span> <span class='ocrx_word' id='word_1_17' title='bbox 1661 524 1762 564; x_wconf 90' lang='lat' dir='ltr'><strong><em>nos</em></strong></span> <span class='ocrx_word' id='word_1_18' title='bbox 1781 524 1905 566; x_wconf 89' lang='lat' dir='ltr'><strong><em>cum</em></strong></span> <span class='ocrx_word' id='word_1_19' title='bbox 1919 519 2060 568; x_wconf 74' lang='lat' dir='ltr'><strong><em>mor-</em></strong></span> <span class='ocrx_word' id='word_1_20' title='bbox 2083 510 2137 573; x_wconf 74' lang='grc' dir='ltr'><strong>Α</strong></span> <span class='ocrx_word' id='word_1_21' title='bbox 2231 505 2414 578; x_wconf 70' lang='grc' dir='ltr'><strong><em>(Αυς.)</em></strong></span> <span class='ocrx_word' id='word_1_22' title='bbox 2455 505 2588 559; x_wconf 88' lang='lat' dir='ltr'><strong><em>Tam</em></strong></span> <span class='ocrx_word' id='word_1_23' title='bbox 2629 501 2869 572; x_wconf 81' lang='lat' dir='ltr'><strong><em>perfecta</em></strong></span> <span class='ocrx_word' id='word_1_24' title='bbox 2914 501 3002 554; x_wconf 88' lang='lat' dir='ltr'><strong><em>hic</em></strong></span> <span class='ocrx_word' id='word_1_25' title='bbox 3045 499 3140 552; x_wconf 79' lang='lat' dir='ltr'><strong><em>ﬁlii</em></strong></span> <span class='ocrx_word' id='word_1_26' title='bbox 3175 497 3470 552; x_wconf 69' lang='lat' dir='ltr'><strong><em>eminentia</em></strong></span> <span class='ocrx_word' id='word_1_27' title='bbox 3494 493 3748 550; x_wconf 73' lang='lat' dir='ltr'><strong><em>declara-</em></strong></span> 
     </span>
    </p>
   </div>
   <div class='ocr_carea' id='block_1_5' title="bbox 486 601 907 654">
    <p class='ocr_par' dir='ltr' id='par_1_5' title="bbox 486 601 907 654">
     <span class='ocr_line' id='line_1_5' title="bbox 486 601 907 654; baseline -0.002 0"><span class='ocrx_word' id='word_1_28' title='bbox 486 601 621 654; x_wconf 83' lang='lat' dir='ltr'>tales</span> <span class='ocrx_word' id='word_1_29' title='bbox 645 613 907 654; x_wconf 86' lang='lat' dir='ltr'><strong><em>essemus.</em></strong></span> 
     </span>
    </p>
   </div>
   <div class='ocr_carea' id='block_1_6' title="bbox 555 687 2053 762">
    <p class='ocr_par' dir='ltr' id='par_1_6' title="bbox 555 687 2053 762">
     <span class='ocr_line' id='line_1_6' title="bbox 555 687 2053 762; baseline 0.005 -20"><span class='ocrx_word' id='word_1_30' title='bbox 555 689 718 743; x_wconf 76' lang='lat' dir='ltr'><strong><em>Vsus.</em></strong></span> <span class='ocrx_word' id='word_1_31' title='bbox 750 689 835 744; x_wconf 77' lang='grc'><strong>52.</strong></span> <span class='ocrx_word' id='word_1_32' title='bbox 854 719 925 730; x_wconf 87' lang='grc'><strong><em>-</em></strong></span> <span class='ocrx_word' id='word_1_33' title='bbox 952 687 1209 744; x_wconf 75' lang='lat' dir='ltr'><strong><em>Tradidit.</em></strong></span> <span class='ocrx_word' id='word_1_34' title='bbox 1239 691 1445 746; x_wconf 91' lang='lat' dir='ltr'><strong><em>Dicitur</em></strong></span> <span class='ocrx_word' id='word_1_35' title='bbox 1473 692 1578 748; x_wconf 89' lang='lat' dir='ltr'><strong><em>hoc</em></strong></span> <span class='ocrx_word' id='word_1_36' title='bbox 1604 692 1730 762; x_wconf 86' lang='lat' dir='ltr'><strong><em>quia</em></strong></span> <span class='ocrx_word' id='word_1_37' title='bbox 1757 691 1915 747; x_wconf 86' lang='lat' dir='ltr'><strong><em>Pater</em></strong></span> <span class='ocrx_word' id='word_1_38' title='bbox 1939 699 2053 750; x_wconf 65' lang='lat' dir='ltr'><strong><em>trar-</em></strong></span> 
     </span>
    </p>
   </div>
   <div class='ocr_carea' id='block_1_7' title="bbox 482 782 2051 855">
    <p class='ocr_par' dir='ltr' id='par_1_7' title="bbox 482 782 2051 855">
     <span class='ocr_line' id='line_1_7' title="bbox 482 782 2051 855; baseline 0.001 -19"><span class='ocrx_word' id='word_1_39' title='bbox 482 782 617 837; x_wconf 90' lang='lat' dir='ltr'><strong><em>didit</em></strong></span> <span class='ocrx_word' id='word_1_40' title='bbox 647 783 841 838; x_wconf 88' lang='lat' dir='ltr'><strong><em>Filium</em></strong></span> <span class='ocrx_word' id='word_1_41' title='bbox 863 824 878 848; x_wconf 89' lang='lat'><strong><em>,</em></strong></span> <span class='ocrx_word' id='word_1_42' title='bbox 925 799 1111 839; x_wconf 89' lang='lat' dir='ltr'><strong><em>verum</em></strong></span> <span class='ocrx_word' id='word_1_43' title='bbox 1141 793 1329 840; x_wconf 89' lang='lat' dir='ltr'><strong><em>auctor</em></strong></span> <span class='ocrx_word' id='word_1_44' title='bbox 1367 785 1552 840; x_wconf 84' lang='lat' dir='ltr'><strong><em>calicis</em></strong></span> <span class='ocrx_word' id='word_1_45' title='bbox 1586 785 1744 855; x_wconf 80' lang='lat' dir='ltr'><strong><em>hujus</em></strong></span> <span class='ocrx_word' id='word_1_46' title='bbox 1776 793 1860 839; x_wconf 90' lang='lat' dir='ltr'><strong><em>est</em></strong></span> <span class='ocrx_word' id='word_1_47' title='bbox 1885 784 2051 839; x_wconf 91' lang='lat' dir='ltr'><strong><em>etiam</em></strong></span> 
     </span>
    </p>
   </div>
   <div class='ocr_carea' id='block_1_8' title="bbox 484 873 2048 944">
    <p class='ocr_par' dir='ltr' id='par_1_8' title="bbox 484 873 2048 944">
     <span class='ocr_line' id='line_1_8' title="bbox 484 873 2048 944; baseline 0.002 -17"><span class='ocrx_word' id='word_1_48' title='bbox 484 873 596 943; x_wconf 91' lang='lat' dir='ltr'><strong><em>ipse</em></strong></span> <span class='ocrx_word' id='word_1_49' title='bbox 622 875 711 943; x_wconf 87' lang='lat' dir='ltr'><strong><em>qui</em></strong></span> <span class='ocrx_word' id='word_1_50' title='bbox 747 874 902 928; x_wconf 89' lang='lat' dir='ltr'><strong><em>bibit.</em></strong></span> <span class='ocrx_word' id='word_1_51' title='bbox 931 873 1084 928; x_wconf 87' lang='lat' dir='ltr'>Unde</span> <span class='ocrx_word' id='word_1_52' title='bbox 1117 873 1438 944; x_wconf 81' lang='lat' dir='ltr'><strong><em>Apostolus:</em></strong></span> <span class='ocrx_word' id='word_1_53' title='bbox 1474 873 1709 929; x_wconf 76' lang='lat' dir='ltr'><strong><em>Christus</em></strong></span> <span class='ocrx_word' id='word_1_54' title='bbox 1735 875 1918 929; x_wconf 74' lang='lat' dir='ltr'><strong><em>dilexit</em></strong></span> <span class='ocrx_word' id='word_1_55' title='bbox 1938 891 2048 938; x_wconf 85' lang='lat' dir='ltr'><strong><em>nos,</em></strong></span> 
     </span>
    </p>
   </div>
   <div class='ocr_carea' id='block_1_9' title="bbox 481 962 2054 1036">
    <p class='ocr_par' dir='ltr' id='par_1_9' title="bbox 481 962 2054 1036">
     <span class='ocr_line' id='line_1_9' title="bbox 481 962 2054 1036; baseline 0.005 -20"><span class='ocrx_word' id='word_1_56' title='bbox 481 972 528 1016; x_wconf 86' lang='lat' dir='ltr'><strong><em>et</em></strong></span> <span class='ocrx_word' id='word_1_57' title='bbox 559 962 775 1016; x_wconf 87' lang='lat' dir='ltr'><strong><em>tradidit</em></strong></span> <span class='ocrx_word' id='word_1_58' title='bbox 819 965 1148 1034; x_wconf 73' lang='lat' dir='ltr'><strong><em>semetipsum</em></strong></span> <span class='ocrx_word' id='word_1_59' title='bbox 1190 982 1284 1034; x_wconf 90' lang='lat' dir='ltr'><strong><em>pro</em></strong></span> <span class='ocrx_word' id='word_1_60' title='bbox 1315 965 1459 1019; x_wconf 83' lang='lat' dir='ltr'><strong><em>nobis</em></strong></span> <span class='ocrx_word' id='word_1_61' title='bbox 1492 966 1706 1036; x_wconf 77' lang='lat' dir='ltr'><strong><em>(Epltes.</em></strong></span> <span class='ocrx_word' id='word_1_62' title='bbox 1733 966 1810 1036; x_wconf 90' lang='lat' dir='ltr'><strong><em>v).</em></strong></span> <span class='ocrx_word' id='word_1_63' title='bbox 1843 965 1900 1020; x_wconf 90' lang='lat' dir='ltr'><strong><em>Si</em></strong></span> <span class='ocrx_word' id='word_1_64' title='bbox 1923 979 2054 1034; x_wconf 70' lang='lat' dir='ltr'><strong><em>ergo</em></strong></span> 
     </span>
    </p>
   </div>
   <div class='ocr_carea' id='block_1_10' title="bbox 481 1053 2052 1126">
    <p class='ocr_par' dir='ltr' id='par_1_10' title="bbox 481 1053 2052 1126">
     <span class='ocr_line' id='line_1_10' title="bbox 481 1053 2052 1126; baseline 0.002 -19"><span class='ocrx_word' id='word_1_65' title='bbox 481 1053 642 1108; x_wconf 89' lang='lat' dir='ltr'><strong><em>Pater</em></strong></span> <span class='ocrx_word' id='word_1_66' title='bbox 672 1053 867 1108; x_wconf 88' lang='lat' dir='ltr'><strong><em>Filium</em></strong></span> <span class='ocrx_word' id='word_1_67' title='bbox 891 1055 1131 1120; x_wconf 84' lang='lat' dir='ltr'><strong><em>tradidit,</em></strong></span> <span class='ocrx_word' id='word_1_68' title='bbox 1159 1064 1212 1109; x_wconf 91' lang='lat' dir='ltr'><strong><em>et</em></strong></span> <span class='ocrx_word' id='word_1_69' title='bbox 1255 1055 1424 1110; x_wconf 90' lang='lat' dir='ltr'><strong><em>Filius</em></strong></span> <span class='ocrx_word' id='word_1_70' title='bbox 1453 1056 1709 1126; x_wconf 88' lang='lat' dir='ltr'><strong><em>seipsum,</em></strong></span> <span class='ocrx_word' id='word_1_71' title='bbox 1739 1054 1904 1110; x_wconf 73' lang='lat' dir='ltr'><strong><em>ludas</em></strong></span> <span class='ocrx_word' id='word_1_72' title='bbox 1923 1054 2052 1124; x_wconf 91' lang='lat' dir='ltr'><strong><em>quid</em></strong></span> 
     </span>
    </p>
   </div>
   <div class='ocr_carea' id='block_1_11' title="bbox 480 1143 2050 1211">
    <p class='ocr_par' dir='ltr' id='par_1_11' title="bbox 480 1143 2050 1211">
     <span class='ocr_line' id='line_1_11' title="bbox 480 1143 2050 1211; baseline 0.001 -14"><span class='ocrx_word' id='word_1_73' title='bbox 480 1143 644 1199; x_wconf 81' lang='lat' dir='ltr'><strong><em>fecit?</em></strong></span> <span class='ocrx_word' id='word_1_74' title='bbox 673 1145 830 1200; x_wconf 85' lang='lat' dir='ltr'><strong><em>Pater</em></strong></span> <span class='ocrx_word' id='word_1_75' title='bbox 853 1145 1114 1199; x_wconf 85' lang='lat' dir='ltr'><strong><em>tradendo</em></strong></span> <span class='ocrx_word' id='word_1_76' title='bbox 1142 1145 1360 1209; x_wconf 90' lang='lat' dir='ltr'><strong><em>Filium,</em></strong></span> <span class='ocrx_word' id='word_1_77' title='bbox 1391 1146 1529 1200; x_wconf 91' lang='lat' dir='ltr'><strong><em>bene</em></strong></span> <span class='ocrx_word' id='word_1_78' title='bbox 1555 1145 1716 1211; x_wconf 86' lang='lat' dir='ltr'><strong><em>fecit;</em></strong></span> <span class='ocrx_word' id='word_1_79' title='bbox 1741 1145 1911 1200; x_wconf 88' lang='lat' dir='ltr'><strong><em>Filius</em></strong></span> <span class='ocrx_word' id='word_1_80' title='bbox 1937 1154 2050 1200; x_wconf 86' lang='lat' dir='ltr'><strong><em>tra-</em></strong></span> 
     </span>
    </p>
   </div>
   <div class='ocr_carea' id='block_1_12' title="bbox 480 1235 2055 1308">
    <p class='ocr_par' dir='ltr' id='par_1_12' title="bbox 480 1235 2055 1308">
     <span class='ocr_line' id='line_1_12' title="bbox 480 1235 2055 1308; baseline 0.001 -17"><span class='ocrx_word' id='word_1_81' title='bbox 480 1237 654 1292; x_wconf 86' lang='lat' dir='ltr'><strong><em>dendo</em></strong></span> <span class='ocrx_word' id='word_1_82' title='bbox 690 1237 957 1306; x_wconf 87' lang='lat' dir='ltr'><strong><em>seipsum,</em></strong></span> <span class='ocrx_word' id='word_1_83' title='bbox 987 1238 1124 1292; x_wconf 87' lang='lat' dir='ltr'>bene</span> <span class='ocrx_word' id='word_1_84' title='bbox 1167 1235 1325 1302; x_wconf 81' lang='lat' dir='ltr'><strong><em>fecit;</em></strong></span> <span class='ocrx_word' id='word_1_85' title='bbox 1370 1235 1537 1292; x_wconf 74' lang='lat' dir='ltr'><strong><em>ludas</em></strong></span> <span class='ocrx_word' id='word_1_86' title='bbox 1585 1239 1844 1292; x_wconf 86' lang='lat' dir='ltr'><strong><em>tradendo</em></strong></span> <span class='ocrx_word' id='word_1_87' title='bbox 1886 1238 2055 1308; x_wconf 76' lang='lat' dir='ltr'><strong><em>magi-</em></strong></span> 
     </span>
    </p>
   </div>
   <div class='ocr_carea' id='block_1_13' title="bbox 461 1327 2054 1398">
    <p class='ocr_par' dir='ltr' id='par_1_13' title="bbox 461 1327 2054 1398">
     <span class='ocr_line' id='line_1_13' title="bbox 461 1327 2054 1398; baseline 0.003 -15"><span class='ocrx_word' id='word_1_88' title='bbox 461 1337 650 1383; x_wconf 88' lang='lat' dir='ltr'><strong><em>.strum</em></strong></span> <span class='ocrx_word' id='word_1_89' title='bbox 677 1344 774 1398; x_wconf 88' lang='lat' dir='ltr'><strong><em>pro</em></strong></span> <span class='ocrx_word' id='word_1_90' title='bbox 788 1328 1036 1392; x_wconf 85' lang='lat' dir='ltr'><strong><em>avaritia,</em></strong></span> <span class='ocrx_word' id='word_1_91' title='bbox 1066 1328 1206 1382; x_wconf 89' lang='lat' dir='ltr'><strong><em>male</em></strong></span> <span class='ocrx_word' id='word_1_92' title='bbox 1252 1327 1399 1383; x_wconf 86' lang='lat' dir='ltr'><strong><em>fecit.</em></strong></span> <span class='ocrx_word' id='word_1_93' title='bbox 1426 1327 1540 1383; x_wconf 86' lang='lat' dir='ltr'><strong><em>Non</em></strong></span> <span class='ocrx_word' id='word_1_94' title='bbox 1565 1329 1705 1384; x_wconf 90' lang='lat' dir='ltr'><strong><em>enim</em></strong></span> <span class='ocrx_word' id='word_1_95' title='bbox 1730 1330 1872 1398; x_wconf 90' lang='lat' dir='ltr'><strong><em>quod</em></strong></span> <span class='ocrx_word' id='word_1_96' title='bbox 1902 1329 2054 1388; x_wconf 75' lang='lat' dir='ltr'><strong><em>nobis</em></strong></span> 
     </span>
    </p>
   </div>
   <div class='ocr_carea' id='block_1_14' title="bbox 479 1416 2054 1487">
    <p class='ocr_par' dir='ltr' id='par_1_14' title="bbox 479 1416 2054 1487">
     <span class='ocr_line' id='line_1_14' title="bbox 479 1416 2054 1487; baseline 0.006 -20"><span class='ocrx_word' id='word_1_97' title='bbox 479 1417 779 1485; x_wconf 67' lang='lat' dir='ltr'><strong><em>praestitum</em></strong></span> <span class='ocrx_word' id='word_1_98' title='bbox 821 1421 903 1471; x_wconf 90' lang='lat' dir='ltr'>est</span> <span class='ocrx_word' id='word_1_99' title='bbox 949 1416 1015 1471; x_wconf 92' lang='lat' dir='ltr'><strong><em>de</em></strong></span> <span class='ocrx_word' id='word_1_100' title='bbox 1065 1417 1314 1487; x_wconf 82' lang='lat' dir='ltr'><strong><em>passione</em></strong></span> <span class='ocrx_word' id='word_1_101' title='bbox 1361 1417 1591 1481; x_wconf 83' lang='lat' dir='ltr'><strong><em>Christi,</em></strong></span> <span class='ocrx_word' id='word_1_102' title='bbox 1639 1419 1858 1473; x_wconf 72' lang='lat' dir='ltr'><strong><em>malitiae</em></strong></span> <span class='ocrx_word' id='word_1_103' title='bbox 1904 1418 2054 1476; x_wconf 72' lang='lat' dir='ltr'><strong><em>Iudae</em></strong></span> 
     </span>
    </p>
   </div>
   <div class='ocr_carea' id='block_1_15' title="bbox 481 1506 2053 1575">
    <p class='ocr_par' dir='ltr' id='par_1_15' title="bbox 481 1506 2053 1575">
     <span class='ocr_line' id='line_1_15' title="bbox 481 1506 2053 1575; baseline 0.003 -15"><span class='ocrx_word' id='word_1_104' title='bbox 481 1506 860 1574; x_wconf 78' lang='lat' dir='ltr'><strong><em>deputabitur;</em></strong></span> <span class='ocrx_word' id='word_1_105' title='bbox 888 1506 1106 1561; x_wconf 84' lang='lat' dir='ltr'><strong><em>habebit</em></strong></span> <span class='ocrx_word' id='word_1_106' title='bbox 1150 1506 1238 1562; x_wconf 91' lang='lat' dir='ltr'><strong><em>iUe</em></strong></span> <span class='ocrx_word' id='word_1_107' title='bbox 1272 1509 1574 1564; x_wconf 86' lang='lat' dir='ltr'>mercedem</span> <span class='ocrx_word' id='word_1_108' title='bbox 1613 1508 1864 1575; x_wconf 63' lang='lat' dir='ltr'><strong><em>malitiae,</em></strong></span> <span class='ocrx_word' id='word_1_109' title='bbox 1894 1508 2053 1564; x_wconf 85' lang='lat' dir='ltr'><strong><em>Chri-</em></strong></span> 
     </span>
    </p>
   </div>
   <div class='ocr_carea' id='block_1_16' title="bbox 480 1595 2052 1668">
    <p class='ocr_par' dir='ltr' id='par_1_16' title="bbox 480 1595 2052 1668">
     <span class='ocr_line' id='line_1_16' title="bbox 480 1595 2052 1668; baseline 0.004 -19"><span class='ocrx_word' id='word_1_110' title='bbox 480 1602 595 1650; x_wconf 88' lang='lat' dir='ltr'><strong>stus</strong></span> <span class='ocrx_word' id='word_1_111' title='bbox 620 1595 831 1651; x_wconf 88' lang='lat' dir='ltr'><strong><em>laudem</em></strong></span> <span class='ocrx_word' id='word_1_112' title='bbox 863 1597 1067 1668; x_wconf 79' lang='lat' dir='ltr'><strong><em>gratiae.</em></strong></span> <span class='ocrx_word' id='word_1_113' title='bbox 1099 1596 1309 1652; x_wconf 83' lang='lat' dir='ltr'><strong><em>Omnia.</em></strong></span> <span class='ocrx_word' id='word_1_114' title='bbox 1358 1598 1532 1655; x_wconf 84' lang='lat' dir='ltr'><strong><em>Minus</em></strong></span> <span class='ocrx_word' id='word_1_115' title='bbox 1558 1609 1641 1655; x_wconf 92' lang='lat' dir='ltr'><strong><em>est</em></strong></span> <span class='ocrx_word' id='word_1_116' title='bbox 1675 1601 1831 1656; x_wconf 90' lang='lat' dir='ltr'><strong><em>nobis</em></strong></span> <span class='ocrx_word' id='word_1_117' title='bbox 1871 1600 2052 1656; x_wconf 79' lang='lat' dir='ltr'><strong><em>omnia</em></strong></span> 
     </span>
    </p>
   </div>
   <div class='ocr_carea' id='block_1_17' title="bbox 480 1687 2052 1767">
    <p class='ocr_par' dir='ltr' id='par_1_17' title="bbox 480 1687 2052 1767">
     <span class='ocr_line' id='line_1_17' title="bbox 480 1687 2052 1767; baseline 0.005 -27"><span class='ocrx_word' id='word_1_118' title='bbox 480 1687 640 1751; x_wconf 90' lang='lat' dir='ltr'><strong><em>dare,</em></strong></span> <span class='ocrx_word' id='word_1_119' title='bbox 674 1702 832 1755; x_wconf 87' lang='lat' dir='ltr'><strong><em>quam</em></strong></span> <span class='ocrx_word' id='word_1_120' title='bbox 879 1687 1047 1742; x_wconf 82' lang='lat' dir='ltr'><strong><em>nostri</em></strong></span> <span class='ocrx_word' id='word_1_121' title='bbox 1093 1703 1255 1742; x_wconf 90' lang='lat' dir='ltr'><strong><em>causa</em></strong></span> <span class='ocrx_word' id='word_1_122' title='bbox 1311 1689 1471 1767; x_wconf 80' lang='lat' dir='ltr'><strong><em>morti</em></strong></span> <span class='ocrx_word' id='word_1_123' title='bbox 1515 1689 1788 1746; x_wconf 85' lang='lat' dir='ltr'><strong><em>Christum</em></strong></span> <span class='ocrx_word' id='word_1_124' title='bbox 1821 1691 2052 1748; x_wconf 60' lang='lat' dir='ltr'><strong><em>traderet</em></strong></span> 
     </span>
    </p>
   </div>
   <div class='ocr_carea' id='block_1_18' title="bbox 475 1775 2050 1849">
    <p class='ocr_par' dir='ltr' id='par_1_18' title="bbox 475 1775 2050 1849">
     <span class='ocr_line' id='line_1_18' title="bbox 475 1775 2050 1849; baseline 0.004 -19"><span class='ocrx_word' id='word_1_125' title='bbox 475 1775 660 1847; x_wconf 85' lang='lat' dir='ltr'><strong><em>Itaque</em></strong></span> <span class='ocrx_word' id='word_1_126' title='bbox 681 1778 859 1832; x_wconf 82' lang='lat' dir='ltr'><strong>omnia</strong></span> <span class='ocrx_word' id='word_1_127' title='bbox 893 1777 1170 1849; x_wconf 86' lang='lat' dir='ltr'><strong><em>superiora</em></strong></span> <span class='ocrx_word' id='word_1_128' title='bbox 1191 1819 1205 1843; x_wconf 98' lang='lat'><strong><em>,</em></strong></span> <span class='ocrx_word' id='word_1_129' title='bbox 1237 1779 1443 1834; x_wconf 88' lang='lat' dir='ltr'><strong><em>scilicet</em></strong></span> <span class='ocrx_word' id='word_1_130' title='bbox 1477 1779 1620 1836; x_wconf 89' lang='lat' dir='ltr'><strong>Deus</strong></span> <span class='ocrx_word' id='word_1_131' title='bbox 1668 1781 1911 1847; x_wconf 87' lang='lat' dir='ltr'><strong><em>trinitas,</em></strong></span> <span class='ocrx_word' id='word_1_132' title='bbox 1953 1796 2050 1838; x_wconf 81' lang='lat' dir='ltr'><strong><em>no-</em></strong></span> 
     </span>
    </p>
   </div>
   <div class='ocr_carea' id='block_1_19' title="bbox 2057 588 3746 665">
    <p class='ocr_par' dir='ltr' id='par_1_19' title="bbox 2057 588 3746 665">
     <span class='ocr_line' id='line_1_19' title="bbox 2057 588 3746 665; baseline -0.008 -12"><span class='ocrx_word' id='word_1_133' title='bbox 2057 623 2066 630; x_wconf 62' lang='grc' dir='ltr'>ε</span> <span class='ocrx_word' id='word_1_134' title='bbox 2156 607 2262 664; x_wconf 90' lang='lat' dir='ltr'><strong><em>tur,</em></strong></span> <span class='ocrx_word' id='word_1_135' title='bbox 2291 607 2421 661; x_wconf 86' lang='lat' dir='ltr'><strong><em>etc.,</em></strong></span> <span class='ocrx_word' id='word_1_136' title='bbox 2445 613 2606 665; x_wconf 78' lang='lat' dir='ltr'><strong><em>usque</em></strong></span> <span class='ocrx_word' id='word_1_137' title='bbox 2634 595 2739 649; x_wconf 84' lang='lat' dir='ltr'><strong><em>ad:</em></strong></span> <span class='ocrx_word' id='word_1_138' title='bbox 2774 593 3037 646; x_wconf 81' lang='lat' dir='ltr'><strong><em>Mediator</em></strong></span> <span class='ocrx_word' id='word_1_139' title='bbox 3063 589 3166 644; x_wconf 77' lang='lat' dir='ltr'><strong><em>Dei</em></strong></span> <span class='ocrx_word' id='word_1_140' title='bbox 3190 599 3240 644; x_wconf 80' lang='lat' dir='ltr'><strong><em>et</em></strong></span> <span class='ocrx_word' id='word_1_141' title='bbox 3260 590 3556 652; x_wconf 64' lang='lat' dir='ltr'><strong><em>Malim,</em></strong></span> <span class='ocrx_word' id='word_1_142' title='bbox 3583 588 3746 641; x_wconf 73' lang='lat' dir='ltr'><strong><em>homo</em></strong></span> 
     </span>
    </p>
   </div>
   <div class='ocr_carea' id='block_1_20' title="bbox 2104 683 2934 758">
    <p class='ocr_par' dir='ltr' id='par_1_20' title="bbox 2104 683 2934 758">
     <span class='ocr_line' id='line_1_20' title="bbox 2104 683 2934 758; baseline -0.011 -13"><span class='ocrx_word' id='word_1_143' title='bbox 2104 713 2118 730; x_wconf 73' lang='grc' dir='ltr'><strong>ο</strong></span> <span class='ocrx_word' id='word_1_144' title='bbox 2157 689 2395 745; x_wconf 74' lang='lat' dir='ltr'><strong><em>Christus</em></strong></span> <span class='ocrx_word' id='word_1_145' title='bbox 2418 688 2575 742; x_wconf 79' lang='lat' dir='ltr'><strong><em>Iesus</em></strong></span> <span class='ocrx_word' id='word_1_146' title='bbox 2597 686 2649 758; x_wconf 88' lang='grc' dir='ltr'><strong><em>(Ι</em></strong></span> <span class='ocrx_word' id='word_1_147' title='bbox 2677 686 2809 740; x_wconf 85' lang='lat' dir='ltr'><strong><em>Tim.</em></strong></span> <span class='ocrx_word' id='word_1_148' title='bbox 2848 683 2934 750; x_wconf 82' lang='grc' dir='ltr'><strong>ιι).</strong></span> 
     </span>
    </p>
   </div>
   <div class='ocr_carea' id='block_1_21' title="bbox 2227 767 3749 846">
    <p class='ocr_par' dir='ltr' id='par_1_21' title="bbox 2227 767 3749 846">
     <span class='ocr_line' id='line_1_21' title="bbox 2227 767 3749 846; baseline -0.009 -12"><span class='ocrx_word' id='word_1_149' title='bbox 2227 781 2390 834; x_wconf 75' lang='lat' dir='ltr'><strong><em>Vnus.</em></strong></span> <span class='ocrx_word' id='word_1_150' title='bbox 2422 779 2560 833; x_wconf 85' lang='lat'><strong><em>6.—</em></strong></span> <span class='ocrx_word' id='word_1_151' title='bbox 2589 778 2714 831; x_wconf 84' lang='lat' dir='ltr'><strong><em>Non</em></strong></span> <span class='ocrx_word' id='word_1_152' title='bbox 2741 787 2916 830; x_wconf 77' lang='lat' dir='ltr'><strong><em>autem</em></strong></span> <span class='ocrx_word' id='word_1_153' title='bbox 2942 773 3080 846; x_wconf 78' lang='lat' dir='ltr'><strong><em>quod</em></strong></span> <span class='ocrx_word' id='word_1_154' title='bbox 3108 772 3382 827; x_wconf 71' lang='lat' dir='ltr'><strong><em>exciderit.</em></strong></span> <span class='ocrx_word' id='word_1_155' title='bbox 3415 767 3749 826; x_wconf 82' lang='lat' dir='ltr'><strong><em>Consolatur</em></strong></span> 
     </span>
    </p>
   </div>
   <div class='ocr_carea' id='block_1_22' title="bbox 2155 861 3747 938">
    <p class='ocr_par' dir='ltr' id='par_1_22' title="bbox 2155 861 3747 938">
     <span class='ocr_line' id='line_1_22' title="bbox 2155 861 3747 938; baseline -0.008 -12"><span class='ocrx_word' id='word_1_156' title='bbox 2155 871 2393 926; x_wconf 85' lang='lat' dir='ltr'><strong><em>dolorem</em></strong></span> <span class='ocrx_word' id='word_1_157' title='bbox 2420 886 2574 926; x_wconf 92' lang='lat' dir='ltr'><strong><em>suum</em></strong></span> <span class='ocrx_word' id='word_1_158' title='bbox 2597 866 3063 938; x_wconf 52' lang='lat' dir='ltr'><strong><em>Apostolusﬁuis</em></strong></span> <span class='ocrx_word' id='word_1_159' title='bbox 3077 865 3224 920; x_wconf 78' lang='lat' dir='ltr'><strong><em>enim</em></strong></span> <span class='ocrx_word' id='word_1_160' title='bbox 3250 863 3469 934; x_wconf 80' lang='lat' dir='ltr'><strong><em>plangat</em></strong></span> <span class='ocrx_word' id='word_1_161' title='bbox 3493 876 3623 916; x_wconf 82' lang='lat' dir='ltr'><strong><em>eum</em></strong></span> <span class='ocrx_word' id='word_1_162' title='bbox 3649 861 3747 928; x_wconf 85' lang='lat' dir='ltr'><strong>qui</strong></span> 
     </span>
    </p>
   </div>
   <div class='ocr_carea' id='block_1_23' title="bbox 2153 954 3748 1023">
    <p class='ocr_par' dir='ltr' id='par_1_23' title="bbox 2153 954 3748 1023">
     <span class='ocr_line' id='line_1_23' title="bbox 2153 954 3748 1023; baseline -0.006 -7"><span class='ocrx_word' id='word_1_163' title='bbox 2153 962 2282 1016; x_wconf 91' lang='lat' dir='ltr'><strong><em>olim</em></strong></span> <span class='ocrx_word' id='word_1_164' title='bbox 2309 973 2553 1016; x_wconf 81' lang='lat' dir='ltr'><strong><em>mortuus</em></strong></span> <span class='ocrx_word' id='word_1_165' title='bbox 2591 961 2922 1023; x_wconf 76' lang='lat' dir='ltr'><strong><em>habebatur;</em></strong></span> <span class='ocrx_word' id='word_1_166' title='bbox 2957 959 3058 1014; x_wconf 88' lang='lat' dir='ltr'><strong><em>hos-</em></strong></span> <span class='ocrx_word' id='word_1_167' title='bbox 3091 956 3222 1012; x_wconf 90' lang='lat' dir='ltr'><strong><em>olim</em></strong></span> <span class='ocrx_word' id='word_1_168' title='bbox 3261 956 3407 1010; x_wconf 81' lang='lat' dir='ltr'><strong><em>Deus</em></strong></span> <span class='ocrx_word' id='word_1_169' title='bbox 3445 954 3748 1008; x_wconf 86' lang='lat' dir='ltr'><strong><em>salvandos</em></strong></span> 
     </span>
    </p>
   </div>
   <div class='ocr_carea' id='block_1_24' title="bbox 2155 1053 3748 1123">
    <p class='ocr_par' dir='ltr' id='par_1_24' title="bbox 2155 1053 3748 1123">
     <span class='ocr_line' id='line_1_24' title="bbox 2155 1053 3748 1123; baseline -0.007 -15"><span class='ocrx_word' id='word_1_170' title='bbox 2155 1068 2267 1108; x_wconf 91' lang='lat' dir='ltr'><strong><em>non</em></strong></span> <span class='ocrx_word' id='word_1_171' title='bbox 2326 1055 2566 1109; x_wconf 81' lang='lat' dir='ltr'><strong><em>decrevit</em></strong></span> <span class='ocrx_word' id='word_1_172' title='bbox 2601 1053 2890 1123; x_wconf 64' lang='lat' dir='ltr'><strong><em>praescius,</em></strong></span> <span class='ocrx_word' id='word_1_173' title='bbox 2939 1067 3044 1106; x_wconf 92' lang='lat' dir='ltr'><strong><em>non</em></strong></span> <span class='ocrx_word' id='word_1_174' title='bbox 3076 1063 3432 1120; x_wconf 85' lang='lat' dir='ltr'><strong><em>personarum</em></strong></span> <span class='ocrx_word' id='word_1_175' title='bbox 3465 1055 3748 1114; x_wconf 82' lang='lat' dir='ltr'><strong><em>acceptor.</em></strong></span> 
     </span>
    </p>
   </div>
   <div class='ocr_carea' id='block_1_25' title="bbox 2153 1138 3753 1212">
    <p class='ocr_par' dir='ltr' id='par_1_25' title="bbox 2153 1138 3753 1212">
     <span class='ocr_line' id='line_1_25' title="bbox 2153 1138 3753 1212; baseline -0.005 -15"><span class='ocrx_word' id='word_1_176' title='bbox 2153 1141 2366 1198; x_wconf 86' lang='lat' dir='ltr'><strong><em>Nullum</em></strong></span> <span class='ocrx_word' id='word_1_177' title='bbox 2405 1145 2548 1198; x_wconf 90' lang='lat' dir='ltr'><strong><em>enim</em></strong></span> <span class='ocrx_word' id='word_1_178' title='bbox 2580 1144 2801 1198; x_wconf 86' lang='lat' dir='ltr'><strong><em>damnat</em></strong></span> <span class='ocrx_word' id='word_1_179' title='bbox 2845 1151 3136 1212; x_wconf 85' lang='lat' dir='ltr'><strong><em>antequam</em></strong></span> <span class='ocrx_word' id='word_1_180' title='bbox 3163 1148 3378 1210; x_wconf 82' lang='lat' dir='ltr'>peccet,</span> <span class='ocrx_word' id='word_1_181' title='bbox 3418 1138 3629 1193; x_wconf 79' lang='lat' dir='ltr'><strong><em>nullum</em></strong></span> <span class='ocrx_word' id='word_1_182' title='bbox 3656 1151 3753 1190; x_wconf 86' lang='lat' dir='ltr'><strong><em>co-</em></strong></span> 
     </span>
    </p>
   </div>
   <div class='ocr_carea' id='block_1_26' title="bbox 2154 1227 3749 1304">
    <p class='ocr_par' dir='ltr' id='par_1_26' title="bbox 2154 1227 3749 1304">
     <span class='ocr_line' id='line_1_26' title="bbox 2154 1227 3749 1304; baseline -0.006 -17"><span class='ocrx_word' id='word_1_183' title='bbox 2154 1244 2314 1288; x_wconf 86' lang='lat' dir='ltr'><strong><em>ronat</em></strong></span> <span class='ocrx_word' id='word_1_184' title='bbox 2353 1242 2640 1304; x_wconf 82' lang='lat' dir='ltr'><strong><em>antequam</em></strong></span> <span class='ocrx_word' id='word_1_185' title='bbox 2681 1235 2892 1299; x_wconf 82' lang='lat' dir='ltr'><strong><em>vincat;</em></strong></span> <span class='ocrx_word' id='word_1_186' title='bbox 2943 1233 3037 1288; x_wconf 89' lang='lat' dir='ltr'><strong><em>sed</em></strong></span> <span class='ocrx_word' id='word_1_187' title='bbox 3077 1231 3416 1302; x_wconf 73' lang='lat' dir='ltr'><strong><em>prazscientia</em></strong></span> <span class='ocrx_word' id='word_1_188' title='bbox 3459 1227 3749 1284; x_wconf 80' lang='lat' dir='ltr'><strong><em>deﬁnitum</em></strong></span> 
     </span>
    </p>
   </div>
   <div class='ocr_carea' id='block_1_27' title="bbox 2149 1322 3751 1395">
    <p class='ocr_par' dir='ltr' id='par_1_27' title="bbox 2149 1322 3751 1395">
     <span class='ocr_line' id='line_1_27' title="bbox 2149 1322 3751 1395; baseline -0.005 -17"><span class='ocrx_word' id='word_1_189' title='bbox 2149 1324 2352 1389; x_wconf 82' lang='lat' dir='ltr'><strong><em>habet,</em></strong></span> <span class='ocrx_word' id='word_1_190' title='bbox 2385 1325 2561 1395; x_wconf 90' lang='lat' dir='ltr'><strong><em>qualis</em></strong></span> <span class='ocrx_word' id='word_1_191' title='bbox 2585 1325 2878 1394; x_wconf 87' lang='lat' dir='ltr'><strong><em>unicuique</em></strong></span> <span class='ocrx_word' id='word_1_192' title='bbox 2915 1322 3094 1379; x_wconf 79' lang='lat' dir='ltr'><strong><em>futura</em></strong></span> <span class='ocrx_word' id='word_1_193' title='bbox 3121 1325 3193 1378; x_wconf 89' lang='lat' dir='ltr'><strong><em>sit</em></strong></span> <span class='ocrx_word' id='word_1_194' title='bbox 3222 1323 3499 1385; x_wconf 76' lang='lat' dir='ltr'><strong><em>voluntas,</em></strong></span> <span class='ocrx_word' id='word_1_195' title='bbox 3538 1335 3610 1375; x_wconf 82' lang='lat' dir='ltr'><strong><em>ex</em></strong></span> <span class='ocrx_word' id='word_1_196' title='bbox 3644 1333 3751 1388; x_wconf 81' lang='lat' dir='ltr'><strong><em>qua</em></strong></span> 
     </span>
    </p>
   </div>
   <div class='ocr_carea' id='block_1_28' title="bbox 2149 1413 3750 1483">
    <p class='ocr_par' dir='ltr' id='par_1_28' title="bbox 2149 1413 3750 1483">
     <span class='ocr_line' id='line_1_28' title="bbox 2149 1413 3750 1483; baseline -0.003 -13"><span class='ocrx_word' id='word_1_197' title='bbox 2149 1415 2441 1472; x_wconf 85' lang='lat' dir='ltr'><strong><em>damnetur</em></strong></span> <span class='ocrx_word' id='word_1_198' title='bbox 2486 1417 2572 1472; x_wconf 90' lang='lat' dir='ltr'><strong><em>vel</em></strong></span> <span class='ocrx_word' id='word_1_199' title='bbox 2616 1428 2925 1473; x_wconf 89' lang='lat' dir='ltr'><strong><em>coronetur.</em></strong></span> <span class='ocrx_word' id='word_1_200' title='bbox 2963 1417 3097 1483; x_wconf 88' lang='lat' dir='ltr'><strong><em>Quia</em></strong></span> <span class='ocrx_word' id='word_1_201' title='bbox 3141 1416 3357 1472; x_wconf 84' lang='lat' dir='ltr'><strong><em>dolebat</em></strong></span> <span class='ocrx_word' id='word_1_202' title='bbox 3401 1416 3468 1470; x_wconf 90' lang='lat' dir='ltr'><strong><em>de</em></strong></span> <span class='ocrx_word' id='word_1_203' title='bbox 3506 1413 3750 1476; x_wconf 68' lang='lat' dir='ltr'><strong><em>Iudaeis,</em></strong></span> 
     </span>
    </p>
   </div>
   <div class='ocr_carea' id='block_1_29' title="bbox 2154 1507 3754 1578">
    <p class='ocr_par' dir='ltr' id='par_1_29' title="bbox 2154 1507 3754 1578">
     <span class='ocr_line' id='line_1_29' title="bbox 2154 1507 3754 1578; baseline -0.003 -15"><span class='ocrx_word' id='word_1_204' title='bbox 2154 1507 2466 1564; x_wconf 86' lang='lat' dir='ltr'><strong><em>consolatur</em></strong></span> <span class='ocrx_word' id='word_1_205' title='bbox 2491 1523 2580 1574; x_wconf 90' lang='lat' dir='ltr'><strong><em>se,</em></strong></span> <span class='ocrx_word' id='word_1_206' title='bbox 2622 1508 2901 1564; x_wconf 88' lang='lat' dir='ltr'><strong><em>inveniens</em></strong></span> <span class='ocrx_word' id='word_1_207' title='bbox 2932 1509 3236 1578; x_wconf 86' lang='lat' dir='ltr'><strong><em>scriptum:</em></strong></span> <span class='ocrx_word' id='word_1_208' title='bbox 3263 1521 3369 1561; x_wconf 88' lang='lat' dir='ltr'><strong><em>non</em></strong></span> <span class='ocrx_word' id='word_1_209' title='bbox 3403 1521 3599 1560; x_wconf 86' lang='lat' dir='ltr'><strong><em>omnes</em></strong></span> <span class='ocrx_word' id='word_1_210' title='bbox 3629 1517 3754 1558; x_wconf 81' lang='lat' dir='ltr'><strong><em>esse</em></strong></span> 
     </span>
    </p>
   </div>
   <div class='ocr_carea' id='block_1_30' title="bbox 2157 1593 3756 1664">
    <p class='ocr_par' dir='ltr' id='par_1_30' title="bbox 2157 1593 3756 1664">
     <span class='ocr_line' id='line_1_30' title="bbox 2157 1593 3756 1664; baseline -0.004 -11"><span class='ocrx_word' id='word_1_211' title='bbox 2157 1599 2472 1664; x_wconf 89' lang='lat' dir='ltr'><strong><em>salvandos,</em></strong></span> <span class='ocrx_word' id='word_1_212' title='bbox 2505 1599 2598 1653; x_wconf 90' lang='lat' dir='ltr'><strong><em>sed</em></strong></span> <span class='ocrx_word' id='word_1_213' title='bbox 2630 1607 2842 1653; x_wconf 91' lang='lat' dir='ltr'><strong><em>tantum</em></strong></span> <span class='ocrx_word' id='word_1_214' title='bbox 2871 1597 3076 1652; x_wconf 88' lang='lat' dir='ltr'><strong><em>similes</em></strong></span> <span class='ocrx_word' id='word_1_215' title='bbox 3105 1597 3273 1651; x_wconf 82' lang='lat' dir='ltr'><strong><em>Isaac.</em></strong></span> <span class='ocrx_word' id='word_1_216' title='bbox 3305 1596 3363 1650; x_wconf 95' lang='lat' dir='ltr'><strong><em>ln</em></strong></span> <span class='ocrx_word' id='word_1_217' title='bbox 3391 1596 3476 1650; x_wconf 88' lang='lat' dir='ltr'><strong><em>bis</em></strong></span> <span class='ocrx_word' id='word_1_218' title='bbox 3504 1593 3756 1649; x_wconf 76' lang='lat' dir='ltr'><strong><em>ostendit</em></strong></span> 
     </span>
    </p>
   </div>
   <div class='ocr_carea' id='block_1_31' title="bbox 2157 1685 3754 1759">
    <p class='ocr_par' dir='ltr' id='par_1_31' title="bbox 2157 1685 3754 1759">
     <span class='ocr_line' id='line_1_31' title="bbox 2157 1685 3754 1759; baseline -0.004 -16"><span class='ocrx_word' id='word_1_219' title='bbox 2157 1688 2300 1758; x_wconf 90' lang='lat' dir='ltr'><strong><em>quod</em></strong></span> <span class='ocrx_word' id='word_1_220' title='bbox 2327 1689 2438 1744; x_wconf 89' lang='lat' dir='ltr'><strong><em>sola</em></strong></span> <span class='ocrx_word' id='word_1_221' title='bbox 2461 1691 2634 1759; x_wconf 85' lang='lat' dir='ltr'><strong><em>gratia</em></strong></span> <span class='ocrx_word' id='word_1_222' title='bbox 2657 1690 2749 1744; x_wconf 89' lang='lat' dir='ltr'><strong><em>Dei</em></strong></span> <span class='ocrx_word' id='word_1_223' title='bbox 2774 1690 2937 1744; x_wconf 81' lang='lat' dir='ltr'><strong><em>faciet</em></strong></span> <span class='ocrx_word' id='word_1_224' title='bbox 2955 1689 3095 1744; x_wconf 81' lang='lat' dir='ltr'><strong><em>ﬁlios</em></strong></span> <span class='ocrx_word' id='word_1_225' title='bbox 3117 1689 3234 1743; x_wconf 86' lang='lat' dir='ltr'><strong><em>Dei.</em></strong></span> <span class='ocrx_word' id='word_1_226' title='bbox 3262 1687 3385 1742; x_wconf 84' lang='lat' dir='ltr'><strong><em>Non</em></strong></span> <span class='ocrx_word' id='word_1_227' title='bbox 3407 1698 3584 1741; x_wconf 74' lang='lat' dir='ltr'><strong><em>autem</em></strong></span> <span class='ocrx_word' id='word_1_228' title='bbox 3609 1685 3754 1756; x_wconf 81' lang='lat' dir='ltr'><strong><em>quod</em></strong></span> 
     </span>
    </p>
   </div>
   <div class='ocr_carea' id='block_1_32' title="bbox 2155 1779 3794 1850">
    <p class='ocr_par' dir='ltr' id='par_1_32' title="bbox 2155 1779 3794 1850">
     <span class='ocr_line' id='line_1_32' title="bbox 2155 1779 3794 1850; baseline -0.001 -18"><span class='ocrx_word' id='word_1_229' title='bbox 2155 1779 2407 1834; x_wconf 61' lang='lat' dir='ltr'><strong><em>exciderit</em></strong></span> <span class='ocrx_word' id='word_1_230' title='bbox 2439 1781 2646 1834; x_wconf 82' lang='lat' dir='ltr'><strong><em>verbum</em></strong></span> <span class='ocrx_word' id='word_1_231' title='bbox 2668 1780 2784 1834; x_wconf 85' lang='lat' dir='ltr'><strong><em>Dei.</em></strong></span> <span class='ocrx_word' id='word_1_232' title='bbox 2819 1780 2898 1834; x_wconf 81' lang='lat' dir='ltr'><strong>Ex</strong></span> <span class='ocrx_word' id='word_1_233' title='bbox 2947 1781 3050 1835; x_wconf 90' lang='lat' dir='ltr'><strong><em>hoc</em></strong></span> <span class='ocrx_word' id='word_1_234' title='bbox 3094 1779 3239 1850; x_wconf 62' lang='grc' dir='ltr'><strong><em>ψισὰ</em></strong></span> <span class='ocrx_word' id='word_1_235' title='bbox 3280 1779 3417 1833; x_wconf 79' lang='lat' dir='ltr'><strong><em>dixit</em></strong></span> <span class='ocrx_word' id='word_1_236' title='bbox 3442 1779 3594 1848; x_wconf 88' lang='lat' dir='ltr'><strong><em>quod</em></strong></span> <span class='ocrx_word' id='word_1_237' title='bbox 3627 1793 3756 1845; x_wconf 90' lang='lat' dir='ltr'><strong><em>pro-</em></strong></span> <span class='ocrx_word' id='word_1_238' title='bbox 3785 1815 3794 1824; x_wconf 67' lang='grc' dir='ltr'><strong>ς</strong></span> 
     </span>
    </p>
   </div>
   <div class='ocr_carea' id='block_1_33' title="bbox 476 1859 2049 1947">
    <p class='ocr_par' dir='ltr' id='par_1_33' title="bbox 476 1871 2047 1947">
     <span class='ocr_line' id='line_1_33' title="bbox 476 1871 2047 1947; baseline 0.006 -23"><span class='ocrx_word' id='word_1_239' title='bbox 476 1876 588 1924; x_wconf 90' lang='lat' dir='ltr'><strong><em>stra</em></strong></span> <span class='ocrx_word' id='word_1_240' title='bbox 639 1881 762 1925; x_wconf 93' lang='lat' dir='ltr'><strong><em>sunt</em></strong></span> <span class='ocrx_word' id='word_1_241' title='bbox 806 1871 872 1926; x_wconf 90' lang='lat' dir='ltr'><strong><em>ad</em></strong></span> <span class='ocrx_word' id='word_1_242' title='bbox 922 1873 1210 1928; x_wconf 90' lang='lat' dir='ltr'><strong><em>videndum</em></strong></span> <span class='ocrx_word' id='word_1_243' title='bbox 1256 1875 1370 1932; x_wconf 85' lang='lat' dir='ltr'><strong><em>sive</em></strong></span> <span class='ocrx_word' id='word_1_244' title='bbox 1414 1875 1720 1932; x_wconf 82' lang='lat' dir='ltr'><strong><em>fruendum.</em></strong></span> <span class='ocrx_word' id='word_1_245' title='bbox 1762 1876 2047 1947; x_wconf 69' lang='lat' dir='ltr'><strong><em>IEqualia,</em></strong></span> 
     </span>
    </p>
   </div>
   <div class='ocr_carea' id='block_1_34' title="bbox 2165 1859 3755 1947">
    <p class='ocr_par' dir='ltr' id='par_1_34' title="bbox 2165 1867 3755 1947">
     <span class='ocr_line' id='line_1_34' title="bbox 2165 1867 3755 1947; baseline -0.001 -25"><span class='ocrx_word' id='word_1_246' title='bbox 2165 1869 2346 1924; x_wconf 90' lang='lat' dir='ltr'><strong><em>missio</em></strong></span> <span class='ocrx_word' id='word_1_247' title='bbox 2372 1879 2590 1924; x_wconf 71' lang='lat' dir='ltr'><strong><em>aeternae</em></strong></span> <span class='ocrx_word' id='word_1_248' title='bbox 2621 1870 2954 1947; x_wconf 79' lang='lat' dir='ltr'><strong><em>haereditatis</em></strong></span> <span class='ocrx_word' id='word_1_249' title='bbox 2988 1869 3130 1925; x_wconf 82' lang='lat' dir='ltr'><strong><em>facta</em></strong></span> <span class='ocrx_word' id='word_1_250' title='bbox 3158 1879 3244 1925; x_wconf 86' lang='lat' dir='ltr'><strong><em>est</em></strong></span> <span class='ocrx_word' id='word_1_251' title='bbox 3268 1868 3486 1933; x_wconf 64' lang='lat' dir='ltr'><strong><em>ludatis,</em></strong></span> <span class='ocrx_word' id='word_1_252' title='bbox 3513 1868 3613 1938; x_wconf 87' lang='lat' dir='ltr'><strong><em>qui</em></strong></span> <span class='ocrx_word' id='word_1_253' title='bbox 3649 1867 3755 1937; x_wconf 84' lang='lat' dir='ltr'><strong><em>ipsi</em></strong></span> 
     </span>
    </p>
   </div>
   <div class='ocr_carea' id='block_1_35' title="bbox 476 1961 2054 2034">
    <p class='ocr_par' dir='ltr' id='par_1_35' title="bbox 476 1961 2054 2034">
     <span class='ocr_line' id='line_1_35' title="bbox 476 1961 2054 2034; baseline 0.006 -21"><span class='ocrx_word' id='word_1_254' title='bbox 476 1961 681 2016; x_wconf 89' lang='lat' dir='ltr'>scilicet</span> <span class='ocrx_word' id='word_1_255' title='bbox 721 1962 893 2034; x_wconf 81' lang='lat' dir='ltr'><strong><em>angeli</em></strong></span> <span class='ocrx_word' id='word_1_256' title='bbox 919 1964 1114 2032; x_wconf 88' lang='lat' dir='ltr'><strong><em>quibus</em></strong></span> <span class='ocrx_word' id='word_1_257' title='bbox 1153 1966 1487 2034; x_wconf 73' lang='lat' dir='ltr'><strong><em>aequabimur</em></strong></span> <span class='ocrx_word' id='word_1_258' title='bbox 1513 1968 1565 2021; x_wconf 93' lang='lat' dir='ltr'>in</span> <span class='ocrx_word' id='word_1_259' title='bbox 1597 1967 1778 2022; x_wconf 85' lang='lat' dir='ltr'><strong><em>futuro</em></strong></span> <span class='ocrx_word' id='word_1_260' title='bbox 1828 1968 1898 2022; x_wconf 85' lang='lat' dir='ltr'><strong><em>ad</em></strong></span> <span class='ocrx_word' id='word_1_261' title='bbox 1925 1982 2054 2023; x_wconf 86' lang='lat' dir='ltr'><strong><em>con-</em></strong></span> 
     </span>
    </p>
   </div>
   <div class='ocr_carea' id='block_1_36' title="bbox 473 2051 2055 2119">
    <p class='ocr_par' dir='ltr' id='par_1_36' title="bbox 473 2051 2055 2119">
     <span class='ocr_line' id='line_1_36' title="bbox 473 2051 2055 2119; baseline 0.009 -16"><span class='ocrx_word' id='word_1_262' title='bbox 473 2051 790 2119; x_wconf 87' lang='lat' dir='ltr'><strong><em>vivendum,</em></strong></span> <span class='ocrx_word' id='word_1_263' title='bbox 844 2056 1001 2110; x_wconf 90' lang='lat' dir='ltr'><strong><em>modo</em></strong></span> <span class='ocrx_word' id='word_1_264' title='bbox 1041 2071 1170 2111; x_wconf 90' lang='lat' dir='ltr'><strong><em>vero</em></strong></span> <span class='ocrx_word' id='word_1_265' title='bbox 1215 2073 1399 2113; x_wconf 89' lang='lat' dir='ltr'><strong><em>sumus</em></strong></span> <span class='ocrx_word' id='word_1_266' title='bbox 1445 2057 1749 2115; x_wconf 82' lang='lat' dir='ltr'><strong><em>inferiores.</em></strong></span> <span class='ocrx_word' id='word_1_267' title='bbox 1791 2058 2055 2118; x_wconf 83' lang='lat' dir='ltr'><strong><em>Inferiora</em></strong></span> 
     </span>
    </p>
   </div>
   <div class='ocr_carea' id='block_1_37' title="bbox 475 2148 2056 2212">
    <p class='ocr_par' dir='ltr' id='par_1_37' title="bbox 475 2148 2056 2212">
     <span class='ocr_line' id='line_1_37' title="bbox 475 2148 2056 2212; baseline 0.007 -17"><span class='ocrx_word' id='word_1_268' title='bbox 475 2157 689 2212; x_wconf 88' lang='lat' dir='ltr'><strong><em>quoque</em></strong></span> <span class='ocrx_word' id='word_1_269' title='bbox 735 2153 917 2199; x_wconf 91' lang='lat' dir='ltr'><strong><em>nostra</em></strong></span> <span class='ocrx_word' id='word_1_270' title='bbox 955 2157 1078 2200; x_wconf 87' lang='lat' dir='ltr'><strong><em>sunt</em></strong></span> <span class='ocrx_word' id='word_1_271' title='bbox 1125 2148 1193 2202; x_wconf 89' lang='lat' dir='ltr'><strong><em>ad</em></strong></span> <span class='ocrx_word' id='word_1_272' title='bbox 1243 2149 1642 2204; x_wconf 87' lang='lat' dir='ltr'><strong><em>dominandum.</em></strong></span> <span class='ocrx_word' id='word_1_273' title='bbox 1694 2149 1762 2204; x_wconf 89' lang='lat' dir='ltr'><strong><em>Et</em></strong></span> <span class='ocrx_word' id='word_1_274' title='bbox 1806 2150 2056 2206; x_wconf 88' lang='lat' dir='ltr'><strong><em>similiter</em></strong></span> 
     </span>
    </p>
   </div>
   <div class='ocr_carea' id='block_1_38' title="bbox 475 2234 2056 2308">
    <p class='ocr_par' dir='ltr' id='par_1_38' title="bbox 475 2234 2056 2308">
     <span class='ocr_line' id='line_1_38' title="bbox 475 2234 2056 2308; baseline 0.006 -22"><span class='ocrx_word' id='word_1_275' title='bbox 475 2234 721 2302; x_wconf 83' lang='lat' dir='ltr'><strong><em>quaedam</em></strong></span> <span class='ocrx_word' id='word_1_276' title='bbox 766 2234 927 2289; x_wconf 88' lang='lat' dir='ltr'><strong><em>etiam</em></strong></span> <span class='ocrx_word' id='word_1_277' title='bbox 968 2237 1273 2305; x_wconf 86' lang='lat' dir='ltr'><strong><em>superiora,</em></strong></span> <span class='ocrx_word' id='word_1_278' title='bbox 1330 2247 1390 2291; x_wconf 91' lang='lat' dir='ltr'><strong><em>ut</em></strong></span> <span class='ocrx_word' id='word_1_279' title='bbox 1437 2238 1694 2294; x_wconf 87' lang='lat' dir='ltr'><strong><em>sublimes</em></strong></span> <span class='ocrx_word' id='word_1_280' title='bbox 1742 2239 1949 2308; x_wconf 78' lang='lat' dir='ltr'><strong><em>angeli,</em></strong></span> <span class='ocrx_word' id='word_1_281' title='bbox 1999 2247 2056 2296; x_wconf 72' lang='lat' dir='ltr'><strong><em>et</em></strong></span> 
     </span>
    </p>
   </div>
   <div class='ocr_carea' id='block_1_39' title="bbox 473 2323 2056 2395">
    <p class='ocr_par' dir='ltr' id='par_1_39' title="bbox 473 2323 2056 2395">
     <span class='ocr_line' id='line_1_39' title="bbox 473 2323 2056 2395; baseline 0.006 -19"><span class='ocrx_word' id='word_1_282' title='bbox 473 2323 727 2379; x_wconf 86' lang='lat' dir='ltr'><strong><em>universa</em></strong></span> <span class='ocrx_word' id='word_1_283' title='bbox 770 2325 1066 2380; x_wconf 89' lang='lat' dir='ltr'><strong><em>ministeria</em></strong></span> <span class='ocrx_word' id='word_1_284' title='bbox 1099 2325 1338 2381; x_wconf 76' lang='lat' dir='ltr'><strong><em>ccelestia</em></strong></span> <span class='ocrx_word' id='word_1_285' title='bbox 1389 2327 1482 2382; x_wconf 90' lang='lat' dir='ltr'><strong><em>Dei</em></strong></span> <span class='ocrx_word' id='word_1_286' title='bbox 1530 2337 1714 2383; x_wconf 88' lang='lat' dir='ltr'><strong><em>nostra</em></strong></span> <span class='ocrx_word' id='word_1_287' title='bbox 1747 2337 1904 2395; x_wconf 88' lang='lat' dir='ltr'><strong><em>sunt,</em></strong></span> <span class='ocrx_word' id='word_1_288' title='bbox 1943 2343 2056 2386; x_wconf 76' lang='lat' dir='ltr'><strong><em>non</em></strong></span> 
     </span>
    </p>
   </div>
   <div class='ocr_carea' id='block_1_40' title="bbox 474 2417 2054 2496">
    <p class='ocr_par' dir='ltr' id='par_1_40' title="bbox 474 2417 2054 2496">
     <span class='ocr_line' id='line_1_40' title="bbox 474 2417 2054 2496; baseline 0.003 -25"><span class='ocrx_word' id='word_1_289' title='bbox 474 2417 746 2483; x_wconf 91' lang='lat' dir='ltr'><strong><em>dominio,</em></strong></span> <span class='ocrx_word' id='word_1_290' title='bbox 793 2418 886 2473; x_wconf 89' lang='lat' dir='ltr'><strong><em>sed</em></strong></span> <span class='ocrx_word' id='word_1_291' title='bbox 932 2434 1031 2473; x_wconf 92' lang='lat' dir='ltr'><strong><em>usu</em></strong></span> <span class='ocrx_word' id='word_1_292' title='bbox 1065 2435 1080 2484; x_wconf 96' lang='lat'><strong><em>;</em></strong></span> <span class='ocrx_word' id='word_1_293' title='bbox 1115 2418 1258 2474; x_wconf 90' lang='lat' dir='ltr'><strong>sicut</strong></span> <span class='ocrx_word' id='word_1_294' title='bbox 1315 2435 1401 2475; x_wconf 88' lang='lat' dir='ltr'><strong><em>res</em></strong></span> <span class='ocrx_word' id='word_1_295' title='bbox 1443 2421 1688 2496; x_wconf 75' lang='lat' dir='ltr'><strong><em>Domini,</em></strong></span> <span class='ocrx_word' id='word_1_296' title='bbox 1730 2420 2054 2475; x_wconf 85' lang='lat' dir='ltr'><strong><em>famulorum</em></strong></span> 
     </span>
    </p>
   </div>
   <div class='ocr_carea' id='block_1_41' title="bbox 2155 1941 3753 2029">
    <p class='ocr_par' dir='ltr' id='par_1_41' title="bbox 2155 1941 3753 2029">
     <span class='ocr_line' id='line_1_41' title="bbox 2155 1941 3753 2029; baseline -0.001 -15"><span class='ocrx_word' id='word_1_297' title='bbox 2155 1973 2222 2014; x_wconf 79' lang='lat' dir='ltr'><strong><em>ex</em></strong></span> <span class='ocrx_word' id='word_1_298' title='bbox 2254 1974 2446 2029; x_wconf 89' lang='lat' dir='ltr'><strong><em>magna</em></strong></span> <span class='ocrx_word' id='word_1_299' title='bbox 2475 1969 2629 2029; x_wconf 89' lang='lat' dir='ltr'><strong><em>parte</em></strong></span> <span class='ocrx_word' id='word_1_300' title='bbox 2656 1976 2762 2016; x_wconf 89' lang='lat' dir='ltr'><strong><em>non</em></strong></span> <span class='ocrx_word' id='word_1_301' title='bbox 2788 1941 3156 2026; x_wconf 72' lang='lat' dir='ltr'><strong><em>crediderunt,</em></strong></span> <span class='ocrx_word' id='word_1_302' title='bbox 3187 1961 3468 2015; x_wconf 83' lang='lat' dir='ltr'><strong><em>videbatur</em></strong></span> <span class='ocrx_word' id='word_1_303' title='bbox 3512 1960 3753 2014; x_wconf 79' lang='lat' dir='ltr'><strong><em>verbum</em></strong></span> 
     </span>
    </p>
   </div>
   <div class='ocr_carea' id='block_1_42' title="bbox 2155 2051 3750 2124">
    <p class='ocr_par' dir='ltr' id='par_1_42' title="bbox 2155 2051 3750 2124">
     <span class='ocr_line' id='line_1_42' title="bbox 2155 2051 3750 2124; baseline -0.001 -18"><span class='ocrx_word' id='word_1_304' title='bbox 2155 2051 2251 2106; x_wconf 92' lang='lat' dir='ltr'><strong><em>Dei</em></strong></span> <span class='ocrx_word' id='word_1_305' title='bbox 2272 2067 2378 2106; x_wconf 93' lang='lat' dir='ltr'><strong><em>non</em></strong></span> <span class='ocrx_word' id='word_1_306' title='bbox 2403 2065 2522 2108; x_wconf 83' lang='lat' dir='ltr'><strong><em>esse</em></strong></span> <span class='ocrx_word' id='word_1_307' title='bbox 2547 2053 2845 2122; x_wconf 88' lang='lat' dir='ltr'><strong><em>impletum.</em></strong></span> <span class='ocrx_word' id='word_1_308' title='bbox 2871 2052 2952 2108; x_wconf 80' lang='lat' dir='ltr'><strong><em>Ad</em></strong></span> <span class='ocrx_word' id='word_1_309' title='bbox 2992 2054 3140 2124; x_wconf 85' lang='lat' dir='ltr'><strong><em>quod</em></strong></span> <span class='ocrx_word' id='word_1_310' title='bbox 3165 2051 3453 2122; x_wconf 81' lang='lat' dir='ltr'><strong><em>respondet</em></strong></span> <span class='ocrx_word' id='word_1_311' title='bbox 3481 2067 3495 2104; x_wconf 90' lang='lat'><strong>:</strong></span> <span class='ocrx_word' id='word_1_312' title='bbox 3528 2051 3659 2106; x_wconf 86' lang='lat' dir='ltr'><strong><em>Etsi</em></strong></span> <span class='ocrx_word' id='word_1_313' title='bbox 3695 2051 3750 2105; x_wconf 87' lang='lat' dir='ltr'><strong><em>in</em></strong></span> 
     </span>
    </p>
   </div>
   <div class='ocr_carea' id='block_1_43' title="bbox 2155 2142 3757 2213">
    <p class='ocr_par' dir='ltr' id='par_1_43' title="bbox 2155 2142 3757 2213">
     <span class='ocr_line' id='line_1_43' title="bbox 2155 2142 3757 2213; baseline 0.001 -17"><span class='ocrx_word' id='word_1_314' title='bbox 2155 2142 2604 2210; x_wconf 86' lang='lat' dir='ltr'><strong><em>quibusdam&#39;non</em></strong></span> <span class='ocrx_word' id='word_1_315' title='bbox 2627 2151 2713 2198; x_wconf 88' lang='lat' dir='ltr'><strong><em>est</em></strong></span> <span class='ocrx_word' id='word_1_316' title='bbox 2736 2144 3014 2213; x_wconf 88' lang='lat' dir='ltr'><strong><em>impletum</em></strong></span> <span class='ocrx_word' id='word_1_317' title='bbox 3033 2184 3048 2208; x_wconf 98' lang='lat'><strong><em>,</em></strong></span> <span class='ocrx_word' id='word_1_318' title='bbox 3073 2145 3128 2198; x_wconf 92' lang='lat' dir='ltr'><strong><em>in</em></strong></span> <span class='ocrx_word' id='word_1_319' title='bbox 3151 2143 3274 2198; x_wconf 87' lang='lat' dir='ltr'><strong><em>aliis</em></strong></span> <span class='ocrx_word' id='word_1_320' title='bbox 3297 2153 3474 2197; x_wconf 84' lang='lat' dir='ltr'><strong><em>tamen</em></strong></span> <span class='ocrx_word' id='word_1_321' title='bbox 3489 2183 3506 2207; x_wconf 95' lang='lat'><strong><em>,</em></strong></span> <span class='ocrx_word' id='word_1_322' title='bbox 3527 2142 3757 2198; x_wconf 75' lang='lat' dir='ltr'><strong><em>scilicet</em></strong></span> 
     </span>
    </p>
   </div>
   <div class='ocr_carea' id='block_1_44' title="bbox 2156 2234 3754 2305">
    <p class='ocr_par' dir='ltr' id='par_1_44' title="bbox 2156 2234 3754 2305">
     <span class='ocr_line' id='line_1_44' title="bbox 2156 2234 3754 2305; baseline 0.002 -18"><span class='ocrx_word' id='word_1_323' title='bbox 2156 2234 2210 2288; x_wconf 90' lang='lat' dir='ltr'>in</span> <span class='ocrx_word' id='word_1_324' title='bbox 2234 2236 2483 2305; x_wconf 85' lang='lat' dir='ltr'><strong><em>gentibus</em></strong></span> <span class='ocrx_word' id='word_1_325' title='bbox 2513 2237 2860 2292; x_wconf 87' lang='lat' dir='ltr'><strong><em>credentibus</em></strong></span> <span class='ocrx_word' id='word_1_326' title='bbox 2881 2237 3160 2305; x_wconf 86' lang='lat' dir='ltr'><strong><em>impletum</em></strong></span> <span class='ocrx_word' id='word_1_327' title='bbox 3192 2245 3297 2301; x_wconf 88' lang='lat' dir='ltr'><strong><em>est,</em></strong></span> <span class='ocrx_word' id='word_1_328' title='bbox 3321 2235 3412 2305; x_wconf 90' lang='lat' dir='ltr'><strong><em>qui</em></strong></span> <span class='ocrx_word' id='word_1_329' title='bbox 3434 2235 3603 2290; x_wconf 81' lang='lat' dir='ltr'><strong><em>modo</em></strong></span> <span class='ocrx_word' id='word_1_330' title='bbox 3632 2234 3754 2290; x_wconf 80' lang='lat' dir='ltr'><strong><em>veri</em></strong></span> 
     </span>
    </p>
   </div>
   <div class='ocr_carea' id='block_1_45' title="bbox 2157 2326 3745 2396">
    <p class='ocr_par' dir='ltr' id='par_1_45' title="bbox 2157 2326 3745 2396">
     <span class='ocr_line' id='line_1_45' title="bbox 2157 2326 3745 2396; baseline 0.001 -14"><span class='ocrx_word' id='word_1_331' title='bbox 2157 2334 2284 2382; x_wconf 86' lang='lat' dir='ltr'><strong><em>sunt</em></strong></span> <span class='ocrx_word' id='word_1_332' title='bbox 2305 2326 2400 2381; x_wconf 84' lang='lat' dir='ltr'><strong><em>lilii</em></strong></span> <span class='ocrx_word' id='word_1_333' title='bbox 2428 2328 2681 2382; x_wconf 62' lang='lat' dir='ltr'><strong><em>Abrahae.</em></strong></span> <span class='ocrx_word' id='word_1_334' title='bbox 2711 2327 2836 2382; x_wconf 80' lang='lat' dir='ltr'><strong><em>Non</em></strong></span> <span class='ocrx_word' id='word_1_335' title='bbox 2865 2339 3038 2382; x_wconf 88' lang='lat' dir='ltr'><strong><em>autem</em></strong></span> <span class='ocrx_word' id='word_1_336' title='bbox 3066 2329 3336 2384; x_wconf 70' lang='lat' dir='ltr'><strong><em>exciderit.</em></strong></span> <span class='ocrx_word' id='word_1_337' title='bbox 3360 2329 3519 2396; x_wconf 83' lang='lat' dir='ltr'><strong><em>Quasi</em></strong></span> <span class='ocrx_word' id='word_1_338' title='bbox 3547 2329 3745 2384; x_wconf 81' lang='lat' dir='ltr'><strong><em>dicat:</em></strong></span> 
     </span>
    </p>
   </div>
   <div class='ocr_carea' id='block_1_46' title="bbox 2156 2414 3756 2483">
    <p class='ocr_par' dir='ltr' id='par_1_46' title="bbox 2156 2414 3756 2483">
     <span class='ocr_line' id='line_1_46' title="bbox 2156 2414 3756 2483; baseline 0.003 -14"><span class='ocrx_word' id='word_1_339' title='bbox 2156 2414 2272 2470; x_wconf 91' lang='lat' dir='ltr'><strong><em>Etsi</em></strong></span> <span class='ocrx_word' id='word_1_340' title='bbox 2311 2416 2388 2470; x_wconf 88' lang='lat' dir='ltr'><strong><em>ita</em></strong></span> <span class='ocrx_word' id='word_1_341' title='bbox 2447 2415 2750 2483; x_wconf 86' lang='lat' dir='ltr'><strong><em>laboravit;</em></strong></span> <span class='ocrx_word' id='word_1_342' title='bbox 2798 2418 2902 2473; x_wconf 90' lang='lat' dir='ltr'><strong><em>etsi</em></strong></span> <span class='ocrx_word' id='word_1_343' title='bbox 2951 2433 3057 2474; x_wconf 93' lang='lat' dir='ltr'><strong><em>non</em></strong></span> <span class='ocrx_word' id='word_1_344' title='bbox 3083 2434 3273 2474; x_wconf 85' lang='lat' dir='ltr'><strong><em>omnes</em></strong></span> <span class='ocrx_word' id='word_1_345' title='bbox 3327 2419 3578 2482; x_wconf 62' lang='lat' dir='ltr'><strong><em>credrmt,</em></strong></span> <span class='ocrx_word' id='word_1_346' title='bbox 3634 2431 3756 2474; x_wconf 69' lang='lat' dir='ltr'><strong><em>non</em></strong></span> 
     </span>
    </p>
   </div>
   <div class='ocr_carea' id='block_1_47' title="bbox 473 2509 3756 2581">
    <p class='ocr_par' dir='ltr' id='par_1_47' title="bbox 473 2509 3756 2581">
     <span class='ocr_line' id='line_1_47' title="bbox 473 2509 3756 2581; baseline 0.001 -17"><span class='ocrx_word' id='word_1_347' title='bbox 473 2517 630 2574; x_wconf 90' lang='lat' dir='ltr'><strong><em>sunt;</em></strong></span> <span class='ocrx_word' id='word_1_348' title='bbox 658 2509 724 2564; x_wconf 89' lang='lat' dir='ltr'><strong><em>ad</em></strong></span> <span class='ocrx_word' id='word_1_349' title='bbox 747 2509 984 2576; x_wconf 88' lang='lat' dir='ltr'><strong><em>victum,</em></strong></span> <span class='ocrx_word' id='word_1_350' title='bbox 1016 2509 1224 2566; x_wconf 88' lang='lat' dir='ltr'>scilicet</span> <span class='ocrx_word' id='word_1_351' title='bbox 1267 2511 1347 2566; x_wconf 91' lang='lat' dir='ltr'><strong><em>vel</em></strong></span> <span class='ocrx_word' id='word_1_352' title='bbox 1392 2519 1770 2568; x_wconf 85' lang='lat' dir='ltr'><strong><em>ornamentum</em></strong></span> <span class='ocrx_word' id='word_1_353' title='bbox 1798 2512 1882 2567; x_wconf 90' lang='lat' dir='ltr'><strong><em>vel</em></strong></span> <span class='ocrx_word' id='word_1_354' title='bbox 1909 2512 2060 2568; x_wconf 85' lang='lat' dir='ltr'><strong><em>aliud</em></strong></span> <span class='ocrx_word' id='word_1_355' title='bbox 2157 2515 2340 2564; x_wconf 87' lang='lat' dir='ltr'><strong><em>tamen</em></strong></span> <span class='ocrx_word' id='word_1_356' title='bbox 2386 2509 2589 2565; x_wconf 75' lang='lat' dir='ltr'>excidit</span> <span class='ocrx_word' id='word_1_357' title='bbox 2635 2511 2860 2564; x_wconf 88' lang='lat' dir='ltr'><strong><em>verbum</em></strong></span> <span class='ocrx_word' id='word_1_358' title='bbox 2907 2511 3034 2578; x_wconf 89' lang='lat' dir='ltr'><strong><em>Dei;</em></strong></span> <span class='ocrx_word' id='word_1_359' title='bbox 3089 2512 3211 2578; x_wconf 88' lang='lat' dir='ltr'><strong><em>vel,</em></strong></span> <span class='ocrx_word' id='word_1_360' title='bbox 3261 2525 3366 2567; x_wconf 87' lang='lat' dir='ltr'><strong><em>non</em></strong></span> <span class='ocrx_word' id='word_1_361' title='bbox 3415 2511 3539 2571; x_wconf 80' lang='lat' dir='ltr'><strong><em>dico</em></strong></span> <span class='ocrx_word' id='word_1_362' title='bbox 3598 2511 3756 2581; x_wconf 81' lang='lat' dir='ltr'><strong><em>quod</em></strong></span> 
     </span>
    </p>
   </div>
   <div class='ocr_carea' id='block_1_48' title="bbox 472 2599 797 2669">
    <p class='ocr_par' dir='ltr' id='par_1_48' title="bbox 472 2599 797 2669">
     <span class='ocr_line' id='line_1_48' title="bbox 472 2599 797 2669; baseline 0.003 -14"><span class='ocrx_word' id='word_1_363' title='bbox 472 2599 797 2669; x_wconf 73' lang='lat' dir='ltr'><strong><em>huiusmodi.</em></strong></span> 
     </span>
    </p>
   </div>
   <div class='ocr_carea' id='block_1_49' title="bbox 541 2693 2058 2767">
    <p class='ocr_par' dir='ltr' id='par_1_49' title="bbox 541 2693 2058 2767">
     <span class='ocr_line' id='line_1_49' title="bbox 541 2693 2058 2767; baseline 0.003 -19"><span class='ocrx_word' id='word_1_364' title='bbox 541 2693 706 2750; x_wconf 71' lang='lat' dir='ltr'><strong><em>Vsus.</em></strong></span> <span class='ocrx_word' id='word_1_365' title='bbox 757 2695 845 2749; x_wconf 70' lang='grc'><strong><em>54.</em></strong></span> <span class='ocrx_word' id='word_1_366' title='bbox 888 2727 959 2736; x_wconf 93' lang='grc'><strong><em>-</em></strong></span> <span class='ocrx_word' id='word_1_367' title='bbox 987 2695 1069 2750; x_wconf 82' lang='lat' dir='ltr'><strong><em>Ad</em></strong></span> <span class='ocrx_word' id='word_1_368' title='bbox 1118 2697 1385 2752; x_wconf 74' lang='lat' dir='ltr'><strong><em>dexteram</em></strong></span> <span class='ocrx_word' id='word_1_369' title='bbox 1430 2696 1547 2752; x_wconf 85' lang='lat' dir='ltr'><strong><em>Dei.</em></strong></span> <span class='ocrx_word' id='word_1_370' title='bbox 1592 2697 1648 2752; x_wconf 94' lang='lat' dir='ltr'><strong><em>In</em></strong></span> <span class='ocrx_word' id='word_1_371' title='bbox 1697 2698 1902 2752; x_wconf 85' lang='lat' dir='ltr'><strong><em>honore</em></strong></span> <span class='ocrx_word' id='word_1_372' title='bbox 1947 2713 2058 2767; x_wconf 87' lang='lat' dir='ltr'><strong><em>quo</em></strong></span> 
     </span>
    </p>
   </div>
   <div class='ocr_carea' id='block_1_50' title="bbox 469 2788 2052 2866">
    <p class='ocr_par' dir='ltr' id='par_1_50' title="bbox 469 2788 2052 2866">
     <span class='ocr_line' id='line_1_50' title="bbox 469 2788 2052 2866; baseline 0.001 -20"><span class='ocrx_word' id='word_1_373' title='bbox 469 2792 614 2849; x_wconf 87' lang='lat' dir='ltr'><strong>Deus</strong></span> <span class='ocrx_word' id='word_1_374' title='bbox 645 2788 798 2864; x_wconf 79' lang='lat' dir='ltr'><strong><em>cujus</em></strong></span> <span class='ocrx_word' id='word_1_375' title='bbox 844 2789 1138 2865; x_wconf 77' lang='lat' dir='ltr'><strong><em>postulatio</em></strong></span> <span class='ocrx_word' id='word_1_376' title='bbox 1169 2807 1271 2850; x_wconf 81' lang='lat' dir='ltr'><strong><em>non</em></strong></span> <span class='ocrx_word' id='word_1_377' title='bbox 1308 2798 1485 2866; x_wconf 75' lang='lat' dir='ltr'><strong><em>potest</em></strong></span> <span class='ocrx_word' id='word_1_378' title='bbox 1533 2790 1824 2848; x_wconf 75' lang='lat' dir='ltr'><strong><em>contemni.</em></strong></span> <span class='ocrx_word' id='word_1_379' title='bbox 1879 2789 2052 2848; x_wconf 78' lang='lat' dir='ltr'><strong><em>Inter-</em></strong></span> 
     </span>
    </p>
   </div>
   <div class='ocr_carea' id='block_1_51' title="bbox 470 2882 2062 2956">
    <p class='ocr_par' dir='ltr' id='par_1_51' title="bbox 470 2882 2062 2956">
     <span class='ocr_line' id='line_1_51' title="bbox 470 2882 2062 2956; baseline 0.003 -20"><span class='ocrx_word' id='word_1_380' title='bbox 470 2882 647 2954; x_wconf 80' lang='lat' dir='ltr'><strong><em>pellat.</em></strong></span> <span class='ocrx_word' id='word_1_381' title='bbox 688 2883 822 2938; x_wconf 87' lang='lat' dir='ltr'><strong><em>Dum</em></strong></span> <span class='ocrx_word' id='word_1_382' title='bbox 851 2886 1091 2956; x_wconf 87' lang='lat' dir='ltr'><strong><em>quotidie</em></strong></span> <span class='ocrx_word' id='word_1_383' title='bbox 1123 2887 1392 2940; x_wconf 88' lang='lat' dir='ltr'><strong><em>hominem</em></strong></span> <span class='ocrx_word' id='word_1_384' title='bbox 1436 2901 1596 2956; x_wconf 89' lang='lat' dir='ltr'><strong><em>quem</em></strong></span> <span class='ocrx_word' id='word_1_385' title='bbox 1640 2887 1960 2956; x_wconf 83' lang='lat' dir='ltr'><strong><em>assumpsit,</em></strong></span> <span class='ocrx_word' id='word_1_386' title='bbox 2001 2894 2062 2941; x_wconf 79' lang='lat' dir='ltr'><strong><em>et</em></strong></span> 
     </span>
    </p>
   </div>
   <div class='ocr_carea' id='block_1_52' title="bbox 471 2975 2058 3052">
    <p class='ocr_par' dir='ltr' id='par_1_52' title="bbox 471 2975 2058 3052">
     <span class='ocr_line' id='line_1_52' title="bbox 471 2975 2058 3052; baseline 0.004 -27"><span class='ocrx_word' id='word_1_387' title='bbox 471 2987 636 3052; x_wconf 85' lang='lat' dir='ltr'><strong><em>grave</em></strong></span> <span class='ocrx_word' id='word_1_388' title='bbox 664 2989 834 3046; x_wconf 87' lang='lat' dir='ltr'><strong><em>genus</em></strong></span> <span class='ocrx_word' id='word_1_389' title='bbox 870 2976 1060 3031; x_wconf 90' lang='lat' dir='ltr'><strong><em>mortis</em></strong></span> <span class='ocrx_word' id='word_1_390' title='bbox 1095 2976 1237 3046; x_wconf 90' lang='lat' dir='ltr'><strong><em>quod</em></strong></span> <span class='ocrx_word' id='word_1_391' title='bbox 1263 2991 1361 3046; x_wconf 88' lang='lat' dir='ltr'><strong><em>pro</em></strong></span> <span class='ocrx_word' id='word_1_392' title='bbox 1391 2976 1548 3031; x_wconf 89' lang='lat' dir='ltr'><strong><em>nobis</em></strong></span> <span class='ocrx_word' id='word_1_393' title='bbox 1574 2975 1859 3044; x_wconf 87' lang='lat' dir='ltr'><strong><em>sustinuit,</em></strong></span> <span class='ocrx_word' id='word_1_394' title='bbox 1885 2975 2058 3032; x_wconf 78' lang='lat' dir='ltr'><strong><em>vultui</em></strong></span> 
     </span>
    </p>
   </div>
   <div class='ocr_carea' id='block_1_53' title="bbox 472 3061 912 3133">
    <p class='ocr_par' dir='ltr' id='par_1_53' title="bbox 472 3061 912 3133">
     <span class='ocr_line' id='line_1_53' title="bbox 472 3061 912 3133; baseline 0.007 -18"><span class='ocrx_word' id='word_1_395' title='bbox 472 3071 700 3133; x_wconf 88' lang='lat' dir='ltr'><strong><em>paterno</em></strong></span> <span class='ocrx_word' id='word_1_396' title='bbox 735 3061 912 3118; x_wconf 75' lang='lat' dir='ltr'><strong><em>ollert.</em></strong></span> 
     </span>
    </p>
   </div>
   <div class='ocr_carea' id='block_1_54' title="bbox 2157 2599 3755 2676">
    <p class='ocr_par' dir='ltr' id='par_1_54' title="bbox 2157 2599 3755 2676">
     <span class='ocr_line' id='line_1_54' title="bbox 2157 2599 3755 2676; baseline 0.006 -22"><span class='ocrx_word' id='word_1_397' title='bbox 2157 2600 2438 2654; x_wconf 77' lang='lat' dir='ltr'><strong><em>exciderit.</em></strong></span> <span class='ocrx_word' id='word_1_398' title='bbox 2465 2599 2701 2655; x_wconf 82' lang='lat' dir='ltr'><strong><em>Verbum</em></strong></span> <span class='ocrx_word' id='word_1_399' title='bbox 2752 2603 2846 2657; x_wconf 88' lang='lat' dir='ltr'><strong><em>Dei</em></strong></span> <span class='ocrx_word' id='word_1_400' title='bbox 2885 2605 3166 2671; x_wconf 77' lang='lat' dir='ltr'><strong><em>excidere,</em></strong></span> <span class='ocrx_word' id='word_1_401' title='bbox 3208 2614 3293 2660; x_wconf 86' lang='lat' dir='ltr'><strong><em>est</em></strong></span> <span class='ocrx_word' id='word_1_402' title='bbox 3335 2605 3607 2676; x_wconf 80' lang='lat' dir='ltr'><strong><em>promissa</em></strong></span> <span class='ocrx_word' id='word_1_403' title='bbox 3639 2621 3755 2663; x_wconf 78' lang='lat' dir='ltr'><strong><em>non</em></strong></span> 
     </span>
    </p>
   </div>
   <div class='ocr_carea' id='block_1_55' title="bbox 2161 2681 2942 2758">
    <p class='ocr_par' dir='ltr' id='par_1_55' title="bbox 2161 2681 2942 2758">
     <span class='ocr_line' id='line_1_55' title="bbox 2161 2681 2942 2758; baseline -0.005 -14"><span class='ocrx_word' id='word_1_404' title='bbox 2161 2690 2394 2758; x_wconf 87' lang='lat' dir='ltr'><strong><em>impleri.</em></strong></span> <span class='ocrx_word' id='word_1_405' title='bbox 2939 2681 2942 2688; x_wconf 82' lang='grc'><em>’</em></span> 
     </span>
    </p>
   </div>
   <div class='ocr_carea' id='block_1_56' title="bbox 2231 2781 3757 2857">
    <p class='ocr_par' dir='ltr' id='par_1_56' title="bbox 2231 2781 3757 2857">
     <span class='ocr_line' id='line_1_56' title="bbox 2231 2781 3757 2857; baseline 0.006 -20"><span class='ocrx_word' id='word_1_406' title='bbox 2231 2781 2390 2839; x_wconf 66' lang='lat' dir='ltr'><strong><em>Vsus.</em></strong></span> <span class='ocrx_word' id='word_1_407' title='bbox 2419 2787 2469 2839; x_wconf 86' lang='lat'><strong><em>7.</em></strong></span> <span class='ocrx_word' id='word_1_408' title='bbox 2492 2815 2562 2827; x_wconf 82' lang='lat'><strong><em>——</em></strong></span> <span class='ocrx_word' id='word_1_409' title='bbox 2602 2787 2671 2842; x_wconf 84' lang='lat' dir='ltr'><strong><em>In</em></strong></span> <span class='ocrx_word' id='word_1_410' title='bbox 2699 2788 2878 2844; x_wconf 82' lang='lat' dir='ltr'><strong><em>Isaac.</em></strong></span> <span class='ocrx_word' id='word_1_411' title='bbox 2917 2789 2972 2843; x_wconf 86' lang='lat' dir='ltr'><strong><em>Id</em></strong></span> <span class='ocrx_word' id='word_1_412' title='bbox 2998 2799 3081 2846; x_wconf 89' lang='lat' dir='ltr'><strong><em>est</em></strong></span> <span class='ocrx_word' id='word_1_413' title='bbox 3118 2791 3173 2845; x_wconf 92' lang='lat' dir='ltr'><strong><em>in</em></strong></span> <span class='ocrx_word' id='word_1_414' title='bbox 3224 2790 3461 2857; x_wconf 86' lang='lat' dir='ltr'><strong><em>Christo,</em></strong></span> <span class='ocrx_word' id='word_1_415' title='bbox 3513 2799 3757 2846; x_wconf 80' lang='lat' dir='ltr'><strong><em>vocante</em></strong></span> 
     </span>
    </p>
   </div>
   <div class='ocr_carea' id='block_1_57' title="bbox 2158 2877 3752 2952">
    <p class='ocr_par' dir='ltr' id='par_1_57' title="bbox 2158 2877 3752 2952">
     <span class='ocr_line' id='line_1_57' title="bbox 2158 2877 3752 2952; baseline 0.004 -23"><span class='ocrx_word' id='word_1_416' title='bbox 2158 2877 2355 2944; x_wconf 86' lang='lat' dir='ltr'><strong><em>gratia,</em></strong></span> <span class='ocrx_word' id='word_1_417' title='bbox 2386 2888 2804 2950; x_wconf 86' lang='lat' dir='ltr'><strong><em>congregantur.</em></strong></span> <span class='ocrx_word' id='word_1_418' title='bbox 2838 2881 2896 2935; x_wconf 83' lang='lat' dir='ltr'><strong><em>In</em></strong></span> <span class='ocrx_word' id='word_1_419' title='bbox 2932 2881 3082 2937; x_wconf 79' lang='lat' dir='ltr'><strong><em>Isaac</em></strong></span> <span class='ocrx_word' id='word_1_420' title='bbox 3106 2882 3466 2951; x_wconf 85' lang='lat' dir='ltr'><strong><em>promissione</em></strong></span> <span class='ocrx_word' id='word_1_421' title='bbox 3488 2883 3752 2952; x_wconf 70' lang='lat' dir='ltr'><strong><em>praeﬁgu-</em></strong></span> 
     </span>
    </p>
   </div>
   <div class='ocr_carea' id='block_1_58' title="bbox 2156 2968 3748 3044">
    <p class='ocr_par' dir='ltr' id='par_1_58' title="bbox 2156 2968 3748 3044">
     <span class='ocr_line' id='line_1_58' title="bbox 2156 2968 3748 3044; baseline 0.004 -23"><span class='ocrx_word' id='word_1_422' title='bbox 2156 2968 2264 3022; x_wconf 87' lang='lat' dir='ltr'><strong><em>rati</em></strong></span> <span class='ocrx_word' id='word_1_423' title='bbox 2291 2977 2436 3035; x_wconf 90' lang='lat' dir='ltr'><strong><em>sunt,</em></strong></span> <span class='ocrx_word' id='word_1_424' title='bbox 2467 2986 2574 3025; x_wconf 90' lang='lat' dir='ltr'><strong><em>non</em></strong></span> <span class='ocrx_word' id='word_1_425' title='bbox 2596 2971 2687 3041; x_wconf 92' lang='lat' dir='ltr'><strong><em>qui</em></strong></span> <span class='ocrx_word' id='word_1_426' title='bbox 2702 2973 2908 3041; x_wconf 86' lang='lat' dir='ltr'><strong><em>seipsos</em></strong></span> <span class='ocrx_word' id='word_1_427' title='bbox 2926 2971 3120 3040; x_wconf 86' lang='lat' dir='ltr'><strong><em>justos,</em></strong></span> <span class='ocrx_word' id='word_1_428' title='bbox 3148 2975 3243 3033; x_wconf 81' lang='lat' dir='ltr'><strong><em>sed</em></strong></span> <span class='ocrx_word' id='word_1_429' title='bbox 3258 2989 3398 3044; x_wconf 86' lang='lat' dir='ltr'><strong><em>quos</em></strong></span> <span class='ocrx_word' id='word_1_430' title='bbox 3411 2976 3554 3030; x_wconf 84' lang='lat' dir='ltr'><strong><em>Deus</em></strong></span> <span class='ocrx_word' id='word_1_431' title='bbox 3574 2973 3748 3039; x_wconf 80' lang='lat' dir='ltr'><strong><em>facit;</em></strong></span> 
     </span>
    </p>
   </div>
   <div class='ocr_carea' id='block_1_59' title="bbox 2157 3058 3753 3134">
    <p class='ocr_par' dir='ltr' id='par_1_59' title="bbox 2157 3058 3753 3134">
     <span class='ocr_line' id='line_1_59' title="bbox 2157 3058 3753 3134; baseline 0.005 -22"><span class='ocrx_word' id='word_1_432' title='bbox 2157 3058 2214 3113; x_wconf 88' lang='lat' dir='ltr'><strong><em>hi</em></strong></span> <span class='ocrx_word' id='word_1_433' title='bbox 2245 3070 2371 3114; x_wconf 88' lang='lat' dir='ltr'><strong><em>sunt</em></strong></span> <span class='ocrx_word' id='word_1_434' title='bbox 2398 3061 2495 3115; x_wconf 87' lang='lat' dir='ltr'><strong><em>lilii</em></strong></span> <span class='ocrx_word' id='word_1_435' title='bbox 2526 3062 2711 3117; x_wconf 68' lang='lat' dir='ltr'><strong><em>liberae</em></strong></span> <span class='ocrx_word' id='word_1_436' title='bbox 2739 3078 2859 3132; x_wconf 84' lang='lat' dir='ltr'><strong><em>quae</em></strong></span> <span class='ocrx_word' id='word_1_437' title='bbox 2885 3078 3102 3118; x_wconf 79' lang='lat' dir='ltr'><strong><em>sursum</em></strong></span> <span class='ocrx_word' id='word_1_438' title='bbox 3129 3072 3230 3130; x_wconf 86' lang='lat' dir='ltr'><strong><em>est,</em></strong></span> <span class='ocrx_word' id='word_1_439' title='bbox 3275 3079 3396 3134; x_wconf 68' lang='lat' dir='ltr'><strong><em>quae</em></strong></span> <span class='ocrx_word' id='word_1_440' title='bbox 3441 3073 3528 3121; x_wconf 84' lang='lat' dir='ltr'><strong><em>est</em></strong></span> <span class='ocrx_word' id='word_1_441' title='bbox 3566 3076 3753 3120; x_wconf 79' lang='lat' dir='ltr'><strong><em>mater</em></strong></span> 
     </span>
    </p>
   </div>
   <div class='ocr_carea' id='block_1_60' title="bbox 547 3153 3754 3233">
    <p class='ocr_par' dir='ltr' id='par_1_60' title="bbox 547 3153 3754 3233">
     <span class='ocr_line' id='line_1_60' title="bbox 547 3153 3754 3233; baseline 0.003 -28"><span class='ocrx_word' id='word_1_442' title='bbox 547 3153 706 3210; x_wconf 73' lang='lat' dir='ltr'><strong><em>Vens.</em></strong></span> <span class='ocrx_word' id='word_1_443' title='bbox 736 3157 825 3212; x_wconf 79' lang='grc'><strong><em>55.</em></strong></span> <span class='ocrx_word' id='word_1_444' title='bbox 851 3188 920 3198; x_wconf 91' lang='grc'><strong><em>-</em></strong></span> <span class='ocrx_word' id='word_1_445' title='bbox 946 3156 1075 3223; x_wconf 87' lang='lat' dir='ltr'><strong><em>Quis</em></strong></span> <span class='ocrx_word' id='word_1_446' title='bbox 1105 3175 1198 3214; x_wconf 79' lang='lat' dir='ltr'><strong><em>nos</em></strong></span> <span class='ocrx_word' id='word_1_447' title='bbox 1223 3160 1502 3230; x_wconf 83' lang='lat' dir='ltr'><strong><em>separabit,</em></strong></span> <span class='ocrx_word' id='word_1_448' title='bbox 1534 3168 1641 3217; x_wconf 90' lang='lat' dir='ltr'><strong><em>etc.</em></strong></span> <span class='ocrx_word' id='word_1_449' title='bbox 1667 3159 1880 3233; x_wconf 65' lang='grc' dir='ltr'><strong><em>(ϐω.)</em></strong></span> <span class='ocrx_word' id='word_1_450' title='bbox 1910 3160 2054 3216; x_wconf 87' lang='lat' dir='ltr'><strong><em>Nihil</em></strong></span> <span class='ocrx_word' id='word_1_451' title='bbox 2081 3215 2123 3233; x_wconf 53' lang='grc' dir='ltr'><strong><em>Α</em></strong></span> <span class='ocrx_word' id='word_1_452' title='bbox 2161 3161 2367 3207; x_wconf 66' lang='grc' dir='ltr'><strong><em>ηοεῑΐδο</em></strong></span> <span class='ocrx_word' id='word_1_453' title='bbox 2419 3153 2542 3208; x_wconf 79' lang='lat' dir='ltr'><strong><em>Filii</em></strong></span> <span class='ocrx_word' id='word_1_454' title='bbox 2587 3155 2768 3210; x_wconf 76' lang='lat' dir='ltr'><strong><em>carnis</em></strong></span> <span class='ocrx_word' id='word_1_455' title='bbox 2825 3164 2948 3211; x_wconf 74' lang='lat' dir='ltr'><strong>sunt</strong></span> <span class='ocrx_word' id='word_1_456' title='bbox 2993 3165 3222 3212; x_wconf 69' lang='lat' dir='ltr'><strong><em>terrente</em></strong></span> <span class='ocrx_word' id='word_1_457' title='bbox 3265 3155 3580 3223; x_wconf 76' lang='lat' dir='ltr'><strong><em>Jerusalem,</em></strong></span> <span class='ocrx_word' id='word_1_458' title='bbox 3625 3173 3754 3230; x_wconf 69' lang='lat' dir='ltr'><strong><em>qua</em></strong></span> 
     </span>
    </p>
   </div>
   <div class='ocr_carea' id='block_1_61' title="bbox 471 3215 3739 3322">
    <p class='ocr_par' dir='ltr' id='par_1_61' title="bbox 471 3215 3739 3322">
     <span class='ocr_line' id='line_1_61' title="bbox 471 3215 3739 3322; baseline 0.004 -26"><span class='ocrx_word' id='word_1_459' title='bbox 471 3248 665 3302; x_wconf 81' lang='lat' dir='ltr'><strong><em>horum</em></strong></span> <span class='ocrx_word' id='word_1_460' title='bbox 711 3257 891 3318; x_wconf 81' lang='lat' dir='ltr'><strong><em>potest</em></strong></span> <span class='ocrx_word' id='word_1_461' title='bbox 915 3264 1168 3320; x_wconf 81' lang='lat' dir='ltr'><strong><em>separare</em></strong></span> <span class='ocrx_word' id='word_1_462' title='bbox 1195 3215 1478 3307; x_wconf 57' lang='lat' dir='ltr'><strong><em>credentes</em></strong></span> <span class='ocrx_word' id='word_1_463' title='bbox 1497 3291 1513 3319; x_wconf 72' lang='lat'><strong><em>,</em></strong></span> <span class='ocrx_word' id='word_1_464' title='bbox 1541 3215 1686 3318; x_wconf 32' lang='lat' dir='ltr'><strong><em>etc;</em></strong></span> <span class='ocrx_word' id='word_1_465' title='bbox 1701 3215 1877 3322; x_wconf 55' lang='lat' dir='ltr'><strong><em>usque,</em></strong></span> <span class='ocrx_word' id='word_1_466' title='bbox 1894 3253 1963 3307; x_wconf 83' lang='lat' dir='ltr'><strong><em>ad</em></strong></span> <span class='ocrx_word' id='word_1_467' title='bbox 1992 3262 2053 3308; x_wconf 77' lang='lat' dir='ltr'><strong><em>ut</em></strong></span> <span class='ocrx_word' id='word_1_468' title='bbox 2077 3215 2128 3282; x_wconf 63' lang='grc' dir='ltr'>Ο</span> <span class='ocrx_word' id='word_1_469' title='bbox 2155 3247 2326 3301; x_wconf 87' lang='lat' dir='ltr'><strong><em>servit</em></strong></span> <span class='ocrx_word' id='word_1_470' title='bbox 2369 3262 2493 3302; x_wconf 89' lang='lat' dir='ltr'><strong><em>cum</em></strong></span> <span class='ocrx_word' id='word_1_471' title='bbox 2545 3247 2668 3304; x_wconf 78' lang='lat' dir='ltr'><strong><em>ﬁliis</em></strong></span> <span class='ocrx_word' id='word_1_472' title='bbox 2692 3250 2823 3304; x_wconf 84' lang='lat' dir='ltr'><strong><em>suis.</em></strong></span> <span class='ocrx_word' id='word_1_473' title='bbox 2871 3249 3028 3305; x_wconf 83' lang='lat' dir='ltr'><strong><em>Sicut</em></strong></span> <span class='ocrx_word' id='word_1_474' title='bbox 3076 3251 3226 3307; x_wconf 86' lang='lat' dir='ltr'><strong><em>Isaac</em></strong></span> <span class='ocrx_word' id='word_1_475' title='bbox 3265 3267 3373 3308; x_wconf 83' lang='lat' dir='ltr'><strong><em>non</em></strong></span> <span class='ocrx_word' id='word_1_476' title='bbox 3424 3255 3628 3308; x_wconf 81' lang='lat' dir='ltr'><strong><em>meruit</em></strong></span> <span class='ocrx_word' id='word_1_477' title='bbox 3678 3264 3739 3310; x_wconf 74' lang='lat' dir='ltr'><strong><em>Ill</em></strong></span> 
     </span>
    </p>
   </div>
   <div class='ocr_carea' id='block_1_62' title="bbox 470 3340 2050 3412">
    <p class='ocr_par' dir='ltr' id='par_1_62' title="bbox 470 3340 2050 3412">
     <span class='ocr_line' id='line_1_62' title="bbox 470 3340 2050 3412; baseline 0.004 -21"><span class='ocrx_word' id='word_1_478' title='bbox 470 3345 527 3392; x_wconf 93' lang='lat' dir='ltr'><strong><em>et</em></strong></span> <span class='ocrx_word' id='word_1_479' title='bbox 556 3355 653 3394; x_wconf 88' lang='lat' dir='ltr'><strong><em>nos</em></strong></span> <span class='ocrx_word' id='word_1_480' title='bbox 681 3348 902 3412; x_wconf 87' lang='lat' dir='ltr'><strong><em>propter</em></strong></span> <span class='ocrx_word' id='word_1_481' title='bbox 940 3341 1115 3412; x_wconf 90' lang='lat' dir='ltr'><strong><em>ipsum</em></strong></span> <span class='ocrx_word' id='word_1_482' title='bbox 1138 3342 1408 3412; x_wconf 89' lang='lat' dir='ltr'><strong><em>patiamur</em></strong></span> <span class='ocrx_word' id='word_1_483' title='bbox 1435 3356 1451 3398; x_wconf 87' lang='lat'><strong>:</strong></span> <span class='ocrx_word' id='word_1_484' title='bbox 1478 3340 1582 3398; x_wconf 85' lang='lat' dir='ltr'><strong><em>Sed</em></strong></span> <span class='ocrx_word' id='word_1_485' title='bbox 1619 3344 1675 3397; x_wconf 81' lang='lat' dir='ltr'><strong><em>in</em></strong></span> <span class='ocrx_word' id='word_1_486' title='bbox 1703 3343 1785 3398; x_wconf 84' lang='lat' dir='ltr'><strong><em>his</em></strong></span> <span class='ocrx_word' id='word_1_487' title='bbox 1812 3343 2050 3398; x_wconf 83' lang='lat' dir='ltr'><strong><em>omnibus</em></strong></span> 
     </span>
    </p>
   </div>
   <div class='ocr_carea' id='block_1_63' title="bbox 471 3447 799 3498">
    <p class='ocr_par' dir='ltr' id='par_1_63' title="bbox 471 3447 799 3498">
     <span class='ocr_line' id='line_1_63' title="bbox 471 3447 799 3498; baseline 0.009 -16"><span class='ocrx_word' id='word_1_488' title='bbox 471 3447 799 3498; x_wconf 58' lang='lat' dir='ltr'><strong><em>superamus.</em></strong></span> 
     </span>
    </p>
   </div>
   <div class='ocr_carea' id='block_1_64' title="bbox 545 3519 2058 3597">
    <p class='ocr_par' dir='ltr' id='par_1_64' title="bbox 545 3519 2058 3597">
     <span class='ocr_line' id='line_1_64' title="bbox 545 3519 2058 3597; baseline 0.005 -23"><span class='ocrx_word' id='word_1_489' title='bbox 545 3519 705 3576; x_wconf 78' lang='lat' dir='ltr'><strong><em>Vsus.</em></strong></span> <span class='ocrx_word' id='word_1_490' title='bbox 732 3522 820 3577; x_wconf 80' lang='grc'><strong><em>58.</em></strong></span> <span class='ocrx_word' id='word_1_491' title='bbox 847 3552 920 3562; x_wconf 88' lang='grc'><strong><em>-</em></strong></span> <span class='ocrx_word' id='word_1_492' title='bbox 944 3521 1125 3594; x_wconf 84' lang='lat' dir='ltr'><strong><em>Neque</em></strong></span> <span class='ocrx_word' id='word_1_493' title='bbox 1145 3525 1353 3596; x_wconf 78' lang='lat' dir='ltr'><strong><em>angeli,</em></strong></span> <span class='ocrx_word' id='word_1_494' title='bbox 1378 3541 1539 3596; x_wconf 82' lang='lat' dir='ltr'><strong><em>neque</em></strong></span> <span class='ocrx_word' id='word_1_495' title='bbox 1582 3526 1862 3595; x_wconf 81' lang='lat' dir='ltr'><strong><em>principes,</em></strong></span> <span class='ocrx_word' id='word_1_496' title='bbox 1892 3538 2058 3597; x_wconf 72' lang='lat' dir='ltr'><strong><em>neque</em></strong></span> 
     </span>
    </p>
   </div>
   <div class='ocr_carea' id='block_1_65' title="bbox 471 3612 2056 3688">
    <p class='ocr_par' dir='ltr' id='par_1_65' title="bbox 471 3612 2056 3688">
     <span class='ocr_line' id='line_1_65' title="bbox 471 3612 2056 3688; baseline 0.004 -23"><span class='ocrx_word' id='word_1_497' title='bbox 471 3614 703 3666; x_wconf 78' lang='lat' dir='ltr'><strong><em>virtutes.</em></strong></span> <span class='ocrx_word' id='word_1_498' title='bbox 741 3612 803 3666; x_wconf 86' lang='lat' dir='ltr'><strong><em>lli</em></strong></span> <span class='ocrx_word' id='word_1_499' title='bbox 834 3614 1053 3669; x_wconf 89' lang='lat' dir='ltr'><strong><em>ordines</em></strong></span> <span class='ocrx_word' id='word_1_500' title='bbox 1081 3614 1416 3686; x_wconf 90' lang='lat' dir='ltr'><strong><em>accipiuntur</em></strong></span> <span class='ocrx_word' id='word_1_501' title='bbox 1453 3615 1520 3670; x_wconf 93' lang='lat' dir='ltr'><strong><em>de</em></strong></span> <span class='ocrx_word' id='word_1_502' title='bbox 1562 3615 1719 3671; x_wconf 89' lang='lat' dir='ltr'><strong><em>malis</em></strong></span> <span class='ocrx_word' id='word_1_503' title='bbox 1747 3616 1976 3688; x_wconf 77' lang='lat' dir='ltr'><strong><em>angelis,</em></strong></span> <span class='ocrx_word' id='word_1_504' title='bbox 2000 3625 2056 3671; x_wconf 90' lang='lat' dir='ltr'><strong><em>et</em></strong></span> 
     </span>
    </p>
   </div>
   <div class='ocr_carea' id='block_1_66' title="bbox 472 3702 1160 3774">
    <p class='ocr_par' dir='ltr' id='par_1_66' title="bbox 472 3702 1160 3774">
     <span class='ocr_line' id='line_1_66' title="bbox 472 3702 1160 3774; baseline 0.004 -20"><span class='ocrx_word' id='word_1_505' title='bbox 472 3702 538 3756; x_wconf 89' lang='lat' dir='ltr'><strong><em>de</em></strong></span> <span class='ocrx_word' id='word_1_506' title='bbox 565 3703 718 3758; x_wconf 87' lang='lat' dir='ltr'><strong><em>bonis</em></strong></span> <span class='ocrx_word' id='word_1_507' title='bbox 744 3703 789 3758; x_wconf 90' lang='lat' dir='ltr'><strong><em>si</em></strong></span> <span class='ocrx_word' id='word_1_508' title='bbox 818 3703 934 3759; x_wconf 78' lang='lat' dir='ltr'><strong><em>fieri</em></strong></span> <span class='ocrx_word' id='word_1_509' title='bbox 959 3713 1160 3774; x_wconf 89' lang='lat' dir='ltr'><strong><em>posset.</em></strong></span> 
     </span>
    </p>
   </div>
   <div class='ocr_carea' id='block_1_67' title="bbox 548 3793 2051 3868">
    <p class='ocr_par' dir='ltr' id='par_1_67' title="bbox 548 3793 2051 3868">
     <span class='ocr_line' id='line_1_67' title="bbox 548 3793 2051 3868; baseline 0.006 -23"><span class='ocrx_word' id='word_1_510' title='bbox 548 3793 705 3848; x_wconf 75' lang='lat' dir='ltr'><strong><em>Vens.</em></strong></span> <span class='ocrx_word' id='word_1_511' title='bbox 753 3795 841 3850; x_wconf 77' lang='lat'><strong><em>39.</em></strong></span> <span class='ocrx_word' id='word_1_512' title='bbox 870 3825 944 3836; x_wconf 96' lang='lat'>—</span> <span class='ocrx_word' id='word_1_513' title='bbox 979 3794 1161 3866; x_wconf 84' lang='lat' dir='ltr'><strong><em>Neque</em></strong></span> <span class='ocrx_word' id='word_1_514' title='bbox 1197 3795 1448 3863; x_wconf 80' lang='lat' dir='ltr'><strong><em>altitudo,</em></strong></span> <span class='ocrx_word' id='word_1_515' title='bbox 1498 3812 1659 3868; x_wconf 76' lang='lat' dir='ltr'><strong><em>neque</em></strong></span> <span class='ocrx_word' id='word_1_516' title='bbox 1709 3797 2051 3868; x_wconf 74' lang='lat' dir='ltr'><strong><em>profundum.</em></strong></span> 
     </span>
    </p>
   </div>
   <div class='ocr_carea' id='block_1_68' title="bbox 470 3887 2056 3959">
    <p class='ocr_par' dir='ltr' id='par_1_68' title="bbox 470 3887 2056 3959">
     <span class='ocr_line' id='line_1_68' title="bbox 470 3887 2056 3959; baseline 0.003 -18"><span class='ocrx_word' id='word_1_517' title='bbox 470 3887 526 3941; x_wconf 86' lang='lat' dir='ltr'><strong><em>ld</em></strong></span> <span class='ocrx_word' id='word_1_518' title='bbox 552 3896 634 3942; x_wconf 87' lang='lat' dir='ltr'><strong><em>est</em></strong></span> <span class='ocrx_word' id='word_1_519' title='bbox 658 3903 756 3942; x_wconf 91' lang='lat' dir='ltr'><strong><em>nec</em></strong></span> <span class='ocrx_word' id='word_1_520' title='bbox 785 3903 1043 3959; x_wconf 90' lang='lat' dir='ltr'><strong><em>prospera</em></strong></span> <span class='ocrx_word' id='word_1_521' title='bbox 1073 3888 1157 3944; x_wconf 89' lang='lat' dir='ltr'><strong><em>vel</em></strong></span> <span class='ocrx_word' id='word_1_522' title='bbox 1189 3889 1440 3957; x_wconf 87' lang='lat' dir='ltr'><strong><em>adversa,</em></strong></span> <span class='ocrx_word' id='word_1_523' title='bbox 1463 3889 1605 3944; x_wconf 90' lang='lat' dir='ltr'><strong><em>unde</em></strong></span> <span class='ocrx_word' id='word_1_524' title='bbox 1633 3887 1928 3945; x_wconf 88' lang='lat' dir='ltr'><strong><em>Salomon:</em></strong></span> <span class='ocrx_word' id='word_1_525' title='bbox 1955 3891 2056 3946; x_wconf 86' lang='lat' dir='ltr'><strong><em>Di-</em></strong></span> 
     </span>
    </p>
   </div>
   <div class='ocr_carea' id='block_1_69' title="bbox 471 3981 2052 4053">
    <p class='ocr_par' dir='ltr' id='par_1_69' title="bbox 471 3981 2052 4053">
     <span class='ocr_line' id='line_1_69' title="bbox 471 3981 2052 4053; baseline 0.003 -20"><span class='ocrx_word' id='word_1_526' title='bbox 471 3981 624 4036; x_wconf 79' lang='lat' dir='ltr'><strong><em>ritias</em></strong></span> <span class='ocrx_word' id='word_1_527' title='bbox 679 3993 726 4036; x_wconf 90' lang='lat' dir='ltr'><strong><em>et</em></strong></span> <span class='ocrx_word' id='word_1_528' title='bbox 771 3992 1101 4053; x_wconf 87' lang='lat' dir='ltr'><strong><em>paupertates</em></strong></span> <span class='ocrx_word' id='word_1_529' title='bbox 1141 3999 1206 4036; x_wconf 85' lang='lat' dir='ltr'><strong><em>ne</em></strong></span> <span class='ocrx_word' id='word_1_530' title='bbox 1253 3982 1457 4036; x_wconf 82' lang='lat' dir='ltr'><strong><em>dederis</em></strong></span> <span class='ocrx_word' id='word_1_531' title='bbox 1502 3982 1633 4035; x_wconf 76' lang='lat' dir='ltr'><strong><em>mihi</em></strong></span> <span class='ocrx_word' id='word_1_532' title='bbox 1664 3995 1683 4034; x_wconf 79' lang='lat'><strong><em>.‘</em></strong></span> <span class='ocrx_word' id='word_1_533' title='bbox 1723 3999 1786 4037; x_wconf 82' lang='lat' dir='ltr'><strong><em>ne</em></strong></span> <span class='ocrx_word' id='word_1_534' title='bbox 1828 3982 2052 4051; x_wconf 72' lang='lat' dir='ltr'><strong><em>repletus</em></strong></span> 
     </span>
    </p>
   </div>
   <div class='ocr_carea' id='block_1_70' title="bbox 472 4074 2054 4146">
    <p class='ocr_par' dir='ltr' id='par_1_70' title="bbox 472 4074 2054 4146">
     <span class='ocr_line' id='line_1_70' title="bbox 472 4074 2054 4146; baseline 0.004 -20"><span class='ocrx_word' id='word_1_535' title='bbox 472 4074 699 4130; x_wconf 76' lang='lat' dir='ltr'><strong><em>mendax</em></strong></span> <span class='ocrx_word' id='word_1_536' title='bbox 725 4075 874 4144; x_wconf 81' lang='lat' dir='ltr'><strong><em>ﬁam,</em></strong></span> <span class='ocrx_word' id='word_1_537' title='bbox 904 4074 979 4130; x_wconf 83' lang='lat' dir='ltr'><strong><em>vel</em></strong></span> <span class='ocrx_word' id='word_1_538' title='bbox 1012 4091 1212 4145; x_wconf 82' lang='lat' dir='ltr'><strong><em>pauper</em></strong></span> <span class='ocrx_word' id='word_1_539' title='bbox 1243 4075 1466 4146; x_wconf 86' lang='lat' dir='ltr'><strong><em>rapiam,</em></strong></span> <span class='ocrx_word' id='word_1_540' title='bbox 1499 4085 1546 4130; x_wconf 88' lang='lat' dir='ltr'><strong><em>et</em></strong></span> <span class='ocrx_word' id='word_1_541' title='bbox 1571 4076 1834 4146; x_wconf 85' lang='lat' dir='ltr'><strong><em>perjurem</em></strong></span> <span class='ocrx_word' id='word_1_542' title='bbox 1868 4092 2054 4133; x_wconf 72' lang='lat' dir='ltr'><strong><em>nomen</em></strong></span> 
     </span>
    </p>
   </div>
   <div class='ocr_carea' id='block_1_71' title="bbox 472 4166 2055 4240">
    <p class='ocr_par' dir='ltr' id='par_1_71' title="bbox 472 4166 2055 4240">
     <span class='ocr_line' id='line_1_71' title="bbox 472 4166 2055 4240; baseline 0.003 -18"><span class='ocrx_word' id='word_1_543' title='bbox 472 4168 570 4222; x_wconf 79' lang='lat' dir='ltr'><strong><em>Dei</em></strong></span> <span class='ocrx_word' id='word_1_544' title='bbox 599 4167 778 4240; x_wconf 87' lang='lat' dir='ltr'><strong><em>(Prov.</em></strong></span> <span class='ocrx_word' id='word_1_545' title='bbox 817 4167 970 4238; x_wconf 81' lang='lat' dir='ltr'><strong><em>xxx).</em></strong></span> <span class='ocrx_word' id='word_1_546' title='bbox 999 4166 1150 4221; x_wconf 83' lang='lat' dir='ltr'><strong><em>Multi</em></strong></span> <span class='ocrx_word' id='word_1_547' title='bbox 1177 4176 1404 4238; x_wconf 89' lang='lat' dir='ltr'><strong><em>peccant</em></strong></span> <span class='ocrx_word' id='word_1_548' title='bbox 1431 4168 1736 4233; x_wconf 86' lang='lat' dir='ltr'><strong><em>altitudine,</em></strong></span> <span class='ocrx_word' id='word_1_549' title='bbox 1773 4168 1927 4224; x_wconf 90' lang='lat' dir='ltr'><strong><em>multi</em></strong></span> <span class='ocrx_word' id='word_1_550' title='bbox 1959 4184 2055 4226; x_wconf 83' lang='lat' dir='ltr'><strong><em>ne-</em></strong></span> 
     </span>
    </p>
   </div>
   <div class='ocr_carea' id='block_1_72' title="bbox 474 4259 2053 4331">
    <p class='ocr_par' dir='ltr' id='par_1_72' title="bbox 474 4259 2053 4331">
     <span class='ocr_line' id='line_1_72' title="bbox 474 4259 2053 4331; baseline 0.001 -18"><span class='ocrx_word' id='word_1_551' title='bbox 474 4261 746 4316; x_wconf 87' lang='lat' dir='ltr'><strong><em>cessitate.</em></strong></span> <span class='ocrx_word' id='word_1_552' title='bbox 775 4259 974 4315; x_wconf 86' lang='lat' dir='ltr'><strong><em>Contra</em></strong></span> <span class='ocrx_word' id='word_1_553' title='bbox 999 4260 1102 4314; x_wconf 89' lang='lat' dir='ltr'><strong><em>hoc</em></strong></span> <span class='ocrx_word' id='word_1_554' title='bbox 1123 4261 1441 4331; x_wconf 89' lang='lat' dir='ltr'><strong><em>proponitur</em></strong></span> <span class='ocrx_word' id='word_1_555' title='bbox 1467 4261 1650 4316; x_wconf 83' lang='lat' dir='ltr'><strong><em>Achaz</em></strong></span> <span class='ocrx_word' id='word_1_556' title='bbox 1679 4261 1733 4315; x_wconf 89' lang='lat' dir='ltr'><strong><em>in</em></strong></span> <span class='ocrx_word' id='word_1_557' title='bbox 1757 4261 1892 4316; x_wconf 90' lang='lat' dir='ltr'><strong><em>Isaia</em></strong></span> <span class='ocrx_word' id='word_1_558' title='bbox 1911 4301 1925 4327; x_wconf 91' lang='lat'><strong><em>,</em></strong></span> <span class='ocrx_word' id='word_1_559' title='bbox 1960 4261 2053 4330; x_wconf 92' lang='lat' dir='ltr'><strong><em>qui</em></strong></span> 
     </span>
    </p>
   </div>
   <div class='ocr_carea' id='block_1_73' title="bbox 475 4352 2058 4423">
    <p class='ocr_par' dir='ltr' id='par_1_73' title="bbox 475 4352 2058 4423">
     <span class='ocr_line' id='line_1_73' title="bbox 475 4352 2058 4423; baseline 0.002 -17"><span class='ocrx_word' id='word_1_560' title='bbox 475 4353 696 4407; x_wconf 85' lang='lat' dir='ltr'><strong><em>uolebat</em></strong></span> <span class='ocrx_word' id='word_1_561' title='bbox 725 4360 907 4421; x_wconf 90' lang='lat' dir='ltr'><strong><em>petere</em></strong></span> <span class='ocrx_word' id='word_1_562' title='bbox 931 4352 1143 4423; x_wconf 88' lang='lat' dir='ltr'><strong><em>signum</em></strong></span> <span class='ocrx_word' id='word_1_563' title='bbox 1179 4367 1353 4421; x_wconf 90' lang='lat' dir='ltr'><strong><em>neque</em></strong></span> <span class='ocrx_word' id='word_1_564' title='bbox 1381 4352 1435 4407; x_wconf 94' lang='lat' dir='ltr'>in</span> <span class='ocrx_word' id='word_1_565' title='bbox 1471 4353 1582 4408; x_wconf 85' lang='lat' dir='ltr'><strong><em>alto</em></strong></span> <span class='ocrx_word' id='word_1_566' title='bbox 1622 4367 1798 4421; x_wconf 89' lang='lat' dir='ltr'><strong><em>neque</em></strong></span> <span class='ocrx_word' id='word_1_567' title='bbox 1835 4353 1891 4408; x_wconf 91' lang='lat' dir='ltr'><strong><em>in</em></strong></span> <span class='ocrx_word' id='word_1_568' title='bbox 1929 4368 2058 4422; x_wconf 91' lang='lat' dir='ltr'><strong><em>pro-</em></strong></span> 
     </span>
    </p>
   </div>
   <div class='ocr_carea' id='block_1_74' title="bbox 443 4442 2057 4515">
    <p class='ocr_par' dir='ltr' id='par_1_74' title="bbox 443 4442 2057 4515">
     <span class='ocr_line' id='line_1_74' title="bbox 443 4442 2057 4515; baseline 0.002 -18"><span class='ocrx_word' id='word_1_569' title='bbox 443 4473 445 4476; x_wconf 58' lang='grc'>‹</span> <span class='ocrx_word' id='word_1_570' title='bbox 473 4443 663 4499; x_wconf 77' lang='lat' dir='ltr'><strong><em>fundo.</em></strong></span> <span class='ocrx_word' id='word_1_571' title='bbox 699 4443 1015 4498; x_wconf 83' lang='lat' dir='ltr'><strong><em>Remedium</em></strong></span> <span class='ocrx_word' id='word_1_572' title='bbox 1045 4444 1110 4499; x_wconf 89' lang='lat' dir='ltr'><strong><em>de</em></strong></span> <span class='ocrx_word' id='word_1_573' title='bbox 1134 4442 1370 4510; x_wconf 88' lang='lat' dir='ltr'><strong><em>Christo,</em></strong></span> <span class='ocrx_word' id='word_1_574' title='bbox 1393 4445 1486 4515; x_wconf 90' lang='lat' dir='ltr'><strong><em>qui</em></strong></span> <span class='ocrx_word' id='word_1_575' title='bbox 1509 4459 1685 4514; x_wconf 90' lang='lat' dir='ltr'><strong><em>neque</em></strong></span> <span class='ocrx_word' id='word_1_576' title='bbox 1708 4444 1883 4500; x_wconf 89' lang='lat' dir='ltr'><strong><em>elatus</em></strong></span> <span class='ocrx_word' id='word_1_577' title='bbox 1903 4454 2057 4515; x_wconf 88' lang='lat' dir='ltr'><strong><em>pote-</em></strong></span> 
     </span>
    </p>
   </div>
   <div class='ocr_carea' id='block_1_75' title="bbox 2154 3338 3726 3415">
    <p class='ocr_par' dir='ltr' id='par_1_75' title="bbox 2154 3338 3726 3415">
     <span class='ocr_line' id='line_1_75' title="bbox 2154 3338 3726 3415; baseline 0.007 -25"><span class='ocrx_word' id='word_1_578' title='bbox 2154 3338 2458 3393; x_wconf 88' lang='lat' dir='ltr'><strong><em>nasciturus</em></strong></span> <span class='ocrx_word' id='word_1_579' title='bbox 2488 3341 2915 3409; x_wconf 84' lang='lat' dir='ltr'><strong><em>promitteretur,</em></strong></span> <span class='ocrx_word' id='word_1_580' title='bbox 2941 3343 3022 3396; x_wconf 83' lang='lat' dir='ltr'><strong><em>sic</em></strong></span> <span class='ocrx_word' id='word_1_581' title='bbox 3043 3350 3099 3398; x_wconf 78' lang='lat' dir='ltr'><strong><em>et</em></strong></span> <span class='ocrx_word' id='word_1_582' title='bbox 3127 3344 3238 3410; x_wconf 89' lang='lat' dir='ltr'><strong><em>isti,</em></strong></span> <span class='ocrx_word' id='word_1_583' title='bbox 3272 3345 3366 3400; x_wconf 89' lang='lat' dir='ltr'><strong><em>sed</em></strong></span> <span class='ocrx_word' id='word_1_584' title='bbox 3391 3344 3504 3400; x_wconf 75' lang='lat' dir='ltr'><strong><em>sola</em></strong></span> <span class='ocrx_word' id='word_1_585' title='bbox 3543 3348 3726 3415; x_wconf 79' lang='lat' dir='ltr'><strong><em>gratia</em></strong></span> 
     </span>
    </p>
   </div>
   <div class='ocr_carea' id='block_1_76' title="bbox 2157 3429 3396 3505">
    <p class='ocr_par' dir='ltr' id='par_1_76' title="bbox 2157 3429 3396 3505">
     <span class='ocr_line' id='line_1_76' title="bbox 2157 3429 3396 3505; baseline 0.004 -21"><span class='ocrx_word' id='word_1_586' title='bbox 2157 3429 2426 3499; x_wconf 88' lang='lat' dir='ltr'><strong><em>promissa</em></strong></span> <span class='ocrx_word' id='word_1_587' title='bbox 2449 3440 2536 3486; x_wconf 86' lang='lat' dir='ltr'><strong><em>est</em></strong></span> <span class='ocrx_word' id='word_1_588' title='bbox 2558 3440 2613 3486; x_wconf 91' lang='lat' dir='ltr'>et</span> <span class='ocrx_word' id='word_1_589' title='bbox 2647 3433 2728 3486; x_wconf 86' lang='lat' dir='ltr'><strong><em>eis</em></strong></span> <span class='ocrx_word' id='word_1_590' title='bbox 2761 3433 2883 3487; x_wconf 87' lang='lat' dir='ltr'><strong><em>data</em></strong></span> <span class='ocrx_word' id='word_1_591' title='bbox 2906 3431 3142 3488; x_wconf 71' lang='lat' dir='ltr'><strong><em>ﬁliorum</em></strong></span> <span class='ocrx_word' id='word_1_592' title='bbox 3163 3436 3396 3505; x_wconf 84' lang='lat' dir='ltr'><strong><em>adoptio.</em></strong></span> 
     </span>
    </p>
   </div>
   <div class='ocr_carea' id='block_1_77' title="bbox 2230 3520 3752 3582">
    <p class='ocr_par' dir='ltr' id='par_1_77' title="bbox 2230 3520 3752 3582">
     <span class='ocr_line' id='line_1_77' title="bbox 2230 3520 3752 3582; baseline 0.005 -7"><span class='ocrx_word' id='word_1_593' title='bbox 2230 3520 2394 3576; x_wconf 77' lang='lat' dir='ltr'><strong><em>Vsus.</em></strong></span> <span class='ocrx_word' id='word_1_594' title='bbox 2419 3521 2506 3576; x_wconf 83' lang='grc'><strong>10.</strong></span> <span class='ocrx_word' id='word_1_595' title='bbox 2535 3553 2605 3563; x_wconf 94' lang='grc'><strong>-</strong></span> <span class='ocrx_word' id='word_1_596' title='bbox 2637 3521 2764 3578; x_wconf 75' lang='lat' dir='ltr'><strong><em>Non</em></strong></span> <span class='ocrx_word' id='word_1_597' title='bbox 2805 3523 2978 3577; x_wconf 73' lang='lat' dir='ltr'><strong><em>solum</em></strong></span> <span class='ocrx_word' id='word_1_598' title='bbox 3010 3533 3186 3578; x_wconf 76' lang='lat' dir='ltr'><strong><em>autem</em></strong></span> <span class='ocrx_word' id='word_1_599' title='bbox 3226 3525 3340 3580; x_wconf 75' lang='lat' dir='ltr'><strong><em>illa.</em></strong></span> <span class='ocrx_word' id='word_1_600' title='bbox 3382 3525 3517 3581; x_wconf 78' lang='lat' dir='ltr'><strong><em>Sara</em></strong></span> <span class='ocrx_word' id='word_1_601' title='bbox 3553 3527 3752 3582; x_wconf 84' lang='lat' dir='ltr'><strong><em>habuit</em></strong></span> 
     </span>
    </p>
   </div>
   <div class='ocr_carea' id='block_1_78' title="bbox 2157 3612 3750 3688">
    <p class='ocr_par' dir='ltr' id='par_1_78' title="bbox 2157 3612 3750 3688">
     <span class='ocr_line' id='line_1_78' title="bbox 2157 3612 3750 3688; baseline 0.004 -23"><span class='ocrx_word' id='word_1_602' title='bbox 2157 3612 2592 3682; x_wconf 87' lang='lat' dir='ltr'><strong><em>promissionem,</em></strong></span> <span class='ocrx_word' id='word_1_603' title='bbox 2652 3615 2746 3669; x_wconf 87' lang='lat' dir='ltr'><strong><em>sed</em></strong></span> <span class='ocrx_word' id='word_1_604' title='bbox 2807 3622 2864 3669; x_wconf 80' lang='lat' dir='ltr'><strong><em>et</em></strong></span> <span class='ocrx_word' id='word_1_605' title='bbox 2906 3614 3160 3671; x_wconf 73' lang='lat' dir='ltr'><strong><em>Rebecca.</em></strong></span> <span class='ocrx_word' id='word_1_606' title='bbox 3190 3617 3378 3671; x_wconf 76' lang='lat' dir='ltr'><strong><em>habuit</em></strong></span> <span class='ocrx_word' id='word_1_607' title='bbox 3423 3618 3750 3688; x_wconf 84' lang='lat' dir='ltr'><strong><em>promissio-</em></strong></span> 
     </span>
    </p>
   </div>
   <div class='ocr_carea' id='block_1_79' title="bbox 2157 3704 3742 3770">
    <p class='ocr_par' dir='ltr' id='par_1_79' title="bbox 2157 3704 3742 3770">
     <span class='ocr_line' id='line_1_79' title="bbox 2157 3704 3742 3770; baseline 0.003 -13"><span class='ocrx_word' id='word_1_608' title='bbox 2157 3719 2280 3758; x_wconf 89' lang='lat' dir='ltr'><strong><em>nem</em></strong></span> <span class='ocrx_word' id='word_1_609' title='bbox 2300 3744 2314 3770; x_wconf 89' lang='lat'><strong><em>,</em></strong></span> <span class='ocrx_word' id='word_1_610' title='bbox 2355 3704 2561 3760; x_wconf 73' lang='lat' dir='ltr'><strong><em>habens</em></strong></span> <span class='ocrx_word' id='word_1_611' title='bbox 2607 3704 2814 3761; x_wconf 69' lang='lat' dir='ltr'><strong><em>scilicet</em></strong></span> <span class='ocrx_word' id='word_1_612' title='bbox 2858 3707 2994 3762; x_wconf 86' lang='lat' dir='ltr'><strong><em>duos</em></strong></span> <span class='ocrx_word' id='word_1_613' title='bbox 3020 3706 3161 3762; x_wconf 77' lang='lat' dir='ltr'><strong><em>filios</em></strong></span> <span class='ocrx_word' id='word_1_614' title='bbox 3203 3722 3268 3761; x_wconf 79' lang='lat' dir='ltr'><strong><em>ex</em></strong></span> <span class='ocrx_word' id='word_1_615' title='bbox 3304 3723 3413 3762; x_wconf 68' lang='lat' dir='ltr'><strong><em>mw</em></strong></span> <span class='ocrx_word' id='word_1_616' title='bbox 3457 3710 3742 3762; x_wconf 69' lang='lat' dir='ltr'><strong><em>concubitu</em></strong></span> 
     </span>
    </p>
   </div>
   <div class='ocr_carea' id='block_1_80' title="bbox 2156 3793 3748 3865">
    <p class='ocr_par' dir='ltr' id='par_1_80' title="bbox 2156 3793 3748 3865">
     <span class='ocr_line' id='line_1_80' title="bbox 2156 3793 3748 3865; baseline 0.004 -18"><span class='ocrx_word' id='word_1_617' title='bbox 2156 3793 2315 3848; x_wconf 80' lang='lat' dir='ltr'><strong><em>Isaac</em></strong></span> <span class='ocrx_word' id='word_1_618' title='bbox 2355 3795 2525 3865; x_wconf 80' lang='lat' dir='ltr'><strong><em>patris</em></strong></span> <span class='ocrx_word' id='word_1_619' title='bbox 2567 3797 2752 3851; x_wconf 73' lang='lat' dir='ltr'><strong><em>nostri.</em></strong></span> <span class='ocrx_word' id='word_1_620' title='bbox 2801 3795 2882 3851; x_wconf 75' lang='lat' dir='ltr'><strong><em>Ex</em></strong></span> <span class='ocrx_word' id='word_1_621' title='bbox 2926 3811 3035 3852; x_wconf 90' lang='lat' dir='ltr'><strong><em>uno</em></strong></span> <span class='ocrx_word' id='word_1_622' title='bbox 3063 3799 3350 3854; x_wconf 82' lang='lat' dir='ltr'><strong><em>concubitu</em></strong></span> <span class='ocrx_word' id='word_1_623' title='bbox 3385 3797 3540 3864; x_wconf 77' lang='lat' dir='ltr'><strong><em>dicit,</em></strong></span> <span class='ocrx_word' id='word_1_624' title='bbox 3576 3814 3647 3854; x_wconf 89' lang='lat' dir='ltr'><strong><em>ne</em></strong></span> <span class='ocrx_word' id='word_1_625' title='bbox 3673 3801 3748 3854; x_wconf 83' lang='lat' dir='ltr'><strong><em>vi-</em></strong></span> 
     </span>
    </p>
   </div>
   <div class='ocr_carea' id='block_1_81' title="bbox 2158 3887 3744 3958">
    <p class='ocr_par' dir='ltr' id='par_1_81' title="bbox 2158 3887 3744 3958">
     <span class='ocr_line' id='line_1_81' title="bbox 2158 3887 3744 3958; baseline 0.003 -18"><span class='ocrx_word' id='word_1_626' title='bbox 2158 3887 2390 3940; x_wconf 89' lang='lat' dir='ltr'><strong><em>deantur</em></strong></span> <span class='ocrx_word' id='word_1_627' title='bbox 2440 3887 2632 3942; x_wconf 82' lang='lat' dir='ltr'><strong><em>merita</em></strong></span> <span class='ocrx_word' id='word_1_628' title='bbox 2673 3896 2958 3957; x_wconf 87' lang='lat' dir='ltr'><strong><em>parentum</em></strong></span> <span class='ocrx_word' id='word_1_629' title='bbox 3006 3888 3306 3944; x_wconf 82' lang='lat' dir='ltr'><strong><em>diﬂ&#39;erentia</em></strong></span> <span class='ocrx_word' id='word_1_630' title='bbox 3361 3889 3415 3944; x_wconf 85' lang='lat' dir='ltr'><strong><em>in</em></strong></span> <span class='ocrx_word' id='word_1_631' title='bbox 3446 3892 3744 3958; x_wconf 78' lang='lat' dir='ltr'><strong><em>generatis,</em></strong></span> 
     </span>
    </p>
   </div>
   <div class='ocr_carea' id='block_1_82' title="bbox 2159 3978 3740 4052">
    <p class='ocr_par' dir='ltr' id='par_1_82' title="bbox 2159 3978 3740 4052">
     <span class='ocr_line' id='line_1_82' title="bbox 2159 3978 3740 4052; baseline 0.002 -17"><span class='ocrx_word' id='word_1_632' title='bbox 2159 3980 2253 4035; x_wconf 88' lang='lat' dir='ltr'><strong><em>sed</em></strong></span> <span class='ocrx_word' id='word_1_633' title='bbox 2281 3978 2542 4048; x_wconf 87' lang='lat' dir='ltr'><strong><em>patris,id</em></strong></span> <span class='ocrx_word' id='word_1_634' title='bbox 2571 3990 2654 4034; x_wconf 91' lang='lat' dir='ltr'><strong><em>est</em></strong></span> <span class='ocrx_word' id='word_1_635' title='bbox 2677 3981 3007 4036; x_wconf 85' lang='lat' dir='ltr'><strong><em>institutoris</em></strong></span> <span class='ocrx_word' id='word_1_636' title='bbox 3030 3983 3220 4048; x_wconf 87' lang='lat' dir='ltr'><strong><em>nostri,</em></strong></span> <span class='ocrx_word' id='word_1_637' title='bbox 3250 3998 3408 4052; x_wconf 84' lang='lat' dir='ltr'><strong><em>quem</em></strong></span> <span class='ocrx_word' id='word_1_638' title='bbox 3439 3982 3740 4048; x_wconf 88' lang='lat' dir='ltr'><strong><em>imitemur,</em></strong></span> 
     </span>
    </p>
   </div>
   <div class='ocr_carea' id='block_1_83' title="bbox 2159 4073 3745 4132">
    <p class='ocr_par' dir='ltr' id='par_1_83' title="bbox 2159 4073 3745 4132">
     <span class='ocr_line' id='line_1_83' title="bbox 2159 4073 3745 4132; baseline 0.001 -2"><span class='ocrx_word' id='word_1_639' title='bbox 2159 4073 2206 4130; x_wconf 69' lang='lat' dir='ltr'><strong><em>si</em></strong></span> <span class='ocrx_word' id='word_1_640' title='bbox 2253 4073 2501 4129; x_wconf 86' lang='lat' dir='ltr'><strong><em>volumus</em></strong></span> <span class='ocrx_word' id='word_1_641' title='bbox 2551 4087 2674 4129; x_wconf 86' lang='lat' dir='ltr'><strong><em>esse</em></strong></span> <span class='ocrx_word' id='word_1_642' title='bbox 2719 4073 2814 4128; x_wconf 82' lang='lat' dir='ltr'><strong><em>lilii</em></strong></span> <span class='ocrx_word' id='word_1_643' title='bbox 2867 4075 2981 4128; x_wconf 90' lang='lat' dir='ltr'><strong><em>Dei.</em></strong></span> <span class='ocrx_word' id='word_1_644' title='bbox 3031 4074 3326 4131; x_wconf 88' lang='lat' dir='ltr'><strong><em>Promissio</em></strong></span> <span class='ocrx_word' id='word_1_645' title='bbox 3391 4075 3536 4132; x_wconf 78' lang='lat' dir='ltr'><strong><em>facta</em></strong></span> <span class='ocrx_word' id='word_1_646' title='bbox 3589 4075 3745 4132; x_wconf 76' lang='lat' dir='ltr'><strong><em>Sara:</em></strong></span> 
     </span>
    </p>
   </div>
   <div class='ocr_carea' id='block_1_84' title="bbox 2157 4165 3744 4235">
    <p class='ocr_par' dir='ltr' id='par_1_84' title="bbox 2157 4165 3744 4235">
     <span class='ocr_line' id='line_1_84' title="bbox 2157 4165 3744 4235; baseline 0.002 -15"><span class='ocrx_word' id='word_1_647' title='bbox 2157 4165 2393 4220; x_wconf 92' lang='lat' dir='ltr'><strong><em>ostendit</em></strong></span> <span class='ocrx_word' id='word_1_648' title='bbox 2441 4167 2580 4234; x_wconf 92' lang='lat' dir='ltr'><strong><em>quod</em></strong></span> <span class='ocrx_word' id='word_1_649' title='bbox 2627 4175 2849 4235; x_wconf 89' lang='lat' dir='ltr'><strong><em>propter</em></strong></span> <span class='ocrx_word' id='word_1_650' title='bbox 2889 4181 3060 4234; x_wconf 83' lang='lat' dir='ltr'><strong><em>genus</em></strong></span> <span class='ocrx_word' id='word_1_651' title='bbox 3093 4167 3270 4224; x_wconf 88' lang='lat' dir='ltr'><strong><em>nullus</em></strong></span> <span class='ocrx_word' id='word_1_652' title='bbox 3319 4167 3579 4223; x_wconf 70' lang='lat' dir='ltr'><strong><em>salvetur.</em></strong></span> <span class='ocrx_word' id='word_1_653' title='bbox 3629 4167 3744 4223; x_wconf 73' lang='lat' dir='ltr'><strong><em>Ista</em></strong></span> 
     </span>
    </p>
   </div>
   <div class='ocr_carea' id='block_1_85' title="bbox 2159 4257 3744 4332">
    <p class='ocr_par' dir='ltr' id='par_1_85' title="bbox 2159 4257 3744 4332">
     <span class='ocr_line' id='line_1_85' title="bbox 2159 4257 3744 4332; baseline 0.002 -20"><span class='ocrx_word' id='word_1_654' title='bbox 2159 4265 2337 4313; x_wconf 87' lang='lat' dir='ltr'><strong><em>autem</em></strong></span> <span class='ocrx_word' id='word_1_655' title='bbox 2369 4258 2657 4327; x_wconf 89' lang='lat' dir='ltr'><strong><em>promissio</em></strong></span> <span class='ocrx_word' id='word_1_656' title='bbox 2680 4258 2822 4314; x_wconf 78' lang='lat' dir='ltr'><strong><em>facta</em></strong></span> <span class='ocrx_word' id='word_1_657' title='bbox 2846 4257 3127 4324; x_wconf 78' lang='lat' dir='ltr'><strong><em>Rebeccae,</em></strong></span> <span class='ocrx_word' id='word_1_658' title='bbox 3165 4260 3402 4314; x_wconf 84' lang='lat' dir='ltr'><strong><em>ostendit</em></strong></span> <span class='ocrx_word' id='word_1_659' title='bbox 3423 4261 3569 4330; x_wconf 82' lang='lat' dir='ltr'><strong><em>quod</em></strong></span> <span class='ocrx_word' id='word_1_660' title='bbox 3612 4275 3744 4332; x_wconf 85' lang='lat' dir='ltr'><strong><em>pro-</em></strong></span> 
     </span>
    </p>
   </div>
   <div class='ocr_carea' id='block_1_86' title="bbox 2141 4343 3747 4425">
    <p class='ocr_par' dir='ltr' id='par_1_86' title="bbox 2141 4343 3747 4425">
     <span class='ocr_line' id='line_1_86' title="bbox 2141 4343 3747 4425; baseline 0.003 -21"><span class='ocrx_word' id='word_1_661' title='bbox 2141 4343 2279 4422; x_wconf 80' lang='lat' dir='ltr'><strong><em>&#39;pter</em></strong></span> <span class='ocrx_word' id='word_1_662' title='bbox 2299 4351 2501 4406; x_wconf 91' lang='lat' dir='ltr'><strong><em>nullum</em></strong></span> <span class='ocrx_word' id='word_1_663' title='bbox 2526 4352 2776 4407; x_wconf 89' lang='lat' dir='ltr'><strong><em>meritum</em></strong></span> <span class='ocrx_word' id='word_1_664' title='bbox 2811 4367 2968 4408; x_wconf 87' lang='lat' dir='ltr'><strong><em>suum</em></strong></span> <span class='ocrx_word' id='word_1_665' title='bbox 2993 4351 3078 4407; x_wconf 87' lang='lat' dir='ltr'><strong><em>vel</em></strong></span> <span class='ocrx_word' id='word_1_666' title='bbox 3101 4361 3389 4424; x_wconf 82' lang='lat' dir='ltr'><strong><em>parentum</em></strong></span> <span class='ocrx_word' id='word_1_667' title='bbox 3417 4352 3616 4425; x_wconf 79' lang='lat' dir='ltr'><strong><em>aliquis</em></strong></span> <span class='ocrx_word' id='word_1_668' title='bbox 3644 4354 3747 4410; x_wconf 83' lang='lat' dir='ltr'><strong><em>eli-</em></strong></span> 
     </span>
    </p>
   </div>
   <div class='ocr_carea' id='block_1_87' title="bbox 2160 4439 2818 4512">
    <p class='ocr_par' dir='ltr' id='par_1_87' title="bbox 2160 4439 2818 4512">
     <span class='ocr_line' id='line_1_87' title="bbox 2160 4439 2818 4512; baseline 0.005 -19"><span class='ocrx_word' id='word_1_669' title='bbox 2160 4439 2323 4510; x_wconf 76' lang='lat' dir='ltr'><strong><em>gitur,</em></strong></span> <span class='ocrx_word' id='word_1_670' title='bbox 2357 4441 2449 4496; x_wconf 87' lang='lat' dir='ltr'><strong><em>sed</em></strong></span> <span class='ocrx_word' id='word_1_671' title='bbox 2487 4441 2601 4497; x_wconf 83' lang='lat' dir='ltr'><strong><em>sola</em></strong></span> <span class='ocrx_word' id='word_1_672' title='bbox 2627 4443 2818 4512; x_wconf 84' lang='lat' dir='ltr'><strong><em>gratia.</em></strong></span> 
     </span>
    </p>
   </div>
   <div class='ocr_carea' id='block_1_88' title="bbox 474 4532 3740 4623">
    <p class='ocr_par' dir='ltr' id='par_1_88' title="bbox 474 4532 3740 4623">
     <span class='ocr_line' id='line_1_88' title="bbox 474 4532 3740 4623; baseline -0.001 -30"><span class='ocrx_word' id='word_1_673' title='bbox 474 4547 615 4593; x_wconf 90' lang='lat' dir='ltr'><strong><em>state</em></strong></span> <span class='ocrx_word' id='word_1_674' title='bbox 652 4552 757 4607; x_wconf 89' lang='lat' dir='ltr'><strong><em>qua</em></strong></span> <span class='ocrx_word' id='word_1_675' title='bbox 794 4536 1014 4608; x_wconf 84' lang='lat' dir='ltr'><strong><em>aequalis</em></strong></span> <span class='ocrx_word' id='word_1_676' title='bbox 1046 4535 1231 4602; x_wconf 90' lang='lat' dir='ltr'><strong><em>Patri,</em></strong></span> <span class='ocrx_word' id='word_1_677' title='bbox 1277 4551 1375 4591; x_wconf 90' lang='lat' dir='ltr'>nec</span> <span class='ocrx_word' id='word_1_678' title='bbox 1414 4537 1662 4591; x_wconf 88' lang='lat' dir='ltr'><strong><em>turbatus</em></strong></span> <span class='ocrx_word' id='word_1_679' title='bbox 1690 4537 1757 4592; x_wconf 92' lang='lat' dir='ltr'><strong><em>de</em></strong></span> <span class='ocrx_word' id='word_1_680' title='bbox 1789 4537 2054 4606; x_wconf 78' lang='lat' dir='ltr'><strong><em>ejectione</em></strong></span> <span class='ocrx_word' id='word_1_681' title='bbox 2079 4561 2135 4623; x_wconf 79' lang='grc' dir='ltr'><strong><em>ι)</em></strong></span> <span class='ocrx_word' id='word_1_682' title='bbox 2234 4532 2393 4586; x_wconf 75' lang='lat' dir='ltr'><strong><em>VERS.</em></strong></span> <span class='ocrx_word' id='word_1_683' title='bbox 2431 4532 2516 4587; x_wconf 83' lang='grc' dir='ltr'><strong>Η.</strong></span> <span class='ocrx_word' id='word_1_684' title='bbox 2548 4563 2620 4572; x_wconf 89' lang='grc'><strong><em>-</em></strong></span> <span class='ocrx_word' id='word_1_685' title='bbox 2657 4532 2788 4586; x_wconf 81' lang='lat' dir='ltr'><strong><em>Cum</em></strong></span> <span class='ocrx_word' id='word_1_686' title='bbox 2838 4533 2975 4587; x_wconf 79' lang='lat' dir='ltr'><strong><em>enim</em></strong></span> <span class='ocrx_word' id='word_1_687' title='bbox 3023 4535 3255 4589; x_wconf 85' lang='lat' dir='ltr'><strong><em>nondum</em></strong></span> <span class='ocrx_word' id='word_1_688' title='bbox 3306 4535 3436 4590; x_wconf 83' lang='lat' dir='ltr'><strong><em>nati.</em></strong></span> <span class='ocrx_word' id='word_1_689' title='bbox 3489 4534 3740 4590; x_wconf 67' lang='lat' dir='ltr'><strong><em>Plebem</em></strong></span> 
     </span>
    </p>
   </div>
   <div class='ocr_carea' id='block_1_89' title="bbox 472 4629 2055 4702">
    <p class='ocr_par' dir='ltr' id='par_1_89' title="bbox 472 4629 2055 4702">
     <span class='ocr_line' id='line_1_89' title="bbox 472 4629 2055 4702; baseline -0.001 -15"><span class='ocrx_word' id='word_1_690' title='bbox 472 4633 694 4697; x_wconf 89' lang='lat' dir='ltr'><strong><em>mortis,</em></strong></span> <span class='ocrx_word' id='word_1_691' title='bbox 724 4631 816 4702; x_wconf 86' lang='lat' dir='ltr'><strong><em>qui</em></strong></span> <span class='ocrx_word' id='word_1_692' title='bbox 845 4639 929 4688; x_wconf 90' lang='lat' dir='ltr'><strong><em>est</em></strong></span> <span class='ocrx_word' id='word_1_693' title='bbox 961 4631 1172 4702; x_wconf 86' lang='lat' dir='ltr'><strong><em>signum</em></strong></span> <span class='ocrx_word' id='word_1_694' title='bbox 1219 4630 1274 4685; x_wconf 90' lang='lat' dir='ltr'><strong><em>in</em></strong></span> <span class='ocrx_word' id='word_1_695' title='bbox 1305 4630 1449 4695; x_wconf 89' lang='lat' dir='ltr'><strong><em>alto,</em></strong></span> <span class='ocrx_word' id='word_1_696' title='bbox 1479 4637 1534 4685; x_wconf 89' lang='lat' dir='ltr'><strong><em>et</em></strong></span> <span class='ocrx_word' id='word_1_697' title='bbox 1565 4629 1618 4684; x_wconf 90' lang='lat' dir='ltr'><strong><em>in</em></strong></span> <span class='ocrx_word' id='word_1_698' title='bbox 1648 4629 1952 4700; x_wconf 78' lang='lat' dir='ltr'><strong><em>profundo:</em></strong></span> <span class='ocrx_word' id='word_1_699' title='bbox 1985 4646 2055 4686; x_wconf 88' lang='lat' dir='ltr'><strong><em>ne</em></strong></span> 
     </span>
    </p>
   </div>
   <div class='ocr_carea' id='block_1_90' title="bbox 470 4717 2052 4793">
    <p class='ocr_par' dir='ltr' id='par_1_90' title="bbox 470 4717 2052 4793">
     <span class='ocr_line' id='line_1_90' title="bbox 470 4717 2052 4793; baseline -0.002 -16"><span class='ocrx_word' id='word_1_700' title='bbox 470 4723 564 4777; x_wconf 90' lang='lat' dir='ltr'><strong><em>ille</em></strong></span> <span class='ocrx_word' id='word_1_701' title='bbox 606 4721 691 4777; x_wconf 87' lang='lat' dir='ltr'><strong><em>vel</em></strong></span> <span class='ocrx_word' id='word_1_702' title='bbox 743 4721 889 4793; x_wconf 84' lang='lat' dir='ltr'><strong><em>regia</em></strong></span> <span class='ocrx_word' id='word_1_703' title='bbox 935 4727 1205 4792; x_wconf 88' lang='lat' dir='ltr'><strong><em>potestate</em></strong></span> <span class='ocrx_word' id='word_1_704' title='bbox 1232 4717 1631 4784; x_wconf 71' lang='lat' dir='ltr'><strong><em>‘extolleretur,</em></strong></span> <span class='ocrx_word' id='word_1_705' title='bbox 1675 4718 1762 4775; x_wconf 89' lang='lat' dir='ltr'><strong><em>vel</em></strong></span> <span class='ocrx_word' id='word_1_706' title='bbox 1810 4735 2052 4775; x_wconf 63' lang='lat' dir='ltr'><strong><em>aerumna</em></strong></span> 
     </span>
    </p>
   </div>
   <div class='ocr_carea' id='block_1_91' title="bbox 475 4809 1960 4882">
    <p class='ocr_par' dir='ltr' id='par_1_91' title="bbox 475 4809 1960 4882">
     <span class='ocr_line' id='line_1_91' title="bbox 475 4809 1960 4882; baseline -0.003 -14"><span class='ocrx_word' id='word_1_707' title='bbox 475 4814 806 4879; x_wconf 89' lang='lat' dir='ltr'><strong><em>turbaretur,</em></strong></span> <span class='ocrx_word' id='word_1_708' title='bbox 833 4813 975 4868; x_wconf 90' lang='lat' dir='ltr'><strong><em>sicut</em></strong></span> <span class='ocrx_word' id='word_1_709' title='bbox 1000 4819 1128 4866; x_wconf 86' lang='lat' dir='ltr'><strong><em>tunc</em></strong></span> <span class='ocrx_word' id='word_1_710' title='bbox 1155 4817 1271 4865; x_wconf 88' lang='lat' dir='ltr'><strong><em>erat</em></strong></span> <span class='ocrx_word' id='word_1_711' title='bbox 1294 4824 1395 4879; x_wconf 91' lang='lat' dir='ltr'><strong><em>pro</em></strong></span> <span class='ocrx_word' id='word_1_712' title='bbox 1418 4809 1558 4866; x_wconf 90' lang='lat' dir='ltr'><strong><em>bello</em></strong></span> <span class='ocrx_word' id='word_1_713' title='bbox 1591 4810 1960 4882; x_wconf 82' lang='lat' dir='ltr'><strong><em>Assyriorum.</em></strong></span> 
     </span>
    </p>
   </div>
   <div class='ocr_carea' id='block_1_92' title="bbox 1081 4945 1437 5005">
    <p class='ocr_par' dir='ltr' id='par_1_92' title="bbox 1081 4945 1437 5005">
     <span class='ocr_line' id='line_1_92' title="bbox 1081 4945 1437 5005; baseline 0 -1"><span class='ocrx_word' id='word_1_714' title='bbox 1081 4945 1310 5005; x_wconf 81' lang='lat' dir='ltr'><strong><em>CAPUT</em></strong></span> <span class='ocrx_word' id='word_1_715' title='bbox 1347 4948 1437 5004; x_wconf 82' lang='lat' dir='ltr'><strong><em>IX.</em></strong></span> 
     </span>
    </p>
   </div>
   <div class='ocr_carea' id='block_1_93' title="bbox 549 5079 2050 5153">
    <p class='ocr_par' dir='ltr' id='par_1_93' title="bbox 549 5079 2050 5153">
     <span class='ocr_line' id='line_1_93' title="bbox 549 5079 2050 5153; baseline 0.001 -17"><span class='ocrx_word' id='word_1_716' title='bbox 549 5085 710 5137; x_wconf 75' lang='lat' dir='ltr'><strong><em>Vens.</em></strong></span> <span class='ocrx_word' id='word_1_717' title='bbox 759 5081 808 5135; x_wconf 84' lang='lat' dir='ltr'><strong><em>I.</em></strong></span> <span class='ocrx_word' id='word_1_718' title='bbox 841 5111 913 5124; x_wconf 88' lang='lat'><strong><em>--</em></strong></span> <span class='ocrx_word' id='word_1_719' title='bbox 945 5079 1226 5137; x_wconf 85' lang='lat' dir='ltr'><strong><em>Veritatem</em></strong></span> <span class='ocrx_word' id='word_1_720' title='bbox 1249 5081 1387 5138; x_wconf 85' lang='lat' dir='ltr'><strong><em>dico.</em></strong></span> <span class='ocrx_word' id='word_1_721' title='bbox 1422 5081 1577 5139; x_wconf 87' lang='lat' dir='ltr'><strong><em>Modo</em></strong></span> <span class='ocrx_word' id='word_1_722' title='bbox 1602 5083 1737 5139; x_wconf 90' lang='lat' dir='ltr'>nihil</span> <span class='ocrx_word' id='word_1_723' title='bbox 1767 5099 1852 5138; x_wconf 90' lang='lat' dir='ltr'><strong><em>me</em></strong></span> <span class='ocrx_word' id='word_1_724' title='bbox 1872 5090 2050 5153; x_wconf 85' lang='lat' dir='ltr'><strong><em>potest</em></strong></span> 
     </span>
    </p>
   </div>
   <div class='ocr_carea' id='block_1_94' title="bbox 474 5173 2049 5245">
    <p class='ocr_par' dir='ltr' id='par_1_94' title="bbox 474 5173 2049 5245">
     <span class='ocr_line' id='line_1_94' title="bbox 474 5173 2049 5245; baseline 0.001 -15"><span class='ocrx_word' id='word_1_725' title='bbox 474 5191 750 5244; x_wconf 76' lang='lat' dir='ltr'><strong><em>separare,</em></strong></span> <span class='ocrx_word' id='word_1_726' title='bbox 777 5175 868 5230; x_wconf 91' lang='lat' dir='ltr'><strong><em>sed</em></strong></span> <span class='ocrx_word' id='word_1_727' title='bbox 903 5173 1031 5230; x_wconf 90' lang='lat' dir='ltr'><strong><em>olim</em></strong></span> <span class='ocrx_word' id='word_1_728' title='bbox 1067 5174 1143 5230; x_wconf 81' lang='lat' dir='ltr'><strong><em>fui</em></strong></span> <span class='ocrx_word' id='word_1_729' title='bbox 1166 5186 1482 5245; x_wconf 88' lang='lat' dir='ltr'><strong><em>separatus;</em></strong></span> <span class='ocrx_word' id='word_1_730' title='bbox 1513 5177 1655 5232; x_wconf 92' lang='lat' dir='ltr'><strong><em>unde</em></strong></span> <span class='ocrx_word' id='word_1_731' title='bbox 1681 5177 1841 5232; x_wconf 90' lang='lat' dir='ltr'><strong><em>modo</em></strong></span> <span class='ocrx_word' id='word_1_732' title='bbox 1872 5176 2049 5245; x_wconf 90' lang='lat' dir='ltr'><strong><em>doleo,</em></strong></span> 
     </span>
    </p>
   </div>
   <div class='ocr_carea' id='block_1_95' title="bbox 475 5264 1676 5333">
    <p class='ocr_par' dir='ltr' id='par_1_95' title="bbox 475 5264 1676 5333">
     <span class='ocr_line' id='line_1_95' title="bbox 475 5264 1676 5333; baseline 0.004 -16"><span class='ocrx_word' id='word_1_733' title='bbox 475 5275 529 5317; x_wconf 87' lang='lat' dir='ltr'><strong><em>ct</em></strong></span> <span class='ocrx_word' id='word_1_734' title='bbox 551 5265 627 5320; x_wconf 79' lang='lat' dir='ltr'><strong><em>sic</em></strong></span> <span class='ocrx_word' id='word_1_735' title='bbox 658 5265 795 5318; x_wconf 89' lang='lat' dir='ltr'><strong><em>mala</em></strong></span> <span class='ocrx_word' id='word_1_736' title='bbox 817 5264 928 5333; x_wconf 87' lang='lat' dir='ltr'><strong><em>jam</em></strong></span> <span class='ocrx_word' id='word_1_737' title='bbox 950 5265 1001 5320; x_wconf 89' lang='lat' dir='ltr'><strong><em>in</em></strong></span> <span class='ocrx_word' id='word_1_738' title='bbox 1042 5266 1239 5321; x_wconf 90' lang='lat' dir='ltr'><strong><em>bonum</em></strong></span> <span class='ocrx_word' id='word_1_739' title='bbox 1266 5276 1676 5323; x_wconf 89' lang='lat' dir='ltr'><strong><em>convertuntur.</em></strong></span> 
     </span>
    </p>
   </div>
   <div class='ocr_carea' id='block_1_96' title="bbox 555 5355 2054 5426">
    <p class='ocr_par' dir='ltr' id='par_1_96' title="bbox 555 5355 2054 5426">
     <span class='ocr_line' id='line_1_96' title="bbox 555 5355 2054 5426; baseline 0.003 -18"><span class='ocrx_word' id='word_1_740' title='bbox 555 5355 831 5409; x_wconf 77' lang='lat' dir='ltr'><strong><em>Veritatem</em></strong></span> <span class='ocrx_word' id='word_1_741' title='bbox 859 5357 994 5411; x_wconf 87' lang='lat' dir='ltr'><strong><em>dico.</em></strong></span> <span class='ocrx_word' id='word_1_742' title='bbox 1022 5356 1243 5426; x_wconf 64' lang='lat' dir='ltr'><strong><em>(Auum)</em></strong></span> <span class='ocrx_word' id='word_1_743' title='bbox 1275 5358 1411 5425; x_wconf 84' lang='lat' dir='ltr'><strong><em>Quia</em></strong></span> <span class='ocrx_word' id='word_1_744' title='bbox 1441 5366 1628 5413; x_wconf 86' lang='lat' dir='ltr'><strong><em>contra</em></strong></span> <span class='ocrx_word' id='word_1_745' title='bbox 1670 5357 1884 5412; x_wconf 70' lang='lat' dir='ltr'><strong><em>Judaaos</em></strong></span> <span class='ocrx_word' id='word_1_746' title='bbox 1909 5357 2054 5426; x_wconf 84' lang='lat' dir='ltr'><strong><em>loqui</em></strong></span> 
     </span>
    </p>
   </div>
   <div class='ocr_carea' id='block_1_97' title="bbox 473 5445 2054 5518">
    <p class='ocr_par' dir='ltr' id='par_1_97' title="bbox 473 5445 2054 5518">
     <span class='ocr_line' id='line_1_97' title="bbox 473 5445 2054 5518; baseline 0.003 -20"><span class='ocrx_word' id='word_1_747' title='bbox 473 5446 622 5499; x_wconf 83' lang='lat' dir='ltr'><strong><em>visus</em></strong></span> <span class='ocrx_word' id='word_1_748' title='bbox 647 5452 751 5510; x_wconf 86' lang='lat' dir='ltr'><strong><em>est,</em></strong></span> <span class='ocrx_word' id='word_1_749' title='bbox 772 5455 904 5512; x_wconf 91' lang='lat' dir='ltr'><strong><em>etc.,</em></strong></span> <span class='ocrx_word' id='word_1_750' title='bbox 926 5463 1085 5518; x_wconf 85' lang='lat' dir='ltr'><strong><em>usque</em></strong></span> <span class='ocrx_word' id='word_1_751' title='bbox 1109 5447 1178 5500; x_wconf 88' lang='lat' dir='ltr'><strong><em>ad</em></strong></span> <span class='ocrx_word' id='word_1_752' title='bbox 1211 5445 1313 5502; x_wconf 78' lang='lat' dir='ltr'><strong><em>Job</em></strong></span> <span class='ocrx_word' id='word_1_753' title='bbox 1337 5455 1516 5502; x_wconf 88' lang='lat' dir='ltr'><strong><em>tamen</em></strong></span> <span class='ocrx_word' id='word_1_754' title='bbox 1543 5447 1645 5501; x_wconf 82' lang='lat' dir='ltr'>fuit</span> <span class='ocrx_word' id='word_1_755' title='bbox 1669 5463 1732 5503; x_wconf 80' lang='lat' dir='ltr'><strong><em>ex</em></strong></span> <span class='ocrx_word' id='word_1_756' title='bbox 1767 5447 1890 5501; x_wconf 82' lang='lat' dir='ltr'><strong>ﬁliis</strong></span> <span class='ocrx_word' id='word_1_757' title='bbox 1909 5447 2054 5502; x_wconf 88' lang='lat' dir='ltr'><strong><em>Esau</em></strong></span> 
     </span>
    </p>
   </div>
   <div class='ocr_carea' id='block_1_98' title="bbox 475 5537 1959 5607">
    <p class='ocr_par' dir='ltr' id='par_1_98' title="bbox 475 5537 1959 5607">
     <span class='ocr_line' id='line_1_98' title="bbox 475 5537 1959 5607; baseline 0.001 -16"><span class='ocrx_word' id='word_1_758' title='bbox 475 5537 712 5606; x_wconf 90' lang='lat' dir='ltr'><strong><em>quintus,</em></strong></span> <span class='ocrx_word' id='word_1_759' title='bbox 741 5537 946 5593; x_wconf 88' lang='lat' dir='ltr'><strong><em>scilicet</em></strong></span> <span class='ocrx_word' id='word_1_760' title='bbox 967 5537 1035 5592; x_wconf 88' lang='lat' dir='ltr'><strong><em>ab</em></strong></span> <span class='ocrx_word' id='word_1_761' title='bbox 1056 5539 1350 5604; x_wconf 89' lang='lat' dir='ltr'><strong><em>Abraham,</em></strong></span> <span class='ocrx_word' id='word_1_762' title='bbox 1374 5539 1476 5593; x_wconf 88' lang='lat' dir='ltr'><strong><em>hoc</em></strong></span> <span class='ocrx_word' id='word_1_763' title='bbox 1503 5548 1585 5594; x_wconf 90' lang='lat' dir='ltr'>est</span> <span class='ocrx_word' id='word_1_764' title='bbox 1611 5555 1775 5607; x_wconf 88' lang='lat' dir='ltr'><strong><em>nepos</em></strong></span> <span class='ocrx_word' id='word_1_765' title='bbox 1799 5539 1959 5594; x_wconf 87' lang='lat' dir='ltr'><strong><em>Esau.</em></strong></span> 
     </span>
    </p>
   </div>
   <div class='ocr_carea' id='block_1_99' title="bbox 545 5628 2052 5701">
    <p class='ocr_par' dir='ltr' id='par_1_99' title="bbox 545 5628 2052 5701">
     <span class='ocr_line' id='line_1_99' title="bbox 545 5628 2052 5701; baseline 0.001 -17"><span class='ocrx_word' id='word_1_766' title='bbox 545 5631 709 5685; x_wconf 75' lang='lat' dir='ltr'><strong><em>Vsus.</em></strong></span> <span class='ocrx_word' id='word_1_767' title='bbox 738 5633 792 5687; x_wconf 81' lang='lat'><strong><em>3.</em></strong></span> <span class='ocrx_word' id='word_1_768' title='bbox 816 5661 887 5672; x_wconf 96' lang='lat'>—</span> <span class='ocrx_word' id='word_1_769' title='bbox 913 5628 1022 5684; x_wconf 89' lang='lat' dir='ltr'><strong><em>Pro</em></strong></span> <span class='ocrx_word' id='word_1_770' title='bbox 1053 5630 1325 5700; x_wconf 80' lang='lat' dir='ltr'><strong><em>fratribus.</em></strong></span> <span class='ocrx_word' id='word_1_771' title='bbox 1354 5629 1582 5693; x_wconf 66' lang='lat' dir='ltr'><strong><em>Judaais,</em></strong></span> <span class='ocrx_word' id='word_1_772' title='bbox 1625 5630 1710 5684; x_wconf 89' lang='lat' dir='ltr'><strong><em>vel</em></strong></span> <span class='ocrx_word' id='word_1_773' title='bbox 1745 5630 1909 5684; x_wconf 89' lang='lat' dir='ltr'><strong><em>etiam</em></strong></span> <span class='ocrx_word' id='word_1_774' title='bbox 1952 5645 2052 5701; x_wconf 87' lang='lat' dir='ltr'><strong><em>pro</em></strong></span> 
     </span>
    </p>
   </div>
   <div class='ocr_carea' id='block_1_100' title="bbox 476 5720 2050 5793">
    <p class='ocr_par' dir='ltr' id='par_1_100' title="bbox 476 5720 2050 5793">
     <span class='ocr_line' id='line_1_100' title="bbox 476 5720 2050 5793; baseline 0 -15"><span class='ocrx_word' id='word_1_775' title='bbox 476 5723 560 5778; x_wconf 87' lang='lat' dir='ltr'><strong><em>his</em></strong></span> <span class='ocrx_word' id='word_1_776' title='bbox 598 5721 936 5778; x_wconf 87' lang='lat' dir='ltr'><strong><em>retrahendis</em></strong></span> <span class='ocrx_word' id='word_1_777' title='bbox 964 5722 1058 5793; x_wconf 91' lang='lat' dir='ltr'><strong><em>qui</em></strong></span> <span class='ocrx_word' id='word_1_778' title='bbox 1102 5723 1261 5776; x_wconf 91' lang='lat' dir='ltr'><strong><em>modo</em></strong></span> <span class='ocrx_word' id='word_1_779' title='bbox 1296 5730 1422 5775; x_wconf 91' lang='lat' dir='ltr'><strong><em>sunt</em></strong></span> <span class='ocrx_word' id='word_1_780' title='bbox 1454 5720 1650 5776; x_wconf 80' lang='lat' dir='ltr'><strong><em>fratres</em></strong></span> <span class='ocrx_word' id='word_1_781' title='bbox 1696 5721 1749 5776; x_wconf 93' lang='lat' dir='ltr'><strong><em>in</em></strong></span> <span class='ocrx_word' id='word_1_782' title='bbox 1782 5721 1913 5788; x_wconf 85' lang='lat' dir='ltr'><strong><em>ﬁde,</em></strong></span> <span class='ocrx_word' id='word_1_783' title='bbox 1957 5723 2050 5792; x_wconf 90' lang='lat' dir='ltr'><strong><em>qui</em></strong></span> 
     </span>
    </p>
   </div>
   <div class='ocr_carea' id='block_1_101' title="bbox 477 5812 1853 5886">
    <p class='ocr_par' dir='ltr' id='par_1_101' title="bbox 477 5812 1853 5886">
     <span class='ocr_line' id='line_1_101' title="bbox 477 5812 1853 5886; baseline -0.001 -17"><span class='ocrx_word' id='word_1_784' title='bbox 477 5822 600 5869; x_wconf 84' lang='lat' dir='ltr'><strong><em>sunt</em></strong></span> <span class='ocrx_word' id='word_1_785' title='bbox 631 5824 683 5869; x_wconf 90' lang='lat' dir='ltr'><strong><em>et</em></strong></span> <span class='ocrx_word' id='word_1_786' title='bbox 713 5815 924 5886; x_wconf 81' lang='lat' dir='ltr'><strong><em>cognati</em></strong></span> <span class='ocrx_word' id='word_1_787' title='bbox 951 5813 1057 5869; x_wconf 91' lang='lat' dir='ltr'><strong><em>mei</em></strong></span> <span class='ocrx_word' id='word_1_788' title='bbox 1083 5831 1095 5867; x_wconf 87' lang='lat'><strong>:</strong></span> <span class='ocrx_word' id='word_1_789' title='bbox 1119 5823 1173 5867; x_wconf 89' lang='lat' dir='ltr'><strong><em>et</em></strong></span> <span class='ocrx_word' id='word_1_790' title='bbox 1203 5813 1275 5866; x_wconf 89' lang='lat' dir='ltr'><strong><em>ita</em></strong></span> <span class='ocrx_word' id='word_1_791' title='bbox 1303 5812 1518 5883; x_wconf 83' lang='lat' dir='ltr'><strong><em>gravius</em></strong></span> <span class='ocrx_word' id='word_1_792' title='bbox 1541 5812 1853 5882; x_wconf 88' lang='lat' dir='ltr'><strong><em>peccabam.</em></strong></span> 
     </span>
    </p>
   </div>
   <div class='ocr_carea' id='block_1_102' title="bbox 2159 4623 3737 4697">
    <p class='ocr_par' dir='ltr' id='par_1_102' title="bbox 2159 4623 3737 4697">
     <span class='ocr_line' id='line_1_102' title="bbox 2159 4623 3737 4697; baseline 0.001 -17"><span class='ocrx_word' id='word_1_793' title='bbox 2159 4623 2349 4680; x_wconf 86' lang='lat' dir='ltr'><strong><em>habuit</em></strong></span> <span class='ocrx_word' id='word_1_794' title='bbox 2391 4625 2800 4694; x_wconf 85' lang='lat' dir='ltr'><strong><em>promissionem</em></strong></span> <span class='ocrx_word' id='word_1_795' title='bbox 2843 4627 3020 4681; x_wconf 87' lang='lat' dir='ltr'><strong><em>hanc:</em></strong></span> <span class='ocrx_word' id='word_1_796' title='bbox 3063 4625 3243 4697; x_wconf 77' lang='lat' dir='ltr'><strong><em>Major</em></strong></span> <span class='ocrx_word' id='word_1_797' title='bbox 3290 4627 3476 4682; x_wconf 77' lang='lat' dir='ltr'><strong><em>serviet</em></strong></span> <span class='ocrx_word' id='word_1_798' title='bbox 3520 4629 3737 4694; x_wconf 67' lang='lat' dir='ltr'><strong><em>auriauri,</em></strong></span> 
     </span>
    </p>
   </div>
   <div class='ocr_carea' id='block_1_103' title="bbox 2160 4716 3493 4787">
    <p class='ocr_par' dir='ltr' id='par_1_103' title="bbox 2160 4716 3493 4787">
     <span class='ocr_line' id='line_1_103' title="bbox 2160 4716 3493 4787; baseline 0.002 -17"><span class='ocrx_word' id='word_1_799' title='bbox 2160 4716 2214 4771; x_wconf 88' lang='lat' dir='ltr'><strong><em>id</em></strong></span> <span class='ocrx_word' id='word_1_800' title='bbox 2239 4724 2324 4770; x_wconf 90' lang='lat' dir='ltr'><strong><em>est</em></strong></span> <span class='ocrx_word' id='word_1_801' title='bbox 2352 4716 2514 4780; x_wconf 83' lang='lat' dir='ltr'><strong><em>Esau,</em></strong></span> <span class='ocrx_word' id='word_1_802' title='bbox 2545 4716 2919 4785; x_wconf 86' lang='lat' dir='ltr'><strong><em>persequendo</em></strong></span> <span class='ocrx_word' id='word_1_803' title='bbox 2937 4716 3124 4782; x_wconf 77' lang='lat' dir='ltr'><strong><em>Jacob,</em></strong></span> <span class='ocrx_word' id='word_1_804' title='bbox 3157 4718 3208 4771; x_wconf 90' lang='lat' dir='ltr'><strong><em>ei</em></strong></span> <span class='ocrx_word' id='word_1_805' title='bbox 3227 4717 3493 4787; x_wconf 80' lang='lat' dir='ltr'><strong><em>proﬁciet.</em></strong></span> 
     </span>
    </p>
   </div>
   <div class='ocr_carea' id='block_1_104' title="bbox 2232 4803 3736 4879">
    <p class='ocr_par' dir='ltr' id='par_1_104' title="bbox 2232 4803 3736 4879">
     <span class='ocr_line' id='line_1_104' title="bbox 2232 4803 3736 4879; baseline 0.003 -19"><span class='ocrx_word' id='word_1_806' title='bbox 2232 4803 2395 4862; x_wconf 76' lang='lat' dir='ltr'><strong><em>Vsus.</em></strong></span> <span class='ocrx_word' id='word_1_807' title='bbox 2432 4807 2518 4862; x_wconf 74' lang='lat' dir='ltr'><strong><em>I2.</em></strong></span> <span class='ocrx_word' id='word_1_808' title='bbox 2547 4836 2614 4846; x_wconf 89' lang='lat'><strong><em>-—</em></strong></span> <span class='ocrx_word' id='word_1_809' title='bbox 2655 4806 2776 4861; x_wconf 83' lang='lat' dir='ltr'><strong><em>Non</em></strong></span> <span class='ocrx_word' id='word_1_810' title='bbox 2805 4807 3155 4877; x_wconf 61' lang='lat' dir='ltr'><strong><em>uaporibus.</em></strong></span> <span class='ocrx_word' id='word_1_811' title='bbox 3183 4807 3402 4864; x_wconf 84' lang='lat' dir='ltr'><strong><em>Futuris</em></strong></span> <span class='ocrx_word' id='word_1_812' title='bbox 3426 4823 3551 4879; x_wconf 65' lang='lat' dir='ltr'><strong><em>qua</em></strong></span> <span class='ocrx_word' id='word_1_813' title='bbox 3592 4811 3736 4865; x_wconf 74' lang='lat' dir='ltr'><strong><em>bona</em></strong></span> 
     </span>
    </p>
   </div>
   <div class='ocr_carea' id='block_1_105' title="bbox 2159 4892 3738 4973">
    <p class='ocr_par' dir='ltr' id='par_1_105' title="bbox 2159 4892 3738 4973">
     <span class='ocr_line' id='line_1_105' title="bbox 2159 4892 3738 4973; baseline 0.003 -20"><span class='ocrx_word' id='word_1_814' title='bbox 2159 4899 2244 4955; x_wconf 91' lang='lat' dir='ltr'><strong><em>vel</em></strong></span> <span class='ocrx_word' id='word_1_815' title='bbox 2271 4899 2412 4954; x_wconf 83' lang='lat' dir='ltr'><strong><em>mala</em></strong></span> <span class='ocrx_word' id='word_1_816' title='bbox 2440 4914 2546 4955; x_wconf 89' lang='lat' dir='ltr'><strong><em>non</em></strong></span> <span class='ocrx_word' id='word_1_817' title='bbox 2575 4907 2730 4954; x_wconf 88' lang='lat' dir='ltr'><strong><em>erant</em></strong></span> <span class='ocrx_word' id='word_1_818' title='bbox 2751 4899 2954 4967; x_wconf 78' lang='lat' dir='ltr'><strong><em>futura,</em></strong></span> <span class='ocrx_word' id='word_1_819' title='bbox 2994 4901 3102 4958; x_wconf 84' lang='lat' dir='ltr'><strong><em>nisi</em></strong></span> <span class='ocrx_word' id='word_1_820' title='bbox 3139 4901 3381 4972; x_wconf 80' lang='lat' dir='ltr'><strong><em>apposita</em></strong></span> <span class='ocrx_word' id='word_1_821' title='bbox 3429 4892 3607 4973; x_wconf 76' lang='lat' dir='ltr'><strong><em>gratia</em></strong></span> <span class='ocrx_word' id='word_1_822' title='bbox 3649 4902 3738 4958; x_wconf 85' lang='lat' dir='ltr'><strong><em>vel</em></strong></span> 
     </span>
    </p>
   </div>
   <div class='ocr_carea' id='block_1_106' title="bbox 2155 4991 2452 5045">
    <p class='ocr_par' dir='ltr' id='par_1_106' title="bbox 2155 4991 2452 5045">
     <span class='ocr_line' id='line_1_106' title="bbox 2155 4991 2452 5045; baseline -0.007 0"><span class='ocrx_word' id='word_1_823' title='bbox 2155 4991 2452 5045; x_wconf 85' lang='lat' dir='ltr'><strong><em>subtracta.</em></strong></span> 
     </span>
    </p>
   </div>
   <div class='ocr_carea' id='block_1_107' title="bbox 2223 5081 3736 5152">
    <p class='ocr_par' dir='ltr' id='par_1_107' title="bbox 2223 5081 3736 5152">
     <span class='ocr_line' id='line_1_107' title="bbox 2223 5081 3736 5152; baseline 0.003 -16"><span class='ocrx_word' id='word_1_824' title='bbox 2223 5081 2407 5152; x_wconf 82' lang='lat' dir='ltr'><strong><em>(Auc.)</em></strong></span> <span class='ocrx_word' id='word_1_825' title='bbox 2452 5083 2606 5149; x_wconf 87' lang='lat' dir='ltr'><strong><em>Quod</em></strong></span> <span class='ocrx_word' id='word_1_826' title='bbox 2659 5085 2705 5138; x_wconf 82' lang='lat' dir='ltr'><strong><em>si</em></strong></span> <span class='ocrx_word' id='word_1_827' title='bbox 2742 5082 2954 5138; x_wconf 69' lang='lat' dir='ltr'><strong><em>futuros</em></strong></span> <span class='ocrx_word' id='word_1_828' title='bbox 2999 5089 3188 5139; x_wconf 68' lang='lat' dir='ltr'><strong><em>serum</em></strong></span> <span class='ocrx_word' id='word_1_829' title='bbox 3218 5086 3399 5139; x_wconf 79' lang='lat' dir='ltr'><strong><em>mores</em></strong></span> <span class='ocrx_word' id='word_1_830' title='bbox 3421 5083 3626 5141; x_wconf 82' lang='lat' dir='ltr'><strong><em>dicitur</em></strong></span> <span class='ocrx_word' id='word_1_831' title='bbox 3651 5086 3736 5141; x_wconf 87' lang='lat' dir='ltr'><strong><em>di-</em></strong></span> 
     </span>
    </p>
   </div>
   <div class='ocr_carea' id='block_1_108' title="bbox 2153 5175 3734 5279">
    <p class='ocr_par' dir='ltr' id='par_1_108' title="bbox 2153 5175 3734 5279">
     <span class='ocr_line' id='line_1_108' title="bbox 2153 5175 3734 5279; baseline 0.004 -51"><span class='ocrx_word' id='word_1_832' title='bbox 2153 5175 2338 5228; x_wconf 91' lang='lat' dir='ltr'><strong><em>vinum</em></strong></span> <span class='ocrx_word' id='word_1_833' title='bbox 2373 5176 2695 5231; x_wconf 85' lang='lat' dir='ltr'><strong><em>discrevisse</em></strong></span> <span class='ocrx_word' id='word_1_834' title='bbox 2719 5175 3007 5245; x_wconf 77' lang='lat' dir='ltr'><strong><em>iudicium,</em></strong></span> <span class='ocrx_word' id='word_1_835' title='bbox 3043 5186 3174 5239; x_wconf 87' lang='lat' dir='ltr'><strong><em>etc.,</em></strong></span> <span class='ocrx_word' id='word_1_836' title='bbox 3201 5191 3363 5246; x_wconf 72' lang='lat' dir='ltr'><strong><em>usque</em></strong></span> <span class='ocrx_word' id='word_1_837' title='bbox 3388 5178 3457 5230; x_wconf 83' lang='lat' dir='ltr'><strong><em>ad</em></strong></span> <span class='ocrx_word' id='word_1_838' title='bbox 3508 5194 3734 5279; x_wconf 52' lang='lat' dir='ltr'><strong><em>quomo—</em></strong></span> 
     </span>
    </p>
   </div>
   <div class='ocr_carea' id='block_1_109' title="bbox 2157 5266 3450 5336">
    <p class='ocr_par' dir='ltr' id='par_1_109' title="bbox 2157 5266 3450 5336">
     <span class='ocr_line' id='line_1_109' title="bbox 2157 5266 3450 5336; baseline -0.001 -14"><span class='ocrx_word' id='word_1_839' title='bbox 2157 5267 2226 5322; x_wconf 90' lang='lat' dir='ltr'><strong><em>do</em></strong></span> <span class='ocrx_word' id='word_1_840' title='bbox 2253 5267 2396 5322; x_wconf 87' lang='lat' dir='ltr'><strong><em>enim</em></strong></span> <span class='ocrx_word' id='word_1_841' title='bbox 2420 5266 2600 5322; x_wconf 79' lang='lat' dir='ltr'><strong><em>futura</em></strong></span> <span class='ocrx_word' id='word_1_842' title='bbox 2629 5267 2905 5332; x_wconf 88' lang='lat' dir='ltr'><strong><em>dicuntur,</em></strong></span> <span class='ocrx_word' id='word_1_843' title='bbox 2935 5283 3056 5336; x_wconf 70' lang='lat' dir='ltr'><strong><em>qua:</em></strong></span> <span class='ocrx_word' id='word_1_844' title='bbox 3083 5267 3226 5324; x_wconf 85' lang='lat' dir='ltr'><strong><em>nulla</em></strong></span> <span class='ocrx_word' id='word_1_845' title='bbox 3255 5269 3450 5324; x_wconf 82' lang='lat' dir='ltr'><strong><em>erunt?</em></strong></span> 
     </span>
    </p>
   </div>
   <div class='ocr_carea' id='block_1_110' title="bbox 2233 5357 3732 5428">
    <p class='ocr_par' dir='ltr' id='par_1_110' title="bbox 2233 5357 3732 5428">
     <span class='ocr_line' id='line_1_110' title="bbox 2233 5357 3732 5428; baseline 0.003 -18"><span class='ocrx_word' id='word_1_846' title='bbox 2233 5357 2392 5411; x_wconf 67' lang='lat' dir='ltr'><strong><em>Vens.</em></strong></span> <span class='ocrx_word' id='word_1_847' title='bbox 2425 5359 2509 5414; x_wconf 75' lang='lat' dir='ltr'><strong><em>I3.</em></strong></span> <span class='ocrx_word' id='word_1_848' title='bbox 2552 5387 2620 5400; x_wconf 69' lang='grc' dir='ltr'><strong><em>-ο</em></strong></span> <span class='ocrx_word' id='word_1_849' title='bbox 2659 5358 2838 5428; x_wconf 72' lang='lat' dir='ltr'><strong><em>Major</em></strong></span> <span class='ocrx_word' id='word_1_850' title='bbox 2857 5360 3042 5413; x_wconf 81' lang='lat' dir='ltr'><strong><em>serviat</em></strong></span> <span class='ocrx_word' id='word_1_851' title='bbox 3092 5358 3304 5412; x_wconf 70' lang='lat' dir='ltr'><strong><em>minori.</em></strong></span> <span class='ocrx_word' id='word_1_852' title='bbox 3343 5359 3456 5414; x_wconf 81' lang='lat' dir='ltr'><strong><em>Hoc</em></strong></span> <span class='ocrx_word' id='word_1_853' title='bbox 3486 5361 3554 5414; x_wconf 80' lang='lat' dir='ltr'><strong><em>ad</em></strong></span> <span class='ocrx_word' id='word_1_854' title='bbox 3593 5361 3732 5416; x_wconf 74' lang='lat' dir='ltr'><strong><em>litte-</em></strong></span> 
     </span>
    </p>
   </div>
   <div class='ocr_carea' id='block_1_111' title="bbox 2156 5448 3727 5525">
    <p class='ocr_par' dir='ltr' id='par_1_111' title="bbox 2156 5448 3727 5525">
     <span class='ocr_line' id='line_1_111' title="bbox 2156 5448 3727 5525; baseline 0.004 -23"><span class='ocrx_word' id='word_1_855' title='bbox 2156 5462 2271 5502; x_wconf 85' lang='lat' dir='ltr'><strong><em>ram</em></strong></span> <span class='ocrx_word' id='word_1_856' title='bbox 2295 5467 2306 5501; x_wconf 90' lang='lat'><strong>:</strong></span> <span class='ocrx_word' id='word_1_857' title='bbox 2331 5448 2456 5517; x_wconf 82' lang='lat' dir='ltr'><strong><em>quia</em></strong></span> <span class='ocrx_word' id='word_1_858' title='bbox 2487 5448 2704 5504; x_wconf 70' lang='lat' dir='ltr'><strong><em>Idumaei</em></strong></span> <span class='ocrx_word' id='word_1_859' title='bbox 2727 5451 2818 5520; x_wconf 89' lang='lat' dir='ltr'><strong><em>qui</em></strong></span> <span class='ocrx_word' id='word_1_860' title='bbox 2847 5452 2916 5504; x_wconf 85' lang='lat' dir='ltr'><strong><em>de</em></strong></span> <span class='ocrx_word' id='word_1_861' title='bbox 2939 5450 3082 5504; x_wconf 87' lang='lat' dir='ltr'><strong><em>Esau</em></strong></span> <span class='ocrx_word' id='word_1_862' title='bbox 3107 5451 3220 5521; x_wconf 86' lang='lat' dir='ltr'><strong><em>(qui</em></strong></span> <span class='ocrx_word' id='word_1_863' title='bbox 3233 5451 3470 5508; x_wconf 81' lang='lat' dir='ltr'><strong><em>etEdom</em></strong></span> <span class='ocrx_word' id='word_1_864' title='bbox 3486 5453 3727 5525; x_wconf 78' lang='lat' dir='ltr'><strong><em>dicitur),</em></strong></span> 
     </span>
    </p>
   </div>
   <div class='ocr_carea' id='block_1_112' title="bbox 2155 5541 3732 5617">
    <p class='ocr_par' dir='ltr' id='par_1_112' title="bbox 2155 5541 3732 5617">
     <span class='ocr_line' id='line_1_112' title="bbox 2155 5541 3732 5617; baseline 0.006 -22"><span class='ocrx_word' id='word_1_865' title='bbox 2155 5541 2353 5602; x_wconf 88' lang='lat' dir='ltr'><strong><em>subditi</em></strong></span> <span class='ocrx_word' id='word_1_866' title='bbox 2379 5541 2599 5598; x_wconf 80' lang='lat' dir='ltr'><strong><em>fuerunt</em></strong></span> <span class='ocrx_word' id='word_1_867' title='bbox 2621 5543 2746 5599; x_wconf 85' lang='lat' dir='ltr'><strong><em>ﬁliis</em></strong></span> <span class='ocrx_word' id='word_1_868' title='bbox 2785 5544 2949 5598; x_wconf 87' lang='lat' dir='ltr'><strong><em>Israel</em></strong></span> <span class='ocrx_word' id='word_1_869' title='bbox 2974 5561 2989 5610; x_wconf 89' lang='lat'><strong><em>;</em></strong></span> <span class='ocrx_word' id='word_1_870' title='bbox 3019 5544 3114 5598; x_wconf 90' lang='lat' dir='ltr'><strong><em>sed</em></strong></span> <span class='ocrx_word' id='word_1_871' title='bbox 3159 5546 3334 5616; x_wconf 82' lang='lat' dir='ltr'><strong><em>magis</em></strong></span> <span class='ocrx_word' id='word_1_872' title='bbox 3363 5547 3418 5600; x_wconf 82' lang='lat' dir='ltr'><strong><em>in</em></strong></span> <span class='ocrx_word' id='word_1_873' title='bbox 3465 5548 3571 5602; x_wconf 87' lang='lat' dir='ltr'><strong><em>hac</em></strong></span> <span class='ocrx_word' id='word_1_874' title='bbox 3609 5563 3732 5617; x_wconf 80' lang='lat' dir='ltr'><strong><em>pro-</em></strong></span> 
     </span>
    </p>
   </div>
   <div class='ocr_carea' id='block_1_113' title="bbox 2151 5632 3724 5710">
    <p class='ocr_par' dir='ltr' id='par_1_113' title="bbox 2151 5632 3724 5710">
     <span class='ocr_line' id='line_1_113' title="bbox 2151 5632 3724 5710; baseline 0.005 -25"><span class='ocrx_word' id='word_1_875' title='bbox 2151 5632 2333 5701; x_wconf 86' lang='lat' dir='ltr'><strong><em>phetia</em></strong></span> <span class='ocrx_word' id='word_1_876' title='bbox 2373 5633 2692 5699; x_wconf 90' lang='lat' dir='ltr'><strong><em>intenditur,</em></strong></span> <span class='ocrx_word' id='word_1_877' title='bbox 2745 5635 2887 5702; x_wconf 91' lang='lat' dir='ltr'><strong><em>quod</em></strong></span> <span class='ocrx_word' id='word_1_878' title='bbox 2937 5634 3163 5704; x_wconf 90' lang='lat' dir='ltr'><strong><em>populus</em></strong></span> <span class='ocrx_word' id='word_1_879' title='bbox 3189 5634 3502 5692; x_wconf 70' lang='lat' dir='ltr'><strong><em>Judteorum</em></strong></span> <span class='ocrx_word' id='word_1_880' title='bbox 3533 5641 3724 5710; x_wconf 83' lang='lat' dir='ltr'><strong><em>major,</em></strong></span> 
     </span>
    </p>
   </div>
   <div class='ocr_carea' id='block_1_114' title="bbox 2153 5723 3724 5801">
    <p class='ocr_par' dir='ltr' id='par_1_114' title="bbox 2153 5723 3724 5801">
     <span class='ocr_line' id='line_1_114' title="bbox 2153 5723 3724 5801; baseline 0.005 -23"><span class='ocrx_word' id='word_1_881' title='bbox 2153 5723 2208 5779; x_wconf 90' lang='lat' dir='ltr'><strong><em>id</em></strong></span> <span class='ocrx_word' id='word_1_882' title='bbox 2245 5731 2327 5779; x_wconf 89' lang='lat' dir='ltr'><strong><em>est</em></strong></span> <span class='ocrx_word' id='word_1_883' title='bbox 2358 5724 2410 5778; x_wconf 92' lang='lat' dir='ltr'><strong><em>in</em></strong></span> <span class='ocrx_word' id='word_1_884' title='bbox 2433 5724 2579 5779; x_wconf 91' lang='lat' dir='ltr'><strong><em>cultu</em></strong></span> <span class='ocrx_word' id='word_1_885' title='bbox 2606 5725 2766 5779; x_wconf 92' lang='lat' dir='ltr'><strong><em>unius</em></strong></span> <span class='ocrx_word' id='word_1_886' title='bbox 2795 5725 2886 5778; x_wconf 90' lang='lat' dir='ltr'><strong><em>Dei</em></strong></span> <span class='ocrx_word' id='word_1_887' title='bbox 2910 5725 3081 5794; x_wconf 86' lang='lat' dir='ltr'><strong><em>prior,</em></strong></span> <span class='ocrx_word' id='word_1_888' title='bbox 3113 5725 3330 5791; x_wconf 88' lang='lat' dir='ltr'><strong><em>minori,</em></strong></span> <span class='ocrx_word' id='word_1_889' title='bbox 3385 5729 3440 5785; x_wconf 88' lang='lat' dir='ltr'><strong><em>id</em></strong></span> <span class='ocrx_word' id='word_1_890' title='bbox 3470 5738 3556 5785; x_wconf 86' lang='lat' dir='ltr'><strong><em>est</em></strong></span> <span class='ocrx_word' id='word_1_891' title='bbox 3599 5744 3724 5801; x_wconf 80' lang='lat' dir='ltr'><strong><em>pos—</em></strong></span> 
     </span>
    </p>
   </div>
   <div class='ocr_carea' id='block_1_115' title="bbox 2154 5814 3186 5872">
    <p class='ocr_par' dir='ltr' id='par_1_115' title="bbox 2154 5814 3186 5872">
     <span class='ocr_line' id='line_1_115' title="bbox 2154 5814 3186 5872; baseline -0.001 -1"><span class='ocrx_word' id='word_1_892' title='bbox 2154 5817 2340 5872; x_wconf 86' lang='lat' dir='ltr'><strong><em>teriori</em></strong></span> <span class='ocrx_word' id='word_1_893' title='bbox 2373 5814 2684 5872; x_wconf 87' lang='lat' dir='ltr'><strong><em>Christiano</em></strong></span> <span class='ocrx_word' id='word_1_894' title='bbox 2703 5824 2847 5872; x_wconf 83' lang='lat' dir='ltr'><strong><em>esset</em></strong></span> <span class='ocrx_word' id='word_1_895' title='bbox 2872 5815 3186 5872; x_wconf 76' lang='lat' dir='ltr'><strong><em>serviturus.</em></strong></span> 
     </span>
    </p>
   </div>
  </div>
