  <div class='ocr_page' id='page_1' title='image "/cluster/home/n/w/nwhite01/storage/ocr_20150623/114/hvd.32044018909580/256.png"; bbox 0 0 3958 6314; ppageno 0'>
   <div class='ocr_carea' id='block_1_1' title="bbox 178 291 298 392">
    <p class='ocr_par' dir='ltr' id='par_1_1' title="bbox 178 291 298 392">
     <span class='ocr_line' id='line_1_1' title="bbox 178 291 298 392; baseline -0.008 1"><span class='ocrx_word' id='word_1_1' title='bbox 178 291 298 392; x_wconf 71' lang='grc' dir='ltr'><strong>δοι</strong></span> 
     </span>
    </p>
   </div>
   <div class='ocr_carea' id='block_1_2' title="bbox 3345 272 3370 306">
    <p class='ocr_par' dir='ltr' id='par_1_2' title="bbox 3345 272 3370 306">
     <span class='ocr_line' id='line_1_2' title="bbox 3345 272 3370 306; baseline 0 0"><span class='ocrx_word' id='word_1_2' title='bbox 3345 272 3370 306; x_wconf 65' lang='grc' dir='ltr'>ιε</span> 
     </span>
    </p>
   </div>
   <div class='ocr_carea' id='block_1_3' title="bbox 1098 272 3447 380">
    <p class='ocr_par' dir='ltr' id='par_1_3' title="bbox 1098 272 3447 380">
     <span class='ocr_line' id='line_1_3' title="bbox 1098 272 3447 380; baseline -0.023 1"><span class='ocrx_word' id='word_1_3' title='bbox 1098 323 1364 380; x_wconf 78' lang='lat' dir='ltr'><strong>GLOSSA</strong></span> <span class='ocrx_word' id='word_1_4' title='bbox 1402 313 1800 379; x_wconf 76' lang='lat' dir='ltr'><strong>ORDINARIA.</strong></span> <span class='ocrx_word' id='word_1_5' title='bbox 1834 337 1902 350; x_wconf 87' lang='lat'><strong>-—</strong></span> <span class='ocrx_word' id='word_1_6' title='bbox 1928 301 2148 359; x_wconf 85' lang='lat' dir='ltr'><strong>EPIST.</strong></span> <span class='ocrx_word' id='word_1_7' title='bbox 2189 296 2280 352; x_wconf 83' lang='lat' dir='ltr'><strong>AD</strong></span> <span class='ocrx_word' id='word_1_8' title='bbox 2319 289 2487 349; x_wconf 78' lang='lat' dir='ltr'><strong>ROM.</strong></span> <span class='ocrx_word' id='word_1_9' title='bbox 3342 272 3447 328; x_wconf 78' lang='grc'>502</span> 
     </span>
    </p>
   </div>
   <div class='ocr_carea' id='block_1_4' title="bbox 257 392 3452 506">
    <p class='ocr_par' dir='ltr' id='par_1_4' title="bbox 257 392 3452 506">
     <span class='ocr_line' id='line_1_4' title="bbox 257 392 3452 506; baseline -0.018 -5"><span class='ocrx_word' id='word_1_10' title='bbox 257 446 425 501; x_wconf 73' lang='lat' dir='ltr'><strong>Iacob</strong></span> <span class='ocrx_word' id='word_1_11' title='bbox 458 443 646 506; x_wconf 75' lang='lat' dir='ltr'><strong>dilexi,</strong></span> <span class='ocrx_word' id='word_1_12' title='bbox 686 449 793 496; x_wconf 93' lang='lat' dir='ltr'><strong>etc.</strong></span> <span class='ocrx_word' id='word_1_13' title='bbox 821 439 880 494; x_wconf 89' lang='lat' dir='ltr'><strong>lu</strong></span> <span class='ocrx_word' id='word_1_14' title='bbox 903 431 1766 493; x_wconf 82' lang='lat' dir='ltr'><strong>Jacobnihilinvenitamandum,</strong></span> <span class='ocrx_word' id='word_1_15' title='bbox 1793 427 1848 488; x_wconf 81' lang='grc' dir='ltr'><strong>Α</strong></span> <span class='ocrx_word' id='word_1_16' title='bbox 1872 417 2125 488; x_wconf 76' lang='lat' dir='ltr'><strong>aequitate</strong></span> <span class='ocrx_word' id='word_1_17' title='bbox 2156 409 2540 472; x_wconf 89' lang='lat' dir='ltr'><strong>occultissima,</strong></span> <span class='ocrx_word' id='word_1_18' title='bbox 2590 409 2646 458; x_wconf 82' lang='lat' dir='ltr'><strong>et</strong></span> <span class='ocrx_word' id='word_1_19' title='bbox 2673 397 2743 456; x_wconf 90' lang='lat' dir='ltr'><strong>ab</strong></span> <span class='ocrx_word' id='word_1_20' title='bbox 2771 394 3027 454; x_wconf 77' lang='lat' dir='ltr'><strong>humanis</strong></span> <span class='ocrx_word' id='word_1_21' title='bbox 3057 392 3320 449; x_wconf 82' lang='lat' dir='ltr'><strong>sensibus</strong></span> <span class='ocrx_word' id='word_1_22' title='bbox 3365 404 3452 445; x_wconf 73' lang='lat' dir='ltr'><strong>re~</strong></span> 
     </span>
    </p>
   </div>
   <div class='ocr_carea' id='block_1_5' title="bbox 181 523 1768 597">
    <p class='ocr_par' dir='ltr' id='par_1_5' title="bbox 181 523 1768 597">
     <span class='ocr_line' id='line_1_5' title="bbox 181 523 1768 597; baseline -0.012 -1"><span class='ocrx_word' id='word_1_23' title='bbox 181 541 292 597; x_wconf 84' lang='lat' dir='ltr'><strong>nisi</strong></span> <span class='ocrx_word' id='word_1_24' title='bbox 324 534 709 594; x_wconf 62' lang='lat' dir='ltr'><strong>misericordiae</strong></span> <span class='ocrx_word' id='word_1_25' title='bbox 757 548 868 588; x_wconf 83' lang='lat' dir='ltr'><strong>suae</strong></span> <span class='ocrx_word' id='word_1_26' title='bbox 918 532 1137 587; x_wconf 87' lang='lat' dir='ltr'><strong>donum.</strong></span> <span class='ocrx_word' id='word_1_27' title='bbox 1169 529 1226 584; x_wconf 87' lang='grc' dir='ltr'><strong>ιιι</strong></span> <span class='ocrx_word' id='word_1_28' title='bbox 1256 528 1399 584; x_wconf 88' lang='lat' dir='ltr'><strong>Esau</strong></span> <span class='ocrx_word' id='word_1_29' title='bbox 1450 524 1586 580; x_wconf 84' lang='lat' dir='ltr'><strong>nihil</strong></span> <span class='ocrx_word' id='word_1_30' title='bbox 1633 523 1768 586; x_wconf 92' lang='lat' dir='ltr'><strong>odit,</strong></span> 
     </span>
    </p>
   </div>
   <div class='ocr_carea' id='block_1_6' title="bbox 183 617 1770 699">
    <p class='ocr_par' dir='ltr' id='par_1_6' title="bbox 183 617 1770 699">
     <span class='ocr_line' id='line_1_6' title="bbox 183 617 1770 699; baseline -0.013 -11"><span class='ocrx_word' id='word_1_31' title='bbox 183 633 294 688; x_wconf 89' lang='lat' dir='ltr'><strong>nisi</strong></span> <span class='ocrx_word' id='word_1_32' title='bbox 329 628 592 699; x_wconf 76' lang='lat' dir='ltr'><strong>originale</strong></span> <span class='ocrx_word' id='word_1_33' title='bbox 613 634 917 699; x_wconf 87' lang='lat' dir='ltr'><strong>peccatum.</strong></span> <span class='ocrx_word' id='word_1_34' title='bbox 948 623 1058 679; x_wconf 87' lang='lat' dir='ltr'><strong>Sed</strong></span> <span class='ocrx_word' id='word_1_35' title='bbox 1093 637 1200 692; x_wconf 89' lang='lat' dir='ltr'><strong>quo</strong></span> <span class='ocrx_word' id='word_1_36' title='bbox 1241 620 1402 675; x_wconf 90' lang='lat' dir='ltr'><strong>modo</strong></span> <span class='ocrx_word' id='word_1_37' title='bbox 1446 617 1552 673; x_wconf 88' lang='lat' dir='ltr'><strong>hoc</strong></span> <span class='ocrx_word' id='word_1_38' title='bbox 1602 623 1770 680; x_wconf 89' lang='lat' dir='ltr'><strong>recte,</strong></span> 
     </span>
    </p>
   </div>
   <div class='ocr_carea' id='block_1_7' title="bbox 1871 505 2417 578">
    <p class='ocr_par' dir='ltr' id='par_1_7' title="bbox 1871 505 2417 578">
     <span class='ocr_line' id='line_1_7' title="bbox 1871 505 2417 578; baseline -0.026 -7"><span class='ocrx_word' id='word_1_39' title='bbox 1871 511 2176 571; x_wconf 87' lang='lat' dir='ltr'><strong>motissima</strong></span> <span class='ocrx_word' id='word_1_40' title='bbox 2191 505 2417 578; x_wconf 69' lang='lat' dir='ltr'><strong>iudicat.</strong></span> 
     </span>
    </p>
   </div>
   <div class='ocr_carea' id='block_1_8' title="bbox 1941 586 3456 663">
    <p class='ocr_par' dir='ltr' id='par_1_8' title="bbox 1941 586 3456 663">
     <span class='ocr_line' id='line_1_8' title="bbox 1941 586 3456 663; baseline -0.019 -1"><span class='ocrx_word' id='word_1_41' title='bbox 1941 606 2105 662; x_wconf 78' lang='lat' dir='ltr'><strong>Vens.</strong></span> <span class='ocrx_word' id='word_1_42' title='bbox 2136 601 2223 657; x_wconf 77' lang='lat' dir='ltr'><strong>i9.</strong></span> <span class='ocrx_word' id='word_1_43' title='bbox 2259 630 2332 642; x_wconf 92' lang='lat'><strong>-—</strong></span> <span class='ocrx_word' id='word_1_44' title='bbox 2366 594 2508 663; x_wconf 82' lang='lat' dir='ltr'><strong>Quid</strong></span> <span class='ocrx_word' id='word_1_45' title='bbox 2556 592 2750 658; x_wconf 67' lang='lat' dir='ltr'><strong>Mlius.</strong></span> <span class='ocrx_word' id='word_1_46' title='bbox 2795 586 3088 655; x_wconf 80' lang='lat' dir='ltr'><strong>Postquam</strong></span> <span class='ocrx_word' id='word_1_47' title='bbox 3123 590 3338 640; x_wconf 88' lang='lat' dir='ltr'><strong>constat</strong></span> <span class='ocrx_word' id='word_1_48' title='bbox 3387 594 3456 634; x_wconf 76' lang='lat' dir='ltr'><strong>ex</strong></span> 
     </span>
    </p>
   </div>
   <div class='ocr_carea' id='block_1_9' title="bbox 183 670 3460 792">
    <p class='ocr_par' dir='ltr' id='par_1_9' title="bbox 183 670 3460 792">
     <span class='ocr_line' id='line_1_9' title="bbox 183 670 1769 699; baseline -0.012 -11"><span class='ocrx_word' id='word_1_49' title='bbox 183 670 294 688; x_wconf 67' lang='grc' dir='ltr'><strong>...ω</strong></span> <span class='ocrx_word' id='word_1_50' title='bbox 330 670 592 699; x_wconf 64' lang='grc' dir='ltr'><strong>..ηοω-..υ</strong></span> <span class='ocrx_word' id='word_1_51' title='bbox 614 670 917 699; x_wconf 37' lang='lat' dir='ltr'><strong>“scum-..</strong></span> <span class='ocrx_word' id='word_1_52' title='bbox 950 670 1056 679; x_wconf 54' lang='grc' dir='ltr'><strong>νη</strong></span> <span class='ocrx_word' id='word_1_53' title='bbox 1096 670 1195 692; x_wconf 61' lang='grc' dir='ltr'><strong>,ιη</strong></span> <span class='ocrx_word' id='word_1_54' title='bbox 1243 670 1395 675; x_wconf 74' lang='lat'><strong>----_-</strong></span> <span class='ocrx_word' id='word_1_55' title='bbox 1533 670 1546 672; x_wconf 84' lang='lat'>_</span> <span class='ocrx_word' id='word_1_56' title='bbox 1757 670 1769 680; x_wconf 82' lang='grc'><em>,</em></span> 
     </span>
     <span class='ocr_line' id='line_1_10' title="bbox 183 670 3460 792; baseline -0.014 -15"><span class='ocrx_word' id='word_1_57' title='bbox 183 741 316 779; x_wconf 88' lang='lat' dir='ltr'><strong>cum</strong></span> <span class='ocrx_word' id='word_1_58' title='bbox 348 722 482 778; x_wconf 85' lang='lat' dir='ltr'><strong>nihil</strong></span> <span class='ocrx_word' id='word_1_59' title='bbox 508 719 783 792; x_wconf 83' lang='lat' dir='ltr'><strong>egissent?</strong></span> <span class='ocrx_word' id='word_1_60' title='bbox 812 716 948 785; x_wconf 84' lang='lat' dir='ltr'><strong>Quia</strong></span> <span class='ocrx_word' id='word_1_61' title='bbox 984 732 1073 772; x_wconf 89' lang='lat' dir='ltr'><strong>res</strong></span> <span class='ocrx_word' id='word_1_62' title='bbox 1110 723 1192 770; x_wconf 89' lang='lat' dir='ltr'><strong>est</strong></span> <span class='ocrx_word' id='word_1_63' title='bbox 1217 713 1500 783; x_wconf 86' lang='lat' dir='ltr'><strong>stupenda,</strong></span> <span class='ocrx_word' id='word_1_64' title='bbox 1534 708 1635 764; x_wconf 89' lang='lat' dir='ltr'><strong>sibi</strong></span> <span class='ocrx_word' id='word_1_65' title='bbox 1683 706 1784 762; x_wconf 52' lang='lat' dir='ltr'><strong>ob:</strong></span> <span class='ocrx_word' id='word_1_66' title='bbox 1872 698 2148 754; x_wconf 81' lang='lat' dir='ltr'><strong>voluntate</strong></span> <span class='ocrx_word' id='word_1_67' title='bbox 2170 691 2269 746; x_wconf 87' lang='lat' dir='ltr'><strong>Dei</strong></span> <span class='ocrx_word' id='word_1_68' title='bbox 2312 701 2456 752; x_wconf 66' lang='lat' dir='ltr'><strong>esse,</strong></span> <span class='ocrx_word' id='word_1_69' title='bbox 2495 698 2668 754; x_wconf 79' lang='lat' dir='ltr'><strong>quare</strong></span> <span class='ocrx_word' id='word_1_70' title='bbox 2695 679 2987 752; x_wconf 83' lang='lat' dir='ltr'><strong>inquiritur</strong></span> <span class='ocrx_word' id='word_1_71' title='bbox 3013 679 3162 734; x_wconf 83' lang='lat' dir='ltr'><strong>unde</strong></span> <span class='ocrx_word' id='word_1_72' title='bbox 3195 674 3334 734; x_wconf 77' lang='lat' dir='ltr'><strong>alius</strong></span> <span class='ocrx_word' id='word_1_73' title='bbox 3388 670 3460 726; x_wconf 65' lang='lat' dir='ltr'><strong>sit</strong></span> 
     </span>
     <span class='ocr_line' id='line_1_11' title="bbox 2146 765 3458 792; baseline 0 0"><span class='ocrx_word' id='word_1_74' title='bbox 2146 787 2180 792; x_wconf 85' lang='grc'><strong>--</strong></span> <span class='ocrx_word' id='word_1_75' title='bbox 2308 783 2340 792; x_wconf 37' lang='grc' dir='ltr'><em>,ν</em></span> <span class='ocrx_word' id='word_1_76' title='bbox 2466 780 2481 792; x_wconf 75' lang='grc' dir='ltr'><strong>ι</strong></span> <span class='ocrx_word' id='word_1_77' title='bbox 2559 779 2583 792; x_wconf 71' lang='grc' dir='ltr'><strong>ιι</strong></span> <span class='ocrx_word' id='word_1_78' title='bbox 2609 777 2670 792; x_wconf 68' lang='grc' dir='ltr'><strong>ιν.</strong></span> <span class='ocrx_word' id='word_1_79' title='bbox 2759 790 2767 792; x_wconf 24' lang='grc' dir='ltr'>ξ</span> <span class='ocrx_word' id='word_1_80' title='bbox 2811 784 2823 792; x_wconf 82' lang='grc'><strong>.</strong></span> <span class='ocrx_word' id='word_1_81' title='bbox 2871 790 2881 792; x_wconf 37' lang='grc' dir='ltr'><strong><em>μ</em></strong></span> <span class='ocrx_word' id='word_1_82' title='bbox 2908 789 2992 792; x_wconf 47' lang='grc' dir='ltr'><strong>,η-</strong></span> <span class='ocrx_word' id='word_1_83' title='bbox 3059 769 3173 792; x_wconf 57' lang='grc' dir='ltr'><strong>---ΕΑ</strong></span> <span class='ocrx_word' id='word_1_84' title='bbox 3208 767 3327 792; x_wconf 52' lang='grc' dir='ltr'>ιλιι..</span> <span class='ocrx_word' id='word_1_85' title='bbox 3358 765 3458 792; x_wconf 58' lang='grc' dir='ltr'><strong>,σι-εἶθ</strong></span> 
     </span>
    </p>
   </div>
   <div class='ocr_carea' id='block_1_10' title="bbox 177 765 3463 885">
    <p class='ocr_par' dir='ltr' id='par_1_10' title="bbox 177 765 3463 885">
     <span class='ocr_line' id='line_1_12' title="bbox 177 765 3463 885; baseline -0.008 -17"><span class='ocrx_word' id='word_1_86' title='bbox 177 815 310 885; x_wconf 88' lang='lat' dir='ltr'><strong>jicit</strong></span> <span class='ocrx_word' id='word_1_87' title='bbox 337 832 349 868; x_wconf 90' lang='lat'><strong>:</strong></span> <span class='ocrx_word' id='word_1_88' title='bbox 385 811 524 878; x_wconf 83' lang='lat' dir='ltr'><strong>Quid</strong></span> <span class='ocrx_word' id='word_1_89' title='bbox 541 765 670 882; x_wconf 43' lang='grc' dir='ltr'><strong>ἶιρι-ρο</strong></span> <span class='ocrx_word' id='word_1_90' title='bbox 695 765 928 863; x_wconf 44' lang='lat' dir='ltr'><strong>dicemus</strong></span> <span class='ocrx_word' id='word_1_91' title='bbox 946 809 974 862; x_wconf 74' lang='lat'><em>7</em></span> <span class='ocrx_word' id='word_1_92' title='bbox 993 807 1072 862; x_wconf 84' lang='lat' dir='ltr'><strong>Ex</strong></span> <span class='ocrx_word' id='word_1_93' title='bbox 1103 765 1500 868; x_wconf 58' lang='lat' dir='ltr'><strong>miseridordia,</strong></span> <span class='ocrx_word' id='word_1_94' title='bbox 1531 808 1616 857; x_wconf 85' lang='lat' dir='ltr'><strong>est</strong></span> <span class='ocrx_word' id='word_1_95' title='bbox 1637 798 1782 854; x_wconf 81' lang='lat' dir='ltr'><strong>velle</strong></span> <span class='ocrx_word' id='word_1_96' title='bbox 1873 792 2070 855; x_wconf 88' lang='lat' dir='ltr'><strong>bonus,</strong></span> <span class='ocrx_word' id='word_1_97' title='bbox 2111 787 2252 841; x_wconf 82' lang='lat' dir='ltr'><strong>alius</strong></span> <span class='ocrx_word' id='word_1_98' title='bbox 2276 783 2350 839; x_wconf 85' lang='lat' dir='ltr'><strong>sit</strong></span> <span class='ocrx_word' id='word_1_99' title='bbox 2375 779 2583 836; x_wconf 78' lang='lat' dir='ltr'><strong>malus?</strong></span> <span class='ocrx_word' id='word_1_100' title='bbox 2605 777 2724 832; x_wconf 75' lang='lat' dir='ltr'><strong>Neu</strong></span> <span class='ocrx_word' id='word_1_101' title='bbox 2746 784 2830 832; x_wconf 86' lang='lat' dir='ltr'><strong>est</strong></span> <span class='ocrx_word' id='word_1_102' title='bbox 2861 789 3020 844; x_wconf 54' lang='lat' dir='ltr'><strong>opus,</strong></span> <span class='ocrx_word' id='word_1_103' title='bbox 3051 769 3181 841; x_wconf 52' lang='lat' dir='ltr'><strong>Qui“</strong></span> <span class='ocrx_word' id='word_1_104' title='bbox 3208 767 3330 824; x_wconf 53' lang='lat' dir='ltr'><strong>“ius</strong></span> <span class='ocrx_word' id='word_1_105' title='bbox 3356 765 3463 820; x_wconf 63' lang='lat' dir='ltr'><strong>em</strong></span> 
     </span>
     <span class='ocr_line' id='line_1_13' title="bbox 1955 856 3458 885; baseline 0 0"><span class='ocrx_word' id='word_1_106' title='bbox 1955 882 1965 885; x_wconf 87' lang='lat'>_</span> <span class='ocrx_word' id='word_1_107' title='bbox 2233 875 2246 885; x_wconf 88' lang='lat'>.</span> <span class='ocrx_word' id='word_1_108' title='bbox 2436 870 2469 885; x_wconf 83' lang='grc' dir='ltr'>ι-</span> <span class='ocrx_word' id='word_1_109' title='bbox 2505 871 2572 885; x_wconf 27' lang='grc' dir='ltr'><strong>π-</strong></span> <span class='ocrx_word' id='word_1_110' title='bbox 2604 883 2650 885; x_wconf 69' lang='lat'><strong><em>__</em></strong></span> <span class='ocrx_word' id='word_1_111' title='bbox 2695 879 2798 885; x_wconf 65' lang='lat'><strong>__--</strong></span> <span class='ocrx_word' id='word_1_112' title='bbox 2861 873 2907 885; x_wconf 65' lang='lat'><strong>-.</strong></span> <span class='ocrx_word' id='word_1_113' title='bbox 2931 865 3046 885; x_wconf 34' lang='lat'><strong>2.1--</strong></span> <span class='ocrx_word' id='word_1_114' title='bbox 3080 861 3274 885; x_wconf 59' lang='lat' dir='ltr'><strong>:..:..-sn</strong></span> <span class='ocrx_word' id='word_1_115' title='bbox 3299 856 3458 885; x_wconf 63' lang='grc' dir='ltr'><strong>..ιπηηη</strong></span> 
     </span>
    </p>
   </div>
   <div class='ocr_carea' id='block_1_11' title="bbox 185 856 3460 971">
    <p class='ocr_par' dir='ltr' id='par_1_11' title="bbox 185 856 3460 971">
     <span class='ocr_line' id='line_1_14' title="bbox 185 856 1550 885; baseline -0.01 -16"><span class='ocrx_word' id='word_1_116' title='bbox 185 856 310 885; x_wconf 59' lang='grc' dir='ltr'><strong>νυ..</strong></span> <span class='ocrx_word' id='word_1_117' title='bbox 337 857 349 868; x_wconf 95' lang='grc'><strong>.</strong></span> <span class='ocrx_word' id='word_1_118' title='bbox 387 856 522 878; x_wconf 44' lang='lat' dir='ltr'><strong>ww...</strong></span> <span class='ocrx_word' id='word_1_119' title='bbox 645 856 666 864; x_wconf 78' lang='lat'><strong>-</strong></span> <span class='ocrx_word' id='word_1_120' title='bbox 696 856 958 863; x_wconf 41' lang='lat' dir='ltr'><strong>“Mm”-</strong></span> <span class='ocrx_word' id='word_1_121' title='bbox 996 856 1072 862; x_wconf 88' lang='lat'><strong>_-_</strong></span> <span class='ocrx_word' id='word_1_122' title='bbox 1487 856 1500 868; x_wconf 81' lang='grc'><strong><em>,</em></strong></span> <span class='ocrx_word' id='word_1_123' title='bbox 1547 856 1550 857; x_wconf 29' lang='grc' dir='ltr'><em>ν</em></span> 
     </span>
     <span class='ocr_line' id='line_1_15' title="bbox 185 856 3460 971; baseline -0.01 -12"><span class='ocrx_word' id='word_1_124' title='bbox 185 911 246 959; x_wconf 86' lang='lat' dir='ltr'><strong>et</strong></span> <span class='ocrx_word' id='word_1_125' title='bbox 281 915 504 959; x_wconf 85' lang='lat' dir='ltr'><strong>currere</strong></span> <span class='ocrx_word' id='word_1_126' title='bbox 531 917 546 967; x_wconf 91' lang='lat'><strong>;</strong></span> <span class='ocrx_word' id='word_1_127' title='bbox 579 856 723 971; x_wconf 49' lang='lat' dir='ltr'><strong>qim&#39;d</strong></span> <span class='ocrx_word' id='word_1_128' title='bbox 754 907 981 971; x_wconf 87' lang='lat' dir='ltr'><strong>apparet</strong></span> <span class='ocrx_word' id='word_1_129' title='bbox 1002 897 1058 953; x_wconf 83' lang='lat' dir='ltr'><strong>in</strong></span> <span class='ocrx_word' id='word_1_130' title='bbox 1083 895 1206 952; x_wconf 87' lang='lat' dir='ltr'><strong>aliis</strong></span> <span class='ocrx_word' id='word_1_131' title='bbox 1246 910 1316 951; x_wconf 84' lang='lat' dir='ltr'><strong>ex</strong></span> <span class='ocrx_word' id='word_1_132' title='bbox 1361 893 1552 950; x_wconf 89' lang='lat' dir='ltr'><strong>eadem</strong></span> <span class='ocrx_word' id='word_1_133' title='bbox 1599 901 1778 945; x_wconf 89' lang='lat' dir='ltr'><strong>massa</strong></span> <span class='ocrx_word' id='word_1_134' title='bbox 1877 882 2106 952; x_wconf 75' lang='lat' dir='ltr'><strong>quisque</strong></span> <span class='ocrx_word' id='word_1_135' title='bbox 2125 875 2338 946; x_wconf 68' lang='lat' dir='ltr'><strong>qualem</strong></span> <span class='ocrx_word' id='word_1_136' title='bbox 2361 870 2480 928; x_wconf 68' lang='lat'><strong>“1&quot;-</strong></span> <span class='ocrx_word' id='word_1_137' title='bbox 2505 871 2655 924; x_wconf 69' lang='grc' dir='ltr'><strong>θαιε</strong></span> <span class='ocrx_word' id='word_1_138' title='bbox 2685 879 2826 932; x_wconf 57' lang='grc'><strong>8⁸⁸8,</strong></span> <span class='ocrx_word' id='word_1_139' title='bbox 2854 873 2911 920; x_wconf 69' lang='grc' dir='ltr'>ει</span> <span class='ocrx_word' id='word_1_140' title='bbox 2931 865 3052 921; x_wconf 71' lang='lat' dir='ltr'><strong>ideo</strong></span> <span class='ocrx_word' id='word_1_141' title='bbox 3079 861 3278 930; x_wconf 62' lang='grc' dir='ltr'>ίυὶυειθ</span> <span class='ocrx_word' id='word_1_142' title='bbox 3296 856 3460 910; x_wconf 62' lang='lat' dir='ltr'><strong>anum</strong></span> 
     </span>
    </p>
   </div>
   <div class='ocr_carea' id='block_1_12' title="bbox 187 989 885 1062">
    <p class='ocr_par' dir='ltr' id='par_1_12' title="bbox 187 989 885 1062">
     <span class='ocr_line' id='line_1_16' title="bbox 187 989 885 1062; baseline -0.009 -13"><span class='ocrx_word' id='word_1_143' title='bbox 187 994 278 1049; x_wconf 90' lang='lat' dir='ltr'><strong>cui</strong></span> <span class='ocrx_word' id='word_1_144' title='bbox 304 993 482 1052; x_wconf 89' lang='lat' dir='ltr'><strong>debita</strong></span> <span class='ocrx_word' id='word_1_145' title='bbox 513 1001 596 1048; x_wconf 86' lang='lat' dir='ltr'><strong>est</strong></span> <span class='ocrx_word' id='word_1_146' title='bbox 629 989 885 1062; x_wconf 82' lang='lat' dir='ltr'><strong>perditio.</strong></span> 
     </span>
    </p>
   </div>
   <div class='ocr_carea' id='block_1_13' title="bbox 1881 950 3464 1034">
    <p class='ocr_par' dir='ltr' id='par_1_13' title="bbox 1881 950 3464 1034">
     <span class='ocr_line' id='line_1_17' title="bbox 1881 950 3464 1034; baseline -0.021 -4"><span class='ocrx_word' id='word_1_147' title='bbox 1881 950 2101 1029; x_wconf 78' lang='lat' dir='ltr'><strong>damnat</strong></span> <span class='ocrx_word' id='word_1_148' title='bbox 2124 1010 2137 1034; x_wconf 93' lang='lat'><strong>,</strong></span> <span class='ocrx_word' id='word_1_149' title='bbox 2169 967 2338 1022; x_wconf 77' lang='lat' dir='ltr'><strong>alium</strong></span> <span class='ocrx_word' id='word_1_150' title='bbox 2365 961 2572 1018; x_wconf 75' lang='lat' dir='ltr'><strong>salvat:</strong></span> <span class='ocrx_word' id='word_1_151' title='bbox 2603 957 2688 1014; x_wconf 87' lang='lat' dir='ltr'><strong>vel</strong></span> <span class='ocrx_word' id='word_1_152' title='bbox 2719 955 2847 1026; x_wconf 85' lang='lat' dir='ltr'><strong>quid</strong></span> <span class='ocrx_word' id='word_1_153' title='bbox 2869 953 3140 1024; x_wconf 72' lang='lat' dir='ltr'><strong>queritur,</strong></span> <span class='ocrx_word' id='word_1_154' title='bbox 3168 950 3222 1005; x_wconf 92' lang='lat' dir='ltr'><strong>id</strong></span> <span class='ocrx_word' id='word_1_155' title='bbox 3248 956 3332 1004; x_wconf 91' lang='lat' dir='ltr'><strong>est</strong></span> <span class='ocrx_word' id='word_1_156' title='bbox 3366 959 3464 1000; x_wconf 88' lang='lat' dir='ltr'><strong>cur</strong></span> 
     </span>
    </p>
   </div>
   <div class='ocr_carea' id='block_1_14' title="bbox 267 1035 3463 1148">
    <p class='ocr_par' dir='ltr' id='par_1_14' title="bbox 267 1035 3463 1148">
     <span class='ocr_line' id='line_1_18' title="bbox 267 1035 3463 1148; baseline -0.015 -10"><span class='ocrx_word' id='word_1_157' title='bbox 267 1083 432 1138; x_wconf 77' lang='lat' dir='ltr'><strong>Vens.</strong></span> <span class='ocrx_word' id='word_1_158' title='bbox 466 1080 554 1137; x_wconf 78' lang='grc'><strong>14.</strong></span> <span class='ocrx_word' id='word_1_159' title='bbox 585 1035 663 1121; x_wconf 56' lang='grc' dir='ltr'><strong>-ἷ</strong></span> <span class='ocrx_word' id='word_1_160' title='bbox 695 1077 833 1146; x_wconf 79' lang='lat' dir='ltr'><strong>Quid</strong></span> <span class='ocrx_word' id='word_1_161' title='bbox 888 1093 1027 1148; x_wconf 85' lang='lat' dir='ltr'><strong>ergo.</strong></span> <span class='ocrx_word' id='word_1_162' title='bbox 1063 1069 1205 1144; x_wconf 84' lang='lat' dir='ltr'><strong>Quia</strong></span> <span class='ocrx_word' id='word_1_163' title='bbox 1245 1075 1363 1131; x_wconf 83' lang='lat' dir='ltr'><strong>sine</strong></span> <span class='ocrx_word' id='word_1_164' title='bbox 1395 1071 1602 1128; x_wconf 84' lang='lat' dir='ltr'><strong>merito</strong></span> <span class='ocrx_word' id='word_1_165' title='bbox 1635 1067 1790 1123; x_wconf 70' lang='lat' dir='ltr'><strong>hunc</strong></span> <span class='ocrx_word' id='word_1_166' title='bbox 1881 1064 2073 1120; x_wconf 91' lang='lat' dir='ltr'><strong>nititur</strong></span> <span class='ocrx_word' id='word_1_167' title='bbox 2096 1058 2289 1129; x_wconf 83' lang='lat' dir='ltr'><strong>aliquis</strong></span> <span class='ocrx_word' id='word_1_168' title='bbox 2313 1055 2452 1112; x_wconf 86' lang='lat' dir='ltr'><strong>bene</strong></span> <span class='ocrx_word' id='word_1_169' title='bbox 2483 1065 2666 1124; x_wconf 87' lang='lat' dir='ltr'><strong>agere,</strong></span> <span class='ocrx_word' id='word_1_170' title='bbox 2687 1063 2810 1104; x_wconf 91' lang='lat' dir='ltr'><strong>cum</strong></span> <span class='ocrx_word' id='word_1_171' title='bbox 2825 1045 2964 1103; x_wconf 68' lang='lat' dir='ltr'><strong>nihil</strong></span> <span class='ocrx_word' id='word_1_172' title='bbox 2977 1042 3172 1115; x_wconf 77' lang='lat' dir='ltr'><strong>possit,</strong></span> <span class='ocrx_word' id='word_1_173' title='bbox 3192 1040 3298 1098; x_wconf 86' lang='lat' dir='ltr'><strong>nisi</strong></span> <span class='ocrx_word' id='word_1_174' title='bbox 3318 1035 3463 1109; x_wconf 85' lang='lat' dir='ltr'><strong>quod</strong></span> 
     </span>
    </p>
   </div>
   <div class='ocr_carea' id='block_1_15' title="bbox 192 1248 1787 1338">
    <p class='ocr_par' dir='ltr' id='par_1_15' title="bbox 192 1248 1787 1338">
     <span class='ocr_line' id='line_1_19' title="bbox 192 1248 1787 1338; baseline -0.012 -17"><span class='ocrx_word' id='word_1_175' title='bbox 192 1266 327 1338; x_wconf 88' lang='lat' dir='ltr'><strong>quia</strong></span> <span class='ocrx_word' id='word_1_176' title='bbox 359 1267 498 1321; x_wconf 89' lang='lat' dir='ltr'><strong>hunc</strong></span> <span class='ocrx_word' id='word_1_177' title='bbox 519 1279 618 1336; x_wconf 91' lang='lat' dir='ltr'><strong>per</strong></span> <span class='ocrx_word' id='word_1_178' title='bbox 655 1260 1082 1317; x_wconf 88' lang='lat' dir='ltr'><strong>misericordiam</strong></span> <span class='ocrx_word' id='word_1_179' title='bbox 1109 1257 1291 1328; x_wconf 81' lang='lat' dir='ltr'><strong>elegit,</strong></span> <span class='ocrx_word' id='word_1_180' title='bbox 1327 1255 1476 1310; x_wconf 89' lang='lat' dir='ltr'><strong>illum</strong></span> <span class='ocrx_word' id='word_1_181' title='bbox 1506 1267 1604 1324; x_wconf 84' lang='lat' dir='ltr'><strong>per</strong></span> <span class='ocrx_word' id='word_1_182' title='bbox 1623 1248 1787 1322; x_wconf 76' lang='lat' dir='ltr'><strong>justi-</strong></span> 
     </span>
    </p>
   </div>
   <div class='ocr_carea' id='block_1_16' title="bbox 194 1322 3169 1427">
    <p class='ocr_par' dir='ltr' id='par_1_16' title="bbox 194 1322 3169 1427">
     <span class='ocr_line' id='line_1_20' title="bbox 194 1322 3169 1427; baseline -0.014 -15"><span class='ocrx_word' id='word_1_183' title='bbox 194 1322 333 1412; x_wconf 69' lang='lat' dir='ltr'><strong>tiam</strong></span> <span class='ocrx_word' id='word_1_184' title='bbox 367 1322 692 1427; x_wconf 75' lang='lat' dir='ltr'><strong>reprobavit.</strong></span> <span class='ocrx_word' id='word_1_185' title='bbox 737 1351 796 1406; x_wconf 81' lang='lat' dir='ltr'><strong>In</strong></span> <span class='ocrx_word' id='word_1_186' title='bbox 835 1363 941 1421; x_wconf 87' lang='lat' dir='ltr'><strong>quo</strong></span> <span class='ocrx_word' id='word_1_187' title='bbox 970 1360 1167 1405; x_wconf 85' lang='lat' dir='ltr'><strong>neutro</strong></span> <span class='ocrx_word' id='word_1_188' title='bbox 1193 1322 1277 1403; x_wconf 76' lang='lat' dir='ltr'><strong>est</strong></span> <span class='ocrx_word' id='word_1_189' title='bbox 1305 1322 1598 1414; x_wconf 79' lang='lat' dir='ltr'><strong>iniquitas;</strong></span> <span class='ocrx_word' id='word_1_190' title='bbox 1641 1341 1787 1395; x_wconf 88' lang='lat' dir='ltr'><strong>hunc</strong></span> <span class='ocrx_word' id='word_1_191' title='bbox 1888 1336 1976 1392; x_wconf 91' lang='lat' dir='ltr'><strong>nis</strong></span> <span class='ocrx_word' id='word_1_192' title='bbox 1997 1331 2302 1396; x_wconf 69' lang='lat' dir='ltr'><strong>reddendae,</strong></span> <span class='ocrx_word' id='word_1_193' title='bbox 2326 1329 2426 1384; x_wconf 83' lang='lat' dir='ltr'><strong>sed</strong></span> <span class='ocrx_word' id='word_1_194' title='bbox 2452 1326 2730 1383; x_wconf 82' lang='lat' dir='ltr'><strong>hominem.</strong></span> <span class='ocrx_word' id='word_1_195' title='bbox 2759 1322 2830 1377; x_wconf 85' lang='lat' dir='ltr'><strong>ad</strong></span> <span class='ocrx_word' id='word_1_196' title='bbox 2847 1336 2909 1378; x_wconf 82' lang='lat' dir='ltr'><strong>se</strong></span> <span class='ocrx_word' id='word_1_197' title='bbox 2929 1324 3169 1374; x_wconf 79' lang='lat' dir='ltr'><strong>revocat.</strong></span> 
     </span>
    </p>
   </div>
   <div class='ocr_carea' id='block_1_17' title="bbox 196 1435 1794 1520">
    <p class='ocr_par' dir='ltr' id='par_1_17' title="bbox 196 1435 1794 1520">
     <span class='ocr_line' id='line_1_21' title="bbox 196 1435 1794 1520; baseline -0.013 -15"><span class='ocrx_word' id='word_1_198' title='bbox 196 1463 302 1520; x_wconf 87' lang='lat' dir='ltr'><strong>per</strong></span> <span class='ocrx_word' id='word_1_199' title='bbox 327 1445 774 1508; x_wconf 89' lang='lat' dir='ltr'><strong>misericordiam,</strong></span> <span class='ocrx_word' id='word_1_200' title='bbox 812 1444 939 1514; x_wconf 85' lang='lat' dir='ltr'><strong>quia</strong></span> <span class='ocrx_word' id='word_1_201' title='bbox 963 1443 1040 1497; x_wconf 90' lang='lat' dir='ltr'><strong>ita</strong></span> <span class='ocrx_word' id='word_1_202' title='bbox 1069 1439 1200 1496; x_wconf 80' lang='lat' dir='ltr'><strong>dicit</strong></span> <span class='ocrx_word' id='word_1_203' title='bbox 1221 1435 1438 1508; x_wconf 81' lang='lat' dir='ltr'><strong>Moyses</strong></span> <span class='ocrx_word' id='word_1_204' title='bbox 1462 1453 1477 1501; x_wconf 94' lang='lat'><strong>;</strong></span> <span class='ocrx_word' id='word_1_205' title='bbox 1519 1435 1664 1488; x_wconf 90' lang='lat' dir='ltr'><strong>hunc</strong></span> <span class='ocrx_word' id='word_1_206' title='bbox 1689 1443 1794 1501; x_wconf 81' lang='lat' dir='ltr'><strong>per</strong></span> 
     </span>
    </p>
   </div>
   <div class='ocr_carea' id='block_1_18' title="bbox 191 1523 1804 1609">
    <p class='ocr_par' dir='ltr' id='par_1_18' title="bbox 191 1523 1804 1609">
     <span class='ocr_line' id='line_1_22' title="bbox 191 1523 1804 1609; baseline -0.011 -16"><span class='ocrx_word' id='word_1_207' title='bbox 191 1537 490 1609; x_wconf 85' lang='lat' dir='ltr'><strong>justitiam,</strong></span> <span class='ocrx_word' id='word_1_208' title='bbox 523 1537 646 1608; x_wconf 90' lang='lat' dir='ltr'><strong>quia</strong></span> <span class='ocrx_word' id='word_1_209' title='bbox 688 1536 764 1590; x_wconf 89' lang='lat' dir='ltr'><strong>ita</strong></span> <span class='ocrx_word' id='word_1_210' title='bbox 813 1534 947 1591; x_wconf 85' lang='lat' dir='ltr'><strong>dicit</strong></span> <span class='ocrx_word' id='word_1_211' title='bbox 985 1531 1268 1601; x_wconf 85' lang='lat' dir='ltr'><strong>Scriptura</strong></span> <span class='ocrx_word' id='word_1_212' title='bbox 1307 1529 1569 1584; x_wconf 90' lang='lat' dir='ltr'><strong>inducens</strong></span> <span class='ocrx_word' id='word_1_213' title='bbox 1617 1523 1804 1579; x_wconf 32' lang='lat' dir='ltr'><strong>Deum.</strong></span> 
     </span>
    </p>
   </div>
   <div class='ocr_carea' id='block_1_19' title="bbox 200 1627 836 1702">
    <p class='ocr_par' dir='ltr' id='par_1_19' title="bbox 200 1627 836 1702">
     <span class='ocr_line' id='line_1_23' title="bbox 200 1627 836 1702; baseline -0.006 -16"><span class='ocrx_word' id='word_1_214' title='bbox 200 1632 517 1702; x_wconf 79' lang='lat' dir='ltr'><strong>loquentem</strong></span> <span class='ocrx_word' id='word_1_215' title='bbox 546 1627 836 1684; x_wconf 83' lang='lat' dir='ltr'><strong>Pharaoni.</strong></span> 
     </span>
    </p>
   </div>
   <div class='ocr_carea' id='block_1_20' title="bbox 1961 1429 3472 1502">
    <p class='ocr_par' dir='ltr' id='par_1_20' title="bbox 1961 1429 3472 1502">
     <span class='ocr_line' id='line_1_24' title="bbox 1961 1429 3472 1502; baseline -0.015 0"><span class='ocrx_word' id='word_1_216' title='bbox 1961 1447 2128 1502; x_wconf 80' lang='lat' dir='ltr'><strong>Vens.</strong></span> <span class='ocrx_word' id='word_1_217' title='bbox 2158 1446 2248 1500; x_wconf 72' lang='lat'><strong>21.</strong></span> <span class='ocrx_word' id='word_1_218' title='bbox 2277 1474 2346 1483; x_wconf 95' lang='lat'><strong>—</strong></span> <span class='ocrx_word' id='word_1_219' title='bbox 2397 1440 2482 1496; x_wconf 82' lang='lat' dir='ltr'><strong>Ea:</strong></span> <span class='ocrx_word' id='word_1_220' title='bbox 2533 1438 2715 1493; x_wconf 86' lang='lat' dir='ltr'><strong>eadem</strong></span> <span class='ocrx_word' id='word_1_221' title='bbox 2763 1451 2960 1489; x_wconf 84' lang='lat' dir='ltr'><strong>massa.</strong></span> <span class='ocrx_word' id='word_1_222' title='bbox 3003 1429 3096 1486; x_wconf 91' lang='lat' dir='ltr'><strong>Sic</strong></span> <span class='ocrx_word' id='word_1_223' title='bbox 3147 1436 3257 1484; x_wconf 89' lang='lat' dir='ltr'><strong>tota</strong></span> <span class='ocrx_word' id='word_1_224' title='bbox 3293 1439 3472 1481; x_wconf 82' lang='lat' dir='ltr'><strong>massa</strong></span> 
     </span>
    </p>
   </div>
   <div class='ocr_carea' id='block_1_21' title="bbox 1892 1515 3475 1610">
    <p class='ocr_par' dir='ltr' id='par_1_21' title="bbox 1892 1515 3475 1610">
     <span class='ocr_line' id='line_1_25' title="bbox 1892 1515 3475 1610; baseline -0.017 -14"><span class='ocrx_word' id='word_1_225' title='bbox 1892 1540 2117 1597; x_wconf 88' lang='lat' dir='ltr'><strong>humani</strong></span> <span class='ocrx_word' id='word_1_226' title='bbox 2144 1534 2358 1610; x_wconf 79' lang='lat' dir='ltr'><strong>generis</strong></span> <span class='ocrx_word' id='word_1_227' title='bbox 2380 1532 2527 1602; x_wconf 89' lang='lat' dir='ltr'><strong>juste</strong></span> <span class='ocrx_word' id='word_1_228' title='bbox 2552 1536 2829 1598; x_wconf 85' lang='lat' dir='ltr'><strong>corrupta,</strong></span> <span class='ocrx_word' id='word_1_229' title='bbox 2861 1533 2918 1581; x_wconf 88' lang='lat' dir='ltr'><strong>et</strong></span> <span class='ocrx_word' id='word_1_230' title='bbox 2941 1522 3116 1577; x_wconf 90' lang='lat' dir='ltr'><strong>lutosa</strong></span> <span class='ocrx_word' id='word_1_231' title='bbox 3138 1525 3222 1575; x_wconf 86' lang='lat' dir='ltr'><strong>est</strong></span> <span class='ocrx_word' id='word_1_232' title='bbox 3245 1537 3260 1572; x_wconf 91' lang='lat'><strong>:</strong></span> <span class='ocrx_word' id='word_1_233' title='bbox 3284 1516 3328 1572; x_wconf 93' lang='lat' dir='ltr'><strong>si</strong></span> <span class='ocrx_word' id='word_1_234' title='bbox 3351 1515 3475 1570; x_wconf 87' lang='lat' dir='ltr'><strong>inde</strong></span> 
     </span>
    </p>
   </div>
   <div class='ocr_carea' id='block_1_22' title="bbox 1893 1607 3468 1692">
    <p class='ocr_par' dir='ltr' id='par_1_22' title="bbox 1893 1607 3468 1692">
     <span class='ocr_line' id='line_1_26' title="bbox 1893 1607 3468 1692; baseline -0.018 -5"><span class='ocrx_word' id='word_1_235' title='bbox 1893 1648 1991 1687; x_wconf 90' lang='lat' dir='ltr'><strong>vas</strong></span> <span class='ocrx_word' id='word_1_236' title='bbox 2014 1632 2066 1686; x_wconf 90' lang='lat' dir='ltr'><strong>in</strong></span> <span class='ocrx_word' id='word_1_237' title='bbox 2084 1632 2367 1692; x_wconf 86' lang='lat' dir='ltr'><strong>honorem,</strong></span> <span class='ocrx_word' id='word_1_238' title='bbox 2384 1621 2756 1679; x_wconf 85' lang='lat' dir='ltr'><strong>misericordia</strong></span> <span class='ocrx_word' id='word_1_239' title='bbox 2774 1625 2886 1684; x_wconf 90' lang='lat' dir='ltr'><strong>est;</strong></span> <span class='ocrx_word' id='word_1_240' title='bbox 2915 1616 2960 1672; x_wconf 88' lang='lat' dir='ltr'><strong>si</strong></span> <span class='ocrx_word' id='word_1_241' title='bbox 2990 1615 3044 1668; x_wconf 89' lang='lat' dir='ltr'><strong>in</strong></span> <span class='ocrx_word' id='word_1_242' title='bbox 3063 1607 3468 1671; x_wconf 88' lang='lat' dir='ltr'><strong>contumeliam,</strong></span> 
     </span>
    </p>
   </div>
   <div class='ocr_carea' id='block_1_23' title="bbox 279 1697 1828 1808">
    <p class='ocr_par' dir='ltr' id='par_1_23' title="bbox 279 1697 1798 1808">
     <span class='ocr_line' id='line_1_27' title="bbox 279 1697 1798 1808; baseline -0.011 -31"><span class='ocrx_word' id='word_1_243' title='bbox 279 1697 446 1778; x_wconf 49' lang='lat' dir='ltr'><strong>iibsit.</strong></span> <span class='ocrx_word' id='word_1_244' title='bbox 480 1722 705 1808; x_wconf 74' lang='lat' dir='ltr'><strong>constat</strong></span> <span class='ocrx_word' id='word_1_245' title='bbox 730 1719 874 1791; x_wconf 90' lang='lat' dir='ltr'><strong>quod</strong></span> <span class='ocrx_word' id='word_1_246' title='bbox 903 1717 1082 1773; x_wconf 82' lang='lat' dir='ltr'><strong>nullus</strong></span> <span class='ocrx_word' id='word_1_247' title='bbox 1108 1716 1396 1778; x_wconf 86' lang='lat' dir='ltr'><strong>liberatur,</strong></span> <span class='ocrx_word' id='word_1_248' title='bbox 1423 1710 1526 1767; x_wconf 87' lang='lat' dir='ltr'><strong>nisi</strong></span> <span class='ocrx_word' id='word_1_249' title='bbox 1553 1705 1798 1778; x_wconf 71' lang='lat' dir='ltr'><strong>gratuita</strong></span> 
     </span>
    </p>
   </div>
   <div class='ocr_carea' id='block_1_24' title="bbox 1943 1697 3476 1808">
    <p class='ocr_par' dir='ltr' id='par_1_24' title="bbox 1943 1697 3476 1789">
     <span class='ocr_line' id='line_1_28' title="bbox 1943 1697 3476 1789; baseline -0.017 -13"><span class='ocrx_word' id='word_1_250' title='bbox 1943 1732 2095 1778; x_wconf 72' lang='lat' dir='ltr'><strong>istum</strong></span> <span class='ocrx_word' id='word_1_251' title='bbox 2124 1727 2229 1785; x_wconf 91' lang='lat' dir='ltr'><strong>est,</strong></span> <span class='ocrx_word' id='word_1_252' title='bbox 2265 1718 2390 1789; x_wconf 88' lang='lat' dir='ltr'><strong>quia</strong></span> <span class='ocrx_word' id='word_1_253' title='bbox 2421 1716 2525 1771; x_wconf 90' lang='lat' dir='ltr'><strong>hoc</strong></span> <span class='ocrx_word' id='word_1_254' title='bbox 2557 1720 2674 1770; x_wconf 90' lang='lat' dir='ltr'><strong>erat</strong></span> <span class='ocrx_word' id='word_1_255' title='bbox 2720 1727 2787 1766; x_wconf 80' lang='lat' dir='ltr'><strong>ex</strong></span> <span class='ocrx_word' id='word_1_256' title='bbox 2835 1715 3029 1762; x_wconf 85' lang='lat' dir='ltr'><strong>natura</strong></span> <span class='ocrx_word' id='word_1_257' title='bbox 3059 1722 3074 1758; x_wconf 86' lang='lat'><strong>:</strong></span> <span class='ocrx_word' id='word_1_258' title='bbox 3104 1716 3234 1758; x_wconf 87' lang='lat' dir='ltr'><strong>ecce</strong></span> <span class='ocrx_word' id='word_1_259' title='bbox 3265 1697 3476 1771; x_wconf 72' lang='lat' dir='ltr'><strong>iustitia</strong></span> 
     </span>
    </p>
   </div>
   <div class='ocr_carea' id='block_1_25' title="bbox 205 1791 3481 1884">
    <p class='ocr_par' dir='ltr' id='par_1_25' title="bbox 205 1791 3481 1884">
     <span class='ocr_line' id='line_1_29' title="bbox 205 1791 3481 1884; baseline -0.013 -15"><span class='ocrx_word' id='word_1_260' title='bbox 205 1805 618 1879; x_wconf 75' lang='lat' dir='ltr'><strong>misericordia;</strong></span> <span class='ocrx_word' id='word_1_261' title='bbox 651 1811 829 1867; x_wconf 88' lang='lat' dir='ltr'><strong>nullus</strong></span> <span class='ocrx_word' id='word_1_262' title='bbox 861 1811 1170 1874; x_wconf 82' lang='lat' dir='ltr'><strong>damnatur,</strong></span> <span class='ocrx_word' id='word_1_263' title='bbox 1206 1807 1311 1862; x_wconf 91' lang='lat' dir='ltr'><strong>nisi</strong></span> <span class='ocrx_word' id='word_1_264' title='bbox 1352 1803 1660 1876; x_wconf 68' lang='lat' dir='ltr'><strong>mquissima</strong></span> <span class='ocrx_word' id='word_1_265' title='bbox 1676 1799 1793 1868; x_wconf 80' lang='lat' dir='ltr'><strong>jus-</strong></span> <span class='ocrx_word' id='word_1_266' title='bbox 1818 1794 1869 1870; x_wconf 90' lang='lat' dir='ltr'><strong>B</strong></span> <span class='ocrx_word' id='word_1_267' title='bbox 1891 1791 1955 1872; x_wconf 55' lang='lat' dir='ltr'><strong>&#39;in</strong></span> <span class='ocrx_word' id='word_1_268' title='bbox 1981 1815 2066 1870; x_wconf 71' lang='lat' dir='ltr'><strong>his</strong></span> <span class='ocrx_word' id='word_1_269' title='bbox 2100 1812 2193 1884; x_wconf 64' lang='lat' dir='ltr'><strong>qui</strong></span> <span class='ocrx_word' id='word_1_270' title='bbox 2219 1827 2327 1866; x_wconf 79' lang='grc' dir='ltr'><strong>ηοη</strong></span> <span class='ocrx_word' id='word_1_271' title='bbox 2355 1808 2556 1863; x_wconf 60' lang='lat' dir='ltr'><strong>habent</strong></span> <span class='ocrx_word' id='word_1_272' title='bbox 2584 1813 2797 1872; x_wconf 39' lang='lat' dir='ltr'><strong>tempus</strong></span> <span class='ocrx_word' id='word_1_273' title='bbox 2829 1795 3119 1870; x_wconf 61' lang='lat' dir='ltr'><strong>operandt;</strong></span> <span class='ocrx_word' id='word_1_274' title='bbox 3165 1794 3230 1849; x_wconf 69' lang='lat' dir='ltr'><strong>de</strong></span> <span class='ocrx_word' id='word_1_275' title='bbox 3267 1791 3354 1846; x_wconf 71' lang='lat' dir='ltr'><strong>his</strong></span> <span class='ocrx_word' id='word_1_276' title='bbox 3386 1803 3481 1842; x_wconf 71' lang='lat' dir='ltr'><strong>au-</strong></span> 
     </span>
    </p>
   </div>
   <div class='ocr_carea' id='block_1_26' title="bbox 207 1894 1811 1974">
    <p class='ocr_par' dir='ltr' id='par_1_26' title="bbox 207 1894 1811 1974">
     <span class='ocr_line' id='line_1_30' title="bbox 207 1894 1811 1974; baseline -0.012 -12"><span class='ocrx_word' id='word_1_277' title='bbox 207 1909 352 1970; x_wconf 85' lang='lat' dir='ltr'><strong>titia.</strong></span> <span class='ocrx_word' id='word_1_278' title='bbox 383 1905 490 1962; x_wconf 87' lang='lat' dir='ltr'><strong>Sed</strong></span> <span class='ocrx_word' id='word_1_279' title='bbox 513 1921 610 1960; x_wconf 91' lang='lat' dir='ltr'><strong>cur</strong></span> <span class='ocrx_word' id='word_1_280' title='bbox 635 1903 814 1974; x_wconf 84' lang='lat' dir='ltr'><strong>potius</strong></span> <span class='ocrx_word' id='word_1_281' title='bbox 840 1902 984 1956; x_wconf 91' lang='lat' dir='ltr'><strong>hunc</strong></span> <span class='ocrx_word' id='word_1_282' title='bbox 1013 1915 1176 1970; x_wconf 85' lang='lat' dir='ltr'><strong>quam</strong></span> <span class='ocrx_word' id='word_1_283' title='bbox 1208 1896 1352 1952; x_wconf 90' lang='lat' dir='ltr'><strong>hunc</strong></span> <span class='ocrx_word' id='word_1_284' title='bbox 1372 1894 1602 1958; x_wconf 87' lang='lat' dir='ltr'><strong>liberet;</strong></span> <span class='ocrx_word' id='word_1_285' title='bbox 1641 1903 1811 1946; x_wconf 61' lang='lat' dir='ltr'><strong>scru-v</strong></span> 
     </span>
    </p>
   </div>
   <div class='ocr_carea' id='block_1_27' title="bbox 210 1987 1799 2070">
    <p class='ocr_par' dir='ltr' id='par_1_27' title="bbox 210 1987 1799 2070">
     <span class='ocr_line' id='line_1_31' title="bbox 210 1987 1799 2070; baseline -0.015 -11"><span class='ocrx_word' id='word_1_286' title='bbox 210 2013 358 2060; x_wconf 87' lang='lat' dir='ltr'><strong>tetur</strong></span> <span class='ocrx_word' id='word_1_287' title='bbox 389 2000 479 2070; x_wconf 88' lang='lat' dir='ltr'><strong>qui</strong></span> <span class='ocrx_word' id='word_1_288' title='bbox 503 2003 681 2069; x_wconf 87' lang='lat' dir='ltr'><strong>potest</strong></span> <span class='ocrx_word' id='word_1_289' title='bbox 713 2003 820 2049; x_wconf 89' lang='lat' dir='ltr'><strong>tam</strong></span> <span class='ocrx_word' id='word_1_290' title='bbox 842 1990 1168 2064; x_wconf 82' lang='lat' dir='ltr'><strong>profundum</strong></span> <span class='ocrx_word' id='word_1_291' title='bbox 1197 1988 1458 2060; x_wconf 84' lang='lat' dir='ltr'><strong>judicium</strong></span> <span class='ocrx_word' id='word_1_292' title='bbox 1479 2025 1495 2051; x_wconf 96' lang='lat'><strong>,</strong></span> <span class='ocrx_word' id='word_1_293' title='bbox 1519 1987 1799 2039; x_wconf 59' lang='lat' dir='ltr'><strong>verumtaa</strong></span> 
     </span>
    </p>
   </div>
   <div class='ocr_carea' id='block_1_28' title="bbox 209 2086 963 2160">
    <p class='ocr_par' dir='ltr' id='par_1_28' title="bbox 209 2086 963 2160">
     <span class='ocr_line' id='line_1_32' title="bbox 209 2086 963 2160; baseline -0.021 -7"><span class='ocrx_word' id='word_1_294' title='bbox 209 2111 340 2152; x_wconf 88' lang='lat' dir='ltr'><strong>men</strong></span> <span class='ocrx_word' id='word_1_295' title='bbox 372 2098 560 2147; x_wconf 87' lang='lat' dir='ltr'><strong>caveat</strong></span> <span class='ocrx_word' id='word_1_296' title='bbox 587 2086 963 2160; x_wconf 66' lang='lat' dir='ltr'><strong>praacipitium.</strong></span> 
     </span>
    </p>
   </div>
   <div class='ocr_carea' id='block_1_29' title="bbox 288 2160 1802 2240">
    <p class='ocr_par' dir='ltr' id='par_1_29' title="bbox 288 2160 1802 2240">
     <span class='ocr_line' id='line_1_33' title="bbox 288 2160 1802 2240; baseline -0.015 -2"><span class='ocrx_word' id='word_1_297' title='bbox 288 2185 456 2240; x_wconf 74' lang='lat' dir='ltr'><strong>Vens.</strong></span> <span class='ocrx_word' id='word_1_298' title='bbox 487 2177 665 2234; x_wconf 72' lang='lat'><strong>15.—</strong></span> <span class='ocrx_word' id='word_1_299' title='bbox 694 2174 980 2230; x_wconf 77' lang='lat' dir='ltr'><strong>Miserebor</strong></span> <span class='ocrx_word' id='word_1_300' title='bbox 1024 2170 1109 2226; x_wconf 88' lang='lat' dir='ltr'><strong>cui</strong></span> <span class='ocrx_word' id='word_1_301' title='bbox 1150 2168 1419 2224; x_wconf 73' lang='lat' dir='ltr'><strong>misertus.</strong></span> <span class='ocrx_word' id='word_1_302' title='bbox 1475 2163 1533 2220; x_wconf 89' lang='lat' dir='ltr'><strong>Id</strong></span> <span class='ocrx_word' id='word_1_303' title='bbox 1567 2171 1672 2229; x_wconf 88' lang='lat' dir='ltr'><strong>est,</strong></span> <span class='ocrx_word' id='word_1_304' title='bbox 1712 2160 1802 2218; x_wconf 87' lang='lat' dir='ltr'><strong>cui</strong></span> 
     </span>
    </p>
   </div>
   <div class='ocr_carea' id='block_1_30' title="bbox 211 2255 1812 2348">
    <p class='ocr_par' dir='ltr' id='par_1_30' title="bbox 211 2255 1812 2348">
     <span class='ocr_line' id='line_1_34' title="bbox 211 2255 1812 2348; baseline -0.015 -16"><span class='ocrx_word' id='word_1_305' title='bbox 211 2275 452 2348; x_wconf 57' lang='lat' dir='ltr'><strong>praescio</strong></span> <span class='ocrx_word' id='word_1_306' title='bbox 481 2269 870 2333; x_wconf 91' lang='lat' dir='ltr'><strong>miserendum,</strong></span> <span class='ocrx_word' id='word_1_307' title='bbox 899 2274 955 2321; x_wconf 93' lang='lat' dir='ltr'><strong>et</strong></span> <span class='ocrx_word' id='word_1_308' title='bbox 983 2263 1124 2336; x_wconf 89' lang='lat' dir='ltr'><strong>apud</strong></span> <span class='ocrx_word' id='word_1_309' title='bbox 1150 2275 1257 2317; x_wconf 87' lang='lat' dir='ltr'><strong>me</strong></span> <span class='ocrx_word' id='word_1_310' title='bbox 1284 2272 1603 2315; x_wconf 86' lang='lat' dir='ltr'><strong>mansurum</strong></span> <span class='ocrx_word' id='word_1_311' title='bbox 1633 2274 1647 2310; x_wconf 87' lang='lat'><strong>:</strong></span> <span class='ocrx_word' id='word_1_312' title='bbox 1698 2255 1812 2309; x_wconf 71' lang='lat' dir='ltr'><strong>hoe</strong></span> 
     </span>
    </p>
   </div>
   <div class='ocr_carea' id='block_1_31' title="bbox 216 2348 1801 2422">
    <p class='ocr_par' dir='ltr' id='par_1_31' title="bbox 216 2348 1801 2422">
     <span class='ocr_line' id='line_1_35' title="bbox 216 2348 1801 2422; baseline -0.013 -1"><span class='ocrx_word' id='word_1_313' title='bbox 216 2374 307 2421; x_wconf 86' lang='lat' dir='ltr'><strong>est</strong></span> <span class='ocrx_word' id='word_1_314' title='bbox 357 2366 486 2420; x_wconf 86' lang='lat' dir='ltr'><strong>dare</strong></span> <span class='ocrx_word' id='word_1_315' title='bbox 512 2361 584 2417; x_wconf 90' lang='lat' dir='ltr'><strong>illi</strong></span> <span class='ocrx_word' id='word_1_316' title='bbox 616 2361 703 2416; x_wconf 88' lang='lat' dir='ltr'><strong>cui</strong></span> <span class='ocrx_word' id='word_1_317' title='bbox 725 2359 958 2414; x_wconf 90' lang='lat' dir='ltr'><strong>dandum</strong></span> <span class='ocrx_word' id='word_1_318' title='bbox 994 2362 1096 2422; x_wconf 90' lang='lat' dir='ltr'><strong>est,</strong></span> <span class='ocrx_word' id='word_1_319' title='bbox 1135 2368 1241 2409; x_wconf 89' lang='lat' dir='ltr'><strong>non</strong></span> <span class='ocrx_word' id='word_1_320' title='bbox 1277 2353 1409 2407; x_wconf 88' lang='lat' dir='ltr'><strong>dare</strong></span> <span class='ocrx_word' id='word_1_321' title='bbox 1436 2349 1514 2404; x_wconf 79' lang='lat' dir='ltr'><strong>iiii</strong></span> <span class='ocrx_word' id='word_1_322' title='bbox 1549 2348 1637 2404; x_wconf 89' lang='lat' dir='ltr'><strong>cui</strong></span> <span class='ocrx_word' id='word_1_323' title='bbox 1666 2348 1801 2402; x_wconf 83' lang='lat' dir='ltr'><strong>dan-</strong></span> 
     </span>
    </p>
   </div>
   <div class='ocr_carea' id='block_1_32' title="bbox 219 2438 1806 2517">
    <p class='ocr_par' dir='ltr' id='par_1_32' title="bbox 219 2438 1806 2517">
     <span class='ocr_line' id='line_1_36' title="bbox 219 2438 1806 2517; baseline -0.013 -6"><span class='ocrx_word' id='word_1_324' title='bbox 219 2457 353 2511; x_wconf 90' lang='lat' dir='ltr'><strong>dum</strong></span> <span class='ocrx_word' id='word_1_325' title='bbox 384 2468 488 2509; x_wconf 91' lang='lat' dir='ltr'><strong>non</strong></span> <span class='ocrx_word' id='word_1_326' title='bbox 520 2459 635 2517; x_wconf 90' lang='lat' dir='ltr'><strong>est;</strong></span> <span class='ocrx_word' id='word_1_327' title='bbox 665 2459 726 2505; x_wconf 90' lang='lat' dir='ltr'><strong>ut</strong></span> <span class='ocrx_word' id='word_1_328' title='bbox 754 2463 876 2504; x_wconf 91' lang='lat' dir='ltr'><strong>eum</strong></span> <span class='ocrx_word' id='word_1_329' title='bbox 922 2453 1104 2510; x_wconf 90' lang='lat' dir='ltr'><strong>vocet,</strong></span> <span class='ocrx_word' id='word_1_330' title='bbox 1147 2457 1308 2514; x_wconf 86' lang='lat' dir='ltr'><strong>quem</strong></span> <span class='ocrx_word' id='word_1_331' title='bbox 1337 2442 1476 2497; x_wconf 89' lang='lat' dir='ltr'><strong>sciat</strong></span> <span class='ocrx_word' id='word_1_332' title='bbox 1509 2438 1806 2501; x_wconf 75' lang='lat' dir='ltr'><strong>obaudire:</strong></span> 
     </span>
    </p>
   </div>
   <div class='ocr_carea' id='block_1_33' title="bbox 219 2527 1810 2616">
    <p class='ocr_par' dir='ltr' id='par_1_33' title="bbox 219 2527 1810 2616">
     <span class='ocr_line' id='line_1_37' title="bbox 219 2527 1810 2616; baseline -0.013 -14"><span class='ocrx_word' id='word_1_333' title='bbox 219 2556 288 2602; x_wconf 90' lang='lat' dir='ltr'><strong>ut</strong></span> <span class='ocrx_word' id='word_1_334' title='bbox 311 2547 483 2602; x_wconf 88' lang='lat' dir='ltr'><strong>David</strong></span> <span class='ocrx_word' id='word_1_335' title='bbox 509 2545 602 2616; x_wconf 85' lang='lat' dir='ltr'><strong>qui</strong></span> <span class='ocrx_word' id='word_1_336' title='bbox 634 2551 756 2614; x_wconf 89' lang='lat' dir='ltr'><strong>post</strong></span> <span class='ocrx_word' id='word_1_337' title='bbox 796 2540 1010 2597; x_wconf 83' lang='lat' dir='ltr'><strong>veniam</strong></span> <span class='ocrx_word' id='word_1_338' title='bbox 1039 2546 1152 2593; x_wconf 90' lang='lat' dir='ltr'><strong>tam</strong></span> <span class='ocrx_word' id='word_1_339' title='bbox 1198 2536 1340 2591; x_wconf 89' lang='lat' dir='ltr'><strong>bene</strong></span> <span class='ocrx_word' id='word_1_340' title='bbox 1384 2532 1642 2604; x_wconf 82' lang='lat' dir='ltr'><strong>perstitit.</strong></span> <span class='ocrx_word' id='word_1_341' title='bbox 1675 2527 1810 2584; x_wconf 85' lang='lat' dir='ltr'><strong>Saul</strong></span> 
     </span>
    </p>
   </div>
   <div class='ocr_carea' id='block_1_34' title="bbox 223 2623 1810 2704">
    <p class='ocr_par' dir='ltr' id='par_1_34' title="bbox 223 2623 1810 2704">
     <span class='ocr_line' id='line_1_38' title="bbox 223 2623 1810 2704; baseline -0.012 -11"><span class='ocrx_word' id='word_1_342' title='bbox 223 2653 339 2694; x_wconf 87' lang='lat' dir='ltr'><strong>non</strong></span> <span class='ocrx_word' id='word_1_343' title='bbox 362 2629 579 2691; x_wconf 85' lang='lat' dir='ltr'><strong>auditus</strong></span> <span class='ocrx_word' id='word_1_344' title='bbox 605 2635 660 2690; x_wconf 94' lang='lat' dir='ltr'><strong>in</strong></span> <span class='ocrx_word' id='word_1_345' title='bbox 682 2647 844 2704; x_wconf 87' lang='lat' dir='ltr'><strong>prece</strong></span> <span class='ocrx_word' id='word_1_346' title='bbox 870 2645 980 2686; x_wconf 87' lang='lat' dir='ltr'><strong>non</strong></span> <span class='ocrx_word' id='word_1_347' title='bbox 1007 2627 1267 2700; x_wconf 83' lang='lat' dir='ltr'><strong>perstitit,</strong></span> <span class='ocrx_word' id='word_1_348' title='bbox 1295 2625 1390 2682; x_wconf 88' lang='lat' dir='ltr'><strong>sed</strong></span> <span class='ocrx_word' id='word_1_349' title='bbox 1411 2625 1479 2680; x_wconf 88' lang='lat' dir='ltr'><strong>ad</strong></span> <span class='ocrx_word' id='word_1_350' title='bbox 1507 2623 1649 2678; x_wconf 91' lang='lat' dir='ltr'><strong>idola</strong></span> <span class='ocrx_word' id='word_1_351' title='bbox 1674 2635 1810 2676; x_wconf 87' lang='lat' dir='ltr'><strong>con-</strong></span> 
     </span>
    </p>
   </div>
   <div class='ocr_carea' id='block_1_35' title="bbox 222 2711 1816 2796">
    <p class='ocr_par' dir='ltr' id='par_1_35' title="bbox 222 2711 1816 2796">
     <span class='ocr_line' id='line_1_39' title="bbox 222 2711 1816 2796; baseline -0.011 -14"><span class='ocrx_word' id='word_1_352' title='bbox 222 2742 419 2784; x_wconf 89' lang='lat' dir='ltr'><strong>versus</strong></span> <span class='ocrx_word' id='word_1_353' title='bbox 466 2734 590 2794; x_wconf 90' lang='lat' dir='ltr'><strong>est;</strong></span> <span class='ocrx_word' id='word_1_354' title='bbox 618 2725 760 2780; x_wconf 91' lang='lat' dir='ltr'><strong>unde</strong></span> <span class='ocrx_word' id='word_1_355' title='bbox 811 2723 960 2796; x_wconf 81' lang='lat' dir='ltr'><strong>juste</strong></span> <span class='ocrx_word' id='word_1_356' title='bbox 996 2719 1318 2792; x_wconf 84' lang='lat' dir='ltr'><strong>reprobatus</strong></span> <span class='ocrx_word' id='word_1_357' title='bbox 1357 2729 1480 2771; x_wconf 90' lang='lat' dir='ltr'><strong>esse</strong></span> <span class='ocrx_word' id='word_1_358' title='bbox 1507 2728 1540 2768; x_wconf 87' lang='lat' dir='ltr'><strong>a</strong></span> <span class='ocrx_word' id='word_1_359' title='bbox 1581 2711 1816 2783; x_wconf 67' lang='lat' dir='ltr'><strong>pmscio</strong></span> 
     </span>
    </p>
   </div>
   <div class='ocr_carea' id='block_1_36' title="bbox 224 2821 465 2876">
    <p class='ocr_par' dir='ltr' id='par_1_36' title="bbox 224 2821 465 2876">
     <span class='ocr_line' id='line_1_40' title="bbox 224 2821 465 2876; baseline -0.012 -1"><span class='ocrx_word' id='word_1_360' title='bbox 224 2821 465 2876; x_wconf 90' lang='lat' dir='ltr'><strong>videtur.</strong></span> 
     </span>
    </p>
   </div>
   <div class='ocr_carea' id='block_1_37' title="bbox 305 2891 1824 2976">
    <p class='ocr_par' dir='ltr' id='par_1_37' title="bbox 305 2891 1824 2976">
     <span class='ocr_line' id='line_1_41' title="bbox 305 2891 1824 2976; baseline -0.012 -10"><span class='ocrx_word' id='word_1_361' title='bbox 305 2909 470 2967; x_wconf 72' lang='lat' dir='ltr'><strong>Vens.</strong></span> <span class='ocrx_word' id='word_1_362' title='bbox 502 2907 591 2964; x_wconf 77' lang='lat' dir='ltr'><strong>l6.</strong></span> <span class='ocrx_word' id='word_1_363' title='bbox 622 2937 693 2949; x_wconf 94' lang='lat'>—</span> <span class='ocrx_word' id='word_1_364' title='bbox 717 2905 894 2976; x_wconf 78' lang='lat' dir='ltr'><strong>Igitur</strong></span> <span class='ocrx_word' id='word_1_365' title='bbox 931 2919 1035 2958; x_wconf 86' lang='lat' dir='ltr'><strong>non</strong></span> <span class='ocrx_word' id='word_1_366' title='bbox 1071 2899 1311 2966; x_wconf 79' lang='lat' dir='ltr'><strong>volentis,</strong></span> <span class='ocrx_word' id='word_1_367' title='bbox 1365 2902 1471 2953; x_wconf 86' lang='lat' dir='ltr'><strong>etc.</strong></span> <span class='ocrx_word' id='word_1_368' title='bbox 1530 2891 1824 2962; x_wconf 83' lang='lat' dir='ltr'><strong>Tanquam&quot;</strong></span> 
     </span>
    </p>
   </div>
   <div class='ocr_carea' id='block_1_38' title="bbox 230 2987 1826 3064">
    <p class='ocr_par' dir='ltr' id='par_1_38' title="bbox 230 2987 1826 3064">
     <span class='ocr_line' id='line_1_42' title="bbox 230 2987 1826 3064; baseline -0.014 -3"><span class='ocrx_word' id='word_1_369' title='bbox 230 3006 446 3060; x_wconf 85' lang='lat' dir='ltr'><strong>diceret</strong></span> <span class='ocrx_word' id='word_1_370' title='bbox 477 3022 489 3058; x_wconf 89' lang='lat'><strong>:</strong></span> <span class='ocrx_word' id='word_1_371' title='bbox 518 3001 637 3058; x_wconf 79' lang='lat' dir='ltr'><strong>Non</strong></span> <span class='ocrx_word' id='word_1_372' title='bbox 667 2997 863 3055; x_wconf 81' lang='lat' dir='ltr'><strong>suﬁicit</strong></span> <span class='ocrx_word' id='word_1_373' title='bbox 903 2995 1011 3052; x_wconf 84' lang='lat' dir='ltr'><strong>sola</strong></span> <span class='ocrx_word' id='word_1_374' title='bbox 1053 2993 1302 3064; x_wconf 67' lang='lat' dir='ltr'><strong>voluntas</strong></span> <span class='ocrx_word' id='word_1_375' title='bbox 1332 2989 1593 3052; x_wconf 86' lang='lat' dir='ltr'><strong>hominis,</strong></span> <span class='ocrx_word' id='word_1_376' title='bbox 1627 2987 1673 3040; x_wconf 90' lang='lat' dir='ltr'><strong>si</strong></span> <span class='ocrx_word' id='word_1_377' title='bbox 1701 2993 1826 3040; x_wconf 83' lang='lat' dir='ltr'><strong>non-</strong></span> 
     </span>
    </p>
   </div>
   <div class='ocr_carea' id='block_1_39' title="bbox 155 3081 1811 3152">
    <p class='ocr_par' dir='ltr' id='par_1_39' title="bbox 155 3081 1811 3152">
     <span class='ocr_line' id='line_1_43' title="bbox 155 3081 1811 3152; baseline -0.014 1"><span class='ocrx_word' id='word_1_378' title='bbox 155 3085 160 3088; x_wconf 61' lang='grc'><em>’</em></span> <span class='ocrx_word' id='word_1_379' title='bbox 228 3098 309 3152; x_wconf 90' lang='lat' dir='ltr'><strong>sit</strong></span> <span class='ocrx_word' id='word_1_380' title='bbox 357 3097 520 3150; x_wconf 91' lang='lat' dir='ltr'><strong>ctiam</strong></span> <span class='ocrx_word' id='word_1_381' title='bbox 572 3087 941 3146; x_wconf 88' lang='lat' dir='ltr'><strong>misericordia</strong></span> <span class='ocrx_word' id='word_1_382' title='bbox 992 3081 1106 3138; x_wconf 85' lang='lat' dir='ltr'><strong>Dei.</strong></span> <span class='ocrx_word' id='word_1_383' title='bbox 1147 3083 1246 3137; x_wconf 84' lang='lat' dir='ltr'><strong>Cui</strong></span> <span class='ocrx_word' id='word_1_384' title='bbox 1289 3081 1506 3145; x_wconf 87' lang='lat' dir='ltr'><strong>dicitur,</strong></span> <span class='ocrx_word' id='word_1_385' title='bbox 1551 3088 1811 3132; x_wconf 86' lang='lat' dir='ltr'><strong>econtra:</strong></span> 
     </span>
    </p>
   </div>
   <div class='ocr_carea' id='block_1_40' title="bbox 227 3168 1826 3245">
    <p class='ocr_par' dir='ltr' id='par_1_40' title="bbox 227 3168 1826 3245">
     <span class='ocr_line' id='line_1_44' title="bbox 227 3168 1826 3245; baseline -0.015 0"><span class='ocrx_word' id='word_1_386' title='bbox 227 3183 363 3245; x_wconf 84' lang='lat' dir='ltr'><strong>Non</strong></span> <span class='ocrx_word' id='word_1_387' title='bbox 391 3185 593 3242; x_wconf 81' lang='lat' dir='ltr'><strong>suiiicit</strong></span> <span class='ocrx_word' id='word_1_388' title='bbox 619 3185 781 3239; x_wconf 90' lang='lat' dir='ltr'><strong>etiam</strong></span> <span class='ocrx_word' id='word_1_389' title='bbox 812 3177 1185 3235; x_wconf 88' lang='lat' dir='ltr'><strong>misericordia</strong></span> <span class='ocrx_word' id='word_1_390' title='bbox 1207 3175 1323 3240; x_wconf 90' lang='lat' dir='ltr'><strong>Dei,</strong></span> <span class='ocrx_word' id='word_1_391' title='bbox 1349 3174 1395 3229; x_wconf 91' lang='lat' dir='ltr'><strong>si</strong></span> <span class='ocrx_word' id='word_1_392' title='bbox 1416 3187 1524 3227; x_wconf 90' lang='lat' dir='ltr'><strong>non</strong></span> <span class='ocrx_word' id='word_1_393' title='bbox 1545 3171 1618 3226; x_wconf 88' lang='lat' dir='ltr'><strong>sit</strong></span> <span class='ocrx_word' id='word_1_394' title='bbox 1633 3168 1826 3222; x_wconf 65' lang='lat' dir='ltr'><strong>volam</strong></span> 
     </span>
    </p>
   </div>
   <div class='ocr_carea' id='block_1_41' title="bbox 236 3259 1822 3346">
    <p class='ocr_par' dir='ltr' id='par_1_41' title="bbox 236 3259 1822 3346">
     <span class='ocr_line' id='line_1_45' title="bbox 236 3259 1822 3346; baseline -0.017 -8"><span class='ocrx_word' id='word_1_395' title='bbox 236 3293 332 3338; x_wconf 90' lang='lat' dir='ltr'><strong>tas</strong></span> <span class='ocrx_word' id='word_1_396' title='bbox 359 3279 622 3346; x_wconf 90' lang='lat' dir='ltr'><strong>hominis;</strong></span> <span class='ocrx_word' id='word_1_397' title='bbox 653 3291 717 3332; x_wconf 92' lang='lat' dir='ltr'><strong>ac</strong></span> <span class='ocrx_word' id='word_1_398' title='bbox 757 3289 858 3346; x_wconf 85' lang='lat' dir='ltr'><strong>per</strong></span> <span class='ocrx_word' id='word_1_399' title='bbox 883 3271 987 3327; x_wconf 85' lang='lat' dir='ltr'><strong>hoc</strong></span> <span class='ocrx_word' id='word_1_400' title='bbox 1027 3270 1074 3324; x_wconf 92' lang='lat' dir='ltr'><strong>si</strong></span> <span class='ocrx_word' id='word_1_401' title='bbox 1115 3277 1264 3323; x_wconf 88' lang='lat' dir='ltr'><strong>recte</strong></span> <span class='ocrx_word' id='word_1_402' title='bbox 1293 3267 1497 3322; x_wconf 88' lang='lat' dir='ltr'><strong>dictum</strong></span> <span class='ocrx_word' id='word_1_403' title='bbox 1536 3273 1621 3317; x_wconf 88' lang='lat' dir='ltr'><strong>est</strong></span> <span class='ocrx_word' id='word_1_404' title='bbox 1651 3259 1781 3315; x_wconf 87' lang='lat' dir='ltr'><strong>illud</strong></span> <span class='ocrx_word' id='word_1_405' title='bbox 1805 3297 1822 3325; x_wconf 96' lang='lat'><strong>,</strong></span> 
     </span>
    </p>
   </div>
   <div class='ocr_carea' id='block_1_42' title="bbox 235 3353 1828 3433">
    <p class='ocr_par' dir='ltr' id='par_1_42' title="bbox 235 3353 1828 3433">
     <span class='ocr_line' id='line_1_46' title="bbox 235 3353 1828 3433; baseline -0.017 -1"><span class='ocrx_word' id='word_1_406' title='bbox 235 3391 343 3433; x_wconf 89' lang='lat' dir='ltr'><strong>cur</strong></span> <span class='ocrx_word' id='word_1_407' title='bbox 368 3373 530 3429; x_wconf 85' lang='lat' dir='ltr'><strong>etiam</strong></span> <span class='ocrx_word' id='word_1_408' title='bbox 566 3387 596 3426; x_wconf 91' lang='lat' dir='ltr'><strong>a</strong></span> <span class='ocrx_word' id='word_1_409' title='bbox 614 3368 890 3426; x_wconf 90' lang='lat' dir='ltr'><strong>contrario</strong></span> <span class='ocrx_word' id='word_1_410' title='bbox 920 3379 1028 3420; x_wconf 89' lang='lat' dir='ltr'><strong>non</strong></span> <span class='ocrx_word' id='word_1_411' title='bbox 1056 3370 1207 3417; x_wconf 86' lang='lat' dir='ltr'><strong>recte</strong></span> <span class='ocrx_word' id='word_1_412' title='bbox 1229 3359 1431 3415; x_wconf 88' lang='lat' dir='ltr'><strong>dicitur</strong></span> <span class='ocrx_word' id='word_1_413' title='bbox 1456 3375 1473 3411; x_wconf 65' lang='grc' dir='ltr'>τ</span> <span class='ocrx_word' id='word_1_414' title='bbox 1498 3355 1616 3410; x_wconf 89' lang='lat' dir='ltr'><strong>Non</strong></span> <span class='ocrx_word' id='word_1_415' title='bbox 1658 3353 1828 3407; x_wconf 60' lang='lat' dir='ltr'><strong>mised</strong></span> 
     </span>
    </p>
   </div>
   <div class='ocr_carea' id='block_1_43' title="bbox 237 3447 1831 3528">
    <p class='ocr_par' dir='ltr' id='par_1_43' title="bbox 237 3447 1831 3528">
     <span class='ocr_line' id='line_1_47' title="bbox 237 3447 1831 3528; baseline -0.016 -5"><span class='ocrx_word' id='word_1_416' title='bbox 237 3467 414 3523; x_wconf 90' lang='lat' dir='ltr'><strong>rentis</strong></span> <span class='ocrx_word' id='word_1_417' title='bbox 439 3471 522 3520; x_wconf 90' lang='lat' dir='ltr'><strong>est</strong></span> <span class='ocrx_word' id='word_1_418' title='bbox 555 3463 675 3528; x_wconf 89' lang='lat' dir='ltr'><strong>Dei,</strong></span> <span class='ocrx_word' id='word_1_419' title='bbox 701 3458 795 3516; x_wconf 88' lang='lat' dir='ltr'><strong>sed</strong></span> <span class='ocrx_word' id='word_1_420' title='bbox 825 3456 1058 3514; x_wconf 89' lang='lat' dir='ltr'><strong>volentis</strong></span> <span class='ocrx_word' id='word_1_421' title='bbox 1079 3462 1164 3510; x_wconf 89' lang='lat' dir='ltr'><strong>est</strong></span> <span class='ocrx_word' id='word_1_422' title='bbox 1193 3449 1473 3508; x_wconf 85' lang='lat' dir='ltr'><strong>hominis?</strong></span> <span class='ocrx_word' id='word_1_423' title='bbox 1509 3447 1703 3503; x_wconf 75' lang='lat' dir='ltr'><strong>Restat</strong></span> <span class='ocrx_word' id='word_1_424' title='bbox 1737 3459 1831 3500; x_wconf 70' lang='lat' dir='ltr'><strong>cru</strong></span> 
     </span>
    </p>
   </div>
   <div class='ocr_carea' id='block_1_44' title="bbox 241 3540 1832 3634">
    <p class='ocr_par' dir='ltr' id='par_1_44' title="bbox 241 3540 1832 3634">
     <span class='ocr_line' id='line_1_48' title="bbox 241 3540 1832 3634; baseline -0.014 -18"><span class='ocrx_word' id='word_1_425' title='bbox 241 3578 314 3634; x_wconf 94' lang='lat' dir='ltr'><strong>go</strong></span> <span class='ocrx_word' id='word_1_426' title='bbox 343 3568 403 3614; x_wconf 92' lang='lat' dir='ltr'><strong>ut</strong></span> <span class='ocrx_word' id='word_1_427' title='bbox 429 3567 576 3613; x_wconf 88' lang='lat' dir='ltr'><strong>recte</strong></span> <span class='ocrx_word' id='word_1_428' title='bbox 610 3556 813 3611; x_wconf 85' lang='lat' dir='ltr'><strong>dictum</strong></span> <span class='ocrx_word' id='word_1_429' title='bbox 851 3553 956 3608; x_wconf 89' lang='lat' dir='ltr'><strong>hoc</strong></span> <span class='ocrx_word' id='word_1_430' title='bbox 997 3547 1351 3618; x_wconf 73' lang='lat' dir='ltr'><strong>intelligatur,</strong></span> <span class='ocrx_word' id='word_1_431' title='bbox 1402 3552 1462 3600; x_wconf 90' lang='lat' dir='ltr'><strong>ut</strong></span> <span class='ocrx_word' id='word_1_432' title='bbox 1509 3552 1682 3598; x_wconf 89' lang='lat' dir='ltr'><strong>totum</strong></span> <span class='ocrx_word' id='word_1_433' title='bbox 1719 3540 1832 3594; x_wconf 83' lang='lat' dir='ltr'><strong>Deo</strong></span> 
     </span>
    </p>
   </div>
   <div class='ocr_carea' id='block_1_45' title="bbox 245 3634 1833 3720">
    <p class='ocr_par' dir='ltr' id='par_1_45' title="bbox 245 3634 1833 3720">
     <span class='ocr_line' id='line_1_49' title="bbox 245 3634 1833 3720; baseline -0.013 -13"><span class='ocrx_word' id='word_1_434' title='bbox 245 3653 447 3707; x_wconf 90' lang='lat' dir='ltr'><strong>detur:</strong></span> <span class='ocrx_word' id='word_1_435' title='bbox 481 3649 571 3720; x_wconf 90' lang='lat' dir='ltr'><strong>qui</strong></span> <span class='ocrx_word' id='word_1_436' title='bbox 602 3645 838 3702; x_wconf 87' lang='lat' dir='ltr'><strong>h&#39;ominis</strong></span> <span class='ocrx_word' id='word_1_437' title='bbox 864 3643 1197 3697; x_wconf 79' lang='lat' dir='ltr'><strong>voluntatem</strong></span> <span class='ocrx_word' id='word_1_438' title='bbox 1228 3639 1446 3701; x_wconf 89' lang='lat' dir='ltr'><strong>bonam,</strong></span> <span class='ocrx_word' id='word_1_439' title='bbox 1478 3643 1532 3690; x_wconf 91' lang='lat' dir='ltr'><strong>et</strong></span> <span class='ocrx_word' id='word_1_440' title='bbox 1557 3634 1833 3705; x_wconf 64' lang='lat' dir='ltr'><strong>praeparat</strong></span> 
     </span>
    </p>
   </div>
   <div class='ocr_carea' id='block_1_46' title="bbox 244 3727 1835 3812">
    <p class='ocr_par' dir='ltr' id='par_1_46' title="bbox 244 3727 1835 3812">
     <span class='ocr_line' id='line_1_50' title="bbox 244 3727 1835 3812; baseline -0.015 -13"><span class='ocrx_word' id='word_1_441' title='bbox 244 3743 318 3799; x_wconf 88' lang='lat' dir='ltr'><strong>ad</strong></span> <span class='ocrx_word' id='word_1_442' title='bbox 335 3740 645 3812; x_wconf 74' lang='lat' dir='ltr'><strong>iuvandam,</strong></span> <span class='ocrx_word' id='word_1_443' title='bbox 667 3733 722 3794; x_wconf 84' lang='lat' dir='ltr'><strong>et</strong></span> <span class='ocrx_word' id='word_1_444' title='bbox 742 3733 959 3805; x_wconf 84' lang='lat' dir='ltr'><strong>adjuvat</strong></span> <span class='ocrx_word' id='word_1_445' title='bbox 982 3739 1339 3804; x_wconf 73' lang='lat' dir='ltr'><strong>prreparatam</strong></span> <span class='ocrx_word' id='word_1_446' title='bbox 1365 3749 1378 3782; x_wconf 90' lang='lat'><strong>:</strong></span> <span class='ocrx_word' id='word_1_447' title='bbox 1405 3727 1672 3783; x_wconf 88' lang='lat' dir='ltr'><strong>volentem</strong></span> <span class='ocrx_word' id='word_1_448' title='bbox 1695 3737 1835 3793; x_wconf 81' lang='lat' dir='ltr'><strong>prac-</strong></span> 
     </span>
    </p>
   </div>
   <div class='ocr_carea' id='block_1_47' title="bbox 248 3814 1834 3896">
    <p class='ocr_par' dir='ltr' id='par_1_47' title="bbox 248 3814 1834 3896">
     <span class='ocr_line' id='line_1_51' title="bbox 248 3814 1834 3896; baseline -0.015 -5"><span class='ocrx_word' id='word_1_449' title='bbox 248 3836 402 3891; x_wconf 87' lang='lat' dir='ltr'><strong>venit</strong></span> <span class='ocrx_word' id='word_1_450' title='bbox 471 3841 532 3888; x_wconf 93' lang='lat' dir='ltr'><strong>ut</strong></span> <span class='ocrx_word' id='word_1_451' title='bbox 589 3830 738 3896; x_wconf 91' lang='lat' dir='ltr'><strong>velit,</strong></span> <span class='ocrx_word' id='word_1_452' title='bbox 798 3825 1069 3882; x_wconf 89' lang='lat' dir='ltr'><strong>volentem</strong></span> <span class='ocrx_word' id='word_1_453' title='bbox 1121 3820 1468 3891; x_wconf 83' lang='lat' dir='ltr'><strong>subsequitur</strong></span> <span class='ocrx_word' id='word_1_454' title='bbox 1515 3831 1584 3872; x_wconf 87' lang='lat' dir='ltr'><strong>ne</strong></span> <span class='ocrx_word' id='word_1_455' title='bbox 1631 3814 1834 3870; x_wconf 75' lang='lat' dir='ltr'><strong>frustra</strong></span> 
     </span>
    </p>
   </div>
   <div class='ocr_carea' id='block_1_48' title="bbox 250 3925 406 3982">
    <p class='ocr_par' dir='ltr' id='par_1_48' title="bbox 250 3925 406 3982">
     <span class='ocr_line' id='line_1_52' title="bbox 250 3925 406 3982; baseline -0.013 -2"><span class='ocrx_word' id='word_1_456' title='bbox 250 3925 406 3982; x_wconf 84' lang='lat' dir='ltr'><strong>velit.</strong></span> 
     </span>
    </p>
   </div>
   <div class='ocr_carea' id='block_1_49' title="bbox 237 3997 1840 4089">
    <p class='ocr_par' dir='ltr' id='par_1_49' title="bbox 237 3997 1840 4089">
     <span class='ocr_line' id='line_1_53' title="bbox 237 3997 1840 4089; baseline -0.011 -20"><span class='ocrx_word' id='word_1_457' title='bbox 237 4035 240 4039; x_wconf 64' lang='grc'><strong>’</strong></span> <span class='ocrx_word' id='word_1_458' title='bbox 328 4013 510 4089; x_wconf 70' lang='grc' dir='ltr'><strong>(Αυα.)</strong></span> <span class='ocrx_word' id='word_1_459' title='bbox 567 4009 698 4080; x_wconf 85' lang='lat' dir='ltr'><strong>Quis</strong></span> <span class='ocrx_word' id='word_1_460' title='bbox 745 4023 910 4082; x_wconf 85' lang='lat' dir='ltr'><strong>porro</strong></span> <span class='ocrx_word' id='word_1_461' title='bbox 959 4013 1074 4061; x_wconf 87' lang='lat' dir='ltr'><strong>tam</strong></span> <span class='ocrx_word' id='word_1_462' title='bbox 1128 4004 1290 4075; x_wconf 89' lang='lat' dir='ltr'><strong>impie</strong></span> <span class='ocrx_word' id='word_1_463' title='bbox 1322 4001 1537 4073; x_wconf 85' lang='lat' dir='ltr'><strong>desipit,</strong></span> <span class='ocrx_word' id='word_1_464' title='bbox 1582 4007 1642 4053; x_wconf 88' lang='lat' dir='ltr'><strong>ut</strong></span> <span class='ocrx_word' id='word_1_465' title='bbox 1695 3997 1840 4054; x_wconf 79' lang='lat' dir='ltr'><strong>dicat</strong></span> 
     </span>
    </p>
   </div>
   <div class='ocr_carea' id='block_1_50' title="bbox 255 4085 1842 4163">
    <p class='ocr_par' dir='ltr' id='par_1_50' title="bbox 255 4085 1842 4163">
     <span class='ocr_line' id='line_1_54' title="bbox 255 4085 1842 4163; baseline -0.014 0"><span class='ocrx_word' id='word_1_466' title='bbox 255 4085 432 4163; x_wconf 82' lang='lat' dir='ltr'><strong>Deum</strong></span> <span class='ocrx_word' id='word_1_467' title='bbox 469 4085 642 4160; x_wconf 88' lang='lat' dir='ltr'><strong>malas</strong></span> <span class='ocrx_word' id='word_1_468' title='bbox 692 4101 974 4157; x_wconf 88' lang='lat' dir='ltr'><strong>hominum</strong></span> <span class='ocrx_word' id='word_1_469' title='bbox 1023 4098 1351 4160; x_wconf 82' lang='lat' dir='ltr'><strong>voluntates,</strong></span> <span class='ocrx_word' id='word_1_470' title='bbox 1399 4101 1529 4158; x_wconf 89' lang='lat' dir='ltr'><strong>etc.,</strong></span> <span class='ocrx_word' id='word_1_471' title='bbox 1582 4104 1742 4161; x_wconf 84' lang='lat' dir='ltr'><strong>usque</strong></span> <span class='ocrx_word' id='word_1_472' title='bbox 1770 4085 1842 4142; x_wconf 74' lang='lat' dir='ltr'><strong>ad</strong></span> 
     </span>
    </p>
   </div>
   <div class='ocr_carea' id='block_1_51' title="bbox 257 4190 1572 4263">
    <p class='ocr_par' dir='ltr' id='par_1_51' title="bbox 257 4190 1572 4263">
     <span class='ocr_line' id='line_1_55' title="bbox 257 4190 1572 4263; baseline -0.015 -4"><span class='ocrx_word' id='word_1_473' title='bbox 257 4203 406 4260; x_wconf 86' lang='lat' dir='ltr'><strong>sicut</strong></span> <span class='ocrx_word' id='word_1_474' title='bbox 441 4215 508 4254; x_wconf 85' lang='lat' dir='ltr'><strong>ex</strong></span> <span class='ocrx_word' id='word_1_475' title='bbox 547 4196 921 4255; x_wconf 88' lang='lat' dir='ltr'><strong>misericordia</strong></span> <span class='ocrx_word' id='word_1_476' title='bbox 949 4209 1046 4249; x_wconf 89' lang='lat' dir='ltr'><strong>sua</strong></span> <span class='ocrx_word' id='word_1_477' title='bbox 1072 4190 1303 4263; x_wconf 76' lang='lat' dir='ltr'><strong>gratiam</strong></span> <span class='ocrx_word' id='word_1_478' title='bbox 1333 4194 1572 4259; x_wconf 82' lang='lat' dir='ltr'><strong>praestat.</strong></span> 
     </span>
    </p>
   </div>
   <div class='ocr_carea' id='block_1_52' title="bbox 335 4273 1840 4350">
    <p class='ocr_par' dir='ltr' id='par_1_52' title="bbox 335 4273 1840 4350">
     <span class='ocr_line' id='line_1_56' title="bbox 335 4273 1840 4350; baseline -0.015 -2"><span class='ocrx_word' id='word_1_479' title='bbox 335 4293 500 4350; x_wconf 69' lang='lat' dir='ltr'><strong>Vens.</strong></span> <span class='ocrx_word' id='word_1_480' title='bbox 536 4289 601 4345; x_wconf 83' lang='lat' dir='ltr'><strong>i7</strong></span> <span class='ocrx_word' id='word_1_481' title='bbox 648 4319 717 4330; x_wconf 92' lang='lat'>—</span> <span class='ocrx_word' id='word_1_482' title='bbox 748 4285 1007 4342; x_wconf 73' lang='lat' dir='ltr'><strong>Excitavi.</strong></span> <span class='ocrx_word' id='word_1_483' title='bbox 1045 4281 1150 4339; x_wconf 71' lang='lat' dir='ltr'><strong>Vel</strong></span> <span class='ocrx_word' id='word_1_484' title='bbox 1189 4279 1467 4344; x_wconf 86' lang='lat' dir='ltr'><strong>suscitavi,</strong></span> <span class='ocrx_word' id='word_1_485' title='bbox 1495 4275 1581 4332; x_wconf 86' lang='lat' dir='ltr'><strong>vel</strong></span> <span class='ocrx_word' id='word_1_486' title='bbox 1609 4273 1840 4331; x_wconf 87' lang='lat' dir='ltr'><strong>servavi.</strong></span> 
     </span>
    </p>
   </div>
   <div class='ocr_carea' id='block_1_53' title="bbox 261 4361 1846 4458">
    <p class='ocr_par' dir='ltr' id='par_1_53' title="bbox 261 4361 1846 4458">
     <span class='ocr_line' id='line_1_57' title="bbox 261 4361 1846 4458; baseline -0.016 -18"><span class='ocrx_word' id='word_1_487' title='bbox 261 4383 490 4458; x_wconf 64' lang='grc' dir='ltr'>(Αιιιιιι.)</span> <span class='ocrx_word' id='word_1_488' title='bbox 527 4381 586 4437; x_wconf 87' lang='lat' dir='ltr'><strong>in</strong></span> <span class='ocrx_word' id='word_1_489' title='bbox 628 4381 730 4438; x_wconf 89' lang='lat' dir='ltr'><strong>hoc</strong></span> <span class='ocrx_word' id='word_1_490' title='bbox 758 4377 936 4450; x_wconf 86' lang='lat' dir='ltr'><strong>ipsum</strong></span> <span class='ocrx_word' id='word_1_491' title='bbox 1005 4384 1060 4431; x_wconf 90' lang='lat' dir='ltr'><strong>te</strong></span> <span class='ocrx_word' id='word_1_492' title='bbox 1119 4369 1349 4435; x_wconf 81' lang='lat' dir='ltr'><strong>servavi,</strong></span> <span class='ocrx_word' id='word_1_493' title='bbox 1394 4377 1524 4432; x_wconf 83' lang='lat' dir='ltr'><strong>etc.,</strong></span> <span class='ocrx_word' id='word_1_494' title='bbox 1569 4381 1732 4435; x_wconf 83' lang='lat' dir='ltr'><strong>usque</strong></span> <span class='ocrx_word' id='word_1_495' title='bbox 1775 4361 1846 4416; x_wconf 83' lang='lat' dir='ltr'><strong>ad</strong></span> 
     </span>
    </p>
   </div>
   <div class='ocr_carea' id='block_1_54' title="bbox 262 4453 1849 4533">
    <p class='ocr_par' dir='ltr' id='par_1_54' title="bbox 262 4453 1849 4533">
     <span class='ocr_line' id='line_1_58' title="bbox 262 4453 1849 4533; baseline -0.015 0"><span class='ocrx_word' id='word_1_496' title='bbox 262 4453 364 4533; x_wconf 83' lang='lat' dir='ltr'><strong>sed</strong></span> <span class='ocrx_word' id='word_1_497' title='bbox 391 4483 452 4529; x_wconf 89' lang='lat' dir='ltr'><strong>ut</strong></span> <span class='ocrx_word' id='word_1_498' title='bbox 472 4453 528 4529; x_wconf 84' lang='lat' dir='ltr'><strong>te</strong></span> <span class='ocrx_word' id='word_1_499' title='bbox 553 4471 803 4527; x_wconf 90' lang='lat' dir='ltr'><strong>indurato</strong></span> <span class='ocrx_word' id='word_1_500' title='bbox 835 4466 1118 4531; x_wconf 86' lang='lat' dir='ltr'><strong>ostendam</strong></span> <span class='ocrx_word' id='word_1_501' title='bbox 1148 4463 1406 4518; x_wconf 85' lang='lat' dir='ltr'><strong>virtutem</strong></span> <span class='ocrx_word' id='word_1_502' title='bbox 1449 4473 1630 4515; x_wconf 86' lang='lat' dir='ltr'><strong>meam</strong></span> <span class='ocrx_word' id='word_1_503' title='bbox 1679 4453 1849 4527; x_wconf 78' lang='lat' dir='ltr'><strong>signis</strong></span> 
     </span>
    </p>
   </div>
   <div class='ocr_carea' id='block_1_55' title="bbox 266 4568 513 4640">
    <p class='ocr_par' dir='ltr' id='par_1_55' title="bbox 266 4568 513 4640">
     <span class='ocr_line' id='line_1_59' title="bbox 266 4568 513 4640; baseline -0.02 -13"><span class='ocrx_word' id='word_1_504' title='bbox 266 4568 513 4640; x_wconf 65' lang='lat' dir='ltr'><strong>Egypti.</strong></span> 
     </span>
    </p>
   </div>
   <div class='ocr_carea' id='block_1_56' title="bbox 345 4635 1851 4727">
    <p class='ocr_par' dir='ltr' id='par_1_56' title="bbox 345 4635 1851 4727">
     <span class='ocr_line' id='line_1_60' title="bbox 345 4635 1851 4727; baseline -0.017 -10"><span class='ocrx_word' id='word_1_505' title='bbox 345 4635 510 4717; x_wconf 34' lang='lat' dir='ltr'><strong>ile—ns.</strong></span> <span class='ocrx_word' id='word_1_506' title='bbox 543 4656 718 4715; x_wconf 85' lang='lat' dir='ltr'><strong>i8.-—</strong></span> <span class='ocrx_word' id='word_1_507' title='bbox 746 4649 886 4727; x_wconf 79' lang='lat' dir='ltr'><strong>Ergo</strong></span> <span class='ocrx_word' id='word_1_508' title='bbox 913 4652 1065 4726; x_wconf 80' lang='lat' dir='ltr'><strong>cujus</strong></span> <span class='ocrx_word' id='word_1_509' title='bbox 1088 4648 1216 4706; x_wconf 84' lang='lat' dir='ltr'><strong>vult.</strong></span> <span class='ocrx_word' id='word_1_510' title='bbox 1250 4635 1498 4702; x_wconf 69' lang='lat' dir='ltr'><strong>Meritum</strong></span> <span class='ocrx_word' id='word_1_511' title='bbox 1538 4639 1851 4696; x_wconf 61' lang='lat' dir='ltr'><strong>misericoru-</strong></span> 
     </span>
    </p>
   </div>
   <div class='ocr_carea' id='block_1_57' title="bbox 275 4919 1855 5007">
    <p class='ocr_par' dir='ltr' id='par_1_57' title="bbox 275 4919 1855 5007">
     <span class='ocr_line' id='line_1_61' title="bbox 275 4919 1855 5007; baseline -0.018 -5"><span class='ocrx_word' id='word_1_512' title='bbox 275 4942 567 5007; x_wconf 83' lang='lat' dir='ltr'><strong>malitiam,</strong></span> <span class='ocrx_word' id='word_1_513' title='bbox 598 4937 691 4996; x_wconf 90' lang='lat' dir='ltr'><strong>sed</strong></span> <span class='ocrx_word' id='word_1_514' title='bbox 729 4953 835 4992; x_wconf 90' lang='lat' dir='ltr'><strong>non</strong></span> <span class='ocrx_word' id='word_1_515' title='bbox 865 4929 1221 5006; x_wconf 86' lang='lat' dir='ltr'><strong>impartiendo</strong></span> <span class='ocrx_word' id='word_1_516' title='bbox 1265 4922 1719 4986; x_wconf 85' lang='lat' dir='ltr'><strong>miseric0rdiam,</strong></span> <span class='ocrx_word' id='word_1_517' title='bbox 1750 4919 1855 4974; x_wconf 92' lang='lat' dir='ltr'><strong>sic-</strong></span> 
     </span>
    </p>
   </div>
   <div class='ocr_carea' id='block_1_58' title="bbox 278 5011 1866 5110">
    <p class='ocr_par' dir='ltr' id='par_1_58' title="bbox 278 5011 1866 5110">
     <span class='ocr_line' id='line_1_62' title="bbox 278 5011 1866 5110; baseline -0.02 -16"><span class='ocrx_word' id='word_1_518' title='bbox 278 5035 474 5110; x_wconf 46' lang='lat' dir='ltr'><strong>uthcc</strong></span> <span class='ocrx_word' id='word_1_519' title='bbox 519 5031 665 5103; x_wconf 82' lang='lat' dir='ltr'><strong>digni</strong></span> <span class='ocrx_word' id='word_1_520' title='bbox 718 5036 875 5092; x_wconf 88' lang='lat' dir='ltr'><strong>sunt,</strong></span> <span class='ocrx_word' id='word_1_521' title='bbox 919 5024 1061 5094; x_wconf 88' lang='lat' dir='ltr'><strong>quod</strong></span> <span class='ocrx_word' id='word_1_522' title='bbox 1099 5020 1228 5075; x_wconf 79' lang='lat' dir='ltr'><strong>facit</strong></span> <span class='ocrx_word' id='word_1_523' title='bbox 1256 5017 1507 5089; x_wconf 76' lang='lat' dir='ltr'><strong>aequitate</strong></span> <span class='ocrx_word' id='word_1_524' title='bbox 1533 5011 1776 5076; x_wconf 90' lang='lat' dir='ltr'><strong>occulta;</strong></span> <span class='ocrx_word' id='word_1_525' title='bbox 1807 5015 1866 5064; x_wconf 81' lang='lat' dir='ltr'><strong>et</strong></span> 
     </span>
    </p>
   </div>
   <div class='ocr_carea' id='block_1_59' title="bbox 282 5101 1866 5187">
    <p class='ocr_par' dir='ltr' id='par_1_59' title="bbox 282 5101 1866 5187">
     <span class='ocr_line' id='line_1_63' title="bbox 282 5101 1866 5187; baseline -0.021 0"><span class='ocrx_word' id='word_1_526' title='bbox 282 5132 356 5187; x_wconf 87' lang='lat' dir='ltr'><strong>ab</strong></span> <span class='ocrx_word' id='word_1_527' title='bbox 375 5125 628 5184; x_wconf 87' lang='lat' dir='ltr'><strong>humanis</strong></span> <span class='ocrx_word' id='word_1_528' title='bbox 674 5117 920 5177; x_wconf 88' lang='lat' dir='ltr'><strong>sensibus</strong></span> <span class='ocrx_word' id='word_1_529' title='bbox 952 5120 1178 5177; x_wconf 85' lang='lat' dir='ltr'><strong>remota,</strong></span> <span class='ocrx_word' id='word_1_530' title='bbox 1207 5111 1331 5180; x_wconf 89' lang='lat' dir='ltr'><strong>quia</strong></span> <span class='ocrx_word' id='word_1_531' title='bbox 1365 5123 1474 5162; x_wconf 91' lang='lat' dir='ltr'><strong>non</strong></span> <span class='ocrx_word' id='word_1_532' title='bbox 1509 5103 1685 5176; x_wconf 88' lang='lat' dir='ltr'><strong>aperit</strong></span> <span class='ocrx_word' id='word_1_533' title='bbox 1715 5101 1866 5170; x_wconf 86' lang='lat' dir='ltr'><strong>Apo-</strong></span> 
     </span>
    </p>
   </div>
   <div class='ocr_carea' id='block_1_60' title="bbox 284 5196 1624 5285">
    <p class='ocr_par' dir='ltr' id='par_1_60' title="bbox 284 5196 1624 5285">
     <span class='ocr_line' id='line_1_64' title="bbox 284 5196 1624 5285; baseline -0.025 -6"><span class='ocrx_word' id='word_1_534' title='bbox 284 5221 486 5285; x_wconf 59' lang='lat' dir='ltr'><strong>swlus,</strong></span> <span class='ocrx_word' id='word_1_535' title='bbox 511 5215 604 5272; x_wconf 91' lang='lat' dir='ltr'><strong>sed</strong></span> <span class='ocrx_word' id='word_1_536' title='bbox 649 5213 907 5268; x_wconf 87' lang='lat' dir='ltr'><strong>miratur:</strong></span> <span class='ocrx_word' id='word_1_537' title='bbox 948 5203 993 5262; x_wconf 89' lang='grc' dir='ltr'><strong>Ο</strong></span> <span class='ocrx_word' id='word_1_538' title='bbox 1045 5201 1268 5258; x_wconf 89' lang='lat' dir='ltr'><strong>altitudo</strong></span> <span class='ocrx_word' id='word_1_539' title='bbox 1296 5196 1624 5253; x_wconf 85' lang='lat' dir='ltr'><strong>divitiarum.</strong></span> 
     </span>
    </p>
   </div>
   <div class='ocr_carea' id='block_1_61' title="bbox 364 5287 1866 5377">
    <p class='ocr_par' dir='ltr' id='par_1_61' title="bbox 364 5287 1866 5377">
     <span class='ocr_line' id='line_1_65' title="bbox 364 5287 1866 5377; baseline -0.022 -11"><span class='ocrx_word' id='word_1_540' title='bbox 364 5309 612 5366; x_wconf 82' lang='lat' dir='ltr'><strong>Indurat.</strong></span> <span class='ocrx_word' id='word_1_541' title='bbox 647 5303 827 5377; x_wconf 57' lang='lat' dir='ltr'><strong>(Aea,</strong></span> <span class='ocrx_word' id='word_1_542' title='bbox 853 5299 1002 5371; x_wconf 83' lang='lat' dir='ltr'><strong>epist.</strong></span> <span class='ocrx_word' id='word_1_543' title='bbox 1053 5291 1163 5368; x_wconf 89' lang='lat' dir='ltr'><strong>cv.)</strong></span> <span class='ocrx_word' id='word_1_544' title='bbox 1203 5289 1316 5345; x_wconf 87' lang='lat' dir='ltr'><strong>Non</strong></span> <span class='ocrx_word' id='word_1_545' title='bbox 1351 5287 1505 5358; x_wconf 90' lang='lat' dir='ltr'><strong>quasi</strong></span> <span class='ocrx_word' id='word_1_546' title='bbox 1540 5293 1866 5355; x_wconf 89' lang='lat' dir='ltr'><strong>quemquam</strong></span> 
     </span>
    </p>
   </div>
   <div class='ocr_carea' id='block_1_62' title="bbox 291 5377 1867 5477">
    <p class='ocr_par' dir='ltr' id='par_1_62' title="bbox 291 5377 1867 5477">
     <span class='ocr_line' id='line_1_66' title="bbox 291 5377 1867 5477; baseline -0.022 -18"><span class='ocrx_word' id='word_1_547' title='bbox 291 5414 526 5477; x_wconf 88' lang='lat' dir='ltr'><strong>peccare</strong></span> <span class='ocrx_word' id='word_1_548' title='bbox 552 5402 731 5467; x_wconf 86' lang='lat' dir='ltr'><strong>cogat,</strong></span> <span class='ocrx_word' id='word_1_549' title='bbox 764 5392 858 5447; x_wconf 90' lang='lat' dir='ltr'><strong>sed</strong></span> <span class='ocrx_word' id='word_1_550' title='bbox 885 5397 1090 5444; x_wconf 91' lang='lat' dir='ltr'><strong>tantum</strong></span> <span class='ocrx_word' id='word_1_551' title='bbox 1121 5383 1245 5454; x_wconf 87' lang='lat' dir='ltr'><strong>quia</strong></span> <span class='ocrx_word' id='word_1_552' title='bbox 1277 5377 1598 5450; x_wconf 88' lang='lat' dir='ltr'><strong>quibusdam</strong></span> <span class='ocrx_word' id='word_1_553' title='bbox 1634 5385 1867 5443; x_wconf 87' lang='lat' dir='ltr'><strong>peccan-</strong></span> 
     </span>
    </p>
   </div>
   <div class='ocr_carea' id='block_1_63' title="bbox 297 5465 1872 5551">
    <p class='ocr_par' dir='ltr' id='par_1_63' title="bbox 297 5465 1872 5551">
     <span class='ocr_line' id='line_1_67' title="bbox 297 5465 1872 5551; baseline -0.023 0"><span class='ocrx_word' id='word_1_554' title='bbox 297 5465 444 5551; x_wconf 64' lang='lat' dir='ltr'><strong>iibus</strong></span> <span class='ocrx_word' id='word_1_555' title='bbox 473 5465 895 5545; x_wconf 78' lang='lat' dir='ltr'><strong>misericordiam</strong></span> <span class='ocrx_word' id='word_1_556' title='bbox 928 5472 1334 5550; x_wconf 77' lang='lat' dir='ltr'><strong>justiﬁeationis</strong></span> <span class='ocrx_word' id='word_1_557' title='bbox 1355 5484 1465 5524; x_wconf 67' lang='lat' dir='ltr'><strong>sua:</strong></span> <span class='ocrx_word' id='word_1_558' title='bbox 1487 5481 1592 5521; x_wconf 91' lang='lat' dir='ltr'><strong>non</strong></span> <span class='ocrx_word' id='word_1_559' title='bbox 1621 5465 1872 5533; x_wconf 82' lang='lat' dir='ltr'><strong>largitur,</strong></span> 
     </span>
    </p>
   </div>
   <div class='ocr_carea' id='block_1_64' title="bbox 1897 1879 3480 1975">
    <p class='ocr_par' dir='ltr' id='par_1_64' title="bbox 1897 1879 3480 1975">
     <span class='ocr_line' id='line_1_68' title="bbox 1897 1879 3480 1975; baseline -0.019 -13"><span class='ocrx_word' id='word_1_560' title='bbox 1897 1916 2008 1964; x_wconf 89' lang='lat' dir='ltr'><strong>tem</strong></span> <span class='ocrx_word' id='word_1_561' title='bbox 2040 1879 2135 1975; x_wconf 82' lang='lat' dir='ltr'><strong>qui</strong></span> <span class='ocrx_word' id='word_1_562' title='bbox 2161 1903 2362 1957; x_wconf 86' lang='lat' dir='ltr'><strong>habent</strong></span> <span class='ocrx_word' id='word_1_563' title='bbox 2389 1908 2600 1967; x_wconf 89' lang='lat' dir='ltr'><strong>tempus</strong></span> <span class='ocrx_word' id='word_1_564' title='bbox 2634 1891 2812 1950; x_wconf 86' lang='lat' dir='ltr'><strong>subdit</strong></span> <span class='ocrx_word' id='word_1_565' title='bbox 2838 1910 2849 1944; x_wconf 93' lang='lat'><strong>:</strong></span> <span class='ocrx_word' id='word_1_566' title='bbox 2890 1887 3014 1961; x_wconf 83' lang='lat' dir='ltr'><strong>quid</strong></span> <span class='ocrx_word' id='word_1_567' title='bbox 3044 1887 3092 1940; x_wconf 85' lang='lat' dir='ltr'><strong>si</strong></span> <span class='ocrx_word' id='word_1_568' title='bbox 3117 1884 3256 1938; x_wconf 80' lang='lat' dir='ltr'><strong>Deus</strong></span> <span class='ocrx_word' id='word_1_569' title='bbox 3285 1879 3480 1946; x_wconf 80' lang='lat' dir='ltr'><strong>uolens,</strong></span> 
     </span>
    </p>
   </div>
   <div class='ocr_carea' id='block_1_65' title="bbox 1899 1970 3482 2065">
    <p class='ocr_par' dir='ltr' id='par_1_65' title="bbox 1899 1970 3482 2065">
     <span class='ocr_line' id='line_1_69' title="bbox 1899 1970 3482 2065; baseline -0.02 -12"><span class='ocrx_word' id='word_1_570' title='bbox 1899 1970 2108 2055; x_wconf 79' lang='lat' dir='ltr'><strong>scilicet</strong></span> <span class='ocrx_word' id='word_1_571' title='bbox 2131 1993 2263 2065; x_wconf 87' lang='lat' dir='ltr'><strong>quid</strong></span> <span class='ocrx_word' id='word_1_572' title='bbox 2295 1989 2630 2060; x_wconf 89' lang='lat' dir='ltr'><strong>respondeas</strong></span> <span class='ocrx_word' id='word_1_573' title='bbox 2658 1985 2791 2039; x_wconf 92' lang='lat' dir='ltr'><strong>Deo.</strong></span> <span class='ocrx_word' id='word_1_574' title='bbox 2817 1980 2985 2034; x_wconf 81' lang='lat' dir='ltr'><strong>Aliud</strong></span> <span class='ocrx_word' id='word_1_575' title='bbox 3007 1978 3062 2031; x_wconf 84' lang='lat' dir='ltr'><strong>in</strong></span> <span class='ocrx_word' id='word_1_576' title='bbox 3088 1970 3482 2030; x_wconf 72' lang='lat' dir='ltr'><strong>contumeliam.</strong></span> 
     </span>
    </p>
   </div>
   <div class='ocr_carea' id='block_1_66' title="bbox 1899 2064 3482 2148">
    <p class='ocr_par' dir='ltr' id='par_1_66' title="bbox 1899 2064 3482 2148">
     <span class='ocr_line' id='line_1_70' title="bbox 1899 2064 3482 2148; baseline -0.02 -2"><span class='ocrx_word' id='word_1_577' title='bbox 1899 2090 2010 2146; x_wconf 80' lang='lat' dir='ltr'><strong>Vas</strong></span> <span class='ocrx_word' id='word_1_578' title='bbox 2055 2089 2110 2144; x_wconf 90' lang='lat' dir='ltr'><strong>in</strong></span> <span class='ocrx_word' id='word_1_579' title='bbox 2160 2089 2440 2148; x_wconf 90' lang='lat' dir='ltr'><strong>honorem,</strong></span> <span class='ocrx_word' id='word_1_580' title='bbox 2481 2082 2579 2137; x_wconf 89' lang='lat' dir='ltr'><strong>sed</strong></span> <span class='ocrx_word' id='word_1_581' title='bbox 2613 2080 2670 2134; x_wconf 88' lang='lat' dir='ltr'><strong>in</strong></span> <span class='ocrx_word' id='word_1_582' title='bbox 2713 2071 3132 2131; x_wconf 89' lang='lat' dir='ltr'><strong>contumeliam:</strong></span> <span class='ocrx_word' id='word_1_583' title='bbox 3167 2068 3214 2123; x_wconf 87' lang='lat' dir='ltr'><strong>si</strong></span> <span class='ocrx_word' id='word_1_584' title='bbox 3240 2064 3349 2120; x_wconf 90' lang='lat' dir='ltr'><strong>vile</strong></span> <span class='ocrx_word' id='word_1_585' title='bbox 3377 2069 3482 2127; x_wconf 88' lang='lat' dir='ltr'><strong>est;</strong></span> 
     </span>
    </p>
   </div>
   <div class='ocr_carea' id='block_1_67' title="bbox 1902 2164 2926 2238">
    <p class='ocr_par' dir='ltr' id='par_1_67' title="bbox 1902 2164 2926 2238">
     <span class='ocr_line' id='line_1_71' title="bbox 1902 2164 2926 2238; baseline -0.021 -1"><span class='ocrx_word' id='word_1_586' title='bbox 1902 2197 1968 2238; x_wconf 82' lang='lat' dir='ltr'><strong>ex</strong></span> <span class='ocrx_word' id='word_1_587' title='bbox 2000 2193 2058 2236; x_wconf 92' lang='lat' dir='ltr'><strong>se</strong></span> <span class='ocrx_word' id='word_1_588' title='bbox 2093 2177 2267 2232; x_wconf 91' lang='lat' dir='ltr'><strong>lutum</strong></span> <span class='ocrx_word' id='word_1_589' title='bbox 2293 2172 2479 2238; x_wconf 89' lang='lat' dir='ltr'><strong>habet,</strong></span> <span class='ocrx_word' id='word_1_590' title='bbox 2508 2185 2616 2225; x_wconf 90' lang='lat' dir='ltr'><strong>non</strong></span> <span class='ocrx_word' id='word_1_591' title='bbox 2645 2183 2709 2223; x_wconf 77' lang='lat' dir='ltr'><strong>ex</strong></span> <span class='ocrx_word' id='word_1_592' title='bbox 2739 2164 2926 2238; x_wconf 81' lang='lat' dir='ltr'><strong>ﬁgulo.</strong></span> 
     </span>
    </p>
   </div>
   <div class='ocr_carea' id='block_1_68' title="bbox 1977 2247 3490 2338">
    <p class='ocr_par' dir='ltr' id='par_1_68' title="bbox 1977 2247 3490 2338">
     <span class='ocr_line' id='line_1_72' title="bbox 1977 2247 3490 2338; baseline -0.02 -12"><span class='ocrx_word' id='word_1_593' title='bbox 1977 2270 2117 2338; x_wconf 85' lang='lat' dir='ltr'><strong>Quid</strong></span> <span class='ocrx_word' id='word_1_594' title='bbox 2147 2270 2192 2324; x_wconf 88' lang='lat' dir='ltr'><strong>si</strong></span> <span class='ocrx_word' id='word_1_595' title='bbox 2227 2266 2392 2331; x_wconf 87' lang='lat' dir='ltr'><strong>Deus,</strong></span> <span class='ocrx_word' id='word_1_596' title='bbox 2423 2271 2528 2319; x_wconf 90' lang='lat' dir='ltr'><strong>etc.</strong></span> <span class='ocrx_word' id='word_1_597' title='bbox 2559 2261 2743 2334; x_wconf 78' lang='lat' dir='ltr'><strong>(Auu.,</strong></span> <span class='ocrx_word' id='word_1_598' title='bbox 2773 2256 2866 2312; x_wconf 93' lang='lat' dir='ltr'><strong>lib.</strong></span> <span class='ocrx_word' id='word_1_599' title='bbox 2898 2271 2935 2318; x_wconf 90' lang='grc' dir='ltr'>ι,</span> <span class='ocrx_word' id='word_1_600' title='bbox 2964 2252 3034 2307; x_wconf 84' lang='lat' dir='ltr'><strong>ad</strong></span> <span class='ocrx_word' id='word_1_601' title='bbox 3063 2247 3490 2338; x_wconf 72' lang='lat' dir='ltr'><strong>Simplicianum,</strong></span> 
     </span>
    </p>
   </div>
   <div class='ocr_carea' id='block_1_69' title="bbox 1906 2331 3494 2436">
    <p class='ocr_par' dir='ltr' id='par_1_69' title="bbox 1906 2331 3494 2436">
     <span class='ocr_line' id='line_1_73' title="bbox 1906 2331 3494 2436; baseline -0.02 -17"><span class='ocrx_word' id='word_1_602' title='bbox 1906 2331 2098 2436; x_wconf 67' lang='lat' dir='ltr'><strong>quaest.</strong></span> <span class='ocrx_word' id='word_1_603' title='bbox 2139 2359 2224 2430; x_wconf 86' lang='grc' dir='ltr'>ιι.)</span> <span class='ocrx_word' id='word_1_604' title='bbox 2250 2355 2414 2424; x_wconf 85' lang='lat' dir='ltr'><strong>Quasi</strong></span> <span class='ocrx_word' id='word_1_605' title='bbox 2438 2331 2616 2410; x_wconf 86' lang='lat' dir='ltr'><strong>dicat:</strong></span> <span class='ocrx_word' id='word_1_606' title='bbox 2652 2345 2771 2404; x_wconf 71' lang='lat' dir='ltr'><strong>iam</strong></span> <span class='ocrx_word' id='word_1_607' title='bbox 2799 2354 3078 2402; x_wconf 89' lang='lat' dir='ltr'><strong>ostensum</strong></span> <span class='ocrx_word' id='word_1_608' title='bbox 3103 2349 3208 2406; x_wconf 90' lang='lat' dir='ltr'><strong>est;</strong></span> <span class='ocrx_word' id='word_1_609' title='bbox 3229 2335 3372 2408; x_wconf 86' lang='lat' dir='ltr'><strong>quod</strong></span> <span class='ocrx_word' id='word_1_610' title='bbox 3386 2331 3494 2388; x_wconf 83' lang='lat' dir='ltr'><strong>etsi</strong></span> 
     </span>
    </p>
   </div>
   <div class='ocr_carea' id='block_1_70' title="bbox 1909 2435 3494 2511">
    <p class='ocr_par' dir='ltr' id='par_1_70' title="bbox 1909 2435 3494 2511">
     <span class='ocr_line' id='line_1_74' title="bbox 1909 2435 3494 2511; baseline -0.021 0"><span class='ocrx_word' id='word_1_611' title='bbox 1909 2435 2053 2511; x_wconf 90' lang='lat' dir='ltr'><strong>Deus</strong></span> <span class='ocrx_word' id='word_1_612' title='bbox 2099 2451 2234 2507; x_wconf 88' lang='lat' dir='ltr'><strong>nihil</strong></span> <span class='ocrx_word' id='word_1_613' title='bbox 2270 2447 2397 2504; x_wconf 91' lang='lat' dir='ltr'><strong>boni</strong></span> <span class='ocrx_word' id='word_1_614' title='bbox 2421 2447 2545 2510; x_wconf 91' lang='lat' dir='ltr'><strong>det,</strong></span> <span class='ocrx_word' id='word_1_615' title='bbox 2579 2457 2685 2499; x_wconf 92' lang='lat' dir='ltr'><strong>non</strong></span> <span class='ocrx_word' id='word_1_616' title='bbox 2729 2450 2908 2494; x_wconf 88' lang='lat' dir='ltr'><strong>tamen</strong></span> <span class='ocrx_word' id='word_1_617' title='bbox 2941 2435 3156 2504; x_wconf 89' lang='lat' dir='ltr'><strong>iniquus</strong></span> <span class='ocrx_word' id='word_1_618' title='bbox 3203 2435 3322 2494; x_wconf 88' lang='lat' dir='ltr'><strong>est,</strong></span> <span class='ocrx_word' id='word_1_619' title='bbox 3355 2435 3494 2488; x_wconf 83' lang='lat' dir='ltr'><strong>ete.,</strong></span> 
     </span>
    </p>
   </div>
   <div class='ocr_carea' id='block_1_71' title="bbox 1911 2528 2991 2618">
    <p class='ocr_par' dir='ltr' id='par_1_71' title="bbox 1911 2528 2991 2618">
     <span class='ocr_line' id='line_1_75' title="bbox 1911 2528 2991 2618; baseline -0.021 -15"><span class='ocrx_word' id='word_1_620' title='bbox 1911 2563 2073 2618; x_wconf 86' lang='lat' dir='ltr'><strong>usque</strong></span> <span class='ocrx_word' id='word_1_621' title='bbox 2105 2544 2172 2599; x_wconf 87' lang='lat' dir='ltr'><strong>ad</strong></span> <span class='ocrx_word' id='word_1_622' title='bbox 2221 2541 2316 2597; x_wconf 89' lang='lat' dir='ltr'><strong>sed</strong></span> <span class='ocrx_word' id='word_1_623' title='bbox 2345 2536 2496 2594; x_wconf 89' lang='lat' dir='ltr'><strong>abusi</strong></span> <span class='ocrx_word' id='word_1_624' title='bbox 2526 2541 2650 2590; x_wconf 92' lang='lat' dir='ltr'><strong>sunt</strong></span> <span class='ocrx_word' id='word_1_625' title='bbox 2673 2533 2774 2587; x_wconf 90' lang='lat' dir='ltr'><strong>hac</strong></span> <span class='ocrx_word' id='word_1_626' title='bbox 2797 2528 2991 2602; x_wconf 84' lang='lat' dir='ltr'><strong>gratia.</strong></span> 
     </span>
    </p>
   </div>
   <div class='ocr_carea' id='block_1_72' title="bbox 1985 2626 3502 2710">
    <p class='ocr_par' dir='ltr' id='par_1_72' title="bbox 1985 2626 3502 2710">
     <span class='ocr_line' id='line_1_76' title="bbox 1985 2626 3502 2710; baseline -0.02 0"><span class='ocrx_word' id='word_1_627' title='bbox 1985 2653 2152 2710; x_wconf 74' lang='lat' dir='ltr'><strong>Vens.</strong></span> <span class='ocrx_word' id='word_1_628' title='bbox 2189 2649 2280 2706; x_wconf 73' lang='grc'><strong>22.</strong></span> <span class='ocrx_word' id='word_1_629' title='bbox 2312 2678 2381 2688; x_wconf 94' lang='grc'><strong><em>-</em></strong></span> <span class='ocrx_word' id='word_1_630' title='bbox 2411 2643 2697 2702; x_wconf 82' lang='lat' dir='ltr'><strong>Sustinuit.</strong></span> <span class='ocrx_word' id='word_1_631' title='bbox 2755 2637 2998 2694; x_wconf 90' lang='lat' dir='ltr'><strong>Sustinet</strong></span> <span class='ocrx_word' id='word_1_632' title='bbox 3039 2634 3181 2688; x_wconf 91' lang='lat' dir='ltr'><strong>Deus</strong></span> <span class='ocrx_word' id='word_1_633' title='bbox 3227 2626 3398 2685; x_wconf 90' lang='lat' dir='ltr'><strong>malos</strong></span> <span class='ocrx_word' id='word_1_634' title='bbox 3438 2632 3502 2680; x_wconf 89' lang='lat' dir='ltr'><strong>ut</strong></span> 
     </span>
    </p>
   </div>
   <div class='ocr_carea' id='block_1_73' title="bbox 1913 2722 3503 2815">
    <p class='ocr_par' dir='ltr' id='par_1_73' title="bbox 1913 2722 3503 2815">
     <span class='ocr_line' id='line_1_77' title="bbox 1913 2722 3503 2815; baseline -0.021 -9"><span class='ocrx_word' id='word_1_635' title='bbox 1913 2747 2161 2806; x_wconf 87' lang='lat' dir='ltr'><strong>ordinate</strong></span> <span class='ocrx_word' id='word_1_636' title='bbox 2184 2739 2502 2815; x_wconf 83' lang='lat' dir='ltr'><strong>disperdat;</strong></span> <span class='ocrx_word' id='word_1_637' title='bbox 2545 2745 2601 2792; x_wconf 90' lang='lat' dir='ltr'><strong>et</strong></span> <span class='ocrx_word' id='word_1_638' title='bbox 2627 2734 2800 2790; x_wconf 89' lang='lat' dir='ltr'><strong>utitur</strong></span> <span class='ocrx_word' id='word_1_639' title='bbox 2833 2729 2940 2785; x_wconf 91' lang='lat' dir='ltr'><strong>illis</strong></span> <span class='ocrx_word' id='word_1_640' title='bbox 2993 2735 3250 2795; x_wconf 88' lang='lat' dir='ltr'><strong>tanquam</strong></span> <span class='ocrx_word' id='word_1_641' title='bbox 3301 2722 3503 2775; x_wconf 79' lang='lat' dir='ltr'><strong>instru-</strong></span> 
     </span>
    </p>
   </div>
   <div class='ocr_carea' id='block_1_74' title="bbox 1914 2809 3506 2904">
    <p class='ocr_par' dir='ltr' id='par_1_74' title="bbox 1914 2809 3506 2904">
     <span class='ocr_line' id='line_1_78' title="bbox 1914 2809 3506 2904; baseline -0.023 -3"><span class='ocrx_word' id='word_1_642' title='bbox 1914 2849 2098 2900; x_wconf 81' lang='lat' dir='ltr'><strong>mento</strong></span> <span class='ocrx_word' id='word_1_643' title='bbox 2131 2837 2200 2896; x_wconf 91' lang='lat' dir='ltr'><strong>ad</strong></span> <span class='ocrx_word' id='word_1_644' title='bbox 2234 2809 2463 2892; x_wconf 74' lang='lat' dir='ltr'><strong>salutem</strong></span> <span class='ocrx_word' id='word_1_645' title='bbox 2491 2832 2778 2904; x_wconf 86' lang='lat' dir='ltr'><strong>bonorum.</strong></span> <span class='ocrx_word' id='word_1_646' title='bbox 2811 2821 3026 2878; x_wconf 85' lang='lat' dir='ltr'><strong>Nullum</strong></span> <span class='ocrx_word' id='word_1_647' title='bbox 3054 2817 3196 2875; x_wconf 89' lang='lat' dir='ltr'><strong>enim</strong></span> <span class='ocrx_word' id='word_1_648' title='bbox 3224 2815 3384 2876; x_wconf 90' lang='lat' dir='ltr'><strong>Deus,</strong></span> <span class='ocrx_word' id='word_1_649' title='bbox 3416 2809 3506 2866; x_wconf 87' lang='lat' dir='ltr'><strong>vel</strong></span> 
     </span>
    </p>
   </div>
   <div class='ocr_carea' id='block_1_75' title="bbox 1917 2903 3506 3006">
    <p class='ocr_par' dir='ltr' id='par_1_75' title="bbox 1917 2903 3506 3006">
     <span class='ocr_line' id='line_1_79' title="bbox 1917 2903 3506 3006; baseline -0.021 -16"><span class='ocrx_word' id='word_1_650' title='bbox 1917 2933 2254 3006; x_wconf 80' lang='lat' dir='ltr'><strong>angelorum,</strong></span> <span class='ocrx_word' id='word_1_651' title='bbox 2287 2926 2372 2983; x_wconf 89' lang='lat' dir='ltr'><strong>vel</strong></span> <span class='ocrx_word' id='word_1_652' title='bbox 2403 2922 2682 2980; x_wconf 88' lang='lat' dir='ltr'><strong>hominum</strong></span> <span class='ocrx_word' id='word_1_653' title='bbox 2713 2922 2948 2980; x_wconf 89' lang='lat' dir='ltr'><strong>crearet,</strong></span> <span class='ocrx_word' id='word_1_654' title='bbox 2977 2926 3138 2982; x_wconf 91' lang='lat' dir='ltr'><strong>quem</strong></span> <span class='ocrx_word' id='word_1_655' title='bbox 3168 2906 3373 2964; x_wconf 90' lang='lat' dir='ltr'><strong>malum</strong></span> <span class='ocrx_word' id='word_1_656' title='bbox 3420 2903 3506 2958; x_wconf 79' lang='lat' dir='ltr'><strong>fu-</strong></span> 
     </span>
    </p>
   </div>
   <div class='ocr_carea' id='block_1_76' title="bbox 1919 2996 3507 3090">
    <p class='ocr_par' dir='ltr' id='par_1_76' title="bbox 1919 2996 3507 3090">
     <span class='ocr_line' id='line_1_80' title="bbox 1919 2996 3507 3090; baseline -0.019 -10"><span class='ocrx_word' id='word_1_657' title='bbox 1919 2996 2100 3081; x_wconf 59' lang='lat' dir='ltr'><strong>turum</strong></span> <span class='ocrx_word' id='word_1_658' title='bbox 2128 3034 2247 3076; x_wconf 88' lang='lat' dir='ltr'><strong>esse</strong></span> <span class='ocrx_word' id='word_1_659' title='bbox 2278 3013 2576 3090; x_wconf 81' lang='lat' dir='ltr'><strong>praesciret,</strong></span> <span class='ocrx_word' id='word_1_660' title='bbox 2593 3009 2697 3070; x_wconf 89' lang='lat' dir='ltr'><strong>nisi</strong></span> <span class='ocrx_word' id='word_1_661' title='bbox 2723 3007 2929 3082; x_wconf 87' lang='lat' dir='ltr'><strong>pariter</strong></span> <span class='ocrx_word' id='word_1_662' title='bbox 2950 3010 3134 3061; x_wconf 91' lang='lat' dir='ltr'><strong>nosset</strong></span> <span class='ocrx_word' id='word_1_663' title='bbox 3162 3013 3278 3066; x_wconf 89' lang='lat' dir='ltr'><strong>eos,</strong></span> <span class='ocrx_word' id='word_1_664' title='bbox 3310 2996 3507 3068; x_wconf 87' lang='lat' dir='ltr'><strong>quibus</strong></span> 
     </span>
    </p>
   </div>
   <div class='ocr_carea' id='block_1_77' title="bbox 1847 3105 2840 3212">
    <p class='ocr_par' dir='ltr' id='par_1_77' title="bbox 1847 3105 2840 3212">
     <span class='ocr_line' id='line_1_81' title="bbox 1847 3105 2840 3212; baseline -0.021 -36"><span class='ocrx_word' id='word_1_665' title='bbox 1847 3145 1895 3212; x_wconf 66' lang='grc' dir='ltr'>ο</span> <span class='ocrx_word' id='word_1_666' title='bbox 1924 3117 2192 3174; x_wconf 87' lang='lat' dir='ltr'><strong>bonorum</strong></span> <span class='ocrx_word' id='word_1_667' title='bbox 2222 3110 2412 3167; x_wconf 89' lang='lat' dir='ltr'><strong>usibus</strong></span> <span class='ocrx_word' id='word_1_668' title='bbox 2448 3105 2840 3166; x_wconf 86' lang='lat' dir='ltr'><strong>commodaret.</strong></span> 
     </span>
    </p>
   </div>
   <div class='ocr_carea' id='block_1_78' title="bbox 2000 3203 3512 3284">
    <p class='ocr_par' dir='ltr' id='par_1_78' title="bbox 2000 3203 3512 3284">
     <span class='ocr_line' id='line_1_82' title="bbox 2000 3203 3512 3284; baseline -0.015 -3"><span class='ocrx_word' id='word_1_669' title='bbox 2000 3225 2167 3284; x_wconf 71' lang='lat' dir='ltr'><strong>Vens.</strong></span> <span class='ocrx_word' id='word_1_670' title='bbox 2188 3223 2282 3282; x_wconf 60' lang='grc' dir='ltr'><strong>εδ.</strong></span> <span class='ocrx_word' id='word_1_671' title='bbox 2306 3253 2378 3266; x_wconf 90' lang='lat'><strong>---</strong></span> <span class='ocrx_word' id='word_1_672' title='bbox 2402 3219 2470 3278; x_wconf 76' lang='lat' dir='ltr'><strong>Ut</strong></span> <span class='ocrx_word' id='word_1_673' title='bbox 2494 3217 2806 3274; x_wconf 71' lang='lat' dir='ltr'><strong>ostendent.</strong></span> <span class='ocrx_word' id='word_1_674' title='bbox 2845 3210 3012 3282; x_wconf 83' lang='lat' dir='ltr'><strong>Quasi</strong></span> <span class='ocrx_word' id='word_1_675' title='bbox 3045 3208 3236 3265; x_wconf 81' lang='lat' dir='ltr'><strong>dicat:</strong></span> <span class='ocrx_word' id='word_1_676' title='bbox 3275 3203 3358 3261; x_wconf 84' lang='lat' dir='ltr'><strong>Ad</strong></span> <span class='ocrx_word' id='word_1_677' title='bbox 3407 3203 3512 3258; x_wconf 92' lang='lat' dir='ltr'><strong>hoc</strong></span> 
     </span>
    </p>
   </div>
   <div class='ocr_carea' id='block_1_79' title="bbox 1930 3295 3513 3390">
    <p class='ocr_par' dir='ltr' id='par_1_79' title="bbox 1930 3295 3513 3390">
     <span class='ocr_line' id='line_1_83' title="bbox 1930 3295 3513 3390; baseline -0.017 -18"><span class='ocrx_word' id='word_1_678' title='bbox 1930 3316 2136 3390; x_wconf 90' lang='lat' dir='ltr'><strong>patitur</strong></span> <span class='ocrx_word' id='word_1_679' title='bbox 2174 3314 2368 3378; x_wconf 90' lang='lat' dir='ltr'><strong>malos,</strong></span> <span class='ocrx_word' id='word_1_680' title='bbox 2389 3320 2445 3366; x_wconf 89' lang='lat' dir='ltr'><strong>et</strong></span> <span class='ocrx_word' id='word_1_681' title='bbox 2471 3305 2819 3382; x_wconf 69' lang='lat' dir='ltr'><strong>praeostendit</strong></span> <span class='ocrx_word' id='word_1_682' title='bbox 2846 3303 3004 3368; x_wconf 88' lang='lat' dir='ltr'><strong>iram,</strong></span> <span class='ocrx_word' id='word_1_683' title='bbox 3051 3306 3106 3358; x_wconf 85' lang='lat' dir='ltr'><strong>et</strong></span> <span class='ocrx_word' id='word_1_684' title='bbox 3145 3297 3214 3352; x_wconf 85' lang='lat' dir='ltr'><strong>ad</strong></span> <span class='ocrx_word' id='word_1_685' title='bbox 3262 3295 3513 3350; x_wconf 88' lang='lat' dir='ltr'><strong>notitiam</strong></span> 
     </span>
    </p>
   </div>
   <div class='ocr_carea' id='block_1_80' title="bbox 1933 3384 3516 3474">
    <p class='ocr_par' dir='ltr' id='par_1_80' title="bbox 1933 3384 3516 3474">
     <span class='ocr_line' id='line_1_84' title="bbox 1933 3384 3516 3474; baseline -0.018 -9"><span class='ocrx_word' id='word_1_686' title='bbox 1933 3384 2020 3474; x_wconf 64' lang='lat' dir='ltr'><strong>sui</strong></span> <span class='ocrx_word' id='word_1_687' title='bbox 2047 3405 2234 3472; x_wconf 87' lang='lat' dir='ltr'><strong>trahit,</strong></span> <span class='ocrx_word' id='word_1_688' title='bbox 2262 3411 2324 3462; x_wconf 78' lang='lat' dir='ltr'><strong>ut.</strong></span> <span class='ocrx_word' id='word_1_689' title='bbox 2349 3402 2663 3460; x_wconf 81' lang='lat' dir='ltr'><strong>ostenderet</strong></span> <span class='ocrx_word' id='word_1_690' title='bbox 2689 3397 2743 3456; x_wconf 90' lang='lat' dir='ltr'><strong>in</strong></span> <span class='ocrx_word' id='word_1_691' title='bbox 2769 3409 2897 3456; x_wconf 86' lang='lat' dir='ltr'><strong>vasa</strong></span> <span class='ocrx_word' id='word_1_692' title='bbox 2919 3386 3326 3452; x_wconf 81' lang='lat' dir='ltr'><strong>misericordiae,</strong></span> <span class='ocrx_word' id='word_1_693' title='bbox 3355 3384 3412 3438; x_wconf 92' lang='lat' dir='ltr'><strong>id</strong></span> <span class='ocrx_word' id='word_1_694' title='bbox 3431 3389 3516 3438; x_wconf 90' lang='lat' dir='ltr'><strong>est</strong></span> 
     </span>
    </p>
   </div>
   <div class='ocr_carea' id='block_1_81' title="bbox 1935 3479 3518 3568">
    <p class='ocr_par' dir='ltr' id='par_1_81' title="bbox 1935 3479 3518 3568">
     <span class='ocr_line' id='line_1_85' title="bbox 1935 3479 3518 3568; baseline -0.018 -8"><span class='ocrx_word' id='word_1_695' title='bbox 1935 3501 1991 3560; x_wconf 85' lang='lat' dir='ltr'><strong>in</strong></span> <span class='ocrx_word' id='word_1_696' title='bbox 2020 3499 2209 3560; x_wconf 86' lang='lat' dir='ltr'><strong>electis</strong></span> <span class='ocrx_word' id='word_1_697' title='bbox 2225 3512 2326 3568; x_wconf 78' lang='lat' dir='ltr'><strong>per</strong></span> <span class='ocrx_word' id='word_1_698' title='bbox 2348 3491 2800 3558; x_wconf 83' lang='lat' dir='ltr'><strong>misericordiam,</strong></span> <span class='ocrx_word' id='word_1_699' title='bbox 2837 3485 3055 3544; x_wconf 82' lang='lat' dir='ltr'><strong>divitias</strong></span> <span class='ocrx_word' id='word_1_700' title='bbox 3078 3481 3282 3555; x_wconf 58' lang='lat' dir='ltr'><strong>gloriae,</strong></span> <span class='ocrx_word' id='word_1_701' title='bbox 3331 3479 3384 3534; x_wconf 91' lang='lat' dir='ltr'><strong>id</strong></span> <span class='ocrx_word' id='word_1_702' title='bbox 3432 3483 3518 3534; x_wconf 85' lang='lat' dir='ltr'><strong>est</strong></span> 
     </span>
    </p>
   </div>
   <div class='ocr_carea' id='block_1_82' title="bbox 1936 3567 3522 3664">
    <p class='ocr_par' dir='ltr' id='par_1_82' title="bbox 1936 3567 3522 3664">
     <span class='ocr_line' id='line_1_86' title="bbox 1936 3567 3522 3664; baseline -0.019 -13"><span class='ocrx_word' id='word_1_703' title='bbox 1936 3608 2103 3664; x_wconf 80' lang='lat' dir='ltr'><strong>quam</strong></span> <span class='ocrx_word' id='word_1_704' title='bbox 2125 3567 2294 3656; x_wconf 79' lang='lat' dir='ltr'><strong>dives,</strong></span> <span class='ocrx_word' id='word_1_705' title='bbox 2326 3597 2382 3645; x_wconf 84' lang='lat' dir='ltr'><strong>et</strong></span> <span class='ocrx_word' id='word_1_706' title='bbox 2409 3600 2577 3658; x_wconf 79' lang='lat' dir='ltr'><strong>quam</strong></span> <span class='ocrx_word' id='word_1_707' title='bbox 2611 3595 2810 3655; x_wconf 77' lang='lat' dir='ltr'><strong>magna</strong></span> <span class='ocrx_word' id='word_1_708' title='bbox 2837 3578 2912 3634; x_wconf 87' lang='lat' dir='ltr'><strong>sit</strong></span> <span class='ocrx_word' id='word_1_709' title='bbox 2955 3584 3012 3634; x_wconf 84' lang='lat' dir='ltr'><strong>et</strong></span> <span class='ocrx_word' id='word_1_710' title='bbox 3039 3572 3274 3645; x_wconf 84' lang='lat' dir='ltr'><strong>gloriosa</strong></span> <span class='ocrx_word' id='word_1_711' title='bbox 3306 3567 3522 3626; x_wconf 86' lang='lat' dir='ltr'><strong>miseri-</strong></span> 
     </span>
    </p>
   </div>
   <div class='ocr_carea' id='block_1_83' title="bbox 1939 3662 3523 3748">
    <p class='ocr_par' dir='ltr' id='par_1_83' title="bbox 1939 3662 3523 3748">
     <span class='ocr_line' id='line_1_87' title="bbox 1939 3662 3523 3748; baseline -0.019 -3"><span class='ocrx_word' id='word_1_712' title='bbox 1939 3662 2154 3748; x_wconf 67' lang='lat' dir='ltr'><strong>cordia;</strong></span> <span class='ocrx_word' id='word_1_713' title='bbox 2179 3683 2249 3744; x_wconf 85' lang='lat' dir='ltr'><strong>ob</strong></span> <span class='ocrx_word' id='word_1_714' title='bbox 2283 3681 2389 3736; x_wconf 89' lang='lat' dir='ltr'><strong>hoc</strong></span> <span class='ocrx_word' id='word_1_715' title='bbox 2411 3686 2492 3736; x_wconf 85' lang='lat' dir='ltr'><strong>tot</strong></span> <span class='ocrx_word' id='word_1_716' title='bbox 2513 3677 2654 3732; x_wconf 84' lang='lat' dir='ltr'><strong>bona</strong></span> <span class='ocrx_word' id='word_1_717' title='bbox 2676 3673 2767 3728; x_wconf 89' lang='lat' dir='ltr'><strong>dat</strong></span> <span class='ocrx_word' id='word_1_718' title='bbox 2787 3668 2972 3734; x_wconf 74' lang='lat' dir='ltr'><strong>malis,</strong></span> <span class='ocrx_word' id='word_1_719' title='bbox 2997 3673 3055 3720; x_wconf 93' lang='lat' dir='ltr'><strong>ut</strong></span> <span class='ocrx_word' id='word_1_720' title='bbox 3097 3662 3383 3720; x_wconf 88' lang='lat' dir='ltr'><strong>convincat</strong></span> <span class='ocrx_word' id='word_1_721' title='bbox 3427 3672 3523 3716; x_wconf 86' lang='lat' dir='ltr'><strong>eos</strong></span> 
     </span>
    </p>
   </div>
   <div class='ocr_carea' id='block_1_84' title="bbox 1933 3749 3524 3848">
    <p class='ocr_par' dir='ltr' id='par_1_84' title="bbox 1933 3749 3524 3848">
     <span class='ocr_line' id='line_1_88' title="bbox 1933 3749 3524 3848; baseline -0.019 -13"><span class='ocrx_word' id='word_1_722' title='bbox 1933 3775 2080 3848; x_wconf 73' lang='lat' dir='ltr'><strong>iuste</strong></span> <span class='ocrx_word' id='word_1_723' title='bbox 2100 3771 2370 3839; x_wconf 80' lang='lat' dir='ltr'><strong>damnari,</strong></span> <span class='ocrx_word' id='word_1_724' title='bbox 2394 3777 2456 3832; x_wconf 86' lang='lat' dir='ltr'><strong>ut</strong></span> <span class='ocrx_word' id='word_1_725' title='bbox 2477 3765 2663 3823; x_wconf 82' lang='lat' dir='ltr'><strong>ﬁdeles</strong></span> <span class='ocrx_word' id='word_1_726' title='bbox 2689 3777 2818 3820; x_wconf 90' lang='lat' dir='ltr'><strong>eum</strong></span> <span class='ocrx_word' id='word_1_727' title='bbox 2863 3757 3036 3834; x_wconf 83' lang='lat' dir='ltr'><strong>magis</strong></span> <span class='ocrx_word' id='word_1_728' title='bbox 3063 3753 3289 3826; x_wconf 84' lang='lat' dir='ltr'><strong>diligant</strong></span> <span class='ocrx_word' id='word_1_729' title='bbox 3326 3749 3524 3823; x_wconf 89' lang='lat' dir='ltr'><strong>quibus</strong></span> 
     </span>
    </p>
   </div>
   <div class='ocr_carea' id='block_1_85' title="bbox 1941 3857 2778 3942">
    <p class='ocr_par' dir='ltr' id='par_1_85' title="bbox 1941 3857 2778 3942">
     <span class='ocr_line' id='line_1_89' title="bbox 1941 3857 2778 3942; baseline -0.018 -15"><span class='ocrx_word' id='word_1_730' title='bbox 1941 3869 2172 3942; x_wconf 69' lang='lat' dir='ltr'><strong>gratiam</strong></span> <span class='ocrx_word' id='word_1_731' title='bbox 2204 3866 2381 3937; x_wconf 75' lang='lat' dir='ltr'><strong>ipsam</strong></span> <span class='ocrx_word' id='word_1_732' title='bbox 2411 3857 2778 3918; x_wconf 77' lang='lat' dir='ltr'><strong>conservavit.</strong></span> 
     </span>
    </p>
   </div>
   <div class='ocr_carea' id='block_1_86' title="bbox 2016 3952 3527 4040">
    <p class='ocr_par' dir='ltr' id='par_1_86' title="bbox 2016 3952 3527 4040">
     <span class='ocr_line' id='line_1_90' title="bbox 2016 3952 3527 4040; baseline -0.019 -5"><span class='ocrx_word' id='word_1_733' title='bbox 2016 3975 2304 4040; x_wconf 54' lang='lat' dir='ltr'><strong>Vendit.</strong></span> <span class='ocrx_word' id='word_1_734' title='bbox 2329 3994 2403 4024; x_wconf 70' lang='grc' dir='ltr'><strong>-ιηο</strong></span> <span class='ocrx_word' id='word_1_735' title='bbox 2440 3969 2588 4036; x_wconf 72' lang='lat' dir='ltr'><strong>Sicut</strong></span> <span class='ocrx_word' id='word_1_736' title='bbox 2627 3969 2688 4024; x_wconf 77' lang='lat' dir='ltr'><strong>iu</strong></span> <span class='ocrx_word' id='word_1_737' title='bbox 2724 3953 2876 4022; x_wconf 69' lang='lat' dir='ltr'><strong>Osci.</strong></span> <span class='ocrx_word' id='word_1_738' title='bbox 2922 3961 3060 4021; x_wconf 77' lang='lat' dir='ltr'><strong>Cum</strong></span> <span class='ocrx_word' id='word_1_739' title='bbox 3099 3965 3378 4018; x_wconf 73' lang='lat' dir='ltr'><strong>ostensum</strong></span> <span class='ocrx_word' id='word_1_740' title='bbox 3433 3952 3527 4020; x_wconf 86' lang='lat' dir='ltr'><strong>sit,</strong></span> 
     </span>
    </p>
   </div>
   <div class='ocr_carea' id='block_1_87' title="bbox 1945 4045 3530 4142">
    <p class='ocr_par' dir='ltr' id='par_1_87' title="bbox 1945 4045 3530 4142">
     <span class='ocr_line' id='line_1_91' title="bbox 1945 4045 3530 4142; baseline -0.02 -14"><span class='ocrx_word' id='word_1_741' title='bbox 1945 4071 2094 4142; x_wconf 64' lang='lat' dir='ltr'><strong>quod</strong></span> <span class='ocrx_word' id='word_1_742' title='bbox 2134 4081 2204 4124; x_wconf 67' lang='lat' dir='ltr'><strong>ea</strong></span> <span class='ocrx_word' id='word_1_743' title='bbox 2243 4065 2362 4122; x_wconf 62' lang='lat' dir='ltr'><strong>sola</strong></span> <span class='ocrx_word' id='word_1_744' title='bbox 2405 4061 2584 4133; x_wconf 74' lang='lat' dir='ltr'><strong>gratia</strong></span> <span class='ocrx_word' id='word_1_745' title='bbox 2629 4058 2742 4114; x_wconf 83' lang='lat' dir='ltr'><strong>sint</strong></span> <span class='ocrx_word' id='word_1_746' title='bbox 2765 4054 2894 4117; x_wconf 75' lang='lat' dir='ltr'><strong>lilii,</strong></span> <span class='ocrx_word' id='word_1_747' title='bbox 2945 4049 3137 4119; x_wconf 75' lang='lat' dir='ltr'><strong>incipit</strong></span> <span class='ocrx_word' id='word_1_748' title='bbox 3163 4045 3408 4142; x_wconf 70' lang='lat' dir='ltr'><strong>probare</strong></span> <span class='ocrx_word' id='word_1_749' title='bbox 3430 4055 3530 4112; x_wconf 89' lang='lat' dir='ltr'><strong>per</strong></span> 
     </span>
    </p>
   </div>
   <div class='ocr_carea' id='block_1_88' title="bbox 1945 4138 3240 4238">
    <p class='ocr_par' dir='ltr' id='par_1_88' title="bbox 1945 4138 3240 4238">
     <span class='ocr_line' id='line_1_92' title="bbox 1945 4138 3240 4238; baseline -0.021 -15"><span class='ocrx_word' id='word_1_750' title='bbox 1945 4138 2412 4238; x_wconf 67' lang='lat' dir='ltr'><strong>prophetas-quod</strong></span> <span class='ocrx_word' id='word_1_751' title='bbox 2432 4156 2493 4211; x_wconf 78' lang='lat' dir='ltr'><strong>bi</strong></span> <span class='ocrx_word' id='word_1_752' title='bbox 2517 4161 2645 4216; x_wconf 76' lang='lat' dir='ltr'><strong>sunt</strong></span> <span class='ocrx_word' id='word_1_753' title='bbox 2665 4165 2735 4205; x_wconf 75' lang='lat' dir='ltr'><strong>ex</strong></span> <span class='ocrx_word' id='word_1_754' title='bbox 2757 4155 2989 4238; x_wconf 71' lang='lat' dir='ltr'><strong>utroque</strong></span> <span class='ocrx_word' id='word_1_755' title='bbox 3018 4138 3240 4238; x_wconf 68' lang='lat' dir='ltr'><strong>populo.</strong></span> 
     </span>
    </p>
   </div>
   <div class='ocr_carea' id='block_1_89' title="bbox 2023 4225 3530 4314">
    <p class='ocr_par' dir='ltr' id='par_1_89' title="bbox 2023 4225 3530 4314">
     <span class='ocr_line' id='line_1_93' title="bbox 2023 4225 3530 4314; baseline -0.019 -4"><span class='ocrx_word' id='word_1_756' title='bbox 2023 4225 2186 4309; x_wconf 41' lang='lat' dir='ltr'><strong>iens.</strong></span> <span class='ocrx_word' id='word_1_757' title='bbox 2213 4225 2303 4306; x_wconf 48' lang='lat'><strong>27—.</strong></span> <span class='ocrx_word' id='word_1_758' title='bbox 2330 4278 2401 4290; x_wconf 92' lang='lat'><strong>—</strong></span> <span class='ocrx_word' id='word_1_759' title='bbox 2429 4245 2489 4301; x_wconf 88' lang='lat' dir='ltr'><strong>Si</strong></span> <span class='ocrx_word' id='word_1_760' title='bbox 2515 4243 2692 4314; x_wconf 79' lang='lat' dir='ltr'><strong>fuerit.</strong></span> <span class='ocrx_word' id='word_1_761' title='bbox 2722 4240 2862 4294; x_wconf 90' lang='lat' dir='ltr'><strong>Ecce</strong></span> <span class='ocrx_word' id='word_1_762' title='bbox 2896 4235 2974 4291; x_wconf 91' lang='lat' dir='ltr'><strong>sic</strong></span> <span class='ocrx_word' id='word_1_763' title='bbox 3013 4231 3213 4288; x_wconf 92' lang='lat' dir='ltr'><strong>dicitur</strong></span> <span class='ocrx_word' id='word_1_764' title='bbox 3241 4228 3389 4286; x_wconf 88' lang='lat' dir='ltr'><strong>salus</strong></span> <span class='ocrx_word' id='word_1_765' title='bbox 3433 4225 3530 4282; x_wconf 73' lang='lat' dir='ltr'><strong>.lu-</strong></span> 
     </span>
    </p>
   </div>
   <div class='ocr_carea' id='block_1_90' title="bbox 1950 4333 3052 4409">
    <p class='ocr_par' dir='ltr' id='par_1_90' title="bbox 1950 4333 3052 4409">
     <span class='ocr_line' id='line_1_94' title="bbox 1950 4333 3052 4409; baseline -0.015 -5"><span class='ocrx_word' id='word_1_766' title='bbox 1950 4347 2197 4409; x_wconf 72' lang='lat' dir='ltr'><strong>deorum,</strong></span> <span class='ocrx_word' id='word_1_767' title='bbox 2221 4350 2286 4398; x_wconf 75' lang='lat' dir='ltr'><strong>ut</strong></span> <span class='ocrx_word' id='word_1_768' title='bbox 2311 4338 2486 4407; x_wconf 67' lang='lat' dir='ltr'><strong>major</strong></span> <span class='ocrx_word' id='word_1_769' title='bbox 2503 4341 2634 4406; x_wconf 81' lang='lat' dir='ltr'><strong>pars</strong></span> <span class='ocrx_word' id='word_1_770' title='bbox 2659 4333 2731 4388; x_wconf 87' lang='lat' dir='ltr'><strong>sit</strong></span> <span class='ocrx_word' id='word_1_771' title='bbox 2757 4333 3052 4392; x_wconf 60' lang='grc' dir='ltr'>οιοωαιιδ.</span> 
     </span>
    </p>
   </div>
   <div class='ocr_carea' id='block_1_91' title="bbox 1959 4409 3538 4500">
    <p class='ocr_par' dir='ltr' id='par_1_91' title="bbox 1959 4409 3538 4500">
     <span class='ocr_line' id='line_1_95' title="bbox 1959 4409 3538 4500; baseline -0.023 -4"><span class='ocrx_word' id='word_1_772' title='bbox 1959 4458 1964 4462; x_wconf 92' lang='grc'>·</span> <span class='ocrx_word' id='word_1_773' title='bbox 2026 4438 2196 4498; x_wconf 73' lang='lat' dir='ltr'><strong>Vm.</strong></span> <span class='ocrx_word' id='word_1_774' title='bbox 2217 4433 2307 4500; x_wconf 65' lang='grc' dir='ltr'><strong>ΞΒ,</strong></span> <span class='ocrx_word' id='word_1_775' title='bbox 2329 4422 2899 4487; x_wconf 61' lang='grc' dir='ltr'><strong>Ξυνρ-ςνατιιιιιιεηᾶα.</strong></span> <span class='ocrx_word' id='word_1_776' title='bbox 2932 4414 3127 4480; x_wconf 58' lang='lat' dir='ltr'><strong>Subiit</strong></span> <span class='ocrx_word' id='word_1_777' title='bbox 3147 4409 3408 4484; x_wconf 76' lang='lat' dir='ltr'><strong>propheta</strong></span> <span class='ocrx_word' id='word_1_778' title='bbox 3435 4420 3538 4480; x_wconf 79' lang='lat' dir='ltr'><strong>per</strong></span> 
     </span>
    </p>
   </div>
   <div class='ocr_carea' id='block_1_92' title="bbox 1875 4499 3536 4604">
    <p class='ocr_par' dir='ltr' id='par_1_92' title="bbox 1875 4499 3536 4604">
     <span class='ocr_line' id='line_1_96' title="bbox 1875 4499 3536 4604; baseline -0.021 -15"><span class='ocrx_word' id='word_1_779' title='bbox 1875 4500 1932 4572; x_wconf 65' lang='grc' dir='ltr'><strong><em>Β</em></strong></span> <span class='ocrx_word' id='word_1_780' title='bbox 1957 4529 2094 4602; x_wconf 72' lang='lat' dir='ltr'><strong>quid</strong></span> <span class='ocrx_word' id='word_1_781' title='bbox 2169 4525 2306 4583; x_wconf 78' lang='lat' dir='ltr'><strong>salvi</strong></span> <span class='ocrx_word' id='word_1_782' title='bbox 2355 4523 2508 4586; x_wconf 79' lang='lat' dir='ltr'><strong>iisut,</strong></span> <span class='ocrx_word' id='word_1_783' title='bbox 2554 4517 2764 4576; x_wconf 77' lang='lat' dir='ltr'><strong>scilicet</strong></span> <span class='ocrx_word' id='word_1_784' title='bbox 2802 4528 2902 4585; x_wconf 81' lang='lat' dir='ltr'><strong>per</strong></span> <span class='ocrx_word' id='word_1_785' title='bbox 2962 4510 3190 4572; x_wconf 71' lang='lat' dir='ltr'><strong>verbum</strong></span> <span class='ocrx_word' id='word_1_786' title='bbox 3236 4499 3536 4604; x_wconf 42' lang='lat' dir='ltr'><strong>Evangelii,</strong></span> 
     </span>
    </p>
   </div>
   <div class='ocr_carea' id='block_1_93' title="bbox 1966 4957 3549 5057">
    <p class='ocr_par' dir='ltr' id='par_1_93' title="bbox 1966 4957 3549 5057">
     <span class='ocr_line' id='line_1_97' title="bbox 1966 4957 3549 5057; baseline -0.023 -13"><span class='ocrx_word' id='word_1_787' title='bbox 1966 4990 2028 5044; x_wconf 74' lang='lat' dir='ltr'><strong>in</strong></span> <span class='ocrx_word' id='word_1_788' title='bbox 2055 4957 2320 5057; x_wconf 55' lang='lat' dir='ltr'><strong>animate,</strong></span> <span class='ocrx_word' id='word_1_789' title='bbox 2347 4979 2404 5035; x_wconf 84' lang='lat' dir='ltr'><strong>id</strong></span> <span class='ocrx_word' id='word_1_790' title='bbox 2429 4985 2518 5033; x_wconf 84' lang='lat' dir='ltr'><strong>est</strong></span> <span class='ocrx_word' id='word_1_791' title='bbox 2541 4983 2604 5030; x_wconf 89' lang='lat' dir='ltr'><strong>ut</strong></span> <span class='ocrx_word' id='word_1_792' title='bbox 2622 4969 2753 5029; x_wconf 84' lang='lat' dir='ltr'><strong>nihil</strong></span> <span class='ocrx_word' id='word_1_793' title='bbox 2781 4967 2924 5026; x_wconf 81' lang='lat' dir='ltr'><strong>desit</strong></span> <span class='ocrx_word' id='word_1_794' title='bbox 2941 4965 3010 5026; x_wconf 74' lang='lat' dir='ltr'><strong>ad</strong></span> <span class='ocrx_word' id='word_1_795' title='bbox 3039 4960 3311 5034; x_wconf 79' lang='lat' dir='ltr'><strong>justitiam</strong></span> <span class='ocrx_word' id='word_1_796' title='bbox 3339 4957 3549 5057; x_wconf 63' lang='lat' dir='ltr'><strong>deam-</strong></span> 
     </span>
    </p>
   </div>
   <div class='ocr_carea' id='block_1_94' title="bbox 1967 5046 3546 5146">
    <p class='ocr_par' dir='ltr' id='par_1_94' title="bbox 1967 5046 3546 5146">
     <span class='ocr_line' id='line_1_98' title="bbox 1967 5046 3546 5146; baseline -0.025 -8"><span class='ocrx_word' id='word_1_797' title='bbox 1967 5046 2132 5139; x_wconf 64' lang='lat' dir='ltr'><strong>nibus</strong></span> <span class='ocrx_word' id='word_1_798' title='bbox 2153 5070 2528 5146; x_wconf 70' lang='lat' dir='ltr'><strong>pratllgsratis,</strong></span> <span class='ocrx_word' id='word_1_799' title='bbox 2556 5065 2643 5120; x_wconf 78' lang='lat' dir='ltr'><strong>vel</strong></span> <span class='ocrx_word' id='word_1_800' title='bbox 2671 5061 2798 5132; x_wconf 81' lang='lat' dir='ltr'><strong>quia</strong></span> <span class='ocrx_word' id='word_1_801' title='bbox 2827 5073 2948 5128; x_wconf 72' lang='lat' dir='ltr'><strong>quat</strong></span> <span class='ocrx_word' id='word_1_802' title='bbox 2975 5070 3132 5128; x_wconf 61' lang='lat' dir='ltr'><strong>aequa</strong></span> <span class='ocrx_word' id='word_1_803' title='bbox 3161 5058 3290 5120; x_wconf 77' lang='lat' dir='ltr'><strong>sunt</strong></span> <span class='ocrx_word' id='word_1_804' title='bbox 3325 5046 3546 5108; x_wconf 85' lang='lat' dir='ltr'><strong>retinet,</strong></span> 
     </span>
    </p>
   </div>
   <div class='ocr_carea' id='block_1_95' title="bbox 1972 5142 3553 5233">
    <p class='ocr_par' dir='ltr' id='par_1_95' title="bbox 1972 5142 3553 5233">
     <span class='ocr_line' id='line_1_99' title="bbox 1972 5142 3553 5233; baseline -0.033 0"><span class='ocrx_word' id='word_1_805' title='bbox 1972 5185 2038 5233; x_wconf 90' lang='lat' dir='ltr'><strong>ut</strong></span> <span class='ocrx_word' id='word_1_806' title='bbox 2055 5142 2280 5230; x_wconf 73' lang='lat' dir='ltr'><strong>moralia</strong></span> <span class='ocrx_word' id='word_1_807' title='bbox 2350 5171 2410 5221; x_wconf 81' lang='lat' dir='ltr'><strong>et</strong></span> <span class='ocrx_word' id='word_1_808' title='bbox 2428 5177 2548 5232; x_wconf 66' lang='lat' dir='ltr'><strong>quin</strong></span> <span class='ocrx_word' id='word_1_809' title='bbox 2571 5157 2662 5228; x_wconf 71' lang='lat' dir='ltr'><strong>ius</strong></span> <span class='ocrx_word' id='word_1_810' title='bbox 2691 5162 2776 5210; x_wconf 84' lang='lat' dir='ltr'><strong>est</strong></span> <span class='ocrx_word' id='word_1_811' title='bbox 2799 5151 2936 5218; x_wconf 80' lang='grc' dir='ltr'>ιοιιι,</span> <span class='ocrx_word' id='word_1_812' title='bbox 2979 5157 3042 5211; x_wconf 81' lang='lat' dir='ltr'><strong>ut</strong></span> <span class='ocrx_word' id='word_1_813' title='bbox 3064 5153 3198 5208; x_wconf 72' lang='lat' dir='ltr'><strong>sunt</strong></span> <span class='ocrx_word' id='word_1_814' title='bbox 3223 5142 3431 5214; x_wconf 61' lang='lat' dir='ltr'><strong>ﬁgurae,</strong></span> 
     </span>
    </p>
   </div>
   <div class='ocr_carea' id='block_1_96' title="bbox 1973 5226 3553 5324">
    <p class='ocr_par' dir='ltr' id='par_1_96' title="bbox 1973 5226 3553 5324">
     <span class='ocr_line' id='line_1_100' title="bbox 1973 5226 3553 5324; baseline -0.028 0"><span class='ocrx_word' id='word_1_815' title='bbox 1973 5226 2193 5324; x_wconf 57' lang='lat' dir='ltr'><strong>scindit.</strong></span> <span class='ocrx_word' id='word_1_816' title='bbox 2227 5226 2644 5314; x_wconf 34' lang='lat' dir='ltr'><strong>Et&#39;aursuiaiu</strong></span> <span class='ocrx_word' id='word_1_817' title='bbox 2685 5247 2745 5301; x_wconf 77' lang='lat' dir='ltr'><strong>in</strong></span> <span class='ocrx_word' id='word_1_818' title='bbox 2792 5243 3058 5314; x_wconf 58' lang='lat' dir='ltr'><strong>equitata.</strong></span> <span class='ocrx_word' id='word_1_819' title='bbox 3122 5234 3196 5292; x_wconf 89' lang='lat' dir='ltr'><strong>Ut</strong></span> <span class='ocrx_word' id='word_1_820' title='bbox 3228 5226 3553 5324; x_wconf 82' lang='lat' dir='ltr'><strong>compendio</strong></span> 
     </span>
    </p>
   </div>
   <div class='ocr_carea' id='block_1_97' title="bbox 1979 5321 3556 5424">
    <p class='ocr_par' dir='ltr' id='par_1_97' title="bbox 1979 5321 3556 5424">
     <span class='ocr_line' id='line_1_101' title="bbox 1979 5321 3556 5424; baseline -0.029 -8"><span class='ocrx_word' id='word_1_821' title='bbox 1979 5321 2106 5416; x_wconf 61' lang='lat' dir='ltr'><strong>hdei</strong></span> <span class='ocrx_word' id='word_1_822' title='bbox 2139 5368 2237 5424; x_wconf 85' lang='lat' dir='ltr'><strong>per</strong></span> <span class='ocrx_word' id='word_1_823' title='bbox 2261 5347 2492 5422; x_wconf 77' lang='lat' dir='ltr'><strong>gratiam</strong></span> <span class='ocrx_word' id='word_1_824' title='bbox 2521 5341 2713 5404; x_wconf 76' lang='lat' dir='ltr'><strong>salvat,</strong></span> <span class='ocrx_word' id='word_1_825' title='bbox 2764 5351 2872 5392; x_wconf 86' lang='lat' dir='ltr'><strong>non</strong></span> <span class='ocrx_word' id='word_1_826' title='bbox 2917 5345 3013 5403; x_wconf 76' lang='lat' dir='ltr'><strong>per</strong></span> <span class='ocrx_word' id='word_1_827' title='bbox 3036 5329 3344 5424; x_wconf 78' lang='lat' dir='ltr'><strong>innumeras</strong></span> <span class='ocrx_word' id='word_1_828' title='bbox 3371 5321 3556 5424; x_wconf 65' lang='lat' dir='ltr'><strong>obser-</strong></span> 
     </span>
    </p>
   </div>
   <div class='ocr_carea' id='block_1_98' title="bbox 1980 5406 3558 5507">
    <p class='ocr_par' dir='ltr' id='par_1_98' title="bbox 1980 5406 3558 5507">
     <span class='ocr_line' id='line_1_102' title="bbox 1980 5406 3558 5507; baseline -0.027 -1"><span class='ocrx_word' id='word_1_829' title='bbox 1980 5406 2376 5507; x_wconf 50' lang='lat' dir='ltr'><strong>uNe</strong></span> <span class='ocrx_word' id='word_1_830' title='bbox 2425 5435 2549 5506; x_wconf 84' lang='lat' dir='ltr'><strong>quis</strong></span> <span class='ocrx_word' id='word_1_831' title='bbox 2585 5438 2770 5488; x_wconf 86' lang='lat' dir='ltr'><strong>autem</strong></span> <span class='ocrx_word' id='word_1_832' title='bbox 2819 5424 3030 5484; x_wconf 73' lang='lat' dir='ltr'><strong>dubitet</strong></span> <span class='ocrx_word' id='word_1_833' title='bbox 3058 5432 3092 5486; x_wconf 84' lang='lat'>.&#39;</span> <span class='ocrx_word' id='word_1_834' title='bbox 3120 5416 3393 5488; x_wconf 81' lang='lat' dir='ltr'><strong>Propheta</strong></span> <span class='ocrx_word' id='word_1_835' title='bbox 3433 5406 3558 5507; x_wconf 77' lang='lat' dir='ltr'><strong>ad-</strong></span> 
     </span>
    </p>
   </div>
   <div class='ocr_carea' id='block_1_99' title="bbox 297 5539 2200 5644">
    <p class='ocr_par' dir='ltr' id='par_1_99' title="bbox 297 5539 2200 5644">
     <span class='ocr_line' id='line_1_103' title="bbox 297 5539 2200 5644; baseline -0.024 -2"><span class='ocrx_word' id='word_1_836' title='bbox 297 5587 371 5644; x_wconf 87' lang='lat' dir='ltr'><strong>ob</strong></span> <span class='ocrx_word' id='word_1_837' title='bbox 408 5586 512 5639; x_wconf 91' lang='lat' dir='ltr'><strong>hoc</strong></span> <span class='ocrx_word' id='word_1_838' title='bbox 537 5595 632 5635; x_wconf 89' lang='lat' dir='ltr'><strong>eos</strong></span> <span class='ocrx_word' id='word_1_839' title='bbox 657 5577 922 5634; x_wconf 87' lang='lat' dir='ltr'><strong>obdurare</strong></span> <span class='ocrx_word' id='word_1_840' title='bbox 951 5571 1170 5634; x_wconf 89' lang='lat' dir='ltr'><strong>dicitur,</strong></span> <span class='ocrx_word' id='word_1_841' title='bbox 1206 5563 1329 5635; x_wconf 88' lang='lat' dir='ltr'><strong>quia</strong></span> <span class='ocrx_word' id='word_1_842' title='bbox 1350 5575 1538 5617; x_wconf 90' lang='lat' dir='ltr'><strong>eorum</strong></span> <span class='ocrx_word' id='word_1_843' title='bbox 1567 5572 1670 5612; x_wconf 92' lang='lat' dir='ltr'><strong>non</strong></span> <span class='ocrx_word' id='word_1_844' title='bbox 1704 5556 1874 5610; x_wconf 86' lang='lat' dir='ltr'><strong>mise-</strong></span> <span class='ocrx_word' id='word_1_845' title='bbox 1977 5539 2157 5644; x_wconf 52' lang='lat' dir='ltr'><strong>iungit</strong></span> <span class='ocrx_word' id='word_1_846' title='bbox 2187 5555 2200 5589; x_wconf 86' lang='lat'>:</span> 
     </span>
    </p>
   </div>
   <div class='ocr_carea' id='block_1_100' title="bbox 305 5651 1878 5741">
    <p class='ocr_par' dir='ltr' id='par_1_100' title="bbox 305 5651 1878 5741">
     <span class='ocr_line' id='line_1_104' title="bbox 305 5651 1878 5741; baseline -0.022 -8"><span class='ocrx_word' id='word_1_847' title='bbox 305 5686 479 5740; x_wconf 89' lang='lat' dir='ltr'><strong>retur,</strong></span> <span class='ocrx_word' id='word_1_848' title='bbox 508 5689 613 5728; x_wconf 89' lang='lat' dir='ltr'><strong>non</strong></span> <span class='ocrx_word' id='word_1_849' title='bbox 655 5669 782 5741; x_wconf 88' lang='lat' dir='ltr'><strong>quia</strong></span> <span class='ocrx_word' id='word_1_850' title='bbox 817 5662 1044 5734; x_wconf 90' lang='lat' dir='ltr'><strong>impellit</strong></span> <span class='ocrx_word' id='word_1_851' title='bbox 1076 5667 1136 5714; x_wconf 90' lang='lat' dir='ltr'><strong>ut</strong></span> <span class='ocrx_word' id='word_1_852' title='bbox 1174 5663 1417 5728; x_wconf 86' lang='lat' dir='ltr'><strong>peccent.</strong></span> <span class='ocrx_word' id='word_1_853' title='bbox 1453 5651 1652 5705; x_wconf 86' lang='lat' dir='ltr'><strong>Eorum</strong></span> <span class='ocrx_word' id='word_1_854' title='bbox 1695 5657 1878 5700; x_wconf 88' lang='lat' dir='ltr'><strong>autem</strong></span> 
     </span>
    </p>
   </div>
   <div class='ocr_carea' id='block_1_101' title="bbox 307 5735 1877 5832">
    <p class='ocr_par' dir='ltr' id='par_1_101' title="bbox 307 5735 1877 5832">
     <span class='ocr_line' id='line_1_105' title="bbox 307 5735 1877 5832; baseline -0.025 -3"><span class='ocrx_word' id='word_1_855' title='bbox 307 5785 420 5830; x_wconf 86' lang='lat' dir='ltr'><strong>non</strong></span> <span class='ocrx_word' id='word_1_856' title='bbox 443 5735 728 5824; x_wconf 78' lang='lat' dir='ltr'><strong>miseretur</strong></span> <span class='ocrx_word' id='word_1_857' title='bbox 750 5757 945 5832; x_wconf 86' lang='lat' dir='ltr'><strong>quibus</strong></span> <span class='ocrx_word' id='word_1_858' title='bbox 974 5750 1204 5828; x_wconf 85' lang='lat' dir='ltr'><strong>gratiam</strong></span> <span class='ocrx_word' id='word_1_859' title='bbox 1233 5761 1339 5802; x_wconf 91' lang='lat' dir='ltr'><strong>non</strong></span> <span class='ocrx_word' id='word_1_860' title='bbox 1363 5755 1483 5800; x_wconf 91' lang='lat' dir='ltr'><strong>esse</strong></span> <span class='ocrx_word' id='word_1_861' title='bbox 1511 5735 1877 5811; x_wconf 65' lang='lat' dir='ltr'><strong>praebendam</strong></span> 
     </span>
    </p>
   </div>
   <div class='ocr_carea' id='block_1_102' title="bbox 2061 5623 2470 5686">
    <p class='ocr_par' dir='ltr' id='par_1_102' title="bbox 2061 5623 2470 5686">
     <span class='ocr_line' id='line_1_106' title="bbox 2061 5623 2470 5686; baseline -0.027 0"><span class='ocrx_word' id='word_1_862' title='bbox 2061 5629 2183 5686; x_wconf 85' lang='lat' dir='ltr'><strong>Nisi</strong></span> <span class='ocrx_word' id='word_1_863' title='bbox 2216 5623 2470 5680; x_wconf 73' lang='lat' dir='ltr'><strong>Dominus</strong></span> 
     </span>
    </p>
   </div>
   <div class='ocr_carea' id='block_1_103' title="bbox 1991 5695 3564 5799">
    <p class='ocr_par' dir='ltr' id='par_1_103' title="bbox 1991 5695 3564 5799">
     <span class='ocr_line' id='line_1_107' title="bbox 1991 5695 3564 5799; baseline -0.029 -17"><span class='ocrx_word' id='word_1_864' title='bbox 1991 5723 2136 5799; x_wconf 90' lang='lat' dir='ltr'><strong>quod</strong></span> <span class='ocrx_word' id='word_1_865' title='bbox 2160 5730 2269 5777; x_wconf 88' lang='lat' dir='ltr'><strong>tam</strong></span> <span class='ocrx_word' id='word_1_866' title='bbox 2296 5712 2662 5772; x_wconf 86' lang='lat' dir='ltr'><strong>necessarium</strong></span> <span class='ocrx_word' id='word_1_867' title='bbox 2681 5714 2821 5769; x_wconf 86' lang='lat' dir='ltr'><strong>erat,</strong></span> <span class='ocrx_word' id='word_1_868' title='bbox 2841 5703 2983 5773; x_wconf 89' lang='lat' dir='ltr'><strong>quod</strong></span> <span class='ocrx_word' id='word_1_869' title='bbox 3011 5695 3120 5756; x_wconf 81' lang='lat' dir='ltr'><strong>nisi</strong></span> <span class='ocrx_word' id='word_1_870' title='bbox 3167 5695 3314 5748; x_wconf 81' lang='lat' dir='ltr'><strong>esset</strong></span> <span class='ocrx_word' id='word_1_871' title='bbox 3355 5695 3564 5759; x_wconf 66' lang='lat' dir='ltr'><strong>semen.</strong></span> 
     </span>
    </p>
   </div>
  </div>
