3958 6314
484 356 590 416 505

978 356 1366 415 WALAFRIDI
1406 356 1654 414 STRABI
1688 353 1894 412 FULD.
1938 348 2103 406 MON.
2144 347 2297 404 OPP.
2338 346 2519 404 PARS
2555 348 2597 403 I.
2638 376 2706 389 ν-
2744 344 3201 406 THEOLOGICA.

3637 338 3751 399 501

482 476 538 531 id
561 485 644 532 est
672 475 914 540 verbum,
936 484 1039 529 etc.
1077 474 1169 530 Vel
1193 490 1291 544 per
1312 487 1498 528 semen
1550 472 1923 541 intelliguntur
1968 482 2053 521 re—
2081 467 2132 525 A
2155 479 2260 535 qua
2286 465 2428 520 Deus
2457 465 2657 534 justus,
2692 464 2787 522 sed
2814 480 2934 535 quae
2960 462 3167 519 homini
3211 462 3352 517 inest
3375 474 3443 515 ex
3469 459 3604 514 Deo.
3641 459 3749 512 Ju-

481 568 661 637 liquite
690 566 977 631 salvandre,
1007 565 1061 619 id
1097 576 1179 620 est
1215 565 1439 634 aposzi
1464 572 1521 620 et
1542 564 1631 618 alii
1656 563 1807 627 boni,
1856 568 1911 613 et
1948 560 2053 615 nisi

480 674 581 730 per
606 658 725 713 illas
741 657 1092 729 praedicatum
1115 665 1264 711 esset
1283 660 1508 712 verbum
1530 656 1646 721 Dei,
1665 662 1851 726 gentes
1863 654 2054 724 periis-

480 761 619 807 sent.
644 751 712 806 Et
738 751 842 807 hoc
862 759 982 805 est:
1012 748 1125 804 Nisi
1149 748 1409 804 Dominus
1450 748 1805 813 exercituum,
1835 744 2053 815 quando

478 841 612 897 alios
658 840 973 905 exczecavit,
1015 840 1324 909 reliquisset
1366 839 1541 905 nobis,
1602 838 1656 893 id
1710 846 1795 893 est
1844 836 1912 891 ad
1954 852 2052 893 no-

479 940 651 985 stram
680 931 987 996 utilitatem,
1011 945 1217 995 semen,
1249 929 1302 985 id
1333 937 1418 985 est
1444 928 1735 1000 apostolos,
1764 929 1829 984 de
1856 928 2054 999 quibus

475 1035 631 1091 seges
654 1020 854 1075 Christi
882 1021 1072 1076 crevit.

546 1111 614 1165 Et
649 1113 783 1166 sicut
813 1110 1105 1166 Gomorrha
1139 1111 1357 1167 similes.
1390 1109 1691 1181 Utrumque
1737 1110 1939 1182 posuit,
1988 1118 2051 1165 ut

471 1210 622 1256 notet
666 1201 1073 1256 similitudinem
1121 1202 1292 1271 culpa:
1321 1209 1377 1255 et
1419 1214 1613 1269 plenae,
1658 1200 1815 1270 quasi
1856 1200 2043 1255 dicat:

470 1290 637 1347 Pares
678 1306 922 1348 essemus
967 1291 1023 1346 in
1056 1304 1238 1361 poena,
1270 1290 1400 1360 quia
1445 1289 1653 1346 similes
1701 1304 1946 1346 essemus
1991 1288 2048 1344 in

418 1436 421 1439 η
469 1381 647 1450 culpa.

543 1468 706 1524 Vens.
730 1470 819 1525 51.
847 1501 917 1541 -έ
944 1470 1134 1526 Israel.
1157 1470 1322 1527 Israel
1339 1485 1467 1526 vero
1506 1476 1723 1525 secutus
1750 1477 1834 1525 est
1870 1469 2045 1541 legem

468 1564 623 1633 quasi
659 1572 827 1630 retro,
868 1563 991 1632 quia
1033 1579 1309 1633 nunquam
1342 1562 1557 1631 attingit
1589 1560 1923 1631 spiritualem
1965 1562 2047 1615 in-

468 1654 838 1725 telligentiam.
869 1653 1127 1709 Sectando
1151 1655 1435 1725 justitiam.
1463 1653 1575 1707 Lex
1605 1651 1773 1722 Moysi
1824 1659 1908 1706 est
1954 1651 2044 1706 lex

463 1742 709 1811 iustitiae,
736 1744 783 1798 si
806 1745 945 1819 bene
965 1742 1035 1797 sit
1060 1742 1352 1798 intellecta.
1378 1741 1475 1797 Vel
1501 1741 1758 1796 sectando
1773 1739 2043 1810 justitiam

2155 560 2316 613 stitia:
2352 559 2451 613 Dei
2498 577 2603 614 non
2643 568 2765 613 sunt
2800 558 3037 627 subjecti.
3084 555 3212 611 Hac
3248 564 3335 610 est
3370 553 3585 623 iustitia
3620 554 3746 615 Dei,

2154 664 2411 721 qum-non
2442 650 2494 703 in
2524 657 2792 721 prtecepto
2820 648 2954 718 legis
2973 662 3079 716 quo
3101 646 3262 701 timor
3301 643 3590 709 incutitur,
3648 643 3751 699 sed

2154 740 2209 797 in
2271 722 2539 810 adjutoiio
2590 742 2776 813 gratia:
2822 739 3025 795 Christi
3074 737 3370 794 constituta
3419 745 3525 792 est.

2224 834 2393 891 Vens.
2428 835 2484 889 4.
2506 866 2578 876 -
2612 832 2785 889 Finis.
2801 832 2918 889 Non
2932 844 3276 897 consumens,
3305 829 3399 886 sed
3420 826 3748 899 perﬁciens:

2150 926 2365 997 perﬁcit
2392 940 2523 997 ergo
2538 925 2808 996 justitiam
2830 938 2929 993 per
2952 922 3116 978 ﬁdem
3145 922 3265 978 sine
3284 919 3541 992 operibus
3578 916 3748 987 legis.

2152 1017 2413 1074 Christus.
2441 1018 2521 1072 Ex
2552 1017 2767 1081 Christo
2794 1025 2881 1071 est
2900 1014 3148 1083 iustitia;
3176 1014 3306 1084 quia
3351 1012 3399 1067 si
3437 1026 3537 1082 per
3564 1009 3750 1080 legem

2150 1110 2407 1179 scriptam
2430 1108 2515 1163 vel
2540 1107 2845 1163 naturalem
2869 1113 3033 1171 esset,
3070 1115 3127 1162 et
3167 1120 3277 1162 non
3330 1104 3437 1161 ﬁde
3480 1100 3738 1167 Christi,

2148 1215 2280 1273 ergo
2304 1200 2553 1256 Christus
2582 1200 2750 1271 gratis
2777 1206 3099 1255 moreretur.

2219 1294 2302 1349 Ad
2334 1293 2615 1363 justitiam.
2656 1291 2776 1348 Non
2828 1292 3143 1355 humanam,
3193 1290 3290 1344 sed
3330 1286 3592 1343 divinam.
3647 1283 3750 1340 Est

2146 1388 2291 1444 enim
2331 1388 2566 1442 humana
2593 1394 2647 1441 et
2674 1384 2856 1440 divina
2907 1402 2920 1437 :
2968 1384 3035 1439 de
3076 1383 3313 1438 humana
3350 1379 3446 1446 ibi,
3478 1376 3746 1450 Moyses;

2148 1479 2215 1534 de
2243 1477 2426 1533 divina
2453 1477 2561 1531 ibi:
2596 1475 2728 1541 Quae
2754 1484 2928 1530 autem
2949 1490 3035 1540 ex,
3074 1481 3182 1529 etc.

2218 1568 2511 1639 Scriptura.
2552 1567 2613 1621 In
2660 1565 2913 1621 Numeris
2962 1573 3020 1621 et
3058 1563 3303 1621 Levitico
3348 1561 3426 1617 ita
3461 1560 3742 1617 habetur:

2146 1659 2252 1728 Qui
2280 1659 2459 1729 fecerit
2485 1675 2569 1724 ea,
2591 1658 2718 1713 vivet
2740 1658 2795 1711 in
2830 1655 2957 1711 illis.

2216 1752 2381 1806 Vens.
2407 1751 2459 1806 5.
2486 1782 2559 1793 -
2608 1749 2751 1805 Vivet
2779 1750 2837 1803 in
2876 1766 2958 1804 ea.
2996 1747 3174 1803 Habet
3228 1744 3371 1802 istud
3419 1743 3747 1817 premium,

463 1835 615 1905 legis,
648 1838 701 1890 id
728 1845 813 1891 est
847 1851 969 1906 quae
1004 1844 1089 1891 est
1134 1851 1198 1892 ex
1251 1835 1447 1891 timore
1492 1850 1685 1905 tuente,
1716 1850 1824 1890 non
1854 1850 2041 1891 amore
2068 1820 2118 1882 Β
2144 1840 2355 1898 scilicet
2400 1856 2471 1896 ne
2533 1840 2637 1896 ista
2684 1848 2860 1895 morte
2914 1839 3190 1910 puniatur.
3233 1835 3353 1893 Non
3402 1843 3487 1890 est
3544 1842 3746 1888 autem

460 1926 703 1998 iustitize,
729 1943 837 1982 non
865 1927 1133 1998 pervenit,
1161 1935 1267 1983 etc.

534 2019 697 2075 Vens.
736 2018 824 2074 52.
855 2049 927 2060 ——
952 2018 1089 2085 Quia
1119 2035 1223 2073 non
1254 2034 1319 2073 ea:
1337 2017 1460 2087 ﬁde.
1486 2016 1604 2073 Non
1630 2018 1774 2072 enim
1813 2032 1880 2072 ex
1932 2017 2042 2075 ﬁde

461 2109 1061 2181 quaerebatjustiﬁcari,
1089 2118 1143 2165 et
1172 2111 1299 2180 quia
1327 2107 1591 2179 justitiam
1614 2125 1722 2164 non
1767 2110 1955 2179 petivit
2008 2127 2040 2167 a

460 2202 593 2267 Deo,
626 2217 734 2257 non
762 2201 990 2257 credidit
1018 2200 1072 2255 in
1102 2216 1223 2256 eum
1253 2200 1344 2270 qui
1367 2200 1635 2269 justiﬁcat
1656 2201 1906 2270 impium,
1929 2218 2038 2257 non

459 2292 686 2349 credens
708 2291 877 2347 Deum
932 2291 1145 2361 operari
1177 2292 1233 2347 in
1268 2292 1485 2347 homine
1535 2307 1644 2363 quo
1687 2291 2036 2362 iustiﬁcetur.

460 2384 612 2443 Unde
660 2400 789 2441 vero
831 2385 1118 2457 contigerit
1166 2393 1225 2439 ut
1264 2400 1371 2440 non
1420 2386 1727 2448 crederent,
1761 2387 2034 2455 supponit.

459 2475 824 2547 Offenderunt.
852 2476 932 2531 Ad
961 2475 1364 2531 similitudinem
1392 2476 1544 2545 parvi
1596 2476 1804 2545 lapidis,
1854 2492 1885 2529 a
1929 2492 2036 2546 quo

457 2586 563 2624 non
590 2576 833 2634 cavetur,
868 2566 1117 2623 Christus
1154 2565 1350 2622 habilis
1394 2566 1495 2620 fuit
1535 2564 1828 2631 offendere,
1864 2566 2036 2622 latens

456 2663 511 2717 in
539 2662 861 2718 humilitate.
902 2660 999 2715 Cui
1032 2668 1322 2714 attestatur
1358 2659 1523 2714 Isaias
1554 2662 1692 2731 (cap.
1722 2658 1865 2729 vm).
1900 2658 2036 2713 Ecce

456 2754 512 2809 in
544 2754 785 2809 evidenti
808 2769 967 2823 pono,
991 2752 1046 2807 id
1067 2761 1152 2807 est
1177 2752 1327 2806 nasci
1358 2751 1520 2816 facio,
1544 2752 1599 2805 in
1652 2750 1805 2816 Sion,
1855 2751 1909 2806 id
1950 2760 2036 2807 est

454 2846 511 2900 in
540 2845 757 2909 Iudaeis,
789 2843 1067 2900 Christum
1090 2842 1316 2911 lapidem
1335 2841 1662 2911 offensionis,
1690 2857 1719 2895 a
1740 2855 1849 2910 quo
1867 2856 2036 2912 parvo

454 2951 560 2991 non
596 2944 872 3001 caveatur,
902 2944 957 2990 et
990 2942 1192 3004 petram
1214 2932 1475 2999 scandali,
1498 2932 1552 2987 id
1573 2942 1657 2989 est
1683 2948 1751 2987 ex
1773 2941 1885 2988 toto
1910 2950 2036 2990 con-

456 3034 715 3082 terentem
743 3025 914 3081 malos
952 3025 1006 3081 in
1052 3024 1255 3090 luturo,
1301 3032 1359 3079 et
1396 3023 1826 3081 contristantem.
1872 3024 2035 3096 Lapis

453 3127 633 3173 autem
659 3116 971 3173 oﬁensionis
999 3116 1200 3172 dicitur
1222 3114 1471 3171 Christus
1494 3116 1789 3171 secundum
1832 3125 2031 3171 statum

451 3224 558 3285 quo
584 3209 832 3284 apparuit
871 3208 959 3267 hic
990 3206 1164 3267 malis.
1196 3206 1356 3267 Petra
1388 3223 1516 3268 vero
1552 3207 1809 3277 scaudali,
1841 3223 2032 3269 saeuu-

451 3308 579 3362 dum
611 3307 752 3377 quod
782 3307 836 3361 in
861 3304 1042 3361 luturo
1072 3304 1235 3360 faciet
1256 3304 1433 3358 malis.

522 3397 685 3455 Vens.
714 3398 805 3455 33.
841 3428 911 3438 —
964 3398 1033 3452 Et
1072 3407 1271 3468 petram
1316 3396 1575 3451 scandali.
1633 3396 1793 3452 Petra
1836 3396 2034 3453 dicitur

450 3500 576 3547 ante
596 3491 909 3562 politionem
937 3489 1139 3560 etlapis
1150 3488 1611 3558 postpolitionem.
1632 3486 1830 3543 Politio
1851 3496 2032 3543 autem

450 3583 673 3647 Christi,
703 3581 884 3652 passio
909 3579 1032 3645 fuit,
1074 3594 1180 3650 qua
1236 3578 1571 3633 inﬁrmitatis
1617 3576 1893 3633 miseriam
1938 3578 2032 3633 de-

449 3672 646 3743 posuit.
701 3670 950 3725 Christus
990 3683 1119 3739 ergo
1169 3676 1292 3723 ante
1342 3667 1650 3738 passionem
1717 3665 1817 3722 fuit
1875 3674 2030 3737 petra

451 3762 713 3827 scandali,
742 3775 850 3830 quo
877 3770 1119 3831 tempore
1145 3758 1494 3814 scandalizati
1527 3768 1652 3814 sunt
1693 3757 1863 3813 Judaei
1920 3759 2031 3813 ira-

448 3862 663 3907 scentes
689 3860 745 3907 et
790 3850 1151 3922 indignantes,
1178 3850 1304 3920 quia
1334 3865 1393 3907 se
1434 3850 1631 3905 Filium
1670 3851 1765 3907 Dei
1804 3851 2025 3907 faceret.

448 3944 609 4013 Lapis
638 3959 736 4014 per
761 3943 1094 4014 politionem,
1123 3942 1375 3999 Christus
1416 3942 1469 3998 in
1511 3943 1783 4015 passione,
1810 3942 2029 4014 quando

445 4036 607 4090 iidem
629 4034 799 4091 Judaei
828 4034 1063 4089 maxime
1087 4032 1451 4101 offenderunt,
1479 4042 1535 4091 et
1561 4034 1819 4091 excaecati
1858 4044 2024 4103 sunt;

448 4127 615 4183 Deum
662 4141 771 4183 non
819 4140 941 4183 esse
1002 4125 1284 4182 credentes
1340 4141 1504 4197 quem
1546 4135 1818 4184 mortuum
1867 4127 2026 4185 vide-

446 4221 594 4275 bant.

520 4312 643 4366 Non
682 4309 1049 4381 confundetur.
1075 4310 1258 4383 (Αυς.)
1304 4310 1409 4379 Qui
1452 4310 1597 4367 enim
1622 4310 1918 4367 crediderit
1967 4311 2023 4369 in

436 4402 593 4470 eum,
620 4419 729 4459 non
772 4402 989 4459 habebit
1018 4418 1169 4458 suam
1209 4401 1480 4473 justitiam
1510 4416 1631 4471 qua:
1658 4416 1724 4456 ex
1769 4399 1887 4473 lege
1914 4409 2018 4468 est,

2140 1949 2334 2006 magna
2369 1933 2600 2005 justitia,
2644 1932 2877 2000 timere,
2918 1946 3020 1989 nec
3072 1931 3238 1988 habet
3278 1930 3533 1986 meritum
3586 1927 3746 2000 apud

2141 2024 2332 2080 Deum.

2211 2115 2374 2171 Vens.
2409 2115 2463 2171 6.
2488 2113 2649 2170 —Id
2678 2125 2754 2171 est
2794 2112 3063 2171 Christum
3106 2113 3382 2169 deducere.
3422 2110 3480 2167 Id
3506 2117 3597 2168 est
3647 2125 3746 2167 ne-

2139 2223 2269 2281 gare
2298 2208 2575 2264 Christum
2603 2208 2936 2264 ascendisse.

2208 2298 2372 2354 Vens.
2401 2299 2455 2354 8.
2482 2327 2555 2339 —
2578 2296 2750 2366 Prope
2771 2306 2845 2351 est
2870 2296 3100 2351 verbum.
3137 2294 3196 2351 Id
3225 2302 3309 2352 est
3330 2294 3461 2350 utile
3502 2302 3615 2358 est,
3649 2293 3745 2349 vel

2137 2405 2246 2447 non
2274 2399 2359 2446 est
2383 2389 2591 2460 aliquid
2614 2388 2999 2444 inconveniens
3030 2386 3116 2442 vel
3146 2387 3331 2442 dicere
3358 2385 3441 2443 vel
3469 2385 3739 2441 credere.

2138 2480 2236 2537 Vel
2258 2497 2439 2551 prope,
2468 2479 2597 2550 quia
2623 2494 2729 2534 non
2754 2487 2837 2534 est
2874 2477 3031 2550 longe
3060 2493 3091 2532 a
3137 2487 3331 2534 natura
3373 2476 3695 2532 animorum
3725 2490 3744 2529 :

2138 2581 2195 2628 et
2228 2571 2479 2643 loquendi
2540 2571 2793 2637 ratione,
2856 2570 3001 2640 quod
3048 2569 3205 2626 nobis
3259 2569 3456 2626 dicitur
3502 2576 3563 2623 ut
3611 2583 3748 2623 cre-

2138 2664 2347 2721 damus.

2209 2753 2326 2808 Hoc
2350 2762 2424 2809 est
2453 2753 2681 2808 verbum.
2710 2749 3089 2822 (Auc.,Tract.
3116 2751 3207 2818 80,
3237 2752 3294 2807 in
3314 2752 3628 2822 Joannem.)
3658 2752 3743 2809 De

2135 2862 2243 2918 quo
2268 2845 2528 2901 Dominus
2551 2846 2626 2900 ait
2645 2862 2658 2899 :
2684 2842 2826 2899 Nam
2838 2860 2925 2899 vos
2940 2844 3123 2898 mundi
3142 2845 3265 2898 estis
3283 2854 3490 2915 propter
3509 2845 3735 2897 verbm

2134 2938 2275 3010 quod
2304 2936 2509 2991 locutus
2540 2953 2655 2991 sum
2702 2936 2868 3002 vobis,
2922 2944 3053 3002 etc.,
3094 2952 3256 3006 usque
3302 2935 3370 2989 ad
3399 2949 3523 2989 nam
3560 2942 3621 2988 et
3673 2934 3734 2989 in

2135 3031 2255 3101 ipso
2276 3031 2441 3085 verbo
2462 3030 2607 3084 aliud
2630 3038 2714 3084 est
2742 3018 2907 3085 sonus
2936 3028 3227 3094 transiens,
3256 3027 3402 3083 aliud
3438 3036 3522 3084 est
3550 3027 3737 3083 virtus

2136 3140 2446 3185 remanens.

2208 3221 2369 3275 Vens.
2398 3220 2451 3275 9.
2474 3249 2541 3260 —
2575 3218 2716 3285 Quia
2753 3216 2801 3273 si
2824 3214 3145 3287 confitearis.
3190 3211 3372 3290 (Δυο.)
3424 3212 3565 3272 Ecce
3604 3212 3735 3269 laus

2136 3309 2258 3365 ﬁdei
2304 3318 2361 3364 et
2400 3324 2629 3365 merces.
2666 3307 2809 3365 Laus
2854 3308 2980 3363 ﬁdei
3009 3316 3111 3373 est,
3153 3308 3198 3363 si
3244 3307 3562 3372 credideris,
3590 3310 3733 3377 quia

2133 3401 2393 3457 Dominus
2429 3408 2515 3456 est
2541 3399 2720 3466 Jesus,
2747 3408 2876 3465 etc.,
2898 3416 3059 3470 usque
3087 3400 3157 3453 ad
3179 3399 3271 3470 qui
3298 3414 3416 3453 eam
3448 3398 3502 3452 in
3539 3415 3733 3453 resur—

2134 3492 2375 3548 rectione
2402 3492 2505 3548 sibi
2531 3506 2790 3564 congrua,
2834 3492 2938 3547 hoc
2963 3500 3046 3547 est
3089 3491 3144 3547 in
3160 3489 3552 3563 justiﬁeatione
3576 3506 3730 3561 prte-

2133 3581 2296 3638 cedit.

2202 3672 2364 3729 Vsns.
2390 3673 2478 3728 10.
2510 3704 2581 3716 —-
2603 3672 2772 3729 Corde
2795 3675 3044 3731 creditur.
3068 3673 3277 3731 Caetera
3304 3680 3480 3745 potest
3496 3673 3725 3743 nolens,

2130 3764 2223 3821 sed
2259 3764 2482 3819 credere
2506 3779 2613 3819 non
2639 3772 2817 3834 potest
2845 3765 2949 3821 nisi
2982 3765 3188 3822 volens.

2200 3852 2489 3922 Confessio.
2520 3854 2704 3925 (AUG.,
2730 3854 2785 3908 in
2812 3852 2959 3908 Psal.
3000 3871 3130 3921 xxx,
3164 3856 3410 3915 concione
3444 3854 3725 3925 m.)Con-

2128 3944 2272 4000 ﬁteri
2318 3951 2402 4000 est
2443 3944 2642 4009 dicere,
2694 3946 2823 4016 quid
2872 3946 2944 4000 sit
2982 3945 3038 4001 in
3064 3948 3247 4013 corde,
3291 3956 3423 4013 etc.,
3451 3964 3618 4020 usque
3647 3948 3722 4002 ed

2127 4035 2256 4106 quia
2304 4034 2379 4090 ita
2424 4035 2619 4101 credit,
2660 4035 2737 4090 ita
2797 4036 2939 4092 etin
2976 4050 3072 4093 ore
3121 4038 3307 4104 debet,
3352 4046 3412 4094 ut
3453 4038 3528 4093 ita
3574 4053 3723 4109 pra-

2127 4126 2289 4182 dicet.

2200 4213 2364 4271 Vens.
2406 4215 2493 4270 12.
2540 4244 2613 4256 -
2650 4213 2755 4281 Qui
2794 4215 3056 4272 invocant.
3106 4215 3283 4274 Orans
3326 4218 3570 4284 invocat;
3615 4220 3723 4276 sed

2125 4309 2232 4365 hoc
2268 4316 2419 4364 certe
2460 4322 2570 4363 non
2608 4316 2806 4380 potest,
2848 4310 2956 4366 nisi
3003 4310 3156 4381 prius
3195 4312 3399 4368 credat.
3432 4311 3537 4380 Qui
3582 4327 3721 4385 ergo

2125 4400 2402 4465 invocant,
2433 4414 2538 4454 non
2582 4400 2744 4455 modo
2778 4400 3029 4467 credunt,
3085 4402 3181 4459 sed
3223 4403 3388 4458 etiam
3438 4410 3618 4467 orant,
3655 4411 3723 4458 ut

444 4494 696 4566 quamvis
724 4494 797 4549 sit
841 4494 981 4549 bona
1032 4492 1143 4559 lex,
1177 4492 1273 4547 sed
1322 4490 1567 4599 implebit
1599 4490 1775 4560 ipsam
1818 4490 2018 4563 legem,
2049 4536 2104 4599 Β
2127 4500 2412 4563 postquam
2442 4491 2734 4547 crediderit
2763 4491 2988 4563 alicujus
3012 4494 3244 4561 animus,
3273 4510 3381 4550 non
3419 4494 3636 4549 desinat
3660 4494 3720 4549 id

445 4602 554 4642 non
582 4602 676 4641 sua
700 4585 929 4657 justitia,
953 4585 1049 4642 sed
1075 4584 1201 4640 data
1233 4599 1264 4638 a
1298 4583 1428 4639 Deo.
1461 4579 1541 4636 Ita
1579 4581 1727 4638 enim
1753 4597 1860 4639 non
1895 4597 2025 4640 con-
2054 4579 2101 4599 ν
2130 4580 2428 4654 postulare,
2460 4580 2604 4649 quod
2644 4582 2893 4653 promisit
2920 4582 3063 4640 Deus
3103 4592 3217 4641 toto
3251 4585 3418 4641 corde
3443 4585 3719 4656 vigilanti—

450 4679 721 4734 fundetur.

1076 4743 1303 4802 CAPUT
1340 4743 1411 4800 Χ.

514 4862 679 4919 Vens.
706 4862 761 4919 1.
790 4890 865 4904 -
900 4859 970 4914 Ει
995 4856 1302 4912 obsecratio.
1336 4854 1598 4913 Voluntas
1640 4856 1805 4921 enim,
1842 4864 1903 4912 ut
1952 4859 2023 4914 ad

443 4971 572 5011 vera
617 4953 883 5010 credenda
913 4956 1193 5006 moveatur
1220 4964 1329 5005 non
1357 4948 1462 5005 sibi
1505 4948 1729 5016 sufﬁcit,
1774 4950 1876 5006 nisi
1920 4966 2021 5021 per

443 5046 671 5116 gratiam
699 5043 841 5098 Deus
862 5040 963 5095 sibi
986 5038 1280 5111 opituletur
1307 5079 1323 5105 ,
1352 5039 1492 5094 unde
1517 5055 1530 5090 :
1578 5038 1749 5094 Nemo
1778 5041 1913 5094 venit
1949 5040 2021 5095 ad

442 5153 544 5202 me,
572 5136 672 5189 nisi
703 5133 790 5187 cui
819 5131 1002 5186 datum
1036 5130 1193 5201 fuerit
1221 5147 1254 5183 a
1288 5129 1447 5184 Patre
1472 5145 1585 5185 meo
1610 5129 1795 5201 (Joan.
1819 5130 1916 5198 tv).

516 5228 680 5282 Vens.
711 5225 767 5279 2.
810 5254 880 5268 -—
918 5222 1289 5278 Testimonium
1316 5222 1453 5275 enim
1474 5222 1713 5291 perhibeo
1736 5221 1843 5277 illis
1856 5223 2017 5293 quod.

444 5316 665 5391 (Auum)
704 5316 779 5370 De
816 5314 905 5369 his
950 5313 1105 5379 dicit,
1152 5311 1246 5382 qui
1282 5326 1391 5366 non
1425 5326 1493 5367 ex
1532 5311 1753 5378 invidia,
1802 5311 1898 5367 sed
1950 5327 2021 5368 ex

442 5423 629 5465 errore
672 5404 950 5461 Christum
995 5419 1103 5458 non
1142 5409 1488 5472 receperunt,
1535 5401 1732 5471 quibus
1776 5401 2035 5461 Petrus:

444 5503 568 5557 Scio
617 5500 755 5570 quod
812 5514 903 5568 per
953 5495 1303 5567 ignorantiam
1355 5495 1451 5547 hoc
1494 5495 1670 5563 egistis
1714 5494 1849 5565 (Act.
1908 5494 2017 5566 tu).

412 5591 567 5646 'Non
594 5591 877 5647 secundum
922 5588 1214 5644 scientiam.
1256 5584 1490 5640 Stultum
1538 5586 1686 5640 enim
1731 5594 1812 5641 est
1844 5585 2018 5657 legem

438 5685 708 5752 venerari,
733 5693 787 5741 et
815 5684 985 5739 Deum
1007 5682 1136 5753 legis
1165 5678 1436 5751 persequi.

514 5776 673 5833 Vens.
726 5776 780 5832 5.
812 5806 882 5819 -
927 5774 1235 5847 Ignorantcs
1265 5769 1401 5825 enim
1437 5767 1536 5826 Dei
1571 5769 1855 5839 justitiam.
1897 5769 2015 5828 Non

2129 4674 2257 4740 bus,
2282 4673 2410 4745 quia
2434 4672 2658 4729 credere
2681 4673 2776 4729 dat
2802 4675 3176 4733 remissionem
3222 4684 3596 4749 peccatorum.
3625 4675 3719 4732 In.

2134 4779 2329 4822 vocare
2353 4772 2533 4819 autem
2560 4763 2815 4833 impetrat
2836 4767 3102 4836 promissa
3135 4768 3252 4823 Dei.

2202 4855 2481 4912 νιιιεμμ.
2503 4886 2575 4898 —-
2601 4854 2875 4922 Quomodo
2900 4875 3022 4930 ergo
3057 4859 3389 4926 invocabant,
3430 4867 3541 4915 etc.
3580 4858 3716 4916 Pro-

2127 4946 2275 5013 bato,
2317 4945 2462 5016 qoud
2496 4944 2561 5001 de
2603 4954 2834 5017 utroque
2885 4949 3179 5005 assumitur
3215 4948 3435 5021 populo,
3468 4951 3714 5005 ostendit

2118 5052 2217 5109 per
2240 5036 2393 5107 quid,
2438 5036 2649 5093 scilicet
2695 5052 2791 5107 per
2836 5040 3150 5096 missionem
3182 5041 3430 5111 utrisque
3484 5040 3709 5106 factam,

2119 5146 2282 5201 quam
2310 5130 2403 5200 qui
2430 5145 2539 5185 non
2570 5131 2857 5202 receperit,
2884 5131 3267 5189 inexcusabilis
3295 5141 3399 5189 est.
3429 5132 3710 5189 lnvocatio

2120 5222 2312 5287 salvat,
2342 5237 2472 5293 ergo
2516 5228 2732 5292 oportet
2779 5223 3037 5278 credere:
3087 5224 3234 5294 quia,
3278 5225 3565 5295 quomodo,
3598 5214 3702 5280 etc.

2118 5314 2222 5367 Aut
2252 5312 2509 5385 quomodo
2531 5313 2760 5377 credent,
2776 5322 2883 5368 etc.
2908 5312 3075 5381 Quasi
3104 5314 3288 5369 dicat:
3314 5314 3429 5369 Non
3456 5316 3703 5376 credent,

2120 5403 2224 5458 nisi
2252 5403 2491 5457 audiant.
2518 5400 2630 5457 Nec
2649 5402 2791 5457 enim
2817 5402 2945 5456 olim
2981 5402 3177 5472 aliquis
3209 5401 3439 5457 credidit
3475 5403 3569 5471 qui
3594 5418 3700 5457 non

2119 5494 2299 5564 aliquo
2326 5494 2484 5548 modo
2512 5494 2717 5548 audivit
2750 5494 2834 5548 vel
2873 5494 3097 5550 interius
3145 5494 3229 5549 vel
3252 5494 3513 5549 exterius.
3561 5494 3699 5549 Dicit

2120 5596 2300 5641 autem
2327 5587 2467 5654 quod
2495 5589 2715 5641 credere
2751 5603 2815 5641 ex
2840 5588 3022 5643 auditu
3065 5588 3170 5652 sit,
3198 5585 3386 5643 audire
3416 5603 3485 5643 ex
3511 5588 3700 5657 pracdi-

2120 5680 2354 5742 catione,
2385 5679 2679 5749 praedicare
2715 5694 2781 5735 ex
2828 5678 3083 5735 missione
3121 5678 3248 5743 Dei;
3291 5679 3367 5733 ita
3413 5686 3475 5732 ut
3523 5687 3696 5732 totum

2120 5771 2410 5827 descendat
2441 5785 2505 5825 ex
2540 5770 2689 5827 fonte
2738 5770 2943 5844 gratim.
2975 5769 3293 5828 Praedicatio
3344 5778 3525 5826 autem
3572 5784 3699 5830 vere
