3958 6314
265 437 372 502 505
1194 448 1454 506 GLOSSA
1491 447 1886 505 0RDlNARlA.
1923 479 1989 490 -
2031 450 2246 508 EPIST.
2285 453 2377 507 AD
2409 453 2575 510 non.
3407 445 3508 508 5m:

261 573 441 622 estex
492 564 764 631 missione,
798 563 924 634 quia
973 574 1029 620 et
1065 565 1267 636 pseudo
1314 566 1452 620 bene
1499 564 1832 628 nuntiantes,
1864 570 1914 626 Α
1942 563 2108 631 Quasi
2134 565 2592 634 dicatzAmpliora
2609 557 2818 619 ostendi
2838 559 3055 618 Judaeis.
3074 557 3284 618 Etenim
3307 561 3508 616 nullum

263 655 416 711 misit
435 655 578 711 Deus
605 656 695 726 qui
725 656 778 710 in
807 657 1006 711 bonum
1037 656 1179 712 malo
1208 657 1356 711 novit
1381 658 1484 710 uti.
1513 654 1835 732 ‘Aliquando
1937 658 2016 712 eis
2041 657 2362 713 beneﬁcium
2387 657 2629 727 negavit;
2661 672 2784 711 nam
2824 664 3067 710 mortuos
3101 654 3311 709 illorum
3340 655 3510 710 susci—

259 746 425 800 etiam
472 745 640 802 malos
683 746 839 802 malis
877 747 1042 801 mittit
1075 747 1127 801 in
1160 747 1317 812 iram,
1340 747 1396 801 id
1429 754 1516 800 est
1543 745 1836 815 praadicare
1937 748 2089 812 tavit,
2111 747 2351 802 diversas
2380 763 2566 802 eorum
2591 747 2933 802 inﬁrmitates
2957 745 3187 801 curavit.
3207 744 3301 800 Ille
3323 753 3501 800 autem

256 836 528 904 permittit
551 835 723 890 malos
747 836 902 892 malis
933 837 999 890 ad
1034 838 1344 892 eorumdem
1388 850 1624 907 pinnam,
1659 843 1718 890 ut
1754 835 1836 890 vi-

254 924 446 980 cissim
473 939 571 994 per
595 941 675 991 se,
704 925 844 980 sicut
858 925 1064 995 justum
1090 934 1196 991 est,
1220 934 1460 996 pereant.

327 1014 514 1084 (Αυς.)
544 1014 832 1086 Apostolus
873 1017 1017 1087 quod
1061 1017 1180 1071 ait:
1213 1017 1485 1082 Quomodo
1529 1018 1736 1073 credent
1784 1019 1833 1073 ei

248 1122 406 1175 quem
434 1110 888 1165 nonaudierunt?
912 1111 988 1166 De
1016 1111 1265 1182 gentibus
1292 1110 1467 1176 dixit,
1495 1119 1600 1166 etc.
1621 1151 1637 1177 ,
1672 1125 1834 1182 usque

249 1195 323 1247 ad
352 1196 741 1264 praedicatores
761 1197 964 1255 Christi
991 1213 1112 1256 esse
1139 1199 1450 1254 mittendos.

321 1287 489 1345 Vens.
506 1291 609 1346 .15.
631 1323 702 1332 —
728 1291 1000 1360 Quomodo
1030 1311 1147 1350 vero
1183 1295 1542 1366 pradicabunt
1579 1295 1681 1351 nisi
1714 1297 1835 1350 mit-

247 1380 476 1434 tantur?
513 1380 652 1437 Ecce
680 1392 903 1453 apparet
936 1386 1078 1454 quod
1108 1393 1164 1439 et
1198 1384 1264 1438 ad
1293 1393 1481 1457 gentes
1520 1385 1673 1440 missi
1707 1394 1836 1441 sunt

244 1471 654 1540 praedicatores.
695 1471 868 1539 Quam
906 1475 1143 1544 speciosi.
1175 1475 1309 1542 Quia
1350 1476 1608 1531 mundum
1638 1475 1835 1530 illumi-

243 1569 417 1628 nant,
449 1561 504 1616 in
543 1577 650 1633 quo
687 1572 912 1634 apparet
949 1580 980 1619 a
1021 1565 1133 1622 Deo
1177 1567 1406 1632 missos,
1454 1567 1689 1636 alioquin
1729 1569 1833 1624 hoc

1936 839 2136 894 dicitur
2160 855 2352 896 manus
2377 839 2713 910 expandere,
2746 838 2840 908 qui
2863 837 3210 908 poscentibus
3245 836 3509 892 beneﬁcia

1935 929 2156 1001 largiter
2181 929 2389 986 tribuit.

2544 1020 2771 1078 CAPUT
2807 1021 2898 1077 XI.

2003 1114 2158 1171 Vers.
2186 1117 2236 1172 1.
2256 1145 2328 1156 -
2351 1114 2482 1170 Dico
2509 1131 2649 1186 ergo.
2680 1113 2817 1181 Quia
2843 1120 2921 1169 tot
2942 1111 3359 1169 auctoritatibus
3382 1123 3512 1164 con-

1933 1204 2129 1260 futavit
2155 1204 2398 1271 Judaaos,
2441 1205 2702 1261 insultare
2729 1213 2952 1275 possent
2979 1203 3210 1277 gentiles
3227 1243 3242 1270 ,
3270 1201 3511 1257 dicentes

1933 1312 2028 1354 eos
2057 1313 2125 1353 ex
2155 1306 2267 1354 toto
2297 1298 2542 1367 repulsos
2569 1311 2710 1352 esse.

2004 1389 2163 1444 Vens.
2181 1389 2606 1444 2.~Prwscivit.
2623 1388 2729 1443 Pro
2741 1385 3168 1459 praedestinavit,
3181 1383 3362 1456 posuit
3374 1395 3511 1452 prae-

1932 1481 2107 1538 scivit.
2129 1479 2222 1536 Sic
2238 1481 2380 1536 enim
2404 1480 2565 1536 debet
2591 1480 2787 1550 accipi,
2804 1488 2864 1534 ut
2885 1495 2952 1533 ex
2965 1477 3314 1549 sequentibus
3330 1482 3508 1545 patet;

1932 1571 2053 1626 ideo
2073 1579 2251 1626 autem
2287 1570 2452 1636 dixit,
2482 1570 2783 1639 praescivit,
2809 1585 2876 1624 ne
2903 1570 3100 1624 iterum
3127 1564 3295 1621 Judaei
3325 1578 3515 1633 super-

243 1665 359 1705 non
387 1659 658 1721 poterant.
687 1651 900 1709 Pacem.
932 1654 1448 1712 Reconciliationem
1481 1658 1624 1712 inter
1656 1673 1829 1729 p0pu-
1929 1661 2082 1716 biant
2101 1675 2166 1716 ex
2183 1675 2248 1716 eo
2261 1675 2370 1730 quo
2392 1661 2529 1715 dixit
2550 1675 2644 1716 eos
2666 1676 2774 1715 non
2801 1659 3138 1730 repulsos,et
3153 1655 3364 1728 plebem
3393 1653 3508 1708 Dei.

244 1739 362 1795 lum
401 1751 457 1796 et
487 1743 745 1812 populum
789 1745 967 1800 diruta
996 1747 1234 1801 maceria
1272 1745 1461 1817 legalis
1487 1745 1627 1802 ritus
1656 1747 1710 1800 in
1739 1746 1833 1802 Ju-
2001 1749 2183 1820 (Auc.)
2231 1748 2314 1804 An
2349 1750 2636 1821 quisquam
2682 1749 2864 1804 dicere
2912 1746 3134 1802 audebit
3186 1746 3355 1800 Deum
3405 1755 3510 1796 non

243 1829 473 1896 dasis,et
491 1832 810 1890 idololatriae
831 1835 884 1889 in
911 1836 1262 1906 gentibus.Et
1286 1827 1610 1892 interDeum
1634 1837 1830 1908 impios
1859 1909 1898 1914 _
1930 1843 2233 1914 praesciisse
2279 1843 2476 1912 quibus
2521 1850 2666 1897 esset
2709 1842 2934 1897 daturus
2958 1847 3020 1895 ut
3064 1839 3368 1902 crederent,
3419 1842 3512 1888 aut

242 1935 346 1991 per
384 1921 543 1978 ﬁdem
577 1923 1000 1993 justiﬁcantem,
1045 1937 1101 1982 et
1145 1927 1392 1982 homines
1437 1926 1492 1980 in
1539 1940 1662 1982 eum
1709 1942 1825 1983 cre-

1948 1950 2068 2004 luos
2094 1935 2322 1990 daturus
2368 1943 2514 1990 esset
2561 1934 2700 1988 Filio
2730 1948 2850 1998 suo,
2881 1941 2942 1987 ut
2976 1947 3042 1986 ex
3067 1929 3148 1984 eis
3173 1944 3282 1984 non
3311 1926 3509 1997 perde-

244 2013 458 2070 dentes.
487 2013 978 2088 Euangelizautium
1010 2018 1164 2073 bona.
1198 2018 1395 2074 Pacem
1425 2032 1592 2088 super
1615 2032 1826 2090 pacem,
1929 2033 2013 2080 ret
2037 2027 2397 2096 quemquam?
2438 2026 2567 2094 Quae
2609 2027 2798 2097 utique
2838 2025 2883 2080 si
2927 2021 3230 2094 praescivit,
3265 2019 3510 2091 profecto

242 2105 376 2173 (ἰυίθ
403 2115 459 2162 ει
485 2121 709 2177 regnum
733 2109 828 2163 Dei
854 2123 962 2179 Pax
987 2117 1094 2165 est.
1927 2114 2189 2170 beneﬁcia
2217 2131 2312 2170 sua
2330 2156 2344 2179 ,
2375 2116 2570 2185 quibus
2596 2130 2696 2170 nos
2720 2115 2972 2184 dignatur
2993 2112 3248 2176 liberare,
3281 2109 3507 2181 praesci-

325 2194 484 2251 Vens.
517 2198 602 2252 16.
633 2197 900 2254 —Isaias
925 2201 1063 2255 enim
1087 2200 1232 2267 dicit,
1261 2209 1369 2256 etc.
1397 2199 1664 2257 Praescius
1685 2200 1829 2256 Deus
1927 2205 2025 2260 vit.
2075 2204 2200 2262 Haec
2243 2205 2642 2276 prmdestinatio
2685 2213 2998 2260 sanctorum
3049 2202 3185 2257 nihil
3229 2202 3370 2257 aliud
3425 2210 3512 2258 est

242 2287 499 2360 praedixit
543 2288 916 2346 inﬁdelitatem
962 2289 1304 2358 Iudaeorum,
1351 2292 1446 2347 sed
1499 2307 1608 2347 non
1652 2290 1828 2356 fecit;
1928 2311 2090 2366 quam
2131 2296 2502 2367 przescientia,
2535 2295 2742 2351 scilicet
2776 2304 2832 2351 et
2861 2295 3170 2366 preparatio
3207 2293 3502 2349 beneﬁcio-

240 2393 424 2448 neque
450 2379 754 2449 praescisset
780 2380 921 2436 mala
953 2396 1168 2448 eorum,
1191 2382 1296 2437 nisi
1325 2396 1390 2437 ea
1419 2383 1703 2437 haberent.
1737 2380 1832 2436 Sic
1929 2402 2048 2440 rum
2090 2387 2214 2450 Dei,
2261 2387 2456 2458 quibus
2491 2386 2795 2443 certissime
2853 2386 3155 2442 liberantur
3190 2385 3500 2458 quicunque

242 2473 413 2528 etiam
460 2483 697 2529 exczecat
733 2475 878 2544 quod
914 2482 999 2531 est
1027 2475 1328 2531 deserendo
1353 2515 1367 2540 ,
1401 2490 1507 2530 non
1539 2472 1831 2544 autem_l‘a-
1927 2473 2247 2530 liberantur.

242 2564 439 2619 ciendo
457 2574 511 2620 et
537 2566 640 2620 hoc
663 2567 858 2620 meruit
884 2566 1149 2621 voluntas.
1175 2564 1233 2621 Si
1256 2565 1452 2621 dicitur
1475 2580 1581 2620 non
1606 2569 1830 2634 possunt
2000 2567 2082 2621 An
2109 2568 2340 2622 nescitis.
2375 2567 2538 2634 Quasi
2562 2567 2709 2623 dicat
2733 2585 2747 2622 :
2779 2567 2852 2622 ita
2877 2567 3135 2637 reliquias
3160 2566 3214 2621 in
3236 2567 3339 2621 hoc
3370 2576 3507 2620 tem-

240 2653 417 2711 Judaei.
437 2657 658 2712 credere
673 2657 799 2728 quia
819 2657 990 2714 Isaias
1010 2658 1276 2728 przedixit,
1305 2658 1424 2713 dico
1449 2672 1556 2712 non
1579 2662 1825 2728 possunt,
1927 2675 2059 2730 pore
2083 2675 2192 2714 non
2229 2659 2426 2730 repulit
2461 2659 2744 2724 Dominus,
2776 2659 2868 2715 sed
2894 2659 3148 2726 salvavit;
3185 2659 3324 2713 sicut
3368 2668 3506 2712 tem-

129 2751 136 2756 “
239 2745 372 2816 quia
396 2745 603 2800 nolunt.
628 2745 783 2814 Quod
813 2749 955 2802 Deus
976 2748 1268 2816 praescivit,
1292 2747 1570 2818 praedixit;
1603 2746 1698 2801 sed
1719 2760 1828 2800 non
1926 2764 2059 2820 pore
2097 2748 2228 2802 Eli-.e
2274 2748 2469 2803 multos
2512 2749 2614 2804 sibi
2658 2750 2990 2814 reservavit,
3020 2763 3143 2804 cum
3180 2747 3326 2802 Elias
3358 2747 3504 2800 solus

239 2837 396 2893 fecit.
448 2838 562 2894 Non
607 2849 858 2909 possunt,
900 2841 1026 2896 dum
1071 2840 1320 2911 superbi,
1362 2840 1489 2895 dum
1537 2838 1716 2904 tales,
1767 2847 1827 2892 ut
1927 2838 2029 2892 sibi
2067 2839 2357 2902 videretur,
2408 2839 2498 2908 qui
2544 2840 2590 2893 si
2630 2839 2896 2909 ignoravit
2933 2846 2987 2893 et
3027 2838 3164 2892 alios
3209 2848 3405 2907 praeter
3448 2851 3508 2892 se

239 2930 453 2992 Scilicet
478 2939 659 2991 omnia
687 2931 799 2992 suis
821 2932 1030 2994 v’irithS
1068 2931 1456 3004 attribuerent,
1482 2939 1538 2991 et
1562 2937 1826 3006 negarent

238 3025 348 3080 sibi
396 3025 762 3080 necessarium
804 3040 927 3081 esse
976 3025 1216 3081 divinum
1263 3025 1526 3082 auxilium
1566 3025 1635 3080 ad
1687 3025 1828 3081 bene

236 3113 600 3185 operantium.

325 3205 484 3262 Vens.
505 3206 592 3260 17.
614 3234 684 3246 -
705 3203 869 3260 Fides
890 3221 978 3273 ex,
997 3212 1104 3262 etc.
1130 3205 1248 3262 Etsi
1268 3205 1410 3262 Deus
1437 3207 1584 3263 intus
1608 3207 1821 3274 doceat,

1928 2937 2231 2989 reservatus
2249 2974 2264 3000 ,
2292 2942 2396 2988 non
2429 2928 2626 2990 mirum
2651 2927 2697 2990 si
2725 2927 2816 2987 isti
2844 2927 3111 3004 ignorent.

2021 3025 2187 3082 Vens.
2215 3025 2270 3080 4.
2299 3056 2369 3066 -
2393 3025 2601 3096 Septem
2633 3023 2825 3078 millia.
2855 3023 2962 3079 Per
2990 3017 3356 3095 septenarium
3391 3016 3508 3076 uui-

1925 3119 2186 3184 versitas,
2215 3133 2312 3187 per
2340 3118 2700 3173 millenarium
2732 3115 2997 3186 perfectio
3023 3114 3356 3185 designatur.

1998 3207 2164 3264 Vens.
2202 3208 2256 3263 5.
2285 3238 2356 3248 —
2397 3206 2486 3262 Sic
2532 3224 2672 3276 ergo.
2724 3206 2888 3273 Quasi
2942 3205 3127 3260 dicat:
3156 3203 3305 3258 Tunc
3352 3208 3507 3257 erant

237 3309 428 3354 tamen
451 3311 630 3368 praeco
655 3297 895 3352 exterius
926 3296 1229 3352 annuntiat.
1259 3294 1368 3351 Per
1395 3297 1622 3352 verbum.
1651 3297 1710 3352 ld
1737 3267 1822 3354 est
1850 3267 1895 3332 c
1925 3299 2080 3356 multi
2102 3299 2203 3355 etsi
2228 3297 2458 3353 nesciret
2479 3267 2642 3352 Elius.
2671 3267 2811 3365 Ergo
2833 3297 2930 3360 sic,
2951 3295 3005 3350 id
3025 3302 3110 3350 est
3137 3295 3210 3350 ita
3236 3293 3501 3356 latenter;

238 3406 344 3462 per
371 3389 600 3460 gratiam
626 3388 828 3445 Christi
866 3389 1117 3446 doctores
1152 3389 1303 3445 verbi
1339 3391 1636 3461 evangelici
1665 3391 1823 3448 nobis

241 3480 530 3537 mittentis.
561 3479 677 3536 Nisi
704 3480 848 3537 enim
879 3480 1093 3536 dicatur
1121 3478 1341 3550 aliquid,
1381 3494 1484 3536 nec
1526 3479 1702 3536 audiri
1727 3494 1824 3550 po.

244 3580 355 3628 test
393 3586 492 3628 nec
521 3572 687 3628 credi.

317 3663 482 3718 Vens.
505 3662 592 3718 18.
613 3693 685 3703 -
703 3660 773 3717 Et
798 3662 1027 3734 quidem.
1056 3659 1148 3716 Vel
1169 3661 1438 3732 equidem,
1462 3660 1516 3715 id
1543 3668 1628 3717 est
1651 3667 1820 3728 certe,

242 3760 302 3810 et
328 3754 401 3808 ita
426 3753 840 3821 inexcusabiles,
865 3755 1005 3809 sicut
1039 3753 1093 3808 in
1117 3752 1349 3809 Psalmis
1388 3751 1622 3808 ostendit
1652 3751 1822 3807 David

244 3847 472 3902 dicens:
499 3843 564 3900 In
593 3863 794 3901 omnem
817 3855 1010 3901 terram
1033 3847 1189 3902 exivit
1226 3863 1384 3901 sonus
1408 3862 1606 3902 eorum.
1635 3844 1819 3918 (Anth,

245 3941 403 4009 epist.
426 3938 515 4004 80,
542 3955 660 4010 qua:
687 3948 762 3993 est
785 3939 852 3992 ad
877 3937 1127 4010 Hesych.)
1154 3938 1270 3994 Non
1289 3940 1391 3994 hoc
1416 3948 1657 4010 tempore
1681 3939 1822 4008 Apo-

242 4032 375 4104 stoli,
393 4033 670 4102 impletum
692 4039 792 4098 est,
813 4039 946 4097 etc.,
975 4048 1136 4102 usque
1164 4032 1234 4086 ad
1256 4032 1336 4088 sic
1363 4040 1419 4087 et
1445 4031 1573 4086 illud
1598 4050 1611 4086 :
1648 4030 1822 4086 Testes

244 4125 375 4178 mihi
403 4124 550 4178 eritis
575 4117 830 4194 usquead
848 4121 1089 4176 ultimum
1118 4131 1271 4176 terra:
1299 4121 1435 4193 (Act.
1465 4121 1527 4192 l).

1921 3391 2007 3448 vel
2040 3391 2150 3455 sic,
2185 3390 2238 3445 id
2276 3398 2358 3446 est
2388 3404 2486 3459 per
2520 3389 2768 3444 eamdem
2792 3387 3044 3458 gratiam.

1993 3481 2156 3537 Vens.
2183 3483 2236 3534 6.
2259 3510 2331 3521 ——
2350 3479 2595 3550 Alioquin
2617 3479 2792 3550 gratia
2804 3477 2924 3548 jam
2947 3493 3049 3531 non
3065 3484 3140 3532 est
3165 3474 3356 3547 gratia.
3385 3473 3501 3529 Hoc

1921 3581 2033 3638 est,
2068 3572 2114 3628 si
2141 3569 2297 3625 aliter
2333 3569 2466 3624 salvi
2503 3568 2633 3623 facti
2663 3577 2790 3623 sunt
2819 3565 2984 3637 (quod
3024 3551 3134 3622 non
3175 3572 3356 3635 potest
3383 3563 3504 3620 ﬁeri

1921 3664 2026 3720 nisi
2050 3663 2222 3734 gratia
2252 3662 2390 3733 Dei),
2415 3677 2544 3733 ergo
2570 3661 2685 3734 ipsa
2713 3661 2885 3732 gratia
2902 3659 3016 3730 jam
3042 3673 3151 3715 non
3177 3658 3282 3714 erit
3307 3657 3501 3729 gratia,

1923 3757 2021 3814 sed
2049 3755 2311 3810 debitum.

1990 3849 2154 3905 Vens.
2183 3849 2320 3903 7.-
2341 3848 2481 3915 Quid
2507 3848 2667 3919 ergo?
2685 3847 2884 3903 Audito
2905 3845 3047 3917 quod
3073 3844 3314 3916 reliquiae
3340 3843 3502 3899 salvae

1920 3945 2077 4000 facta
2117 3952 2244 3999 sunt
2291 3943 2498 4014 gratia,
2539 3951 2595 3996 et
2627 3956 2733 3996 non
2774 3956 2842 3996 ex
2881 3940 3163 4011 operibus,
3202 3938 3330 4008 quid
3368 3951 3498 4006 ergo

1921 4036 2206 4094 dicendum
2248 4035 2362 4090 est?
2402 4033 2605 4088 Electio
2637 4043 2811 4088 autem
2846 4041 3123 4086 consecuta
3157 4039 3254 4085 est.
3295 4028 3504 4084 Electio

1921 4126 2108 4197 gratiae
2139 4132 2255 4189 est,
2282 4139 2388 4177 non
2416 4123 2756 4178 meritorum.
2781 4120 3083 4176 Excaecatio
3113 4133 3242 4174 vero
3278 4118 3498 4173 merito-

319 4215 483 4271 Vens.
505 4216 591 4272 19.
613 4246 685 4257 -
713 4215 819 4272 Sed
850 4216 966 4270 dico
997 4214 1286 4286 :Nunquid
1331 4214 1521 4271 Israel.
1568 4212 1824 4269 Probavit
1923 4232 2044 4272 rum
2077 4224 2178 4272 est.
2214 4213 2480 4269 Excaecati
2523 4213 2667 4268 enim
2703 4221 2858 4278 sunt,
2902 4211 3030 4282 quia
3061 4210 3283 4265 credere
3311 4207 3502 4262 nolue-

241 4319 438 4359 omnes
457 4304 714 4371 audiisse.
736 4312 792 4360 et
816 4305 891 4359 ita
914 4302 1127 4359 Iudaeos
1148 4304 1403 4359 audiisse.
1429 4302 1535 4359 Sed
1556 4303 1682 4373 quia
1707 4318 1826 4373 pos-
1921 4318 2081 4376 runt,
2109 4309 2251 4364 sicut
2275 4306 2347 4362 illi
2379 4306 2506 4376 quia
2533 4305 2846 4371 voluerunt,
2888 4302 3248 4359 crediderunt.
3288 4299 3502 4355 Miseri-

243 4403 371 4450 εθηι
397 4403 453 4450 εί
473 4395 687 4451 audisse
712 4403 766 4449 ει
793 4411 899 4450 ηοη
921 4394 1260 4465 οοῧηονίεεθν
1283 4391 1516 4448 animi“
1540 4408 1634 4450 €05
1655 4392 1822 4473 “iam
1921 4401 2106 4459 cordia
2138 4400 2302 4472 igitur
2327 4397 2667 4478 etjudicium
2697 4397 2750 4451 in
2790 4395 2921 4466 ipsis
2957 4392 3325 4451 voluntatibus
3356 4391 3501 4446 facta

244 4489 583 4560 cognovisse.
621 4487 891 4559 Cognovit.
918 4486 1088 4542 Israel
1128 4486 1326 4540 dicitur
1359 4485 1676 4554 cognovisse
1706 4485 1820 4539 'do-
1921 4498 2048 4547 sunt
2093 4506 2124 4545 ει
2170 4490 2314 4554 Deo,
2361 4487 2466 4542 illis
2515 4485 2600 4541 vel
2647 4499 2745 4555 per
2790 4482 3220 4540 misericordiam
3269 4480 3502 4551 gratiam

244 4581 478 4635 ctrinam
501 4578 775 4651 Evangelii
797 4588 852 4633 et
878 4577 1169 4632 adventum
1197 4575 1422 4640 Christi,
1448 4576 1575 4646 quia
1607 4582 1822 4630 contra-
1847 4612 1898 4674 υ
1923 4587 2226 4652 apponente
2245 4621 2259 4645 ,
2296 4579 2440 4649 ipsos
2467 4591 2594 4632 vero
2623 4591 2721 4647 per
2762 4575 3028 4646 judicium
3067 4572 3333 4630 θχοωωιιί
3377 4585 3500 4640 per.

244 4668 433 4724 dicere
462 4684 570 4723 non
606 4668 782 4738 potuit
821 4669 1030 4723 ratione
1069 4665 1153 4722 vel
1190 4664 1543 4729 allelorime;
1583 4665 1676 4720 sed
1710 4679 1819 4719 non
1849 4663 1891 4674 ’⁷
1924 4673 2191 4728 mittente.
2225 4670 2542 4738 Quicunque
2570 4667 2714 4723 enim
2738 4682 2862 4722 cum
2889 4663 3249 4720 intellexisset
3278 4663 3501 4717 credere

240 4774 375 4815 Vere
422 4759 704 4831 cognovit.
733 4766 794 4812 ιιι
831 4757 998 4812 πιθηιὶ
1046 4771 1232 4811 eorum
1277 4755 1414 4810 bene
1459 4754 1689 4810 sederet
1736 4753 1818 4807 Αά
1923 4761 2122 4828 noluit,
2160 4762 2215 4816 id
2242 4761 2403 4816 debet
2431 4758 2689 4828 consequi
2726 4757 2871 4828 quod
2894 4755 3042 4820 vult,
3085 4753 3294 4810 scilicet
3327 4769 3394 4808 ne
3433 4753 3502 4808 de

242 4849 653 4907 temulationem.
680 4849 885 4904 Invidia
909 4846 1106 4902 Judaeis
1144 4857 1245 4912 est,
1269 4845 1394 4900 dum
1421 4852 1608 4914 gentes
1629 4859 1816 4899 eorum
1923 4859 2120 4908 cgetero
2149 4849 2318 4921 possit
2347 4849 2586 4904 credere.
2627 4847 2686 4902 ln
2718 4845 2997 4902 voluntate
3035 4857 3164 4916 ergo
3201 4859 3296 4898 sua
3333 4843 3498 4911 adjuti

241 4943 421 4997 Deum
450 4955 604 4998 suum
635 4941 836 5006 dicunt,
868 4949 924 4995 et
946 4937 1330 5010 promissiones
1353 4945 1407 4992 et
1432 4935 1603 5008 legem
1629 4949 1819 4991 eorum
1924 4951 2070 5008 sum,
2107 4959 2211 4998 ηου
2242 4941 2484 4997 immissa
2517 4939 2742 5005 malitia,
2768 4941 2862 4994 sed
2889 4937 3167 4994 deferente
3203 4938 3407 5008 gratia;
3443 4946 3522 5001 ιιι⁵

243 5045 305 5088 et
330 5033 621 5104 prophetas
643 5033 712 5086 ad
732 5047 791 5088 se
809 5031 1100 5102 pertinere.
1127 5029 1196 5084 In
1216 5045 1318 5083 non
1335 5038 1556 5099 gentem.
1580 5025 1822 5082 Gentiles

243 5141 359 5180 non
394 5125 544 5194 prius
587 5123 901 5180 dicebantur
939 5136 1073 5193 gens
1115 5128 1331 5185 sancta,
1381 5119 1506 5189 quia
1550 5118 1667 5173 sine
1705 5117 1824 5187 lege

244 5227 441 5285 erant;
466 5218 550 5273 vel
565 5217 720 5272 modo
741 5231 847 5270 non
869 5229 1020 5286 gens,
1046 5213 1171 5284 quia
1196 5228 1301 5267 non
1323 5209 1594 5282 gentiliter
1611 5210 1816 5263 vivunt.

244 5309 319 5364 In
349 5321 550 5379 gentem
572 5308 916 5378 insipientem.
941 5305 999 5360 ln
1029 5305 1080 5359 id
1113 5311 1213 5368 est,
1235 5310 1423 5358 contra
1453 5308 1668 5372 gentem
1689 5299 1823 5354 insi-

243 5400 508 5470 pientem,
538 5399 592 5454 id
613 5406 697 5454 est
720 5406 908 5455 contra
935 5395 1162 5468 gentiles
1185 5393 1278 5465 qui
1305 5393 1474 5447 Deum
1504 5406 1692 5447 verum
1716 5407 1822 5445 non

248 5499 534 5546 noverant.

329 5580 489 5637 Vens.
521 5581 611 5638 2i.
635 5612 703 5621 —
732 5580 864 5635 Tota
890 5579 994 5633 die.
1027 5577 1165 5633 Toto
1192 5585 1431 5646 tempore
1459 5591 1566 5646 quo
1589 5590 1711 5630 cum
1745 5574 1826 5630 eis

249 5685 620 5730 commoratus
645 5689 762 5730 sum
783 5714 797 5738 ,
822 5680 876 5727 et
903 5670 1159 5727 mundum
1202 5669 1499 5724 illuminavi
1519 5710 1534 5734 ,
1573 5683 1734 5737 opera
1771 5676 1828 5723 et

247 5765 479 5820 allectus
500 5766 673 5837 ample
693 5766 901 5820 ostendi
918 5763 1148 5828 Judaeis;
1171 5761 1254 5817 vel
1271 5763 1322 5816 in
1336 5769 1488 5831 parte
1510 5761 1613 5816 diei
1639 5760 1820 5826 totius,

245 5856 310 5915 in
339 5873 498 5914 cruce
528 5856 756 5932 expandi
783 5871 974 5913 manus
1000 5869 1180 5923 meas,
1199 5865 1303 5912 etc.
1338 5850 1585 5925 Expandi
1615 5868 1820 5908 manus.

1925 5033 2051 5104 quia
2081 5034 2311 5089 scientes
2338 5045 2558 5095 verum,
2596 5030 2850 5085 dicebant
2884 5042 3005 5084 esse
3040 5025 3257 5090 falsum,
3301 5022 3367 5078 de
3395 5036 3500 5076 cae-

1928 5133 2046 5179 tero
2073 5139 2180 5178 non
2206 5121 2564 5192 intelligerent
2588 5119 2731 5189 quod
2767 5133 2953 5173 verum
2976 5128 3078 5174 est.
3109 5116 3222 5172 Hoc
3259 5121 3499 5171 meretur

1928 5214 2128 5270 invidia
2154 5213 2306 5268 malae
2329 5211 2639 5276 voluntatis,
2662 5225 2767 5265 non
2789 5211 2863 5266 ita
2886 5217 2971 5266 est
2999 5210 3067 5266 de
3085 5209 3170 5265 bis
3195 5208 3287 5280 qui
3310 5219 3498 5262 errore

1926 5305 2030 5360 hoc
2057 5312 2239 5374 agunt.

1997 5393 2160 5448 Vens.
2191 5391 2495 5449 8.—-Dedit
2527 5390 2634 5446 illis
2658 5391 2897 5462 spiritum
2927 5388 3357 5461 compunctionis.
3383 5385 3498 5441 Ma-

1927 5486 2030 5543 lam
2085 5485 2556 5555 compunctionem
2598 5485 2700 5538 ho‘c
2746 5483 2955 5554 signat,
2990 5481 3116 5552 quia
3154 5495 3296 5551 saepe
3339 5478 3399 5532 ﬁt
3438 5485 3498 5531 ut

1927 5578 2088 5633 etiam
2129 5577 2328 5630 bonum
2393 5576 2464 5631 sit
2502 5576 2705 5630 homini
2757 5575 3078 5640 molestum,
3113 5584 3173 5628 ut
3210 5571 3495 5628 Pharisaeis

1923 5669 2168 5723 doctrina
2203 5666 2438 5732 Christi;
2474 5675 2528 5720 et
2558 5667 2636 5722 sic
2665 5666 2913 5736 spiritum
2942 5663 3368 5735 compunctionis
3404 5675 3498 5729 ap-

1922 5760 2085 5830 pellat
2112 5767 2346 5816 mcntem
2386 5759 2712 5815 invidentem
2732 5798 2747 5827 ,
2777 5773 2883 5828 qua
2909 5756 3214 5812 inviderunt
3240 5753 3497 5809 doctrinae

1919 5853 2142 5910 Christi.
