3958 6314
472 352 579 411 507

977 350 1373 435 WALAFRIDI
1409 338 1658 409 STRABI
1696 352 1902 412 FULD.
1943 352 2113 413 MON.
2153 352 2306 411 OPP.
2345 350 2528 409 PARS
2565 351 2607 407 ι.
2646 380 2716 392 -
2750 349 3209 407 THEOLOGICA.

3642 343 3750 401 508

544 467 719 542 Usque
740 470 797 522 in
825 467 1136 524 hodiernum
1162 470 1321 524 diem.
1363 469 1421 526 Id
1456 478 1556 536 est,
1588 472 1825 541 quandiu
1860 474 2063 544 poterit
2087 477 2139 539 Α
2163 473 2279 544 ptio
2306 486 2493 527 eorum
2521 471 2626 528 erit
2664 470 2894 525 multum
2922 471 3103 536 utilis;
3136 482 3301 541 quam
3318 480 3389 522 ne
3405 464 3601 522 dicatis
3625 472 3758 534 gen'

472 561 578 617 dici
607 561 903 616 hodiernus
922 560 1061 628 dies,
1088 560 1140 616 id
1166 569 1250 616 est
1271 576 1442 632 usque
1463 561 1516 617 in
1542 570 1870 633 prtesentem
1894 563 2060 631 diem,

472 655 717 709 omnium
744 652 810 709 ad
833 669 968 723 quos
992 653 1095 709 hoc
1120 654 1379 723 scriptum
1408 655 1706 725 perveniet.

549 747 707 802 Vsus.
752 745 803 803 9.
833 777 905 788 —
936 744 1141 802 Mensa.
1186 742 1242 802 Id
1271 756 1354 802 est
1388 744 1668 818 Scriptura
1709 765 1721 802 :
1762 763 1964 813 eorum,
2009 746 2065 802 id

470 852 698 911 estqua:
727 840 858 912 ipsis
884 840 1061 911 primo
1086 840 1266 895 oblata
1295 848 1400 906 est,
1424 849 1478 896 et
1503 857 1681 895 coram
1709 841 1836 912 ipsis
1866 841 2061 912 posita,

470 932 594 1001 quia
625 932 680 987 in
704 932 822 1003 ejus
850 932 1165 989 carnalibus
1193 932 1662 988 observationibus
1690 932 2061 999 delectantur;

472 1019 573 1084 vel,
613 1037 789 1074 coram
820 1022 923 1087 eis,
953 1021 1081 1092 quia
1119 1021 1165 1076 si
1203 1022 1470 1077 rationem
1504 1021 1704 1078 vellent
1744 1023 2061 1088 attendere,

472 1116 695 1179 possent
739 1108 1064 1183 intelligere.
1096 1113 1164 1165 In
1192 1110 1473 1183 laqueum,
1515 1120 1619 1167 etc.
1664 1111 1818 1167 Sicut
1854 1112 2064 1183 seipsos

472 1211 683 1259 acetum
714 1202 845 1259 mihi
876 1202 1229 1271 obtulerunt,
1262 1205 1342 1260 sic
1380 1205 1473 1259 fiat
1510 1205 1639 1276 ipsis
1679 1204 1939 1276 iniquitas
1980 1205 2063 1259 la-

472 1308 671 1364 queus,
700 1295 828 1365 quia
866 1295 1209 1367 iniquitatem
1238 1304 1538 1361 noverunt,
1570 1306 1624 1352 et
1645 1295 1700 1351 in
1724 1311 1787 1351 ea
1810 1297 2065 1366 perstite-

474 1397 615 1442 runt.
650 1384 719 1442 In
746 1387 1014 1460 laqueum,
1039 1397 1145 1445 etc.
1180 1388 1459 1460 Scriptura
1491 1404 1611 1461 quas
1643 1388 2068 1461 intelligentibus

472 1490 557 1534 est
591 1479 773 1552 panis,
804 1479 1061 1552 illaqueat
1114 1481 1241 1535 dum
1270 1480 1409 1537 male
1448 1480 1765 1553 intelligitur
1792 1489 1847 1536 et
1877 1495 1976 1551 pro
1999 1494 2066 1536 ea

475 1570 788 1641 praedicatio
828 1568 1031 1628 Christi
1083 1570 1379 1644 respuitur.
1423 1571 1556 1627 item
1602 1570 1883 1642 Scriptura
1931 1570 2066 1641 legis

476 1658 577 1714 fuit
603 1677 769 1716 causa
800 1662 1153 1734 captivitatis,
1182 1664 1309 1719 dum
1332 1661 1447 1717 zelo
1476 1663 1592 1733 ejus
1613 1661 1890 1719 Christum
1916 1663 2063 1718 occi-

474 1751 708 1820 derunt,
742 1763 797 1808 et
821 1754 875 1809 in
907 1754 995 1810 illa
1031 1755 1345 1826 captivitate
1383 1755 1485 1811 fuit
1514 1771 1678 1813 causa
1705 1758 1786 1812 eis
1822 1755 2062 1811 scandali

2168 564 2291 620 tiles
2320 580 2425 619 non
2449 577 2610 634 posse
2639 562 2777 629 ﬁeri,
2814 562 2969 632 quasi
2995 570 3165 616 totum
3194 572 3364 631 genus
3391 557 3462 612 sit
3496 555 3759 627 repudia-

2166 661 2282 711 tum
2314 696 2328 720 ,
2360 656 2483 711 dico
2522 655 2665 726 quod
2696 654 2741 708 si
2778 653 3035 709 delibatio
3058 694 3074 718 ,
3123 652 3176 707 id
3221 659 3306 706 est
3346 648 3505 720 pauci
3542 648 3615 702 de
3664 645 3763 700 illis

2168 747 2452 817 assumpti,
2479 754 2537 801 ut
2567 745 2796 817 apostoli
2830 756 2885 801 et
2913 745 3003 799 alii
3029 744 3278 815 discipuli
3307 751 3433 799 sunt
3464 739 3673 795 sancti.
3703 736 3763 790 Et

2168 854 2365 893 massa.
2391 836 2448 893 Id
2469 845 2573 905 est,
2601 852 2774 910 genus
2801 843 2981 907 potest
3008 833 3360 891 sanctiﬁcari.
3397 832 3468 887 Et
3499 831 3548 885 si
3586 829 3761 882 radis.

2166 928 2224 985 1d
2251 939 2336 984 est
2356 929 2699 999 patriarchaa,
2728 944 2759 983 a
2786 929 2982 999 quibus
3010 926 3343 983 contrahunt
3368 922 3542 979 sancti
3572 922 3768 977 humo-

2170 1032 2286 1075 rem
2311 1018 2457 1076 ﬁdei.
2481 1020 2549 1075 Et
2572 1021 2726 1075 rami.
2751 1019 2854 1088 Qui
2879 1019 2945 1075 de
2966 1033 3154 1076 eorum
3180 1031 3381 1089 genere
3401 1017 3771 1071 excreverunt

2169 1109 2227 1167 in
2255 1125 2443 1166 eorum
2472 1109 2579 1167 ﬂde
2608 1110 2835 1166 fundati.

2240 1203 2407 1260 Vsus.
2454 1206 2541 1260 l7.
2570 1236 2643 1245 —
2670 1202 2803 1260 Cum
2852 1203 3077 1259 oleaster
3111 1219 3249 1258 esses
3273 1244 3289 1269 ,
3338 1202 3573 1256 insertus
3598 1239 3614 1265 ,
3664 1206 3765 1253 etc.

2168 1297 2453 1372 (ANSELI.)
2484 1298 2775 1355 Videamus
2800 1297 3257 1368 quemadmodum
3280 1303 3336 1351 et
3364 1294 3481 1365 ipse
3502 1291 3771 1348 Dominus

2167 1390 2498 1460 pramuntiet
2521 1389 2871 1445 insertionem
2896 1387 3120 1445 oleastri
3145 1396 3201 1443 et
3235 1386 3559 1442 fractionem
3592 1396 3765 1438 ramo-

2169 1488 2433 1556 runth'etc.
2446 1525 2460 1549 ,
2476 1499 2639 1553 usque
2656 1485 2725 1537 ad
2741 1483 2885 1553 quod
2898 1481 3159 1537 Dominus
3172 1480 3422 1551 praedixit
3436 1477 3749 1535 faciendum

2242 1570 2451 1627 Socius.
2492 1571 2549 1625 In
2597 1586 2693 1641 spe
2719 1570 3136 1642 promissionis:
3177 1569 3281 1625 hoc
3309 1576 3501 1623 contra
3530 1579 3767 1624 morem.

2167 1661 2316 1717 Bona
2343 1662 2487 1718 enim
2519 1662 2683 1718 arbor
2711 1662 2767 1718 in
2791 1677 2899 1718 non
2924 1662 3124 1718 bonam
3150 1660 3321 1717 inseri
3345 1658 3506 1725 solet,
3536 1658 3636 1714 hic
3668 1671 3771 1713 non

2168 1751 2309 1808 bona
2336 1755 2390 1809 in
2422 1755 2639 1810 bonam.

473 1852 526 1898 et
551 1844 849 1916 opprobrii,
882 1855 937 1902 et
964 1855 1087 1920 post
1111 1847 1217 1904 erit
1248 1863 1409 1904 causa
1438 1857 1656 1904 aeternae
1683 1849 2065 1915 damnationis,
2095 1839 2145 1907 Β
2245 1842 2409 1898 VERS-
2442 1844 2528 1900 18.
2559 1842 2688 1897 Noli
2713 1842 2954 1915 gloriari,
2976 1850 3086 1899 etc.
3117 1841 3402 1914 (Ausum)
3435 1838 3649 1896 Gentes
3664 1837 3772 1908 iam

473 1950 594 2005 quae
618 1937 929 2006 specialiter
955 1938 1241 1995 retributio
1262 1939 1357 1994 Dei
1388 1939 1607 1995 dicitur.

546 2027 713 2084 Vens.
747 2029 832 2085 10.
860 2060 930 2071 -—-
960 2028 1319 2086 Obscurentur
1360 2030 1518 2087 oculi.
1559 2031 1696 2102 Quia
1735 2032 1852 2088 sine
1899 2046 2065 2087 causa

476 2132 583 2172 non
613 2118 889 2188 viderunt,
925 2120 1017 2175 ﬁat
1038 2120 1119 2177 eis
1145 2138 1251 2178 non
1275 2121 1481 2177 videre.
1515 2120 1875 2178 Obscurentur
1902 2120 2062 2176 oculi.

476 2204 604 2263 Hrec
626 2212 794 2267 verba
821 2228 929 2268 non
957 2214 1196 2284 optantis
1224 2221 1372 2281 voto,
1395 2213 1489 2270 sed
1519 2212 1861 2287 praedicentis
1892 2212 2069 2269 ollicio

479 2297 753 2355 dicuntur.

552 2385 716 2446 Vens.
750 2390 836 2449 ﬂ.
866 2424 935 2434 —
964 2392 1096 2450 Dico
1118 2412 1260 2467 ergo,
1285 2392 1561 2467 Nunquid.
1586 2393 1721 2463 Quia
1751 2394 1872 2451 dico
1897 2411 2072 2452 exca-

480 2490 634 2536 catos
658 2485 985 2542 auctoritate
1011 2488 1425 2558 prophetarum,
1459 2487 1663 2557 putatis
1694 2485 1838 2558 quod
1866 2486 2073 2542 irrecu-

477 2573 793 2657 perabiliter
827 2583 884 2631 et
915 2576 1035 2634 sine
1071 2576 1304 2633 utilitate
1333 2576 1685 2634 ceciderunt?
1712 2576 1868 2648 quasi
1902 2577 2071 2646 dicat,

480 2683 608 2723 non.
648 2666 756 2725 Sed
778 2686 940 2731 casus
965 2688 1152 2729 eorum
1179 2673 1435 2744 prodest,
1475 2679 1531 2728 et
1560 2680 1789 2743 possunt
1822 2670 2072 2737 restitui,

482 2776 550 2817 ne
578 2763 701 2833 quis
721 2779 816 2820 eos
837 2764 1121 2836 despiciat.

557 2852 814 2923 Nunquid
839 2856 914 2909 sic
941 2856 1271 2926 olfenderunt
1296 2897 1313 2924 ,
1347 2865 1403 2911 ut
1434 2854 1717 2911 caderent?
1745 2853 1927 2927 (Aue.)
1960 2852 2075 2910 Hoc

483 2955 591 2995 non
623 2942 745 2999 ideo
772 2944 905 3000 dicit
933 2946 1060 3016 quia
1104 2961 1213 3001 non
1253 2946 1598 3009 ceciderunt,
1636 2953 1741 3000 etc.
1763 2985 1778 3010 ,
1816 2961 1978 3016 usque
2006 2944 2076 2999 ad

486 3034 579 3088 sed
605 3033 778 3106 magis
804 3044 1031 3092 caveant
1059 3051 1128 3091 ne
1154 3037 1280 3092 dum
1309 3035 1649 3108 superbiant,
1678 3036 1895 3093 cadant.

562 3125 744 3183 Salus.
782 3127 921 3185 Dum
963 3129 1121 3186 divisi
1165 3144 1263 3201 per
1302 3130 1567 3201 mundum
1603 3128 1657 3184 in
1704 3129 2074 3185 testimonium

2169 1932 2224 1989 in
2267 1933 2545 1989 Christum
2575 1934 2861 1990 credentes
2888 1933 3171 2005 erigebant
3207 1947 3267 1988 se
3296 1940 3491 1987 contra
3528 1927 3771 1994 ludam,

2171 2026 2295 2095 quia
2327 2025 2716 2082 cruciﬂxerant
2739 2025 3019 2083 Christum
3036 2067 3052 2094 ,
3077 2040 3203 2083 cum
3226 2034 3280 2082 et
3307 2025 3374 2081 de
3400 2024 3536 2095 ipsis
3562 2022 3774 2077 veniret

2171 2119 2308 2176 alius
2333 2120 2514 2191 paries
2545 2120 2613 2175 ad
2640 2120 2951 2192 angularem
2974 2119 3237 2192 lapidem,
3272 2128 3328 2175 et
3360 2119 3485 2174 ideo
3524 2113 3775 2188 reprimit

2175 2212 2293 2269 illas
2323 2213 2630 2285 Apostolus.
2671 2210 2821 2281 Noli,
2852 2213 3121 2285 inquiens,
3145 2212 3381 2284 gloriari,
3413 2220 3546 2275 etc.,
3575 2210 3637 2265 id
3662 2218 3770 2274 est,

2180 2323 2285 2363 non
2314 2322 2373 2363 es
2400 2306 2609 2363 stabilis
2633 2307 2678 2363 si
2706 2305 2828 2362 illos
2853 2322 2950 2379 per
2974 2322 3110 2378 quos
3132 2315 3245 2361 stas
3273 2305 3529 2360 destruis.

2245 2396 2407 2454 Vens.
2443 2399 2531 2454 l9.
2556 2428 2630 2439 —
2656 2398 2802 2453 Dicis
2824 2415 2945 2469 ergo
2978 2397 3157 2468 fracti.
3184 2395 3349 2464 Quasi
3382 2396 3527 2451 dicat
3555 2412 3571 2449 :
3600 2394 3649 2449 si
3672 2407 3772 2447 non

2174 2497 2362 2544 contra
2395 2496 2623 2556 stantes,
2670 2497 2847 2545 tamen
2879 2499 3069 2545 contra
3106 2502 3201 2544 eos
3241 2487 3368 2543 licet
3404 2486 3662 2557 gloriari,
3687 2485 3773 2556 qui

2176 2594 2341 2635 causa
2390 2578 2706 2635 insertionis
2744 2594 2878 2634 mea:
2908 2578 3109 2650 repulsi
3150 2585 3315 2644 sunt;
3348 2578 3495 2648 quod
3523 2583 3774 2633 removet

2175 2667 2500 2740 Apostolus,
2534 2668 2650 2724 ita:
2681 2668 2829 2724 Bene
2877 2669 3051 2735 dicis,
3096 2670 3223 2738 quia
3264 2683 3453 2724 verum
3497 2677 3586 2723 est
3636 2664 3773 2737 quod

2178 2758 2338 2815 fracti
2377 2769 2507 2816 sunt
2533 2770 2754 2831 propter
2792 2759 3259 2826 incredulitatem;
3300 2768 3355 2814 tu
3401 2768 3517 2815 stas
3550 2758 3694 2826 nde,
3725 2758 3773 2813 id

2178 2862 2265 2907 est
2294 2869 2403 2909 non
2428 2851 2624 2908 merito
2660 2860 2775 2918 tuo,
2805 2853 2899 2908 sed
2923 2852 3097 2923 gratia
3132 2851 3257 2917 Dei;
3288 2861 3343 2907 et
3372 2851 3498 2907 ideo
3524 2851 3645 2906 noli
3685 2865 3773 2905 su-

2180 2945 2414 3016 perbire,
2439 2958 2507 2999 ne
2528 2952 2582 2999 et
2609 2954 2667 2999 tu
2706 2943 2976 3016 frangaris
2995 2960 3095 3017 per
3120 2944 3449 3015 superbiam,
3492 2954 3551 2999 ut
3580 2945 3659 3000 illi
3686 2958 3776 3016 per

2182 3034 2636 3091 incredulitatem.
2668 3030 2784 3090 Non
2812 3050 2873 3092 es
2904 3035 3139 3102 stabilis,
3166 3036 3208 3091 si
3240 3051 3340 3107 per
3368 3045 3654 3106 quosrstas
3690 3037 3775 3092 de-

2182 3129 2367 3185 struis.
2396 3128 2576 3185 Facile
2598 3130 2890 3202 decipitur,
2916 3131 3009 3203 qui
3030 3131 3224 3185 alienis
3251 3130 3411 3185 malis
3441 3129 3672 3202 gaudet.

484 3226 612 3275 sunt
641 3233 747 3273 non
784 3217 940 3279 (ictas
973 3219 1037 3279 de
1076 3198 1294 3277 Christo
1331 3235 1452 3275 esse
1481 3198 1813 3293 prophetias.
1847 3215 1914 3274 Ut
1950 3219 2073 3275 illos
2099 3208 2147 3281 C
2249 3220 2416 3281 Vsus.
2437 3222 2527 3280 20.
2546 3254 2617 3266 -
2639 3198 2775 3279 Fide
2796 3198 3049 3280 stas.‘Dei
3069 3231 3151 3280 est
3183 3198 3511 3279 beneﬁcium
3539 3224 3695 3291 quod
3722 3233 3775 3279 tu

474 3309 818 3366 ‘atmulentur.
868 3306 1055 3369 Potest
1106 3312 1184 3368 sic
1219 3311 1391 3384 accipi
1436 3320 1537 3366 :ut
1577 3308 1747 3366 Judaei
1794 3309 2077 3367 imitentur

484 3399 715 3470 gentiles
753 3401 808 3456 in
844 3401 1008 3458 bono.
1050 3398 1165 3458 Hoc
1202 3418 1341 3473 saepe
1376 3400 1578 3457 factum
1620 3409 1732 3465 est,
1776 3410 1830 3456 et
1866 3401 2077 3472 plenius

485 3488 579 3546 ﬁet
604 3490 659 3546 in
682 3489 788 3548 line
810 3492 992 3548 muli
1007 3534 1023 3558 ,
1050 3493 1269 3564 quando
1293 3491 1462 3549 Judaei
1485 3490 1826 3548 Christianos
1846 3506 2078 3562 sequen-

485 3587 575 3634 tur
606 3580 661 3635 in
684 3580 790 3636 line
813 3580 1034 3637 Christi.
1068 3580 1220 3638 Tunc
1257 3584 1402 3638 enim
1431 3597 1623 3636 manus
1652 3580 1818 3653 Moysi
1851 3597 2074 3639 revoca-

484 3669 633 3724 bitur
670 3670 726 3726 in
762 3671 944 3727 sinum
972 3713 987 3737 ,
1028 3680 1157 3728 tunc
1195 3672 1407 3745 Moyses
1445 3683 1630 3729 noster
1668 3682 1969 3730 revertetur
2007 3675 2076 3731 ad

486 3770 719 3816 matrem
748 3771 805 3818 et
824 3762 891 3819 ad
915 3762 1134 3819 fratres.
1166 3764 1353 3822 Potest
1373 3765 1541 3825 etiam
1578 3763 1835 3836 intelligi,
1866 3773 1926 3820 ut
1947 3780 2075 3837 gen-

489 3856 570 3905 tes
599 3847 813 3907 Judzeos
848 3853 1191 3920 aemulentur,
1222 3853 1273 3909 id
1308 3863 1394 3909 est
1426 3854 1669 3920 credant,
1711 3855 1851 3911 sicut
1885 3864 1940 3911 et
1974 3856 2075 3927 ipsi

490 3939 807 3997 credebant.
840 3932 1001 3997 Velut
1028 3950 1221 4014 gentes
1249 3941 1344 3999 Dei
1372 3942 1710 4001 aemulatione
1739 3945 1885 4001 circa
1911 3958 2076 4016 opera

486 4027 797 4087 Iudaeorum
825 4030 965 4088 mala
992 4041 1334 4091 moveantur.

563 4142 724 4200 Vsus.
762 4145 945 4205 19..—
982 4144 1137 4214 Quod
1162 4148 1235 4214 si,
1260 4156 1366 4204 etc.
1402 4145 1565 4216 Quasi
1594 4147 1738 4204 dicat
1767 4165 1782 4202 :
1822 4146 1944 4205 Dixi
1982 4148 2075 4206 de-

486 4234 676 4293 lictum
698 4233 1008 4295 Judteorum
1044 4240 1335 4309 prodesse;
1366 4240 1511 4311 quod
1539 4239 1583 4296 si
1616 4247 1715 4303 est,
1751 4248 1878 4295 tunc
1901 4237 2078 4313 magis

487 4329 772 4387 conversio
795 4344 984 4387 eorum
1014 4332 1274 4401 proderit.
1306 4332 1515 4401 Quanto
1554 4335 1740 4403 magis.
1773 4330 1833 4388 Id
1874 4342 1991 4400 est,
2026 4334 2074 4390 si

482 4424 688 4481 malum
710 4439 905 4483 eorum.
918 4426 1083 4482 vertit
1108 4428 1249 4484 Deus
1271 4428 1326 4484 in
1353 4429 1571 4491 bonum,
1602 4426 1653 4480 id
1676 4434 1759 4481 est
1781 4424 1836 4481 in
1860 4426 2076 4483 divitias

492 4515 697 4582 mundi,
730 4516 900 4573 multo
929 4518 1102 4590 magis
1126 4519 1326 4574 bonum
1353 4531 1566 4580 eorum,
1596 4530 1717 4571 cum
1742 4515 1797 4573 in
1826 4515 1934 4573 line
1961 4516 2074 4588 ple—

488 4605 679 4662 nitudo
723 4621 912 4665 eorum
953 4623 1219 4664 conversa
1264 4606 1457 4665 ditabit
1501 4614 1688 4679 gentes
1728 4608 1976 4665 doctrina
2020 4616 2077 4665 et

490 4697 752 4766 exemplo.
792 4698 852 4755 In
882 4714 993 4769 quo
1015 4698 1253 4755 ostendit
1294 4711 1398 4754 nec
1435 4695 1719 4766 inutilem,
1744 4712 1845 4755 nec
1877 4698 2079 4756 irrecu-

491 4787 787 4856 perabilem
811 4803 1001 4845 casum
1025 4802 1241 4845 eorum.

564 4878 730 4935 Vsus.
766 4880 857 4935 l3.
902 4908 974 4923 --
1009 4878 1281 4950 Quendiu.
1328 4879 1613 4953 (Ausum)
1649 4881 1763 4937 Etsi
1801 4883 2077 4956 apostolus

493 4968 597 5025 sim
619 4969 887 5041 gentium,
910 4977 1093 5027 tamen
1115 4970 1484 5030 honoriﬁcam
1506 4973 1867 5031 ministerium
1889 4992 2081 5047 super-

495 5063 740 5119 addendo
766 5061 909 5117 ultra
933 5062 1035 5121 hoc
1072 5065 1217 5137 quod
1255 5065 1457 5133 debeo,
1496 5075 1556 5122 ut
1592 5066 1756 5123 etiam
1788 5067 1853 5122 de
1877 5066 2081 5125 Iudaeis

498 5152 738 5211 laborem
770 5162 1014 5223 tentans;
1036 5157 1084 5214 si
1116 5157 1221 5215 hac
1246 5173 1353 5217 non
1382 5158 1628 5217 succedit
1661 5159 1769 5225 via,
1796 5160 2083 5232 aggrediar

498 5241 601 5296 alia
624 5283 638 5307 ,
669 5245 813 5313 quod
852 5261 960 5302 non
986 5246 1254 5316 facerem,
1279 5250 1327 5305 si
1361 5250 1429 5306 de
1463 5249 1637 5305 salute
1676 5264 1862 5306 eorum
1886 5251 2080 5324 despe-

500 5348 700 5391 ΙὮΥΒΙΙΙ.

569 5427 809 5501 (ϐιιιιῖε.)
825 5428 1034 5487 Rursus
1061 5432 1205 5488 mala
1230 5432 1539 5502 suspicione
1572 5434 1811 5504 seipsum
1842 5434 2076 5492 liberare

500 5521 715 5591 satagit.
746 5523 971 5583 Videtur
1012 5532 1195 5581 autem
1232 5540 1328 5581 eos
1365 5526 1583 5596 quidem
1613 5529 1705 5598 qui
1734 5542 1802 5583 ex
1829 5529 2080 5599 gentibus

499 5624 689 5681 erant,
728 5615 1042 5688 obiurgare,
1106 5626 1421 5688 mentesque
1480 5620 1694 5677 illorum
1744 5620 2078 5693 humiliare;

498 5710 701 5766 sensim
725 5719 902 5769 tamen
928 5707 1173 5769 Judaeum
1199 5711 1439 5771 vellicat.

575 5800 735 5859 Vens.
769 5801 858 5858 l6.
889 5831 953 5851 -ι
980 5800 1205 5876 Ωαοάμὶ
1228 5802 1498 5860 delibatio.
1530 5804 1654 5863 Dixi
1680 5808 1829 5879 quod
1863 5826 2083 5875 assum.

2179 3324 2314 3381 stas,
2345 3333 2452 3372 non
2484 3324 2636 3371 tuum
2665 3318 2941 3373 meritum.
2980 3314 3087 3372 Sed
3116 3318 3260 3372 time.
3288 3312 3366 3370 Ne
3389 3325 3558 3371 tanta:
3585 3318 3776 3389 grati:

2178 3406 2499 3463 licueﬁcium
2526 3409 2770 3477 amittas,
2801 3418 2855 3467 et
2884 3409 2940 3463 in
2971 3407 3293 3479 supplicium
3320 3408 3552 3465 incidas.
3580 3409 3776 3466 Castus

2179 3502 2323 3557 enim
2353 3502 2515 3558 timor
2546 3512 2629 3559 est
2654 3516 2775 3559 cum
2807 3511 2965 3559 cavet
2998 3503 3177 3558 anima
3212 3517 3281 3559 ne
3319 3502 3463 3560 Deus
3494 3502 3654 3559 illam
3682 3502 3776 3560 de-

2178 3602 2362 3650 sertus
2391 3593 2629 3651 deserat.

2251 3684 2419 3744 Vsus.
2450 3686 2544 3743 ἓξ.
2576 3717 2645 3726 -
2684 3683 2743 3742 Si
2774 3687 3128 3758 permanseris
3153 3686 3207 3741 in
3233 3684 3484 3742 bonitate.
3514 3682 3575 3743 Si
3613 3686 3778 3758 digna

2178 3776 2273 3835 Dei
2301 3778 2640 3851 benignitate
2666 3787 2921 3850 operatus
2948 3778 3136 3847 fueris,
3162 3795 3338 3849 neque
3363 3779 3509 3835 enim
3538 3780 3642 3835 tibi
3668 3778 3779 3836 sola

2179 3868 2285 3929 ﬁde
2316 3884 2451 3942 Opus
2480 3879 2582 3926 est.
2623 3868 2964 3926 Severitatem
2998 3882 3170 3926 autem
3204 3869 3320 3925 Dei.
3358 3869 3513 3939 Quod
3542 3871 3633 3927 eis
3672 3885 3779 3927 non

2177 3963 2505 4036 pepercerit,
2526 3978 2591 4020 eo
2612 3962 2756 4035 quod
2780 3971 2993 4037 patrum
3016 3963 3219 4018 virtute
3241 3961 3494 4035 indignos
3520 3961 3683 4031 ipsos
3707 3964 3781 4018 in.

2178 4055 2412 4110 venerit.

2249 4146 2415 4203 Vsus.
2441 4142 2581 4200 24.-
2626 4141 2824 4200 Contra
2850 4153 3115 4199 naturam.
3144 4140 3353 4199 Dicitur
3376 4142 3433 4198 id
3454 4150 3665 4198 contra
3687 4156 3782 4198 na-

2176 4245 2354 4292 turam
2387 4237 2528 4308 quod
2553 4245 2636 4292 est
2655 4244 2843 4292 contra
2872 4236 3318 4293 consuetudinem
3360 4244 3599 4303 naturae,
3637 4246 3701 4292 ut
3734 4237 3781 4292 si

2176 4328 2421 4387 surculus
2443 4328 2678 4386 fructum
2700 4328 2896 4385 radicis
2918 4326 3073 4384 ferat.
3098 4328 3240 4384 Deus
3265 4336 3440 4384 tamen
3474 4328 3624 4383 nihil
3652 4345 3781 4385 eon-

2180 4432 2259 4481 tra
2286 4431 2536 4479 naturam
2565 4421 2714 4492 facit,
2747 4422 2873 4495 quia
2901 4422 2955 4478 id
2976 4432 3059 4479 est
3079 4430 3271 4478 natura
3300 4421 3441 4493 quod
3472 4421 3579 4477 iaci
3592 4433 3641 4478 t.
3671 4422 3782 4478 Oli-

2176 4532 2314 4572 vam.
2345 4513 2449 4571 Per
2473 4515 2669 4572 olivam
2700 4514 3018 4588 intelligitur
3037 4514 3126 4570 hic
3152 4514 3287 4570 ﬁdes
3306 4512 3550 4569 Patrum.

2222 4606 2415 4663 -Vcns.
2450 4605 2541 4662 25.
2568 4636 2639 4651 σ-
2666 4603 2806 4661 Nolo
2832 4606 2970 4660 enim
3005 4622 3091 4660 vos
3126 4604 3395 4676 ignorare,
3436 4612 3543 4658 etc.
3581 4604 3782 4675 (Αῦς.)

2176 4699 2338 4772 Legis
2358 4698 2704 4762 defensores,
2746 4696 2881 4768 legis
2918 4706 3276 4763 tractatores,
3311 4694 3443 4767 legis
3477 4693 3780 4762 doctores,

2177 4790 2315 4862 legis
2354 4789 2750 4855 intellectores,
2789 4796 3068 4843 auctorem
3103 4785 3239 4858 legis
3280 4783 3708 4841 crucilixerunt.
3738 4784 3781 4841 ο

2179 4883 2421 4941 caecitas!
2456 4882 2576 4952 Ipsa
2613 4890 2697 4936 est
2725 4895 2845 4952 qua:
2879 4895 2946 4935 ex
2978 4888 3135 4951 parte
3167 4877 3365 4935 cecidit
3396 4878 3448 4933 in
3476 4876 3682 4942 Israel,
3725 4885 3783 4935 ut

2179 4976 2587 5046 cruciﬁgeretur
2605 4974 2872 5039 Christus,
2896 4981 2952 5029 et
2965 4971 3243 5046 plenitudo
3254 4972 3493 5045 gentium
3515 4971 3775 5028 intraret.

2252 5069 2415 5125 Vsus.
2438 5070 2530 5125 26.
2552 5098 2621 5109 —
2651 5066 2997 5139 Impietntem.
3035 5064 3092 5123 Id
3124 5075 3209 5121 est
3242 5063 3650 5131 inﬁdelitatem,
3696 5079 3777 5123 vet

2178 5159 2370 5233 legalis
2397 5159 2758 5217 observantiae
2780 5157 3004 5214 cultum.
3037 5156 3225 5212 Cultus
3261 5156 3405 5212 enim
3449 5151 3774 5211 Iudaeorum

2180 5253 2251 5309 ab
2281 5252 2515 5308 adventu
2539 5248 2742 5307 Christi
2773 5248 2986 5321 cognito
3020 5255 3104 5303 est
3133 5246 3401 5319 impietas.

2250 5342 2398 5400 Vsus
2422 5340 2512 5396 27.
2543 5370 2614 5380 —
2646 5338 2939 5394 Abstulero.
2992 5335 3106 5393 Hoc
3146 5337 3251 5391 erit
3297 5334 3351 5391 in
3391 5334 3500 5391 line
3545 5334 3778 5405 quando

2182 5433 2565 5506 praedicatione
2614 5431 2743 5486 Elia;
2780 5439 2834 5485 et
2887 5429 3072 5485 Enoch
3126 5437 3510 5485 convertentur
3555 5425 3776 5495 Judzci,

2182 5532 2321 5589 unde
2353 5546 2451 5603 per
2477 5529 2792 5585 Malacltiam
2820 5546 2832 5582 :
2863 5526 3071 5581 Mittam
3100 5527 3241 5581 vobis
3267 5525 3440 5580 Etiam
3468 5520 3775 5579 Thesbiten

2178 5624 2271 5695 qui
2301 5632 2558 5678 convertet
2578 5620 2737 5674 corda
2758 5626 2967 5689 patrum
2991 5617 3060 5671 ad
3081 5616 3243 5687 ﬁlios,
3269 5629 3318 5671 et
3346 5616 3504 5670 corda
3524 5613 3778 5684 ﬁliorum

2182 5714 2254 5771 ad
2279 5725 2480 5788 patrem
2508 5711 2672 5785 (Hal.
2702 5710 2820 5783 tv);
2848 5717 2908 5764 ut
2938 5708 3238 5780 intelligant
3265 5707 3359 5765 lilii
3388 5718 3447 5766 ut
3469 5717 3687 5778 patres,
3720 5707 3778 5765 id

2185 5817 2273 5871 est
2313 5816 2374 5865 ut
2412 5807 2691 5882 prophetae
2710 5801 3127 5887 intellexerunt.
