3958 6314
168 354 278 419 κου

1142 334 1413 396 GLOSSA
1449 325 1851 395 OﬁDlNARlA.
1891 355 1959 366 -—
1995 320 2217 381 EPIST.
2257 320 2351 377 AD
2386 315 2555 376 ROM.

3335 301 3442 359 510

244 468 393 524 Vsus
429 461 521 521 28.
561 490 633 502 --
655 455 867 535 (Auc.)l
901 454 1203 513 Secundum
1247 448 1615 522 Evangelium,
1651 452 1757 501 etc.
1786 442 1843 504 Α
1865 438 2034 535 Eilius
2058 437 2196 508 ejus,
2226 436 2315 506 qui
2341 442 2396 489 et
2420 430 2656 503 Angelus
2678 424 2860 497 magni
2879 420 3091 535 consilii
3117 417 3439 495 appellatur.

169 557 271 617 Vel
299 557 376 613 ita
403 571 417 610 :
450 565 578 611 tunc
607 533 1082 612 converterentur;
1112 544 1207 601 sed
1228 543 1387 599 modo
1413 537 1615 595 inimici
1645 533 1764 607 qui-

171 653 299 709 dem
323 658 451 706 sunt
470 646 693 712 Christi,
724 654 780 701 et
800 643 1019 716 quidem
1042 639 1235 699 nostri.
1263 639 1462 694 lterum
1488 651 1554 691 ex
1581 648 1664 697 se,
1695 646 1766 686 ex

171 762 273 802 suo
304 741 513 800 scilicet
553 739 707 796 vitio.
734 737 841 795 Sed
861 736 964 793 hoc
988 744 1073 792 est
1093 732 1389 792 secundum
1412 724 1765 799 Evangelium

170 848 229 895 ct
255 846 480 911 propter
507 851 636 903 vos,
662 831 717 891 id
737 841 823 891 est
856 831 923 889 ad
949 829 1256 904 profectum
1285 823 1564 897 Evangelii
1593 831 1649 880 et
1678 837 1768 879 ve-

173 942 374 989 Strum.

249 1042 463 1099 Inimici
493 1048 723 1113 propter.
765 1037 1019 1097 Ostendit
1052 1036 1157 1093 hoc
1186 1050 1256 1091 ex
1288 1032 1389 1091 Dei
1415 1030 1769 1103 dispositione

174 1136 487 1207 provenire.
517 1135 597 1189 Ex
628 1149 689 1192 se
713 1134 857 1191 enim
896 1138 1122 1204 possunt
1152 1129 1444 1194 inimicari,
1469 1126 1616 1197 quod
1642 1139 1768 1196 pro-

178 1230 292 1286 ﬁcit
307 1230 616 1302 Evangelia,
636 1229 748 1285 Deo
762 1235 949 1285 utente
967 1225 1123 1283 malis
1135 1225 1203 1281 ad
1216 1225 1438 1289 bonum,
1462 1229 1524 1277 ut
1548 1235 1679 1279 cum
1691 1218 1772 1275 (aa

178 1322 333 1377 ciant
358 1330 549 1378 contra
573 1319 906 1379 voluntatem
944 1319 1041 1377 Dei
1070 1317 1361 1387 impleatur
1387 1312 1638 1370 voluntas
1675 1310 1771 1371 Dei

178 1412 681 1484 sapienteromnia
729 1412 1038 1483 disponens.
1082 1406 1311 1480 Propter
1352 1417 1547 1478 patres.
1596 1403 1772 1463 Electi

178 1513 312 1589 sunt
352 1504 536 1563 dilecti
585 1512 810 1576 propter
848 1511 1055 1574 patres,
1103 1501 1304 1573 quibus
1344 1501 1461 1556 haec
1500 1498 1772 1569 promissa

180 1586 353 1667 sunt;
390 1598 516 1670 quia
544 1612 654 1653 non
689 1605 816 1652 sunt
840 1595 1019 1653 vocati
1049 1608 1115 1653 ea
1150 1591 1435 1650 vocatione
1472 1604 1579 1659 qua
1619 1586 1774 1645 multi

182 1709 294 1750 non
319 1691 578 1764 praesciti,
603 1690 698 1760 qui
724 1696 906 1745 tamen
927 1694 1179 1759 pereunt,
1207 1685 1275 1741 de
1291 1696 1400 1755 qua
1425 1682 1631 1738 dictum
1653 1687 1770 1737 est:

185 1784 353 1841 Nulli
383 1792 505 1838 sunt
534 1782 739 1848 siccati,
762 1780 918 1850 pauci
943 1794 1064 1834 vero
1091 1776 1239 1833 electi
1265 1774 1467 1845 (Marc.
1501 1773 1640 1843 xx);
1677 1769 1776 1827 sed

185 1892 253 1936 ea
286 1892 397 1948 qua
449 1882 717 1933 vocantur
762 1872 942 1939 electi,
985 1887 1109 1943 qua:
1144 1878 1231 1927 est
1262 1869 1382 1925 sine
1424 1865 1773 1922 mutatione:

186 1970 321 2041 quia
347 1968 443 2038 qui
470 1968 678 2025 audita
712 1966 873 2023 Patre
899 1965 1047 2022 venit
1068 1964 1139 2020 ad
1161 1963 1377 2026 Filium,
1403 1961 1496 2032 qui
1521 1975 1631 2015 non
1653 1972 1780 2028 per-

188 2061 273 2119 dit
307 2060 604 2130 quidquam
644 2057 715 2115 de
751 2055 903 2113 omni
936 2057 1110 2121 dato;
1140 2052 1388 2124 quisquis
1430 2066 1563 2107 vero
1600 2048 1777 2119 perit,

186 2166 301 2209 non
345 2152 471 2207 inde
499 2150 632 2216 fuit;
663 2150 809 2206 unde
834 2167 849 2204 :
877 2147 1093 2204 Anchis
1122 2146 1389 2211 exierunt,
1410 2142 1500 2199 sed
1530 2157 1597 2198 ea:
1628 2139 1781 2196 nobis

189 2262 299 2301 non
317 2244 532 2315 [uerunt
562 2239 625 2313 (1
646 2240 810 2297 loca.
833 2240 920 2311 ιι).

263 2334 567 2390 Secundum
598 2334 899 2389 electionem
932 2341 981 2387 et
1006 2337 1221 2404 propter
1243 2338 1419 2401 patres
1452 2327 1642 2401 (Aug.,
1680 2324 1781 2380 lih.

188 2430 259 2489 de
288 2427 545 2492 Prtedest.
575 2445 721 2484 sane.
741 2468 758 2494 ,
782 2443 834 2483 c.
872 2425 987 2498 16.)
1020 2425 1161 2481 Sunt
1192 2423 1436 2481 salvandi
1473 2439 1490 2477 :
1530 2421 1659 2492 quia
1681 2419 1783 2475 do-

192 2532 291 2588 na,
323 2522 379 2577 id
401 2527 489 2577 est
503 2520 915 2593 promissiones,
943 2527 1079 2586 etc.,
1104 2531 1267 2588 usque
1301 2509 1373 2569 ad
1404 2513 1531 2584 quia
1557 2525 1656 2568 eos
1684 2509 1783 2566 do-

191 2613 315 2669 lore
338 2628 448 2669 non
471 2614 676 2670 vident.

270 2706 436 2765 Vsus.
482 2706 573 2763 δυ.
602 2736 674 2748 --
702 2706 855 2763 Sicut
891 2706 1051 2761 enim.
1085 2703 1143 2759 ld
1179 2709 1263 2758 est
1290 2714 1400 2772 qua
1442 2699 1656 2755 ratione
1688 2709 1788 2755 vos

191 2802 331 2859 olim
359 2801 612 2871 permisit
640 2801 784 2857 Dens
812 2812 923 2856 non
950 2798 1193 2863 credere,
1225 2794 1439 2851 scilicet
1464 2806 1539 2847 ne
1562 2798 1787 2847 causam

80 2886 89 2891 ’
193 2895 545 2966 superhiendi
570 2895 851 2951 haberetis
873 2902 1059 2965 postea
1089 2890 1360 2948 conversi.

268 2990 440 3048 Vens.
468 2990 560 3046 51.
588 3018 662 3033 -ο
699 2988 836 3045 Utet
876 2990 997 3061 ipsi.
1044 2987 1271 3059 Experti
1312 2999 1425 3041 non
1467 2997 1564 3054 per
1607 2980 1788 3051 legem

193 3099 326 3140 esse
352 3082 605 3149 salutem,
635 3082 732 3137 sed
758 3090 855 3151 per
875 3080 1105 3151 gratiam
1133 3097 1146 3133 :
1171 3086 1232 3133 ut
1254 3086 1311 3133 et
1337 3078 1417 3132 sic
1436 3088 1538 3145 per
1565 3070 1789 3128 humili~

195 3183 373 3231 tatem
403 3178 805 3243 consequentur
830 3168 1281 3226 misericordiam.

272 3263 443 3319 Vens.
472 3262 560 3318 52.
594 3294 663 3304 ——
692 3261 979 3318 Conclusit.
1012 3261 1071 3317 1d
1101 3269 1187 3316 est
1222 3258 1471 3330 permisit
1521 3252 1791 3312 concludi.

196 3357 310 3413 llic
333 3357 550 3413 videtur
573 3357 755 3428 aliquo
788 3357 949 3413 modo
979 3353 1296 3427 mysterium
1323 3362 1615 3422 exponere.
1652 3344 1795 3401 Con-

201 3450 364 3505 clusit
381 3451 521 3505 enim
546 3450 690 3506 Deus
718 3451 895 3505 omnia
926 3448 980 3504 in
1000 3446 1225 3518 inﬁdeli,
1255 3450 1314 3501 ut
1341 3445 1411 3500 de
1434 3440 1801 3497 amaritudine

204 3545 546 3604 inﬁdelitatis
574 3562 687 3602 suae
726 3545 1043 3618 paenitendo
1080 3541 1313 3608 confusi,
1345 3541 1414 3595 ad
1452 3536 1796 3595 dulcedinem

204 3640 602 3697 misericordia:
619 3640 716 3696 Dei
745 3638 1018 3696 credendo
1044 3634 1314 3702 conversi,
1339 3631 1659 3690 humiliores
1675 3642 1798 3700 per-

206 3744 518 3801 manerent,
554 3742 614 3790 ut
656 3742 712 3790 et
738 3735 910 3807 gratia
933 3729 1176 3789 muneris
1219 3736 1363 3785 esset
1383 3726 1717 3799 gratissima,
1744 3729 1801 3777 et

206 3825 555 3882 clamarent:
582 3826 757 3893 Quam
787 3843 979 3898 magna
1025 3820 1308 3879 multitudo
1331 3816 1627 3874 dulcedinis
1670 3824 1797 3881 tua},

208 3916 438 3972 Domine
468 3916 643 3990 (Psal.
708 3920 862 3991 xxx.)
887 3918 1156 3973 Omnium.
1184 3915 1241 3972 ld
1267 3924 1352 3970 est
1395 3910 1702 3968 Iudaeorum
1744 3918 1801 3966 et

208 4013 484 4083 gentium,
532 4029 642 4069 non
694 4013 840 4083 quod
866 4011 1073 4066 nullum
1120 4010 1485 4065 damnaturus
1514 4003 1618 4072 sit,
1655 4004 1803 4075 quod

208 4105 436 4176 quidam
470 4105 615 4173 falso
637 4105 842 4177 opinati
876 4110 1019 4161 sunt.

284 4201 452 4257 Vens.
485 4201 576 4257 55.
600 4228 671 4243 -—
700 4201 746 4257 0
770 4199 1027 4269 altitudo,
1067 4208 1174 4256 etc.
1209 4196 1554 4254 Pratmiserat
1583 4202 1807 4251 senten-v

213 4298 348 4353 tiam
392 4296 546 4351 mirae
580 4288 987 4365 profunditatis,
1022 4292 1179 4364 cujus
1221 4289 1610 4364 profunditatis
1638 4285 1804 4342 veluti

209 4392 449 4447 horrore
494 4390 777 4461 perculsus
801 4431 817 4456 ,
855 4388 1128 4445 exclamat
1155 4403 1185 4442 o
1215 4386 1461 4452 altitudo,
1497 4392 1606 4439 etc.
1638 4380 1809 4438 Valde

210 4485 362 4540 enim
387 4498 612 4555 parvum
643 4500 863 4541 sensum
904 4483 1171 4538 habemus
1202 4479 1268 4535 ad
1306 4468 1701 4534 discutiendam
1720 4475 1810 4547 ju-

1868 524 1975 585 Sed
2014 544 2079 584 ex
2106 526 2415 583 hominibus
2439 531 2494 580 et
2526 520 2731 594 angelis
2759 517 2937 574 nullus
2966 510 3071 571 fuit
3094 512 3147 571 ei
3185 509 3443 569 consilia-

1867 636 1999 677 TIUS.

1936 708 2103 769 Vsus.
2134 710 2224 766 55.
2274 740 2347 749 —
2376 706 2480 762 Aut
2508 704 2624 778 quis
2649 703 2811 776 prior.
2837 698 2953 757 Etsi
2983 696 3188 769 judicia
3212 692 3309 752 Dei
3338 704 3448 752 non

1866 808 2155 877 possumus
2177 798 2338 865 scire,
2364 797 2554 855 saltem
2579 795 2683 850 hoc
2704 798 2920 849 constat
2943 790 3086 863 quod
3110 804 3173 843 ex
3199 787 3312 843 Sola
3335 802 3453 859 gra-

1867 893 1941 947 tia
1972 888 2063 947 dat
2093 891 2254 955 bona,
2290 896 2345 943 et
2370 902 2476 942 non
2497 898 2564 941 ex
2588 882 2911 955 praecedenti
2940 881 3155 936 merito.

1942 982 2124 1056 (Auc.)
2151 980 2297 1036 Dens
2327 978 2538 1049 debitor
2559 975 2736 1031 factus
2764 981 2849 1029 est
2869 1014 2884 1040 ,
2913 984 3022 1028 non
3058 966 3263 1041 aliquid
3293 981 3323 1023 a
3357 981 3456 1021 no-

1868 1078 1954 1134 bis
1998 1073 2345 1145 accipiendo,
2376 1081 2507 1139 etc.,
2534 1086 2697 1142 usque
2736 1066 2804 1123 ad
2833 1072 2890 1122 et
2917 1066 3020 1122 hoc
3062 1073 3121 1120 tu
3161 1060 3339 1119 fecisti
3362 1059 3454 1131 qui

1870 1169 2181 1225 laborantes
2201 1164 2413 1237 iuvisti,
2444 1171 2549 1219 etc.

1945 1258 2212 1316 Vsus.56.
2235 1288 2307 1298 —
2334 1255 2595 1323 Quoniam
2620 1269 2684 1310 ea
2709 1253 2842 1324 ipso,
2869 1256 2975 1305 etc.
3002 1244 3109 1314 Ex,
3136 1261 3250 1318 per,
3276 1245 3352 1309 in,
3380 1240 3461 1295 di-

1873 1355 2219 1415 stinctionem
2269 1364 2624 1422 personarum
2680 1343 3093 1412 indicant;ipse
3134 1351 3263 1394 vero
3316 1333 3458 1390 idem

1873 1460 2173 1519 pronomen
2226 1420 2519 1513 repetitum
2548 1481 2563 1506 ,
2604 1428 2953 1519 identitatem
3001 1427 3357 1494 substantiae;
3405 1420 3463 1479 et

1876 1514 2003 1615 quia
2037 1538 2158 1595 talis
2185 1536 2284 1608 ipsi
2318 1534 2508 1607 gloria,
2538 1514 2642 1587 non
2667 1531 2831 1604 justis
2863 1528 3014 1600 ipsis.

1950 1602 2244 1706 (Auc.,lib.
2274 1602 2345 1682 de
2374 1624 2586 1681 Natura
2602 1602 2744 1689 boni,
2770 1637 2895 1692 cap.
2923 1612 3017 1686 27,
3049 1608 3137 1672 Ex
3162 1602 3458 1686 ipso.)Non

1879 1728 1944 1784 de
1962 1704 2092 1796 ipso
2134 1729 2260 1778 sunt
2287 1719 2466 1777 omnia
2488 1759 2502 1783 ,
2532 1727 2665 1783 etc.,
2707 1730 2869 1785 usque
2911 1711 2980 1766 ad
3010 1707 3221 1780 singula
3265 1704 3466 1760 horum

1803 1817 1854 1883 B
1880 1820 2042 1875 trium
2068 1814 2264 1872 referri
2299 1813 2367 1869 ad
2397 1810 2641 1882 singulos
2670 1805 2857 1885 voluit.

1952 1907 2164 1964 Omnia.
2197 1905 2331 1962 Cum
2362 1900 2666 1959 audivimus
2690 1884 2867 1953 omnia
2892 1910 3002 1949 esse
3024 1906 3090 1947 ex
3117 1890 3251 1954 Dso,
3277 1884 3467 1943 omnes

1879 2004 2067 2073 utique
2102 2007 2327 2054 naturas
2366 1993 2669 2064 intelligere
2700 1990 2992 2051 debemus,
3038 1970 3094 2038 et
3136 1978 3314 2036 omnia
3347 1984 3467 2046 qua

1878 2092 2201 2151 naturaliter
2242 2097 2390 2157 sunt;
2439 2099 2617 2157 neque
2640 2082 2785 2139 enim
2813 2095 2880 2135 ex
2911 2079 3029 2149 ipso
3073 2081 3200 2130 sunt
3242 2072 3468 2143 peccata

1854 2204 2001 2259 .quze
2030 2194 2283 2240 naturam
2303 2180 2522 2246 vitiant,
2551 2191 2673 2249 quas
2715 2188 2784 2230 ex
2809 2168 3088 2227 voluntate
3122 2159 3470 2239 peccantium

1884 2287 2200 2335 ηηεουηιυτ.

2474 2378 2725 2451 CAPUT,
2753 2376 2869 2434 xu.

1955 2546 2124 2603 Vsus.
2159 2542 2213 2598 1.
2240 2572 2310 2584 -
2338 2537 2567 2595 Obsecro
2604 2544 2719 2591 vos.
2760 2530 3054 2600 ﬂuensque
3092 2522 3225 2583 satis
3261 2527 3475 2577 utram-

1884 2655 1991 2714 que
2009 2644 2219 2710 partem
2243 2630 2569 2693 bumiliavit,
2596 2634 2652 2683 et
2672 2625 2899 2699 gloriam
2922 2622 2988 2677 de
3011 2615 3183 2690 priori
3207 2621 3351 2670 statu
3379 2624 3475 2664 an-

1885 2702 2124 2793 rima-vit,
2153 2725 2313 2782 modo
2342 2721 2498 2794 quasi
2539 2718 2691 2775 ﬁnlto
2718 2713 2935 2788 negotio
2964 2710 3219 2778 deinceps
3252 2702 3321 2758 ad
3352 2712 3474 2755 mos

1887 2790 2161 2882 ralitatem
2186 2790 2378 2874 tendit:
2406 2813 2633 2869 Obsecro
2661 2825 2769 2865 vos.
2798 2806 3089 2873 Hucusque
3124 2813 3194 2855 ne
3223 2793 3360 2850 alter
3381 2790 3478 2847 ad-

1888 2928 2084 2973 versus
2113 2911 2341 2967 alterum
2370 2904 2675 2978 superbiret
2703 2918 2718 2970 ;
2749 2900 2880 2956 hinc
2909 2904 2972 2951 ut
2997 2892 3137 2949 alter
3158 2890 3225 2945 de
3253 2885 3481 2942 alterius

1887 3008 2125 3068 utilitate
2152 3003 2382 3060 laboret.
2409 2998 2636 3054 Obsecro
2663 3004 2774 3066 per,
2799 2999 2904 3046 etc.
2928 2987 2988 3043 ιιι
3022 2992 3107 3041 est
3132 2996 3233 3055 per
3266 2985 3484 3068 aposto:
3557 3012 3565 3028 .

1891 3099 2059 3154 latum
2110 3089 2536 3152 misericorditer
2581 3096 2613 3141 a
2659 3060 2770 3139 nec
2811 3078 2943 3136 mihi
2992 3073 3365 3135 commissum,
3394 3060 3484 3122 vel

1822 3192 1873 3260 Ω
1901 3186 2337 3249 misericordiam
2373 3197 2405 3236 a
2431 3181 2543 3235 Deo
2568 3176 2722 3232 vobis
2749 3172 2950 3227 factam
2976 3176 3032 3223 et
3053 3162 3373 3221 exhibitam.

1970 3279 2233 3341 Hostiam,
2267 3282 2373 3329 etc.
2406 3269 2588 3343 (Anc.,
2614 3265 2709 3320 lib.
2733 3279 2791 3328 ι,
2822 3261 2888 3314 de
2914 3255 3100 3320 Civit.,
3133 3266 3253 3321 cap.
3277 3246 3482 3322 6.)Ve-

1897 3378 2018 3429 rum
2049 3364 2375 3424 sacriﬁcium
2404 3367 2490 3416 est
2529 3371 2693 3413 omne
2737 3366 2874 3423 opus
2919 3346 3065 3420 quod
3109 3343 3306 3415 agitur,
3351 3348 3438 3395 etc
3466 3372 3487 3407 ,

1901 3480 2065 3533 usque
2089 3459 2160 3514 ad
2185 3455 2431 3527 adiungit
2464 3449 2649 3508 dicens
2674 3465 2690 3505 :
2729 3442 2832 3501 Sed
2860 3436 3224 3513 reformamini
3259 3434 3315 3489 in
3338 3429 3487 3487 novis

1899 3565 2005 3610 tate
2037 3550 2222 3606 mentis
2252 3556 2453 3609 vestrae,
2479 3551 2585 3598 etc.

1972 3670 2138 3727 Vsus.
2175 3666 2232 3721 2.
2262 3694 2333 3705 ——
2364 3658 2543 3715 Nolite
2566 3651 2911 3726 conformari.
2941 3640 3228 3704 Generalis
3244 3631 3491 3712 prohibi-

1904 3763 2003 3821 tio.
2037 3758 2139 3816 Sed
2164 3750 2548 3826 reformamini.
2580 3742 2867 3818 Regularis
2883 3738 3080 3812 jussio.
3102 3732 3181 3790 lbi
3208 3729 3494 3789 continen-

1904 3856 2005 3920 tia,
2030 3851 2119 3907 hic
2146 3823 2378 3918 iustitia.
2410 3841 2543 3898 lllud
2572 3839 2807 3912 pertinet
2834 3834 2902 3890 ad
2932 3848 3040 3888 non
3072 3823 3492 3897 concupiscere,

1904 3916 2010 4002 hoc
2040 3943 2109 3999 ad
2147 3916 2404 4010 diligere;
2436 3933 2565 3989 illud
2599 3932 2667 3988 ad
2705 3926 3087 3985 declinandum
3125 3937 3158 3976 a
3196 3917 3360 3983 malo,
3390 3916 3496 3972 hoc

1908 4037 1977 4093 ad
2008 4031 2314 4089 faciendum
2348 4029 2572 4082 bonum.
2605 4022 2723 4078 Non
2756 4012 3191 4086 concupiscendo
3226 4010 3371 4065 enim
3401 4021 3496 4064 ve-

1908 4135 2112 4185 tustate
2131 4121 2520 4194 exspoliamur,
2544 4124 2600 4173 et
2628 4112 2901 4186 diligendo
2925 4107 3171 4165 novitate
3190 4102 3489 4160 induimur.

1911 4191 2316 4287 Reformamini.
2341 4209 2478 4278 Quia
2498 4207 2552 4263 in
2571 4204 2744 4261 Adam
2764 4201 2966 4275 partim
2992 4196 3189 4255 amissa
3212 4200 3297 4249 est
3316 4191 3499 4261 imago

1913 4286 2032 4379 Dei,
2061 4319 2123 4366 ut
2148 4306 2373 4379 incipiat
2400 4300 2468 4359 ab
2495 4300 2585 4358 illo
2614 4296 2903 4356 reformari
2931 4310 2961 4351 a
2989 4308 3097 4363 quo
3131 4288 3367 4345 formata
3390 4286 3497 4340 est.

1914 4376 2032 4460 Non
2057 4401 2202 4458 enim
2230 4376 2531 4455 reformare
2557 4391 2796 4464 seipsam
2829 4394 3010 4461 potest
3034 4384 3180 4443 sicut
3200 4378 3380 4459 potuit
3398 4376 3497 4433 des

1916 4498 2173 4558 formare.

212 4581 425 4637 stitiam
469 4578 800 4650 iudiciorum
846 4577 979 4642 Dei,
1034 4576 1102 4630 ad
1138 4573 1535 4630 discutiendam
1576 4588 1812 4649 gratiam
1838 4586 1895 4649 D
1990 4588 2156 4644 Vsus.
2192 4584 2249 4640 ὅ.
2276 4613 2349 4625 --
2375 4581 2506 4637 Dico
2534 4579 2694 4636 enim.
2724 4574 2838 4632 Hoc
2870 4579 2956 4629 est
2989 4565 3319 4627 sacriﬁcium
3342 4559 3502 4618 Chri-

212 4670 515 4745 gratuitam
573 4669 735 4726 nullis
781 4668 993 4724 meritis
1039 4668 1475 4738 praecedentibus
1518 4670 1805 4729 redditam.

214 4764 333 4819 Nec
362 4772 476 4817 tam
505 4771 687 4818 movet
708 4774 838 4826 nos,
870 4760 1013 4831 quod
1036 4760 1208 4831 gratia
1232 4766 1527 4829 praestatur
1550 4759 1808 4833 indignis,

212 4869 387 4929 quam
421 4856 564 4925 quod
585 4868 739 4924 aeque
773 4851 1007 4923 indignis
1038 4850 1162 4908 aliis
1185 4854 1503 4923 denegatur.

290 4950 478 5023 (Auo.,
504 4946 597 5005 lib.
626 4949 692 5004 de
711 4946 894 5018 Spirit.
920 4944 1088 5011 etlit.,
1121 4960 1168 5001 c.
1198 4947 1268 5000 5'6
1283 4946 1336 5000 in
1354 4942 1503 5017 ﬁne.)
1521 4942 1647 5001 Scio
1669 4936 1817 5017 quod

214 5047 366 5104 sicut
422 5041 867 5115 impossibilitas,
918 5047 979 5095 et
1010 5039 1085 5094 ita
1126 5037 1384 5110 iniquitas
1415 5053 1522 5093 non
1544 5044 1629 5093 est
1670 5035 1813 5106 apud

218 5142 428 5207 Deum,
477 5145 623 5205 etc.,
675 5152 843 5208 usque
890 5132 962 5188 ad
1014 5138 1076 5189 ut
1115 5132 1268 5205 prius
1326 5132 1671 5203 permitteret
1718 5145 1814 5188 eos

217 5232 472 5293 concludi
514 5232 569 5288 in
596 5229 930 5286 inﬁdelitate.

294 5326 422 5403 (ID.)
476 5323 781 5397 Aliquando
838 5314 964 5376 ﬁliis
1018 5316 1319 5374 inﬁdelium
1373 5324 1665 5388 praestatur
1717 5314 1815 5372 Dei

218 5424 424 5499 gratia,
454 5430 583 5484 etc.,
611 5432 773 5490 usque
799 5412 869 5472 ad
897 5423 953 5470 et
973 5411 1020 5470 si
1048 5426 1157 5468 non
1190 5410 1245 5467 in
1283 5409 1387 5466 hac
1416 5410 1547 5476 vita,
1581 5416 1729 5466 certe
1758 5407 1817 5463 in

220 5522 420 5585 altera,
443 5524 551 5572 etc.

307 5610 422 5667 Via:
449 5611 582 5681 ejus.
603 5596 663 5663 id
688 5612 772 5663 est
793 5598 1132 5674 impletiones
1152 5596 1542 5670 dispositionis,
1566 5594 1693 5668 quia
1716 5608 1817 5649 nec

224 5710 282 5768 in
315 5704 652 5763 exhibitione
681 5700 856 5772 potest
881 5695 1135 5769 cognosci
1163 5692 1306 5764 quod
1334 5689 1619 5751 disposuit.

300 5796 679 5860 Consiliarius.
742 5792 921 5850 Patris
965 5788 1309 5848 consiliarius
1365 5800 1451 5846 est
1502 5784 1817 5858 unigenitus

1915 4681 2242 4742 stianorum,
2279 4683 2340 4730 ut
2386 4671 2543 4729 multi
2572 4683 2739 4726 unum
2776 4678 2976 4735 corpus
3020 4660 3132 4716 sint
3165 4657 3220 4712 in
3255 4644 3497 4709 Christo.

1920 4954 2278 5028 signiﬁcatur.
2308 4949 2461 5006 Sicut
2484 4947 2630 5003 enim
2651 4941 2821 5016 Epanis
2847 4955 2915 4997 ex
2942 4935 3128 4994 multis
3157 4930 3343 5007 granis
3365 4943 3500 4985 con-

1920 5027 2121 5110 ﬁcitur,
2149 5047 2221 5100 ita
2254 5058 2323 5099 ex
2357 5040 2541 5098 multis
2568 5034 2806 5093 ﬁdelium
2843 5027 3103 5089 membris
3144 5030 3337 5085 sancta
3365 5036 3507 5079 eon-.

1918 5144 2029 5194 stat
2070 5132 2335 5198 Ecclesia,
2376 5129 2468 5200 qui
2508 5124 2787 5183 Creatoris
2817 5120 2901 5178 sui
2928 5115 3343 5191 participatione
3378 5125 3507 5169 con-

1918 5226 2195 5305 gaudent;
2223 5221 2378 5293 cujus
2415 5234 2640 5277 munere
2671 5214 2850 5277 sancti
2888 5220 3015 5271 sunt
3043 5219 3099 5267 et
3128 5223 3319 5274 unum,
3360 5202 3507 5276 quod

1918 5302 1975 5381 et
2000 5322 2053 5377 in
2078 5317 2323 5391 sequenti
2367 5314 2688 5378 ostenditur,
2736 5309 2827 5366 ubi
2857 5307 2970 5365 ait:
3000 5302 3158 5359 Halti
3186 5316 3350 5359 unum
3391 5314 3508 5352 coro

1919 5430 2017 5487 pus
2038 5390 2219 5468 sumus
2263 5407 2567 5464 in'CItristo
2611 5403 2663 5477 (Ι
2702 5401 2826 5457 Cor.
2857 5398 2939 5473 Χ).
2974 5396 3128 5467 Quod
3174 5408 3282 5450 non
3327 5390 3513 5462 potest

1922 5480 2063 5570 ﬁeri,
2089 5502 2192 5556 nisi
2217 5500 2431 5571 sapiant
2458 5497 2527 5553 ad
2552 5494 2923 5559 sobrietatem,
2956 5487 3099 5560 quod
3136 5485 3227 5541 hic
3256 5480 3506 5554 praccipi-

1920 5604 2029 5649 tur.
2068 5591 2262 5663 Sapere
2297 5590 2365 5645 ad
2412 5589 2763 5644 sobrietatem.
2821 5584 2879 5640 Id
2917 5590 3021 5647 est,
3073 5577 3240 5649 quod,
3281 5571 3509 5643 justitim

1922 5687 2190 5743 terminos
2231 5699 2337 5738 non
2362 5668 2672 5754 egrediatur
2711 5677 2858 5752 quod
2882 5674 3041 5732 nobis
3067 5670 3241 5728 solum
3264 5665 3392 5722 utile
3412 5663 3506 5734 sit,

1918 5794 1975 5841 et
2000 5780 2133 5839 nulli
2160 5777 2319 5836 obsit.
2362 5858 2367 5865 .
