3958 6314
483 399 578 466 5H

988 403 1380 465 WAI.AFRID|
1421 403 1667 467 STRABI
1707 404 1909 467 FULD.
1953 404 2119 465 MON.
2163 407 2314 464 ΟΡΡ.
2360 401 2539 465 PARS
2579 421 2618 464 I.
2661 443 2728 452 ——
2772 409 3231 468 TIIEOLOGICA.

3661 406 3769 465 5i!

489 513 496 519 ’
556 523 861 578 Mensarum
909 523 1056 591 ﬁdei.
1092 522 1398 577 Secundum
1440 523 1602 578 fidem
1641 539 1806 594 quam
1842 537 2060 578 mensu-
2091 523 2143 581 Α
2169 518 2370 592 lingua,
2397 538 2466 578 ne
2496 531 2888 594 praesumentes
2915 521 2982 579 de
3018 538 3077 578 se
3117 539 3223 577 non
3260 521 3584 580 condoleant
3618 522 3769 589 aliis,

482 628 602 674 rate
629 616 862 687 partitur
883 614 1045 680 Deus,
1071 615 1185 670 haec
1209 623 1293 670 est
1316 615 1450 669 fides
1470 631 1568 686 per
1593 615 1917 670 charitatem
1941 629 2065 684 ope-

485 725 612 766 rans
659 709 778 765 sine
815 721 919 776 qua
974 705 1119 760 nulla
1173 705 1492 774 cujusquam
1534 704 1897 760 existimanda
1939 711 2066 758 sunt

484 817 670 872 opera.
699 799 916 854 Christo
943 813 1051 852 non
1076 798 1145 852 ad
1170 812 1478 853 mensuram
1505 797 1664 852 datus
1695 805 1781 853 est
1818 795 2062 866 spiritus.

484 892 579 948 sed
613 890 826 947 caeteris
851 890 1102 945 omnibus
1134 889 1294 944 datur
1339 897 1394 965 et
1432 888 1591 943 datus
1621 886 1871 950 additur;
1921 883 2068 938 unde

481 983 717 1040 Joannes
739 983 805 1038 de
830 982 1047 1038 Christo
1076 981 1153 1035 ait
1177 999 1190 1035 :
1223 980 1348 1036 Non
1374 982 1512 1036 enim
1547 981 1616 1035 ad
1642 993 1943 1034 mensuram
1974 975 2066 1028 dat

481 1076 622 1131 Deus
653 1075 935 1146 Spiritum,
967 1071 1179 1129 caeteris
1208 1071 1484 1139 dividitur,
1522 1087 1628 1127 non
1652 1070 1873 1140 quidem
1895 1064 2066 1137 Spiri-

483 1171 592 1230 tus.
620 1163 716 1219 sed
743 1163 884 1218 dona
917 1162 1057 1233 ejus.

510 1294 512 1296 τ
551 1258 716 1312 Vens.
744 1255 798 1310 4.
832 1285 901 1296 -
937 1254 1090 1314 Sicut
1129 1255 1266 1309 enim
1293 1253 1349 1307 in
1378 1269 1504 1306 uno.
1546 1249 1730 1323 (Auc.)
1769 1248 1938 1305 Nemo
1971 1263 2068 1319 po-

488 1350 616 1406 terit
662 1364 783 1404 esse
799 1347 1024 1417 justus,j
1053 1347 1293 1418 quandiu
1342 1344 1506 1400 fuerit
1545 1346 1610 1400 ab
1658 1344 1866 1398 unitate
1906 1342 2066 1413 hujus

481 1443 725 1514 corporis
760 1449 1062 1512 separatus,
1093 1449 1224 1508 etc.,
1269 1456 1432 1511 usque
1477 1438 1547 1492 ad
1574 1437 1670 1494 sed
1696 1438 1833 1493 bene
1870 1437 2061 1492 utendi

480 1536 682 1607 pietate
709 1534 1040 1604 possideant.

556 1625 720 1680 Vens.
761 1625 814 1691 5,
849 1623 901 1679 6.
929 1623 1231 1695 ——Singuli
1277 1633 1451 1678 autem
1489 1621 1623 1677 alter
1648 1621 1864 1675 alterius
1905 1635 2066 1674 mem-

485 1713 596 1778 bra,
634 1715 899 1780 habentes,
927 1724 1033 1770 etc.
1056 1714 1137 1769 Ad
1166 1715 1268 1769 hoc
1294 1713 1555 1768 habentes
1576 1714 1715 1767 bona
1736 1710 2060 1765 differentia.

486 1807 582 1863 Vel
626 1807 822 1878 singuli
858 1823 1045 1862 sumus
1093 1806 1361 1871 membra,
1402 1806 1566 1876 igitur
1605 1805 1658 1858 in
1692 1803 2066 1858 differentibus

2165 613 2268 667 sed.
2286 615 2634 683 exprobrent.

2236 704 2401 761 Vnns.
2446 707 2530 763 l9.
2562 739 2632 748 —
2660 708 2795 762 Date
2821 707 3017 763 locum.
3061 706 3180 764 Non
3214 706 3459 779 praecipit
3487 716 3551 762 ut
3575 707 3771 764 vindi-

2167 798 2277 853 cari
2315 798 2485 852 nolint
2532 800 2706 854 sancti
2747 816 2778 855 a
2820 798 2947 864 Deo,
2993 800 3135 870 quod
3179 798 3233 855 in
3274 799 3608 870 Apocalypsi
3653 799 3770 855 cla-

2167 897 2321 944 mant
2373 890 2566 955 sancti,
2621 905 2729 946 non
2789 891 3007 961 quidem
3053 899 3275 962 propter
3331 890 3772 945 exsaturandum

2166 980 2372 1047 odium,
2391 981 2485 1036 sed
2506 981 2632 1053 quia
2657 983 2920 1052 scriptum
2945 992 3029 1038 est
3053 1000 3065 1037 ξ
3089 981 3384 1037 Lwtabitur
3401 982 3617 1052 justus,
3651 999 3772 1035 cum

2168 1073 2353 1128 viderit
2373 1075 2676 1145 vindictam.
2707 1075 2964 1146 Praecipit
2983 1084 3186 1140 autem,
3213 1083 3272 1129 ut
3297 1075 3399 1144 ipsi
3428 1090 3488 1130 se
3511 1091 3629 1130 non
3655 1075 3776 1128 vin-

2169 1167 2413 1223 dicantes
2441 1169 2568 1222 dent
2596 1167 2773 1223 locum
2801 1169 2894 1224 ira:
2937 1168 3032 1223 Dei
3081 1169 3174 1238 qui
3209 1167 3382 1224 dicit:
3413 1167 3554 1221 Mihi
3601 1167 3775 1220 vindi-

2169 1266 2330 1323 ctam,
2355 1267 2401 1311 et
2428 1274 2519 1328 ego
2549 1258 2854 1312 retribuam.
2885 1257 2942 1313 Si
2977 1272 3109 1329 ergo
3149 1257 3264 1312 vult
3302 1258 3498 1321 bonus,
3534 1265 3600 1310 ut
3630 1255 3776 1310 Deus

2169 1349 2451 1405 inimicum
2492 1351 2702 1420 puniat,
2746 1366 2855 1406 non
2898 1358 2981 1406 est
3029 1351 3133 1406 hoc
3161 1349 3389 1405 reddere
3420 1350 3637 1404 malum
3677 1365 3772 1418 pro

2169 1440 2332 1496 malo.
2365 1440 2498 1496 Cum
2529 1456 2659 1512 ergo
2685 1441 2848 1497 homo
2870 1440 3051 1511 justus
3075 1449 3129 1497 et
3168 1441 3330 1496 homo
3359 1439 3540 1495 maius
3571 1440 3647 1494 de
3671 1441 3773 1494 ini-

2170 1532 2327 1587 micis
2355 1532 2468 1587 suis
2512 1547 2543 1586 a
2581 1533 2692 1588 Deo
2717 1533 2849 1589 velit
2886 1531 3168 1599 vindicari,
3216 1533 3271 1587 in
3301 1547 3409 1602 quo
3437 1531 3769 1586 discernun-

2171 1623 2302 1677 tur?
2322 1622 2504 1678 Bonus
2532 1625 2705 1695 magis
2730 1623 2882 1694 cupit
2911 1624 3109 1695 corrigi
3151 1624 3428 1680 inimicum
3452 1640 3632 1695 quam
3671 1638 3770 1693 pu-

2175 1713 2301 1779 niri,
2325 1723 2381 1770 et
2403 1728 2524 1769 cum
2548 1715 2690 1770 Deus
2717 1716 2872 1786 punit
2908 1731 3016 1770 non
3045 1714 3345 1770 delectatur
3368 1715 3436 1770 de
3467 1729 3640 1784 paena
3674 1714 3773 1769 ini-

2170 1806 2316 1870 mici,
2354 1805 2449 1860 sed
2471 1806 2573 1860 hoc
2604 1806 2655 1861 ei
2705 1806 2883 1876 placet
2919 1807 3064 1877 quod
3105 1815 3160 1862 et
3202 1806 3454 1873 Domino,
3477 1806 3620 1877 quia
3647 1822 3769 1861 eum

481 1902 638 1958 donis
678 1904 782 1958 hoc
823 1910 1054 1974 agatur;
1089 1917 1207 1972 quae
1246 1909 1425 1955 autem
1463 1907 1589 1954 sunt
1635 1897 1737 1952 illae
1785 1897 1971 1967 gratia:
1999 1911 2065 1950 ex
2095 1895 2142 1956 B
2170 1895 2358 1966 diligit,
2385 1903 2441 1950 et
2469 1896 2610 1952 Deus
2633 1904 2717 1951 est
2741 1911 2901 1966 quem
2944 1895 3188 1966 sequitur
3219 1895 3274 1950 in
3301 1895 3406 1950 hoc
3436 1913 3449 1948 :
3495 1894 3612 1960 Qui
3636 1895 3769 1965 ptuit

483 2010 710 2064 quarum
737 1994 1051 2050 diversitate
1087 1992 1319 2048 dicimur
1354 1990 1619 2055 membra,
1657 1997 1712 2044 et
1751 1986 1986 2059 qualiter
2008 1987 2062 2041 in

481 2084 609 2150 illis,
641 2085 795 2140 nobis
834 2085 1064 2140 invicem
1095 2083 1405 2139 subservire
1430 2083 1741 2152 debeamus,
1774 2079 1948 2150 aperit
1977 2079 2062 2133 di-

483 2192 646 2230 cens:
675 2174 791 2230 Sive
813 2176 1136 2246 prophetiam
1165 2175 1453 2230 secundum
1495 2175 1750 2227 rationem
1784 2171 1927 2240 ﬁdei,
1961 2171 2065 2224 sive

479 2266 850 2332 ministerium,
884 2275 990 2322 etc.
1018 2265 1312 2332 Habentes,
1341 2266 1512 2320 simus
1534 2264 1776 2318 membra
1811 2261 2062 2326 aliorum,

483 2365 542 2410 ut
584 2355 688 2412 illis
732 2358 1138 2427 prophetemus.
1181 2356 1458 2412 Habentes
1487 2356 1607 2411 dico
1656 2354 1942 2410 secundum
1971 2370 2065 2407 ra-

483 2447 677 2500 tionem
697 2446 843 2516 ﬁdei,
869 2448 996 2517 quia
1033 2455 1195 2519 prout
1227 2448 1396 2518 exigit
1434 2447 1568 2502 ﬁdes
1597 2461 1782 2501 eorum
1801 2485 1816 2512 ,
1860 2445 1941 2500 vel
1971 2459 2066 2499 au-

482 2539 717 2594 ditorum
753 2541 1038 2612 prophetia
1096 2543 1276 2596 datur.
1325 2540 1462 2596 Nota
1495 2540 1641 2610 quod
1684 2539 1740 2594 in
1775 2554 2064 2595 enumera-

480 2633 626 2687 tione
653 2635 951 2703 gratiarum
979 2650 1009 2689 a
1039 2635 1324 2705 prophetia
1353 2633 1559 2702 incipit,
1587 2633 1713 2702 quia
1741 2633 1916 2703 prima
1937 2648 2064 2704 pro-

479 2725 629 2780 batio
669 2726 812 2794 quod
863 2726 997 2782 ﬁdes
1035 2735 1223 2782 nostra
1271 2726 1344 2781 sit
1389 2725 1756 2791 rationabilis,
1801 2733 1884 2781 est
1920 2723 2064 2796 quod

481 2815 768 2872 credentes
789 2827 1012 2888 accepto
1036 2816 1244 2887 Spiritu
1262 2817 1680 2887 prophetabant.

551 2907 718 2961 Vens.
743 2909 800 2963 8.
819 2938 891 2947 —
915 2907 1018 2973 Qui
1041 2907 1334 2962 miseretur.
1360 2907 1487 2963 Haec
1514 2906 1795 2961 miseratio
1819 2912 1905 2960 est
1934 2919 2068 2974 quo-

485 3000 686 3054 tidiana
713 3000 980 3055 medicina
1008 2999 1344 3069 quotidianis
1378 2998 1693 3055 vulneribus
1720 2997 1819 3054 etsi
1849 2995 2068 3051 leviori-

481 3091 616 3155 bus;
670 3099 849 3146 tameu
887 3091 1150 3162 judicium
1202 3093 1315 3146 sine
1356 3089 1717 3145 misericordia
1762 3089 1850 3159 ﬁet
1892 3090 1938 3143 ei
1976 3089 2066 3160 qui

483 3199 588 3236 non
617 3183 742 3252 facit
787 3183 1200 3236 misericordiam
1229 3180 1371 3254 (Jac.
1403 3181 1487 3253 Il),
1529 3190 1583 3236 et
1631 3182 1735 3236 hoc
1778 3180 1964 3250 utique
1984 3180 2066 3250 ju-

2167 2004 2326 2058 super
2340 1988 2517 2057 justas
2555 1996 2603 2041 et
2635 1987 2858 2056 injustas
2887 1984 3066 2060 (Prov.
3096 1986 3259 2058 xxv);
3289 1995 3345 2042 et
3367 1994 3557 2042 tamen
3601 1986 3768 2042 etiam

2167 2079 2221 2134 in
2253 2079 2356 2134 hoc
2377 2078 2574 2134 saeculo
2603 2079 2847 2148 asperius
2874 2080 3183 2151 pertinaces
3214 2077 3447 2150 corripit
3483 2085 3544 2133 et
3575 2078 3636 2132 in
3664 2078 3770 2133 fine

2166 2170 2470 2236 damnabit,
2497 2171 2583 2227 cui
2622 2171 2848 2241 proinde
2875 2169 3206 2226 reservanda
3245 2177 3329 2225 est
3356 2165 3634 2224 vindicta.
3675 2167 3766 2222 Ille

2167 2262 2263 2318 dat
2314 2262 2492 2318 locum
2541 2262 2638 2318 irae
2683 2262 3004 2330 adversarii,
3053 2262 3147 2334 qui
3191 2260 3462 2333 permittit
3498 2261 3765 2316 adversa-

2167 2355 2308 2409 rium
2341 2353 2520 2411 facere
2552 2355 2698 2425 quod
2720 2354 2854 2410 vult.

2244 2446 2407 2502 Vens.
2449 2447 2538 2502 20.
2567 2477 2639 2487 —
2669 2446 2776 2502 Sed
2820 2448 2865 2501 si
2913 2447 3176 2502 esurierit.
3210 2444 3348 2503 Nota
3374 2444 3764 2510 insolentiam,

2167 2537 2278 2602 sed,
2296 2537 2711 2609 conjunctionis.
2737 2537 2815 2592 Ita
2837 2538 2980 2592 enim
3005 2537 3445 2608 prosequendum
3465 2545 3577 2604 est,
3603 2537 3760 2608 quasi

2168 2643 2274 2683 non
2300 2628 2615 2699 interposita
2638 2637 2868 2699 utraque
2905 2629 2978 2685 sit
3003 2628 3331 2698 coniunctio.
3365 2627 3464 2686 Vel
3489 2631 3667 2688 etiam
3696 2631 3764 2684 ita

2167 2727 2346 2790 potest
2386 2719 2510 2791 legi,
2555 2727 2615 2774 ut
2657 2730 2849 2776 neutra
2895 2720 3188 2792 superﬂuat
3224 2722 3570 2792 conjunctio,
3612 2723 3763 2794 quasi

2170 2811 2332 2877 dicat,
2364 2826 2471 2868 non
2497 2811 2672 2868 solum
2696 2828 2803 2869 non
2843 2813 3148 2871 defendatis
3173 2830 3289 2883 vos,
3322 2816 3417 2872 sed
3443 2816 3515 2883 si,
3539 2824 3657 2873 etc.

2756 2903 2984 2962 CAPUT
3028 2904 3163 2962 XIII.

2241 2991 2404 3049 Vens.
2449 2995 2501 3050 l.
2532 3027 2602 3036 —
2640 2995 2824 3053 Omnis
2863 2999 3064 3052 anima.
3101 2997 3260 3070 (Anc.
3293 2997 3577 3071 Expositio
3607 3014 3760 3072 prop.

2169 3085 2274 3142 720
2297 3102 2362 3140 ea:
2390 3089 2542 3160 epist.
2576 3089 2645 3143 ad
2675 3087 2854 3160 Rom.)
2885 3088 3041 3156 Quod
3084 3090 3162 3144 ait
3193 3090 3490 3161 Apostolus
3532 3092 3637 3148 hic
3687 3107 3766 3147 re-

2168 3180 2410 3236 ctissime
2435 3181 2708 3246 admonet,
2731 3190 2866 3248 etc.,
2899 3198 3062 3253 usque
3083 3182 3152 3237 ad
3180 3190 3362 3240 tamen
3381 3184 3567 3240 omnis
3602 3183 3766 3239 homo

479 3283 623 3332 stum
671 3282 754 3330 est
790 3284 849 3328 ut
903 3275 1210 3330 dimittatur
1260 3273 1550 3329 dimittenti
1599 3272 1846 3328 et‘detur
1891 3272 2060 3326 danti.
2091 3261 2136 3324 C
2167 3272 2412 3328 subditus
2441 3272 2512 3327 sit
2543 3273 2809 3342 superiori
2831 3289 2910 3330 se.

481 3366 736 3438 Quisquis
757 3383 886 3423 vero
911 3369 1065 3439 quasi
1085 3367 1247 3423 nimis
1267 3365 1444 3436 justus
1476 3374 1530 3423 et
1551 3381 1776 3422 securus
1795 3365 2062 3436 judicium

477 3467 757 3528 exspeth
813 3459 930 3514 sine
978 3458 1376 3523 misericordia,
1441 3457 1544 3512 sibi
1589 3457 1726 3510 iram
1780 3464 2059 3526 provocat.

479 3548 850 3604 Misericordia
908 3551 1021 3604 haec
1079 3549 1360 3619 multiplex
1414 3558 1524 3613 est,
1557 3549 1764 3604 scilicet
1815 3549 2062 3618 peccanti

478 3639 780 3708 ignoscere,
822 3653 1084 3708 oppresso
1118 3638 1426 3704 subvenire,
1467 3649 1600 3706 etc.;
1637 3648 1692 3693 et
1735 3638 1856 3693 ideo
1882 3640 2064 3694 subdit

481 3730 548 3785 de
574 3729 942 3784 misericordia
969 3730 1218 3800 ponendo
1259 3744 1424 3783 unum
1451 3727 1566 3797 ejus
1608 3729 1910 3784 membrum
1939 3744 2063 3785 cum

477 3816 816 3890 praemissum
851 3819 922 3872 sit
950 3817 1094 3872 aliud
1125 3819 1448 3884 membrum,
1482 3818 1574 3872 ubi
1616 3826 1798 3873 autem
1835 3819 1924 3890 qui
1969 3818 2063 3873 tri-

481 3909 705 3975 buit,.in
747 3909 1098 3980 simplicitate.
1153 3909 1484 3979 Simplicitas
1529 3910 1771 3966 excludit
1811 3911 2064 3982 hypocri-

480 4002 604 4068 sim,
640 4001 886 4058 hilaritas
915 4001 1167 4075 gaudium
1212 4005 1472 4071 ostendit,
1500 4014 1556 4060 et
1594 4002 1793 4059 fretum
1841 4019 1939 4074 spe
1981 4003 2064 4059 fu-

479 4094 611 4150 turi.

475 4208 477 4210 ·
546 4183 710 4241 Vlns.
757 4184 1085 4240 Il.-—Non
1115 4186 1272 4257 pigri.
1313 4184 1631 4241 Maledictus
1677 4194 1762 4241 est
1800 4184 1894 4256 qui
1933 4184 2065 4241 facit

477 4287 613 4344 opus
648 4273 744 4329 Dei
788 4274 1145 4347 negligenter,
1179 4276 1332 4347 piger
1361 4277 1477 4331 sine
1507 4291 1602 4346 spe
1631 4285 1716 4332 est
1739 4276 1794 4331 in
1839 4291 2064 4332 conver-

477 4367 689 4423 satione
717 4367 920 4422 divina.
969 4367 1038 4421 Et
1075 4368 1198 4424 ideo
1222 4375 1282 4423 ut
1326 4366 1498 4439 frigus
1540 4367 1773 4439 pigritiae
1811 4367 2060 4438 pellatur,

479 4457 610 4513 Sitis
633 4456 907 4527 ferventes,
933 4467 1040 4514 etc.

549 4550 750 4623 Spiritu
774 4552 1043 4622 ferventes.
1076 4551 1331 4624 (Τιιεου.)
1364 4550 1646 4622 Spiritum,
1691 4552 1922 4622 gratiam
1968 4567 2062 4623 ap—

2236 3363 2360 3418 Non
2401 3374 2476 3418 est
2516 3365 2653 3419 enim
2685 3375 2933 3436 potestas.
2966 3365 3211 3423 Potestas
3261 3374 3345 3424 est
3397 3383 3427 3422 a
3459 3368 3625 3434 Deo;
3673 3369 3763 3424 sed

2163 3469 2282 3525 qua:
2323 3471 2354 3509 a
2402 3455 2512 3511 Deo
2554 3464 2696 3521 sunt,
2731 3457 2980 3512 ordinata
3021 3467 3176 3525 sunt;
3213 3473 3341 3530 ergo
3386 3467 3647 3530 potestas
3688 3467 3765 3514 est

2162 3547 2431 3603 ordinata.
2482 3548 2663 3618 Itaque
2709 3550 2802 3618 qui
2833 3551 3039 3606 resistit
3085 3551 3361 3622 potestati,
3399 3551 3496 3608 Dei
3530 3553 3765 3607 ordina-

2164 3637 2294 3693 tioni
2333 3639 2557 3706 resistit,
2587 3640 2654 3695 de
2674 3641 2812 3695 bona
2836 3650 3102 3711 potestate
3126 3651 3297 3713 patet,
3319 3643 3456 3712 quod
3479 3658 3612 3696 eam
3651 3658 3766 3713 per-

2164 3728 2292 3784 fecit
2315 3731 2473 3784 Deus.
2499 3729 2915 3788 Rationabiliter
2937 3733 3004 3788 de
3029 3733 3168 3790 mala
3194 3733 3366 3790 videri
3393 3741 3599 3804 potest,
3641 3735 3767 3790 dum

2162 3833 2218 3880 et
2243 3825 2370 3880 boni
2414 3841 2512 3896 per
2537 3841 2659 3882 eam
2703 3837 3026 3899 purgantur,
3055 3838 3111 3884 et
3155 3829 3280 3884 mali
3315 3829 3685 3896 damnantur,
3715 3837 3766 3884 et

2163 3917 2281 3988 ipsa
2322 3918 2376 3972 in
2426 3919 2664 3975 deterius
2713 3921 3100 3990 praecipitatur.
3161 3921 3230 3976 Et
3269 3921 3429 3986 scias,
3461 3921 3622 3991 quod
3678 3937 3763 3975 no-

2163 4010 2309 4065 mine
2350 4011 2632 4081 potestatis
2685 4013 2958 4068 interdum
3013 4014 3279 4084 accipitur
3328 4023 3568 4085 potestas
3628 4015 3764 4086 ipsa,

2163 4117 2283 4171 quae
2307 4102 2469 4157 datur
2492 4103 2651 4158 alicui
2678 4120 2708 4158 a
2736 4105 2868 4172 Deo,
2901 4105 3191 4176 aliquando
3212 4107 3329 4178 ipse
3355 4106 3516 4162 homo
3544 4107 3766 4163 habens

2163 4201 2519 4263 potestatem;
2561 4196 2702 4265 quod
2741 4196 2969 4268 diligens
2999 4198 3170 4255 lector
3191 4200 3507 4271 distinguat.

2237 4282 2369 4349 Quae
2395 4295 2566 4340 autent
2594 4296 2738 4352 sunt,
2784 4305 2816 4341 a
2844 4287 2953 4342 Deo
2987 4289 3230 4344 ordinata
3262 4299 3403 4344 sunt.
3433 4289 3492 4344 ιιι
3514 4300 3634 4354 est,
3674 4306 3758 4345 ra-

2165 4376 2496 4433 tionabiliter
2539 4395 2570 4434 a
2616 4381 2728 4437 Deo
2776 4383 3068 4453 disposita,
3120 4385 3465 4440 unde:Deus
3517 4396 3761 4454 potentes

2165 4485 2268 4522 non
2292 4468 2492 4538 abjicit,
2518 4487 2637 4526 cum
2666 4483 2714 4526 et
2741 4474 2845 4546 ipse
2875 4487 3056 4546 potens
3084 4478 3150 4531 sit
3181 4475 3324 4547 (Job.
3351 4477 3561 4546 XXXVI).

2236 4556 2452 4630 (Gnnc.)
2486 4561 2653 4617 Deum
2679 4564 2877 4634 quippe
2913 4566 3114 4622 imitari
3143 4567 3436 4635 desiderat,
3463 4570 3559 4639 qui
3597 4569 3758 4627 fasti-

474 4621 717 4715 pellavit,
740 4621 875 4712 etc.,
898 4661 1060 4716 usque
1088 4621 1164 4698 ad
1193 4645 1296 4700 hoc
1314 4621 1467 4699 enim
1500 4645 1654 4700 dixit.
1696 4621 1938 4700 Orationi
1981 4621 2060 4699 in-
2085 4621 2138 4681 D
2163 4621 2308 4722 gium
2331 4621 2602 4720 potentiae,
2628 4621 2758 4721 etc.,
2776 4621 2956 4727 Iusque
2983 4657 3052 4712 ad
3081 4621 3750 4731 quianequaquitmjusta

476 4747 692 4792 stantes.
723 4736 781 4792 Id
806 4746 910 4804 est,
945 4737 1164 4793 assidue
1194 4738 1300 4792 hoc
1337 4735 1614 4794 facientes.

545 4827 772 4882 Domino
824 4829 1139 4893 servientes,
1177 4837 1286 4884 etc.
1339 4827 1507 4895 Quasi
1556 4829 1699 4884 dicat
1743 4828 2056 4896 :Quamvis

478 4917 709 4974 dixerim
739 4925 800 4973 ut
830 4918 1025 4988 spiritu
1053 4918 1326 4975 ferventes
1351 4919 1489 4986 sitis,
1519 4936 1626 4976 non
1648 4928 1828 4976 tamen
1853 4922 2058 4990 passim

475 5017 532 5064 et
561 5010 871 5078 importune
898 5011 1061 5065 verba
1095 5010 1192 5067 Dei
1221 5012 1503 5084 ingeratis,
1535 5014 1629 5069 sed
1661 5013 1922 5084 temporis
1968 5028 2058 5083 op-

473 5100 809 5171 portunitate
854 5100 974 5157 sitis
1019 5101 1316 5172 ferventes,
1357 5115 1415 5160 ut
1446 5107 1586 5176 aptis
1614 5106 1769 5172 locis,
1810 5107 2058 5176 personis

473 5201 529 5246 et
561 5201 804 5263 tempore
828 5194 990 5250 verba
1021 5196 1146 5252 fidei
1196 5197 1516 5269 loquamini.
1554 5197 1851 5254 Ferventes.
1883 5199 2058 5270 Spiri-

478 5292 564 5338 tus
613 5283 755 5355 ignis
802 5294 886 5342 est
930 5302 1037 5358 quo
1075 5289 1249 5347 fervet
1293 5292 1556 5356 charitas,
1591 5293 1747 5363 .unde
1798 5292 2059 5348 Dominus

473 5375 588 5428 ait:
617 5373 800 5447 Ignem
835 5381 950 5434 veni
979 5385 1182 5439 mittere
1226 5385 1282 5438 in
1313 5393 1529 5452 terram,
1557 5395 1605 5440 et
1637 5386 1762 5456 quid
1788 5385 1923 5453 volo,
1958 5387 2060 5441 nisi

472 5469 696 5525 ardeat?
718 5469 869 5544 (Luc.
907 5477 1032 5546 xu.)

548 5565 708 5620 Vens.
744 5568 828 5623 12.
857 5601 925 5610 —-
955 5569 1056 5641 Spe
1081 5573 1380 5642 gaudentes.
1430 5573 1576 5629 Certi
1604 5574 1672 5630 de
1706 5574 1903 5632 futuris
1931 5593 2061 5649 gau-

471 5657 620 5723 dent,
653 5668 707 5714 et
731 5661 853 5717 ideo
877 5663 1144 5733 patientes
1171 5666 1224 5718 in
1265 5666 1632 5722 tribulatione.

543 5749 706 5804 Vens.
740 5753 824 5807 16.
854 5784 923 5793 -
954 5754 1366 5810 Consenlieutes.
1400 5757 1552 5824 Quod
1579 5774 1685 5814 non
1715 5759 1774 5814 ﬁt
1811 5776 1905 5817 ore
1941 5772 2060 5817 tan-

468 5843 608 5908 tum,
639 5841 767 5910 quia
793 5852 921 5901 tunc
950 5855 1033 5904 est
1060 5861 1189 5904 vera
1215 5848 1512 5919 humilitas,
1539 5851 1587 5908 si
1623 5867 1730 5909 non
1752 5861 1837 5910 est
1855 5853 1910 5911 in
1943 5855 2057 5913 sola

2162 4745 2427 4812 potentia,
2457 4745 2550 4800 sed
2577 4747 2718 4803 actio
2744 4763 2910 4818 prava
2939 4750 3246 4806 damnatur.

2235 4834 2398 4892 Vens.
2429 4837 2484 4891 2.
2520 4869 2590 4877 -
2616 4837 2720 4904 Qui
2746 4851 2919 4895 autem
2949 4844 3158 4898 resistit.
3192 4843 3373 4917 (AUG.)
3412 4843 3553 4912 Quid
3585 4847 3638 4901 si
3676 4847 3760 4918 juo

2161 4926 2288 4982 beat
2316 4929 2460 4997 quod
2487 4929 2723 4985 nonlicet
2741 4931 2764 4985 ?
2782 4932 2871 4987 hic
2897 4948 3026 4988 sane
3049 4945 3360 4992 contemnet
3394 4946 3752 5007 potestatem,

2165 5020 2403 5077 timendo
2428 5032 2750 5092 potestatem
2776 5026 3035 5096 majorem
3059 5046 3076 5097 ;
3105 5045 3235 5102 ergo
3261 5031 3307 5087 si
3338 5029 3482 5085 aliud
3511 5031 3756 5102 impera-

2160 5121 2267 5179 tor,
2293 5123 2348 5168 et
2368 5113 2510 5170 aliud
2528 5115 2668 5172 Deus
2686 5115 2892 5187 jubeat,
2917 5134 2999 5179 cet
3023 5129 3228 5193 tempto
3249 5122 3340 5179 illo
3361 5121 3759 5194 obtemperan-

2161 5203 2286 5260 dum
2311 5215 2395 5261 est
2423 5206 2552 5262 Deo.

2238 5298 2397 5353 Vens.
2444 5299 2498 5353 ‘5.
2529 5331 2598 5339 —
2626 5300 2916 5376 Principes.
2965 5305 3106 5360 Dicit
3149 5305 3270 5363 illos
3316 5323 3436 5364 esse
3473 5310 3750 5383 principes

2160 5390 2473 5462 Apostolus,
2503 5393 2592 5463 qui
2621 5407 2842 5465 propter
2871 5398 3247 5469 corrigendam
3274 5401 3443 5456 vitam
3472 5412 3530 5458 et
3559 5404 3751 5474 prohi-

2163 5483 2334 5539 benda
2375 5485 2600 5541 adversa
2628 5497 2902 5556 creantur,
2931 5489 3027 5545 Dei
3057 5491 3319 5548 habentes
3347 5493 3662 5566 imaginem,
3692 5501 3752 5550 ut

2163 5575 2262 5630 sub
2289 5591 2398 5630 uno
2441 5578 2620 5632 caeteri
2659 5579 2786 5634 sint.
2831 5580 2953 5642 Non
2992 5593 3114 5638 sunt
3151 5585 3336 5640 timore
3358 5587 3498 5651 boni,
3545 5596 3653 5642 etc.
3688 5587 3748 5644 Si
3793 5565 3797 5570 ’

2162 5669 2334 5723 bonus
2357 5674 2448 5723 'cst
2475 5671 2746 5741 princeps,
2783 5671 2919 5730 bene
2955 5686 3270 5745 operantem
3305 5694 3411 5734 non
3443 5680 3619 5751 punit,
3648 5680 3745 5736 sed

2162 5761 2353 5833 diligit.
2385 5762 2479 5818 Sin
2521 5765 2715 5829 malus,
2749 5783 2854 5821 non
2890 5778 3047 5823 nocet
3072 5771 3230 5835 bono,
3260 5771 3352 5826 sed
3375 5784 3571 5844 purgat
3595 5789 3740 5829 eum.

2161 5853 2332 5914 Malus
2360 5871 2489 5927 ergo
2509 5857 2754 5917 subditus
2777 5860 2934 5920 debet
2967 5862 3182 5934 timere,
3208 5865 3338 5938 quia
3359 5866 3596 5927 instituti
3612 5874 3744 5930 sunt
