3958 6314
182 415 291 471 515

1139 404 1405 466 GLOSSA
1442 400 1838 462 ORDlNARlA.
1873 430 1945 442 —-
1979 397 2198 455 EPIST.
2237 397 2331 454 AD
2367 397 2534 456 ROM.

3336 395 3442 452 5η

181 525 458 600 principes
487 535 546 580 ut
572 523 713 582 mala
749 523 996 594 puniant.
1045 523 1272 579 Habebis
1299 521 1507 576 laudem
1554 536 1618 573 ea:
1644 518 1757 572 illa.
1788 520 1838 580 Α
1867 515 2174 570 debeamus.
2225 513 2452 583 Propior
2499 521 2593 567 est.
2643 510 2788 566 Bene
2835 525 3066 581 operans
3109 507 3320 566 vicinus
3361 518 3446 567 est

184 619 242 673 Si
271 617 417 687 justa
448 625 554 682 est,
582 616 696 687 ipsa
728 615 1022 680 laudante;
1066 615 1113 670 si
1141 614 1346 685 iniqua,
1371 613 1486 684 ipsa
1513 610 1607 665 tibi
1649 609 1764 664 lau-

181 711 268 766 dis
298 709 638 766 occasionem
662 707 955 778 praebente.

257 800 420 855 Vnns.
453 799 508 853 4.
536 827 608 843 σ-
637 797 736 852 Dei
774 798 910 852 enim
936 798 1190 852 minister.
1219 795 1344 852 ideo
1368 791 1482 848 dati
1516 800 1641 868 sunt
1677 805 1764 846 re-

180 899 390 954 ctores,
439 903 506 944 ne
542 886 686 942 mala
734 886 885 943 ﬁant.
917 885 1127 968 Vindex
1150 888 1204 941 in
1243 886 1397 940 iram.
1427 885 1483 939 ld
1509 891 1610 947 est,
1641 896 1766 953 pro-

177 990 305 1053 pter
335 982 471 1035 iram
512 979 608 1034 Dei
634 979 1028 1042 vindicandam,
1059 977 1144 1033 vel
1177 976 1374 1032 vindex
1416 975 1470 1030 in
1499 975 1635 1029 iram
1668 973 1764 1028 Dei

177 1071 604 1139 ostendendam;
654 1070 778 1140 quia
806 1070 922 1124 hate
946 1068 1155 1140 punitio
1184 1067 1385 1123 indicat
1412 1065 1766 1136 persistentes

179 1161 236 1216 in
261 1161 406 1216 malo
426 1159 642 1233 gravius
663 1159 984 1230 puniendos.

253 1249 421 1306 Vens.
454 1251 506 1305 6.
536 1249 758 1304 —Ideo
797 1250 954 1304 enim.
994 1247 1206 1304 Subditi
1230 1261 1352 1304 esse
1378 1247 1605 1312 debetis,
1637 1245 1764 1317 quia

179 1339 348 1394 etiam
373 1340 514 1405 ideo,
539 1340 592 1395 id
606 1348 690 1396 est
708 1347 930 1410 propter
942 1338 1330 1395 ostendendam
1353 1335 1764 1406 subjectionem,

179 1434 459 1504 praestatis
485 1434 706 1498 tributa,
729 1433 870 1504 quod
898 1440 981 1487 est
1009 1431 1218 1503 signum
1249 1431 1614 1499 subjectionis.
1648 1430 1766 1485 Non

181 1523 281 1589 ait,
312 1523 542 1590 solvitis,
585 1523 680 1579 sed
727 1522 1018 1594 prmstatis,
1061 1523 1214 1594 quasi
1247 1523 1580 1604 reddituris';
1641 1521 1766 1591 quia

180 1615 418 1671 reddunt
446 1617 571 1671 dum
604 1625 847 1687 pugnant
892 1630 991 1686 pro
1016 1616 1215 1686 patria,
1245 1623 1298 1670 et
1327 1615 1454 1670 dum
1493 1622 1659 1685 agunt
1680 1611 1768 1682 ju-

181 1705 346 1771 dicia,
379 1723 476 1763 vos
518 1707 790 1777 praestatis
820 1707 1119 1762 servientes
1144 1706 1273 1762 Deo.
1319 1706 1425 1761 Per
1465 1707 1568 1761 hoc
1599 1705 1763 1770 enim,

182 1798 329 1868 quod
369 1796 442 1852 illi
484 1798 684 1853 tributa
720 1797 882 1864 datis,
915 1797 1024 1853 Deo
1065 1797 1304 1863 servitis,
1352 1795 1480 1868 quia
1528 1793 1766 1850 ministri

1870 618 2086 664 aeternae
2113 606 2258 661 vitae.
2302 605 2609 676 Baptismus
2655 603 2797 660 enim
2828 610 2911 658 est
2944 603 3010 656 ad
3057 603 3289 667 veniam,
3329 601 3443 656 vita

1869 701 2008 756 bona
2055 701 2122 754 ad
2182 713 2456 754 coronam.
2512 696 2611 753 Vel
2658 698 2891 769 propior,
2943 696 3068 766 quia
3115 695 3237 766 plus
3285 693 3446 748 morti

1866 790 2099 862 proximi
2121 805 2330 845 sumus.

1941 881 2107 936 Vens.
2149 879 2328 934 11—
2352 878 2477 934 Nox
2519 879 2802 950 praecessit.
2841 877 2974 933 Item
3010 892 3180 947 quare
3223 891 3451 949 surgere

1870 971 2066 1027 debent
2092 969 2396 1025 ostenditur
2424 987 2436 1023 :
2461 969 2587 1038 quia
2616 985 2718 1022 nox
2745 967 3081 1022 inﬁdelitatis
3113 975 3168 1022 et
3194 967 3451 1038 ignoran-

1873 1064 1960 1119 tiae
1987 1064 2274 1135 prwcessit,
2323 1062 2375 1118 id
2406 1070 2490 1117 est
2518 1061 2650 1126 fuit;
2698 1061 2791 1115 sed
2830 1059 2987 1114 modo
3021 1074 3129 1114 non
3175 1065 3258 1112 est
3299 1055 3453 1125 cujus

1871 1157 2136 1213 memoria
2182 1163 2383 1221 monet,
2433 1165 2494 1210 ut
2546 1153 2805 1210 caveatis.
2852 1152 2976 1206 Dies
3030 1160 3227 1215 autem,
3276 1149 3328 1203 id
3369 1155 3454 1202 est

1870 1257 2072 1304 :eterna
2113 1248 2411 1312 beatitudo,
2452 1245 2900 1316 appropinquavit,
2930 1243 3056 1297 dum
3099 1249 3322 1312 peccata
3372 1254 3454 1294 re-

1870 1341 2061 1407 missa,
2090 1341 2216 1396 dum
2237 1340 2368 1396 estis
2385 1338 2516 1408 justi
2541 1354 2638 1409 per
2659 1338 2911 1410 gratiam.
2947 1333 3072 1389 Nox
3085 1344 3242 1390 vetus
3269 1335 3450 1398 homo,

1869 1433 1963 1503 qui
2002 1432 2055 1486 in
2103 1432 2374 1502 baptismo
2403 1432 2694 1501 praeteriit;
2735 1430 2880 1494 Dies,
2916 1428 2996 1484 sol
3033 1425 3259 1498 iustitiae
3299 1425 3457 1483 Chri-

1861 1532 2008 1600 .stus,
2037 1522 2191 1594 cujus
2215 1522 2334 1577 luce
2358 1523 2642 1577 veritatem
2673 1522 2996 1585 didicerunt,
3031 1528 3090 1573 ut
3122 1517 3297 1573 sciant
3323 1515 3453 1587 quid

1871 1621 2136 1691 agendum
2169 1619 2258 1674 sit.
2307 1618 2481 1690 Opera
2525 1619 2878 1673 tenebrarum.
2923 1614 3100 1685 Opera
3138 1613 3301 1677 mala,
3335 1625 3458 1681 quae

1871 1724 1938 1765 ex
1955 1709 2193 1764 tenebris
2217 1708 2538 1777 ignorantia:
2561 1716 2845 1773 venerunt,
2869 1706 2952 1761 vel
2975 1705 3226 1760 tenebras
3248 1708 3455 1766 amant,

1870 1807 1926 1855 et
1952 1800 2019 1854 ad
2045 1800 2296 1854 tenebras
2324 1799 2527 1854 ducunt

182 1888 284 1943 Dei
331 1899 476 1944 sunt.
513 1889 610 1945 Vel
649 1889 917 1962 prmstatis
958 1889 1182 1955 tributa,
1225 1889 1352 1960 quia
1393 1887 1627 1944 ministri
1669 1885 1766 1941 Dei
1793 1895 1843 1957 Β
1942 1892 2109 1948 Vsns.
2143 1893 2230 1949 15.
2259 1923 2330 1932 -
2358 1890 2484 1946 Νοη
2522 1892 2578 1946 in
2603 1890 3086 1946 comessationibus.
3119 1887 3256 1943 Nota
3282 1886 3339 1942 in
3373 1883 3459 1940 his

183 1989 336 2047 sunt,
367 1991 426 2037 ut
449 1981 576 2037 boni
599 1982 906 2049 laudentur,
929 1983 1056 2038 mali
1083 1982 1398 2053 puniantur.

260 2070 428 2126 Vens.
457 2071 509 2126 7.
532 2101 603 2113 --
624 2071 918 2128 Tributum.
941 2072 1036 2130 Vel
1076 2074 1336 2128 tributum
1363 2073 1506 2144 quod
1537 2072 1771 2130 dominis

185 2157 438 2215 solvitur.
462 2159 702 2233 Vectigal
715 2162 856 2232 quod
887 2163 951 2216 ad
983 2163 1198 2218 domum
1224 2163 1426 2218 domini
1456 2165 1694 2219 vehitur.

260 2251 424 2306 Vens.
457 2251 510 2306 8.
531 2283 602 2292 —
627 2251 840 2306 Nemini
866 2253 1168 2325 quidquam.
1206 2254 1320 2308 Pax
1349 2253 1415 2309 ad
1440 2270 1649 2321 omnes,
1690 2253 1772 2309 di-

183 2342 350 2398 lectio
394 2342 536 2398 inter
578 2343 792 2400 fratres.
834 2345 1004 2400 Aliter
1062 2347 1206 2402 enim
1252 2362 1379 2402 vere
1427 2346 1624 2403 fratres
1663 2362 1772 2403 non

185 2443 337 2490 sunt.
374 2433 637 2506 Diligatis.
670 2436 870 2492 Mentio
899 2436 959 2491 ﬁt
987 2437 1074 2492 hic
1102 2439 1168 2492 de
1189 2439 1476 2506 charitate,
1523 2441 1648 2510 quia
1680 2454 1773 2494 va-

183 2523 268 2580 let
304 2525 370 2579 ad
403 2525 559 2583 hanc
601 2527 982 2583 humilitatem.
1021 2527 1145 2583 Sola
1199 2529 1343 2583 enim
1389 2528 1632 2584 charitas
1665 2537 1770 2596 est,

186 2633 313 2688 quae
349 2617 512 2673 etiam
549 2619 757 2674 reddita
785 2635 998 2690 semper
1029 2621 1229 2677 retinet
1273 2621 1599 2677 debitorem.
1630 2621 1770 2677 Red-

186 2707 340 2762 ditur
367 2708 512 2763 enim
542 2724 665 2764 cum
692 2709 1040 2780 impenditur,
1075 2710 1306 2766 debetur
1329 2718 1510 2765 autem
1535 2710 1700 2766 etiam
1724 2709 1772 2766 si

187 2801 407 2856 reddita
434 2800 616 2868 fuerit,
666 2803 792 2873 quia
822 2803 1024 2858 nullum
1054 2811 1137 2858 est
1174 2811 1384 2876 tempus
1423 2818 1530 2874 quo
1559 2803 1769 2874 impen-

189 2890 369 2945 denda
393 2907 498 2947 non
527 2893 616 2947 sit.
651 2891 761 2948 Nec
785 2908 907 2948 cum
937 2893 1201 2961 redditur,
1228 2893 1515 2960 amittitur,
1544 2896 1636 2950 sed
1677 2908 1774 2964 po-

188 2984 302 3039 tius
323 2984 597 3041 reddendo
621 2985 1042 3056 multiplicatur;
1072 2987 1321 3042 habendo
1334 2987 1480 3042 enim
1508 2986 1770 3052 redditur,

185 3091 304 3132 non
332 3077 587 3141 carendo,
614 3087 675 3130 ut
701 3078 930 3147 pecunia
951 3093 1069 3147 qum
1113 3079 1261 3133 reddi
1291 3095 1399 3134 non
1438 3087 1631 3150 potest,
1669 3078 1769 3133 nisi

185 3167 492 3232 habeatur;
533 3181 634 3221 nec
662 3167 878 3233 haberi,
905 3167 1007 3221 nisi
1041 3168 1312 3228 reddatur,
1347 3169 1456 3223 imo
1498 3182 1620 3223 cum
1652 3167 1773 3222 red-

1867 1985 2142 2042 Bomanos
2170 1979 2317 2056 tangi
2345 2002 2361 2052 ;
2389 1994 2444 2040 et
2473 1985 2593 2040 ideo
2616 2000 2723 2040 non
2743 1991 2828 2039 est
2854 1983 2934 2038 eis
2950 1983 3039 2052 jus
3065 1978 3352 2052 gloriandi.

1941 2077 2125 2150 (Aue.)
2155 2076 2359 2133 Horum
2395 2085 2574 2133 autem
2606 2077 2918 2131 morborum
2953 2075 3208 2144 superbia
3231 2081 3316 2129 est
3344 2085 3458 2126 ma-

1871 2175 1977 2234 ter,
2006 2176 2060 2223 et
2087 2168 2338 2224 humanae
2367 2168 2567 2224 mentis
2614 2165 2863 2233 aviditas,
2911 2180 3031 2236 qua:
3070 2164 3235 2219 etiam
3284 2163 3455 2232 hypo-

1872 2258 2062 2314 cris'un
2093 2274 2236 2330 saepe
2279 2269 2505 2332 generat
2535 2276 2551 2326 ;
2597 2258 2724 2315 huic
2749 2274 2855 2314 non
2882 2257 3173 2322 resistitur,
3201 2253 3303 2310 nisi
3339 2267 3460 2310 cre-

1870 2348 1984 2405 bris
2019 2350 2324 2406 tivinorum
2368 2351 2630 2406 librorum
2676 2350 3002 2407 testimoniis
3045 2348 3341 2406 incutiatur
3385 2345 3457 2401 ti-

1871 2459 1994 2501 mor
2024 2455 2080 2501 et
2107 2445 2374 2502 Charitas.

2459 2578 2688 2636 CAPUT
2708 2577 2849 2636 XIV.

1941 2711 2108 2767 Vens.
2142 2713 2193 2768 1.
2236 2741 2307 2752 -
2343 2709 2628 2781 Infirmum
2666 2718 2863 2765 autem.
2917 2707 3177 2765 Perfecta:
3206 2706 3329 2764 ﬁdei
3375 2713 3463 2762 est

1873 2805 2080 2860 nullum
2126 2803 2306 2860 cibum
2354 2804 2688 2870 discernere,
2717 2793 2803 2858 vel
2853 2803 3190 2858 immundum
3221 2808 3412 2872 putare
3438 2839 3455 2865 ,

1873 2897 2001 2968 quia
2030 2897 2207 2952 omnia
2239 2896 2436 2951 munda
2461 2894 2694 2950 mundis.
2723 2893 2829 2950 Sed
2859 2893 3079 2964 quidam
3107 2891 3304 2947 inﬁrmi
3332 2908 3462 2948 cen-

1873 2989 2066 3045 sebant
2095 3005 2126 3044 a
2145 2987 2471 3059 quibusdam
2495 2987 2900 3052 abstinendum,
2929 2995 2986 3042 et
3011 2987 3086 3042 ita
3111 2987 3250 3041 inter
3273 2985 3466 3042 Roma-

1876 3095 1976 3135 nos
2003 3079 2314 3146 contentio;
2363 3079 2505 3135 unde
2549 3079 2794 3150 praecipit
2823 3078 2959 3134 tales
3011 3092 3310 3141 assumere,
3352 3092 3462 3133 non

1876 3170 2130 3240 abjicere,
2156 3170 2250 3226 sed
2284 3170 2538 3240 patiendo
2581 3170 2829 3239 exemplo
2880 3179 2936 3224 et
2985 3169 3157 3225 verbo
3198 3170 3266 3224 ad
3301 3167 3462 3223 fidem

185 3261 340 3316 ditur
367 3260 435 3314 ab
463 3259 703 3325 homine,
729 3260 927 3315 crescit
953 3260 1007 3314 in
1042 3260 1293 3325 homine;
1325 3267 1380 3316 et
1421 3269 1574 3315 tanto
1602 3257 1777 3326 major
1803 3267 1850 3330 ο
1887 3263 2116 3331 erigere.
2151 3261 2216 3315 Et
2245 3261 2290 3316 si
2347 3260 2680 3331 incognitum
2727 3269 2810 3314 est
2845 3275 2954 3330 quo
2994 3259 3116 3329 quis
3162 3259 3341 3314 animo
3381 3257 3462 3312 fa-

184 3349 516 3420 acquiritur,
548 3358 751 3420 quanto
788 3349 1033 3420 pluribus
1075 3350 1337 3405 redditur.
1383 3350 1565 3419 Diligit
1599 3349 1772 3420 proxi-

185 3456 360 3494 mum.
399 3439 532 3496 Cum
578 3442 683 3495 duo
713 3450 980 3514 praecepta
1027 3441 1135 3496 sint
1161 3441 1466 3507 charitatis,
1495 3455 1594 3511 pro
1629 3448 1778 3495 utro-

187 3548 303 3604 que
318 3549 479 3587 unum
509 3549 651 3604 saepe
672 3533 909 3604 ponitur,
935 3534 1058 3604 quia
1082 3548 1182 3588 nec
1205 3533 1347 3588 Deus
1368 3533 1484 3588 sine
1504 3533 1774 3603 proximo,

186 3637 300 3679 nec
327 3622 443 3678 sine
471 3622 582 3679 Deo
602 3621 882 3694 proximus
911 3621 1153 3700 diligitur
1177 3621 1262 3677 vel
1285 3631 1466 3693 potest
1489 3622 1658 3692 diligi.
1686 3621 1776 3676 Di-

188 3714 359 3770 lectio
403 3714 638 3784 proximi
683 3714 736 3769 in
781 3713 939 3768 factis
975 3722 1217 3784 apparet,
1259 3713 1475 3768 dilectio
1521 3713 1616 3768 Dei
1662 3728 1778 3767 am-

185 3801 336 3875 plius
384 3803 542 3868 latet,
573 3811 628 3858 et
677 3803 798 3858 ideo
839 3803 982 3858 hanc
1030 3803 1318 3874 specialius
1354 3805 1525 3874 ponit,
1574 3805 1640 3859 de
1670 3819 1776 3874 qua

186 3893 456 3949 Dominus
484 3895 597 3948 ait:
632 3893 946 3948 Mandatum
977 3911 1164 3949 novum
1201 3895 1268 3949 do
1302 3896 1466 3962 vobis,
1497 3907 1554 3950 ut
1588 3896 1777 3966 diliga-

187 3984 258 4038 tis
298 3985 535 4049 invicem,
587 3984 678 4039 ubi
722 3983 852 4040 illud
894 3985 1207 4040 mandatum
1253 3985 1428 4054 majus
1475 3987 1778 4042 dilectionis

190 4077 291 4132 Dei
323 4078 534 4133 videtur
562 4093 682 4134 esse
706 4079 1153 4150 prmtermissum.
1181 4077 1284 4134 Sed
1308 4080 1446 4134 bene
1475 4079 1778 4150 intelligen-

187 4166 342 4223 tibus
367 4175 659 4239 utrumque
695 4169 970 4225 invenitur
996 4169 1052 4224 in
1084 4170 1344 4242 singulis;
1371 4170 1496 4240 quia
1535 4161 1627 4242 qui
1657 4170 1778 4224 dili-

187 4260 272 4332 git
299 4259 493 4326 Deum,
540 4275 642 4317 nec
681 4269 862 4332 potest
903 4276 1027 4317 eum
1056 4270 1402 4318 contemnere
1435 4276 1595 4333 quem
1635 4263 1778 4318 Deus

185 4349 438 4419 praecipit
467 4349 640 4421 diligi,
667 4360 722 4407 et
769 4351 862 4422 qui
894 4360 1078 4408 sancte
1108 4367 1174 4408 ac
1205 4351 1564 4424 spiritualiter
1603 4351 1782 4424 diligit

181 4439 522 4511 proximum,
565 4442 693 4511 quid
733 4442 788 4496 in
826 4443 916 4498 illo
946 4443 1120 4514 diligit
1158 4443 1263 4498 nisi
1321 4443 1529 4498 Deum?
1584 4441 1780 4498 Proxi-

187 4547 378 4598 mum,
419 4532 581 4604 legem
633 4534 884 4605 implevit.
935 4534 1161 4591 Omnem
1217 4536 1490 4592 hominem
1552 4533 1777 4606 intelligi

1881 3352 2010 3418 ciat,
2043 3366 2148 3406 non
2181 3351 2306 3406 inde
2335 3350 2681 3420 disceptare;
2711 3347 2836 3404 Non
2870 3351 2925 3402 in
2975 3348 3459 3421 disceptationibus.

1879 3442 1996 3498 Non
2032 3451 2115 3498 est
2145 3442 2482 3498 damnandus
2523 3441 2677 3511 cujus
2708 3441 2965 3511 cogitatio
2993 3457 3100 3496 non
3141 3449 3225 3497 est
3255 3448 3465 3511 aperta,

1879 3536 1965 3592 vel
1997 3537 2063 3592 de
2089 3551 2197 3606 quo
2226 3537 2501 3591 nescimus
2537 3535 2714 3606 qualis
2740 3543 2864 3606 post
2884 3534 2957 3590 sit
2981 3533 3218 3592 futurus.

1952 3626 2116 3682 Vsus.
2145 3626 2199 3680 2.
2221 3656 2294 3666 -
2317 3625 2593 3696 Inﬁrmus.
2623 3625 2714 3680 Ille
2762 3633 2845 3681 est
2887 3625 3134 3682 inﬁrmus
3177 3627 3267 3698 qui
3312 3627 3464 3686 cibos

1880 3723 2162 3787 discernit,
2191 3730 2390 3793 putans
2420 3721 2554 3778 alios
2586 3723 2836 3788 mundos,
2875 3721 3010 3777 alios
3048 3722 3374 3792 immundos,
3397 3738 3464 3780 eo

1879 3816 2024 3885 quod
2051 3813 2219 3869 Judaei
2253 3815 2512 3884 prohibiti
2541 3823 2668 3869 sunt
2710 3815 2894 3881 edere,
2942 3813 3086 3869 hunc
3130 3824 3313 3871 autem
3360 3829 3459 3871 suo

1875 3906 2082 3976 judicio
2113 3905 2525 3976 relinquendum
2573 3906 2724 3971 dicit,
2753 3922 2820 3962 ne
2863 3922 2986 3961 cum
3017 3907 3270 3976 scrupulo
3313 3907 3458 3962 edat.

1882 3997 2001 4063 Vel,
2029 3997 2154 4052 licet
2183 3997 2256 4052 sit
2286 3996 2526 4066 perfecta
2563 3996 2716 4061 ﬁdes,
2754 4011 2875 4065 qua:
2920 3996 3105 4050 omnia
3153 3995 3316 4052 licere
3345 4011 3463 4051 cre-

1881 4088 1990 4153 dit,
2023 4097 2205 4142 tamen
2245 4087 2491 4142 inﬁrmus
2523 4096 2580 4142 et
2608 4103 2810 4158 pronus
2849 4087 2915 4141 ad
2943 4102 3152 4152 casum,
3181 4087 3272 4157 qui
3306 4087 3466 4143 facile

1883 4181 2086 4250 impetu
2118 4179 2360 4234 libidinis
2405 4179 2686 4245 sternitur,
2718 4178 2846 4234 edat
2882 4178 3024 4244 olus,
3061 4178 3116 4234 id
3157 4167 3244 4234 est
3274 4187 3464 4237 tenues

1882 4278 1938 4325 et
1970 4270 2152 4326 aridos
2177 4270 2352 4336 cibos,
2383 4270 2476 4340 qui
2505 4286 2613 4326 non
2637 4279 2764 4325 sunt
2781 4269 3081 4332 fomentum
3105 4271 3382 4338 vitiorum,
3407 4281 3474 4328 et-

1882 4362 2152 4418 abstineat
2170 4362 2238 4418 ab
2260 4362 2366 4418 illis
2411 4363 2610 4432 quibus
2633 4361 2799 4418 libido
2833 4362 3119 4419 excitatur.
3149 4361 3465 4420 Crassitudo

1881 4453 2027 4508 enim
2057 4453 2305 4508 carnium
2339 4461 2395 4508 et
2424 4452 2695 4509 deliciosa:
2721 4452 2893 4524 epulae
2936 4460 3237 4524 provocant
3265 4468 3463 4524 corpus

1884 4543 1953 4598 ad
1979 4542 2279 4598 libidinem.

185 4631 410 4692 oportet
438 4638 536 4693 per
563 4625 870 4695 proximum
890 4667 904 4692 ,
938 4626 1064 4695 quia
1090 4641 1250 4682 nemo
1288 4636 1390 4692 est,
1421 4643 1542 4682 cum
1567 4643 1673 4697 quo
1693 4627 1776 4697 fsit
1800 4627 1854 4688 D
1952 4633 2114 4688 Vens.
2153 4633 2207 4688 3.
2231 4663 2301 4674 —
2325 4633 2382 4688 Is
2410 4635 2502 4706 qui
2527 4633 2833 4689 manducat.
2868 4630 3042 4703 Supra
3067 4632 3326 4702 praecepit
3354 4647 3462 4688 non

185 4715 527 4784 operantium
551 4715 772 4770 malum.
801 4716 902 4783 Qui
926 4731 1056 4789 ergo
1077 4724 1226 4771 amat
1243 4717 1509 4781 homines,
1534 4727 1628 4772 aut
1650 4718 1778 4787 quia

181 4807 323 4878 justi
355 4815 501 4873 sunt,
552 4817 646 4862 aut
680 4817 740 4863 ut
765 4807 897 4879 justi
928 4809 1038 4863 sint
1078 4823 1264 4863 amare
1290 4809 1467 4864 debet.
1499 4808 1590 4864 Sic
1629 4809 1777 4863 enim

184 4904 245 4951 et
272 4896 514 4964 seipsum
538 4911 721 4952 amare
745 4898 924 4963 debet,
952 4897 1178 4961 scilicet,
1206 4897 1290 4952 vel
1315 4897 1440 4968 quia
1457 4898 1635 4968 justus
1670 4908 1774 4964 est,

184 4985 277 5040 vel
323 4993 382 5040 ut
404 4985 589 5053 justus
626 4987 716 5042 sit.
759 4986 860 5054 Qui
886 4989 1030 5043 enim
1059 4988 1218 5043 aliter
1246 5003 1306 5044 se
1351 4988 1547 5060 diligit,
1582 4987 1779 5058 injuste

186 5090 251 5130 se
280 5075 478 5148 diligit,
520 5077 647 5146 quia
674 5078 741 5132 ad
788 5079 890 5133 hoc
917 5093 978 5133 se
1016 5078 1189 5150 diligit
1213 5086 1274 5133 ut
1298 5079 1369 5134 sit
1415 5080 1662 5148 iniustus,
1709 5078 1776 5134 ad

189 5170 301 5226 hoc
328 5185 460 5241 ergo
483 5180 543 5241 ut
565 5173 637 5226 sit
665 5171 877 5226 malus:
907 5187 1038 5244 ergo
1058 5171 1170 5241 jam
1203 5187 1262 5226 se
1289 5173 1408 5228 'non
1447 5173 1648 5243 diligit;
1686 5173 1779 5244 qui

187 5262 341 5315 enim
371 5261 543 5331 diligit
566 5262 927 5331 iniquitatem,
959 5262 1074 5318 odit
1099 5262 1334 5316 animam
1363 5278 1537 5319 suam.

267 5375 436 5431 Vens.
485 5379 570 5432 li.
601 5409 669 5418 —
696 5377 762 5432 Et
793 5380 888 5432 hoc
933 5379 1169 5433 scientes.
1215 5378 1434 5434 Scilicet
1475 5381 1602 5450 quia
1645 5382 1778 5436 hora

190 5476 304 5532 est,
333 5466 419 5522 vel
447 5467 586 5523 sicut
607 5468 824 5538 quidam
856 5469 980 5523 libri
1008 5468 1245 5524 habent:
1277 5471 1380 5524 hoc
1407 5479 1639 5543 tempus,
1673 5471 1780 5526 sci-

192 5559 326 5614 licet
353 5560 560 5631 gratiae,
589 5562 839 5616 scientes.
865 5561 982 5616 Jam
1009 5577 1074 5616 ex
1097 5577 1204 5633 quo
1231 5561 1567 5618 dilectionem
1595 5563 1783 5618 habui-

195 5665 364 5716 mus;
405 5660 488 5706 est
527 5652 683 5718 hora,
738 5653 790 5707 id
839 5661 921 5707 est
969 5653 1380 5724 opportunitas,
1432 5654 1525 5709 sed
1579 5655 1778 5710 brevis.

200 5742 405 5797 Somno
433 5759 662 5813 surgere.
697 5742 930 5798 Somnus
955 5752 1039 5799 est
1061 5745 1385 5816 negligentia
1413 5745 1494 5800 vel
1524 5745 1776 5816 ignoran-

197 5832 295 5886 tia.
343 5828 500 5886 Nunc
523 5834 680 5888 enim.
731 5831 920 5890 Causae
963 5834 1314 5906 interpositae,
1361 5852 1530 5906 quare
1557 5851 1780 5908 surgere

1883 4727 2192 4796 disceptare
2243 4727 2310 4782 de
2351 4727 2774 4798 cogitationibus
2814 4726 3064 4792 aliorum,
3097 4725 3188 4782 hic
3224 4725 3468 4798 precipit

1882 4833 1992 4874 non
2023 4834 2300 4889 spernere.

1955 4909 2081 4964 Non
2097 4909 2320 4979 judicet.
2355 4909 2536 4980 (Auc.,
2566 4909 2660 4965 lib.
2695 4925 2735 4965 ιι
2754 4909 2820 4964 de
2848 4908 2964 4965 Ser.
2985 4909 3142 4965 Dom.
3166 4911 3220 4965 in
3247 4909 3466 4983 monte.)

1882 5003 1960 5058 De
1986 5003 2289 5060 manifestis
2309 5001 2688 5072 judicandum,
2717 5018 2827 5058 non
2857 5003 3176 5072 de°oeultis,
3205 5012 3335 5071 etc.,
3372 5021 3466 5058 us-

1881 5112 1982 5166 que
2007 5095 2077 5148 ad
2105 5096 2414 5166 quicunque
2443 5095 2666 5150 humani
2718 5096 2827 5152 cibi
2876 5096 3251 5154 indifferenter
3299 5097 3460 5153 sumi.

1961 5185 2122 5242 Vens.
2145 5185 2201 5241 4.
2224 5185 2546 5240 -—Domino
2571 5202 2667 5240 suo
2705 5195 2829 5240 stat.
2877 5187 2954 5243 De
2992 5189 3264 5258 incognito
3302 5189 3467 5245 corde

1885 5277 2045 5334 alieni
2076 5278 2220 5332 servi
2251 5287 2308 5332 tu
2341 5291 2447 5331 non
2481 5276 2651 5332 habes
2689 5277 2957 5348 judicare,
3003 5280 3096 5335 sed
3127 5295 3258 5334 suus
3286 5280 3464 5335 Domi-

1881 5387 1985 5425 nus
2042 5371 2110 5425 ad
2158 5371 2314 5442 cujus
2364 5371 2627 5425 honorem
2675 5377 2801 5436 stat,
2846 5371 2938 5440 qui
2989 5381 3136 5439 stat;
3188 5373 3256 5428 ad
3302 5386 3462 5444 quem

1883 5464 2119 5535 pertinet
2149 5472 2204 5519 et
2231 5478 2390 5519 casus
2417 5462 2684 5529 cadentis,
2717 5462 2810 5532 qui
2836 5473 3016 5534 potest
3038 5465 3248 5536 erigere
3272 5464 3355 5520 vel
3375 5464 3464 5535 ju-

1884 5559 2087 5614 dicare.
2121 5557 2259 5622 Stat,
2290 5566 2383 5610 aut
2425 5557 2591 5621 cadit,
2621 5556 2742 5611 ideo
2775 5555 2909 5613 dicit
2941 5575 2953 5610 :
2989 5559 3116 5627 quia
3153 5557 3463 5628 ambiguum

1883 5659 1992 5715 est,
2028 5649 2209 5706 forsan
2241 5657 2371 5713 stat,
2395 5649 2484 5718 qui
2511 5655 2736 5718 putatur
2759 5649 2974 5704 cadere.
3020 5649 3138 5704 Stat
3176 5657 3268 5703 aut
3295 5648 3460 5703 cadit.

1882 5742 1986 5798 Per
2015 5744 2118 5798 hoc
2145 5741 2381 5797 ostendit
2430 5757 2488 5796 se
2518 5741 2729 5797 nescire
2755 5756 2866 5812 quo
2891 5741 3073 5797 animo
3105 5739 3196 5796 ille
3237 5754 3298 5796 se
3339 5750 3464 5812 agat

1882 5835 1938 5891 in
1969 5836 2164 5896 dubiis.
2209 5835 2376 5891 Stabit
2419 5844 2616 5890 autem.
2659 5833 2758 5891 llic
2784 5835 2981 5900 innuit,
3027 5835 3169 5906 quod
3210 5835 3462 5907 ambigua
