3958 6314
508 341 616 406 615

1007 335 1401 394 WALAFRIDI
1437 333 1691 392 STRABI
1726 332 1939 392 FULD.
1984 329 2152 388 MON.
2193 328 2341 388 OPP.
2381 330 2566 388 PARS
2597 333 2645 388 ι.
2685 362 2757 380 -ι
2795 329 3256 390 THEOLOGICA.

3675 329 3777 385 516

507 456 852 520 debemus-in
883 453 1158 512 meliorem
1180 460 1390 523 partem
1421 459 1656 515 vertere,
1684 458 1739 506 et
1775 449 1896 519 plus
1939 447 2086 502 salu-
2115 449 2165 510 Α
2192 445 2638 516 blasphemabilis
2679 455 2765 502 est
2793 447 2920 502 dum
2945 447 3067 504 aliis
3106 453 3266 504 nocet
3293 463 3306 500 :
3339 453 3396 504 et
3435 446 3559 516 quia
3591 453 3775 504 nocet.

517 568 624 610 tem
649 566 812 622 quam
838 557 1068 606 mortem
1101 560 1316 600 reorum
1346 552 1626 613 optare,et
1652 545 1703 597 iu
1738 540 1917 595 futuro
1947 555 2098 609 spem

519 644 647 700 boni
668 643 888 706 habere,
921 638 1023 693 etsi
1053 636 1210 691 aliter
1235 635 1303 690 sit
1333 635 1383 688 in
1412 634 1684 705 praesenti.
1710 631 1879 687 Stabit
1901 641 2095 684 autem.

516 732 661 804 Quia
688 746 862 800 neque
897 729 943 784 si
964 729 1097 792 edit,
1121 741 1247 782 reus
1284 735 1398 792 est;
1427 739 1602 796 neque
1647 725 1690 779 si
1733 735 1844 779 non
1873 723 2003 788 edit,
2053 721 2100 778 si

519 832 700 880 tamen
732 821 1018 880 devotione
1051 821 1154 876 hoc
1183 819 1310 888 agit.

593 915 754 970 Vens.
786 913 840 968 5.
859 911 1086 966 -Ναηι
1113 909 1271 965 alius.
1300 908 1476 979 Supra
1499 907 1658 973 dixit,
1691 905 1834 976 quod
1867 904 1957 959 alii
1985 918 2101 958 om-

517 1003 605 1062 nia
631 1002 980 1066 manducant,
1009 999 1102 1055 alii
1119 1001 1238 1055 ‘non
1268 999 1484 1064 omnia;
1526 998 1590 1052 de
1627 995 1916 1068 generibus
1953 993 2101 1048 cibo-

520 1111 640 1165 rum
672 1108 835 1164 agens
866 1093 968 1148 hoc
995 1092 1144 1154 dicit,
1195 1091 1339 1162 quod
1387 1090 1478 1146 alii
1523 1089 1672 1146 omni
1708 1098 1974 1160 tempore,
2008 1085 2101 1140 alii

520 1187 703 1258 aliquo
728 1194 880 1241 certo
912 1195 1156 1254 tempore
1200 1183 1494 1248 abstinent,
1520 1189 1576 1237 et
1617 1189 1912 1250 utrumque
1953 1184 2102 1232 recte

521 1281 639 1338 ﬁeri
657 1293 822 1352 posse
848 1277 1000 1334 dicit.
1032 1275 1099 1329 In
1125 1292 1219 1329 suo
1249 1291 1423 1329 sensu.
1451 1273 1508 1328 ld
1543 1280 1628 1328 est
1655 1272 1710 1326 in
1746 1287 1845 1326 suo
1871 1269 2101 1325 consilio

522 1372 828 1430 dimittatur
880 1384 949 1422 ne
984 1365 1298 1422 scandalum
1343 1379 1536 1434 passus
1583 1378 1616 1417 a
1660 1361 1950 1426 cbaritate,
1983 1373 2104 1430 quae

521 1472 609 1520 est
638 1471 815 1518 mater
851 1460 1092 1516 omnium
1119 1459 1399 1524 virtutum,
1430 1457 1668 1511 recedat.

596 1552 758 1606 Vsus.
775 1549 1009 1616 6.-—Qui
1023 1549 1178 1617 sapit.
1194 1546 1252 1602 ιιι
1269 1562 1366 1601 suo
1385 1561 1545 1601 sensu
1559 1545 1699 1609 dico,
1717 1553 1776 1598 ut
1787 1540 2098 1598 abundans:

525 1647 651 1717 quia
669 1646 760 1718 qui
777 1645 915 1715 sapit
930 1643 1093 1708 diem,
1108 1640 1192 1695 vel
1205 1639 1535 1706 omnem,vel
1549 1639 1688 1694 diem
1706 1638 2101 1708 interpositum,

529 1739 754 1793 Domino
781 1737 940 1806 sapit.
976 1735 1044 1788 Et
1073 1735 1163 1804 qui
1191 1733 1498 1798 manducat,
1533 1731 1758 1784 Domino
1800 1728 2100 1783 manducet.

2202 536 2436 601 abstine,
2467 537 2590 606 quia
2620 553 2723 590 non
2755 545 2838 591 est
2869 552 3034 591 causa
3067 537 3215 607 regni
3244 536 3336 591 Dei
3360 551 3503 592 esca.

2272 629 2436 683 Vsus.
2456 628 2742 683 l7.—Non
2767 639 2841 683 est
2864 629 3001 682 enim
3033 645 3247 698 regnum
3276 628 3370 682 Dei
3391 645 3507 684 esca
3533 636 3579 682 et
3605 637 3775 698 potus.

2199 717 2318 778 Non
2350 737 2480 776 usus
2521 721 2799 788 ciborum,
2832 722 2926 776 sed
2967 722 3410 791 concupiscentia
3453 721 3777 776 refrenanda

2199 823 2304 870 est.
2334 813 2452 868 Non
2507 815 2735 871 interest
2779 816 2907 884 quid
2961 815 3342 872 alimentorum
3391 815 3473 870 vel
3519 825 3779 884 quantum

2193 920 2298 986 pro
2329 907 2682 976 congruentia
2733 907 3009 963 hominum
3059 916 3116 962 et
3151 922 3396 980 persona:
3444 923 3556 964 suae
3604 917 3665 961 et
3693 922 3776 976 prr

2200 995 2528 1052 valetudinis
2577 1012 2688 1052 sua:
2718 997 3047 1053 necessitate
3085 997 3207 1066 quis
3252 997 3453 1067 capiat,
3497 997 3596 1052 sed
3628 1012 3782 1066 quau.

2203 1087 2360 1143 facile
2384 1099 2438 1143 et
2469 1089 2592 1144 laeto
2615 1090 2797 1144 animo
2833 1097 3018 1144 careat
3046 1089 3298 1155 his,cum
3327 1089 3414 1146 his
3448 1089 3536 1146 vel
3576 1098 3786 1160 oportet

2203 1179 2290 1234 vel
2324 1193 2545 1236 necesse
2569 1187 2653 1234 est
2677 1194 2886 1236 carere.

2277 1265 2546 1324 Gaudium
2597 1269 2651 1322 in
2683 1266 2885 1338 Spiritu
2909 1276 3114 1328 sancto.
3167 1268 3272 1334 Qui
3307 1268 3465 1336 enim,
3511 1276 3630 1324 etc.
3680 1265 3783 1320 Non

2205 1359 2391 1428 utique
2439 1359 2492 1414 in
2539 1359 2732 1429 epulis,
2773 1368 2830 1414 ut
2878 1359 3031 1413 multi
3087 1358 3284 1425 solent,
3324 1359 3418 1414 sed
3469 1359 3526 1412 in
3589 1357 3784 1426 Spiritu

2204 1456 2394 1504 sancto
2433 1448 2536 1502 hoc
2563 1449 2816 1519 gaudium
2842 1447 3017 1503 oritur
3048 1448 3112 1502 de
3141 1447 3380 1508 fraterna
3427 1462 3566 1518 pace
3595 1463 3612 1513 ;
3652 1447 3781 1500 sicut

2206 1543 2262 1597 in
2292 1542 2682 1612 disceptatione
2729 1542 2830 1606 ira,
2869 1541 2959 1596 ubi
3010 1557 3116 1596 non
3155 1549 3239 1596 est
3262 1542 3524 1612 spiritus,
3559 1541 3694 1610 quia
3740 1540 3786 1594 in

2207 1633 2338 1690 Solis
2369 1631 2611 1702 paciﬁcis
2634 1642 2750 1699 est;
2781 1631 2934 1702 cujus
2969 1632 3132 1687 etiam
3156 1633 3332 1703 gratia
3371 1633 3487 1688 hinc
3527 1632 3638 1685 tria
3677 1639 3790 1685 sunt

2207 1719 2262 1774 in
2295 1719 2505 1788 aliquo:
2527 1717 2762 1787 justitia,
2789 1733 2898 1792 pax
2926 1725 2978 1772 et
3004 1717 3282 1789 gaudium,
3313 1733 3434 1789 qua:
3463 1718 3523 1773 in
3546 1717 3674 1773 istis
3695 1714 3788 1771 Ro-

527 1829 582 1884 ltl
605 1836 689 1886 est
723 1827 791 1882 ad
825 1827 1088 1881 honorem
1121 1821 1357 1887 Domini,
1386 1818 1537 1888 cujus
1561 1818 1743 1874 omnia
1771 1825 1950 1872 creata
1979 1831 2104 1871 cre—
2131 1819 2184 1886 Β
2213 1808 2388 1864 manis
2412 1824 2517 1863 non
2544 1818 2699 1864 erant

528 1921 608 1975 dit
633 1917 854 1983 munda,
882 1925 937 1970 et
968 1915 1092 1984 quia
1123 1916 1172 1968 ei
1195 1915 1496 1967 serviturus
1521 1910 1626 1964 illis
1656 1916 2013 1963 sustentatur.

603 2011 763 2068 Vsus.
817 2007 868 2064 7.
899 2037 969 2048 --
1000 2005 1168 2061 Nemo
1213 2005 1352 2060 enim
1399 2015 1636 2058 nostrum
1682 2001 1782 2056 sibi
1827 2001 1967 2055 vivit.
2003 1999 2106 2066 Qui

525 2102 674 2159 enim
715 2101 834 2173 lege
878 2098 1143 2164 frenatur,
1170 2111 1281 2151 non
1327 2095 1454 2161 sibi,
1486 2095 1578 2149 sed
1629 2093 1758 2157 Deo,
1793 2093 1886 2164 qui
1932 2092 2107 2164 legem

527 2192 695 2260 dedit,
731 2189 883 2244 vivit.
922 2188 980 2244 Si
1009 2187 1098 2243 lex
1131 2201 1238 2241 non
1276 2193 1440 2252 esset,
1475 2184 1576 2240 sibi
1609 2185 1836 2256 quisque
1877 2183 2102 2239 viveret.

528 2281 660 2338 Sibi.
692 2281 799 2338 Sed
830 2280 1093 2346 Domino,
1118 2293 1226 2350 quo
1265 2276 1448 2348 judice
1495 2279 1784 2332 damnatur
1821 2275 1907 2330 vel
1953 2291 2107 2330 coro-

526 2382 720 2439 natur;
767 2372 872 2438 vel,
897 2371 1025 2437 sibi,
1077 2371 1128 2425 id
1167 2379 1251 2426 est
1280 2370 1346 2424 ad
1373 2369 1588 2424 laudem
1630 2384 1806 2436 suam,
1851 2367 1945 2424 sed
1985 2368 2103 2424 Dei.

533 2463 688 2520 Sicut
713 2465 856 2518 enim
885 2461 1274 2534 magnitudinis
1312 2461 1432 2531 ejus
1469 2475 1576 2514 non
1607 2467 1690 2514 est
1720 2458 1864 2522 ﬁnis,
1898 2459 1978 2513 sic
2009 2474 2106 2513 no-

525 2555 845 2610 strtelaudis
875 2569 980 2609 non
1005 2554 1110 2608 erit
1130 2553 1271 2608 ﬁnis.
1295 2551 1418 2607 Non
1439 2552 1589 2607 enim
1613 2566 1736 2606 cum
1764 2551 1964 2606 mortui
1991 2550 2108 2606 fue-

524 2645 694 2701 rimus
735 2646 792 2700 in
833 2645 937 2700 hac
983 2659 1164 2708 carne,
1196 2644 1505 2700 desinemus
1557 2642 1775 2698 laudare
1816 2642 2010 2696 Deum.
2041 2641 2106 2695 Et

525 2737 820 2792 secundum
857 2737 960 2791 hoc
998 2735 1064 2790 de
1093 2734 1340 2791 ﬁdelibus
1379 2744 1588 2788 tantum
1617 2734 1745 2808 agit.
1782 2733 1876 2788 Vel
1905 2734 2027 2801 sibi,
2052 2733 2106 2788 id

524 2837 608 2883 est
646 2843 676 2882 a
711 2843 769 2882 se
801 2826 1148 2896 judicandus,
1193 2827 1288 2884 sed
1333 2843 1365 2882 a
1395 2826 1625 2883 Domino
1653 2825 1949 2882 secundum
2002 2824 2106 2880 hoc

523 2920 590 2976 de
619 2921 775 2975 bonis
803 2928 856 2975 et
882 2919 1037 2974 malis
1066 2919 1351 2990 accipitur.

600 3013 766 3069 Vsus.
801 3013 887 3068 10.
909 3044 976 3054 -
1003 3012 1135 3068 Ante
1181 3013 1432 3070 tribunal.
1464 3011 1579 3069 Hoc
1605 3029 1635 3068 a
1663 3010 1825 3070 simili
1858 3009 2058 3066 dicitur
2085 3026 2100 3065 :

525 3105 761 3162 tribunal
787 3105 930 3161 enim
959 3107 1117 3161 sedes
1149 3104 1353 3180 judicis
1389 3114 1496 3172 est,
1533 3121 1653 3176 qum
1684 3106 1739 3160 in
1771 3104 1986 3160 excelso
2025 3104 2104 3160 lo-

2282 1901 2449 1954 Vsns.
2483 1898 2832 1956 18.—Placet
2860 1898 2990 1967 Deo,
3021 1909 3069 1954 et
3099 1899 3352 1972 probatus
3371 1907 3447 1954 est
3469 1898 3785 1953 hominibus.

2209 1989 2518 2048 Secundum
2541 1993 2683 2062 quod
2713 1991 2967 2063 gaudium
2994 2001 3079 2048 est
3108 1992 3161 2046 in
3192 1991 3396 2062 Spiritu
3420 2000 3638 2046 sancto.
3670 1989 3788 2045 Pro-

2205 2083 2367 2138 hatus
2392 2091 2572 2136 autem
2602 2083 2830 2138 habetur
2851 2081 3159 2139 hominibus
3183 2081 3482 2137 secundum
3499 2079 3785 2148 justitiam,

2207 2182 2264 2230 et
2293 2190 2482 2245 pacem
2513 2175 2696 2239 etiam,
2735 2174 2861 2244 quia
2912 2173 3232 2244 disceptatio
3263 2171 3600 2228 discordiam
3635 2171 3786 2240 parit,

2209 2265 2330 2322 ideo
2357 2266 2594 2324 dimissis
2628 2267 2936 2322 temerariis
2961 2265 3202 2337 judiciis,
3245 2274 3518 2322 sectemur
3548 2280 3677 2335 quae
3703 2280 3789 2335 pa-

2208 2350 2288 2414 cis
2333 2375 2438 2413 non
2467 2359 2775 2426 discordiae,
2807 2367 2861 2414 et
2908 2373 3027 2430 quae
3068 2357 3464 2423 mdilicationis,
3507 2365 3576 2411 ut
3617 2357 3785 2412 caeteri

2206 2447 2564 2518 aediﬁcentur,
2593 2449 2677 2503 vel
2700 2449 2814 2521 jam
2843 2447 3093 2503 azdiﬁcati
3121 2456 3513 2504 conserventur
3563 2448 3786 2504 invicem

2207 2541 2428 2598 Judaeus
2459 2543 2526 2597 ad
2549 2543 2828 2612 gentilem,
2857 2551 2912 2598 et
2937 2542 3153 2612 gentilis
3175 2543 3240 2596 ad
3272 2540 3542 2598 Judaeum.

2280 2631 2448 2687 V’eas.
2475 2631 2640 2686 21.-
2658 2631 2977 2701 Οῇεηιίίιαν.
3008 2631 3363 2688 Perturbatus
3390 2630 3653 2687 nesciens
3673 2628 3787 2700 quid

2213 2733 2416 2782 teneat.
2446 2722 2766 2788 Oll‘enditur,
2797 2724 2888 2793 qui
2922 2737 2951 2776 a
2985 2721 3088 2778 ﬁde
3116 2731 3264 2779 recta
3291 2722 3547 2778 discedit.

2280 2823 2445 2878 Vsus.
2472 2819 2882 2876 22.—Beatus.
2928 2820 3156 2878 Beatum
3201 2822 3332 2877 dicit
3374 2821 3468 2892 qui
3512 2836 3630 2878 non
3670 2821 3785 2877 facit

2207 2919 2356 2974 aliud
2377 2935 2544 2989 quam
2575 2919 2718 2988 quod
2739 2918 2868 2974 utile
2895 2920 3111 2989 probat,
3141 2918 3235 2976 sed
3263 2917 3414 2978 illum
3463 2918 3691 2990 proprio
3711 2918 3786 2987 ju-

2203 3011 2352 3066 dicio
2381 3020 2567 3067 censet
2593 3010 2982 3078 daumandum,
3003 3011 3119 3081 qui,
3145 3010 3291 3082 quod
3318 3009 3453 3068 dicit
3491 3025 3555 3067 se
3597 3010 3787 3066 debere

2211 3102 2413 3170 facere,
2443 3119 2550 3159 non
2572 3102 2724 3157 facit.

523 3205 692 3260 catur,
722 3205 780 3250 ut
799 3195 966 3266 judex
998 3195 1066 3251 ab
1087 3197 1337 3252 omnibus
1359 3197 1608 3254 videatur
1633 3203 1689 3251 et
1715 3196 1832 3267 ipse
1875 3213 1942 3251 ex
1965 3197 2100 3252 emi-
2125 3181 2172 3252 Ω
2277 3195 2443 3252 Vsus.
2473 3197 2565 3252 ‘25.
2588 3223 2659 3240 ρ-
2682 3193 2849 3250 Omne
2870 3203 3066 3250 autem.
3097 3193 3216 3250 Non
3248 3202 3426 3251 tamen
3453 3209 3625 3252 omne
3653 3195 3783 3265 quod

524 3297 685 3342 nente
725 3287 843 3342 loco
888 3302 1078 3342 omnes
1108 3286 1289 3342 valeat
1340 3287 1560 3342 intueri.
1610 3285 1692 3342 ita
1743 3295 1799 3341 et
1846 3285 2099 3342 Christus

525 3379 678 3449 quasi
729 3379 783 3433 in
814 3378 1072 3433 tribunali
1124 3379 1356 3445 sedebit,
1391 3379 1519 3450 quia
1564 3379 1634 3433 ab
1677 3378 1926 3433 omnibus
1956 3379 2104 3433 vide-

523 3469 690 3534 bitur,
729 3478 782 3524 et
813 3469 927 3539 ipse
962 3469 1206 3525 omnium
1241 3469 1603 3524 conscientias
1630 3468 1854 3536 videbit,
1891 3477 1946 3523 et
1978 3485 2105 3524 cau-

528 3576 615 3616 sas
637 3559 974 3629 dijudicabit.

599 3647 766 3702 Veas.
795 3650 880 3704 15.
904 3678 976 3688 -
1002 3647 1124 3702 Non
1170 3664 1291 3720 ergo
1337 3647 1582 3720 amplius.
1615 3645 1733 3703 Non
1783 3663 2106 3720 usurpemus

530 3739 685 3792 nobis
710 3739 852 3809 quod
899 3739 968 3793 ad
1004 3755 1104 3794 nos
1130 3755 1238 3794 non
1286 3741 1540 3810 pertinet.
1572 3739 1692 3796 Non
1741 3742 2104 3812 reprehenda-

528 3844 652 3883 mus
677 3844 740 3882 ea
767 3845 884 3898 qua:
930 3830 1202 3885 nescimus
1243 3846 1350 3901 quo
1379 3832 1560 3886 animo
1601 3831 1732 3886 ﬁant
1763 3849 1778 3898 ;
1815 3833 1896 3888 vel
1931 3834 2098 3887 etiam

531 3919 574 3974 si
621 3929 825 3991 aperta,
858 3936 965 3976 non
1008 3921 1083 3975 ita
1124 3921 1606 3993 reprehendamus,
1658 3932 1718 3978 ut
1762 3923 1828 3978 de
1874 3925 2109 3980 sanitate

532 4009 896 4080 desperemus.
927 4009 985 4064 In
1017 4010 1103 4065 his
1135 4010 1280 4065 enim
1309 4011 1517 4067 duobus
1543 4013 1890 4068 temerarium
1920 4022 1998 4069 est
2019 4015 2106 4085 ju-

531 4101 751 4168 dicium,
771 4111 828 4157 et
854 4103 937 4158 vel
953 4104 1230 4173 superbia,
1244 4103 1330 4159 vel
1353 4104 1700 4170 inevidentia,
1715 4106 1856 4162 unde
1877 4107 2102 4162 dicitur:

532 4192 710 4248 Nolite
731 4195 979 4266 judicare
1007 4205 1053 4250 et
1085 4213 1189 4251 non
1211 4196 1582 4267 judicabimini
1608 4197 1762 4266 (Luc.
1794 4197 1892 4270 vt).

601 4285 763 4340 Vens.
791 4287 875 4340 14.
898 4317 965 4326 -
993 4285 1118 4342 Scio
1156 4297 1205 4341 et
1256 4287 1481 4356 conﬁdo.
1533 4287 1699 4354 Quasi
1747 4289 1889 4344 dicat
1937 4289 2056 4345 dico
2087 4308 2102 4345 :

521 4375 607 4430 Ne
633 4376 854 4446 ponatis
883 4375 1266 4432 olfendiculum
1311 4376 1588 4434 fratribus.
1631 4378 1748 4432 Non
1776 4389 1951 4434 autem
1985 4380 2106 4436 dico

529 4468 906 4524 oﬁ'endiculum
937 4469 1020 4524 vel
1064 4470 1400 4535 scandalum,
1441 4463 1512 4525 'eo
1542 4471 1686 4541 quod
1716 4472 1868 4527 cibus
1896 4473 1968 4528 sit
2004 4474 2104 4528 im-

2201 3289 2263 3345 ﬁt
2291 3304 2414 3344 cum
2437 3288 2544 3343 ﬁde
2567 3288 2771 3342 bonum
2801 3295 2915 3352 est,
2949 3287 3076 3358 quia
3104 3286 3411 3356 ignorantia
3440 3302 3566 3358 qua:
3603 3296 3693 3341 est
3725 3301 3782 3342 ex

2201 3378 2382 3448 culpa,
2431 3385 2612 3434 nocet.
2646 3377 2834 3432 Omnis
2867 3377 2978 3431 vita
3021 3375 3318 3432 inﬁdelium
3367 3386 3662 3447 peccatum
3689 3384 3783 3440 est,

2203 3470 2330 3541 quia
2355 3469 2532 3525 omnis
2559 3467 2850 3524 inﬁdeliter
2873 3467 3061 3523 vivens
3096 3467 3182 3522 vel
3220 3483 3406 3540 agens,
3437 3469 3788 3524 vehementer

2203 3570 2413 3630 peccat,
2455 3567 2510 3615 et
2539 3559 2674 3616 nihil
2699 3560 2902 3615 bonum
2922 3559 3048 3616 sine
3078 3575 3290 3617 summo
3320 3560 3492 3627 bono,
3518 3561 3616 3616 ubi
3647 3561 3788 3616 deest

2207 3651 2409 3722 agnitio
2443 3653 2689 3708 veritatis
2735 3661 2972 3708 aeterna}.
3016 3652 3175 3709 Falsa
3213 3654 3388 3710 virtus
3421 3662 3508 3709 est
3537 3654 3714 3708 etiam
3741 3654 3789 3708 in

2205 3741 2427 3813 optimis
2469 3743 2730 3798 moribus.
2776 3742 2952 3814 Opera
2999 3759 3120 3814 quae
3166 3745 3418 3802 videntur
3460 3745 3789 3816 probabilia,

2203 3838 2403 3904 praeter
2437 3831 2597 3888 ﬁdem
2629 3833 2707 3888 sic
2729 3842 2874 3895 sunt,
2900 3842 2958 3888 ut
2977 3849 3188 3906 magnae
3213 3835 3358 3892 vires
3384 3843 3442 3890 et
3480 3849 3688 3891 cursus
3711 3851 3791 3890 eeo

2206 3921 2462 3980 lerrimus
2487 3931 2644 3978 extra
2670 3925 2837 3980 viam.
2869 3924 2994 3980 Non
3034 3936 3107 3980 est
3152 3941 3217 3980 ex
3249 3925 3379 3994 ﬁde.
3404 3923 3566 3980 Fides
3607 3934 3792 3980 nostra

2206 4014 2321 4070 vult
2360 4023 2419 4069 ut
2460 4015 2625 4071 homo
2667 4023 2793 4086 agat
2835 4017 2939 4084 hoc
2993 4018 3136 4089 quod
3182 4018 3320 4074 bene
3371 4018 3635 4089 intelligit
3681 4031 3794 4074 esse

2206 4109 2500 4181 agendum,
2528 4117 2585 4164 et
2608 4118 2893 4178 peccatum
2921 4117 3005 4166 est
3023 4110 3168 4182 quod
3185 4110 3342 4168 aliter
3363 4110 3449 4178 ﬁt,
3470 4125 3649 4181 quam
3677 4126 3795 4181 pro-

2207 4202 2399 4260 batum
2428 4210 2530 4260 est.

2799 4271 3027 4331 CAPUT
3077 4269 3192 4330 XV.

2279 4385 2444 4440 Vnus.
2497 4384 2553 4440 5.
2580 4412 2649 4428 —-
2674 4383 2914 4456 Idipsunt
2955 4401 3157 4456 sapere.
3217 4382 3382 4452 Quasi
3428 4383 3574 4439 dicat
3624 4403 3641 4439 :

2208 4475 2351 4533 idem
2380 4475 2622 4546 sapiatis,
2663 4475 2831 4531 Deum
2859 4476 3127 4534 h0norare
3147 4490 3263 4531 non
3285 4475 3553 4544 poteritis.

527 4563 784 4627 mundus;
804 4563 929 4633 quia
954 4563 1068 4618 seio
1089 4579 1189 4636 per
1215 4563 1340 4628 hoc,
1371 4563 1512 4636 quod
1544 4563 1737 4618 ﬁducia
1768 4573 1850 4619 est
1879 4565 1931 4620 in
1949 4565 2101 4633 Jesu,
2133 4541 2185 4606 Ῑ)
2278 4541 2459 4620 Vsus:
2478 4567 2531 4621 8.
2556 4596 2627 4605 —
2649 4565 3094 4624 Circumcisionis.
3136 4567 3194 4623 ω
3240 4541 3324 4622 est
3360 4565 3688 4622 Judteornm
3731 4565 3796 4624 ad

525 4654 616 4722 qui
648 4664 932 4722 postquam
973 4653 1140 4718 venit,
1170 4651 1398 4706 absolvit
1433 4669 1462 4706 a
1499 4651 1634 4722 lege.
1663 4654 1962 4711 Commune
2007 4673 2106 4727 po-

527 4746 609 4798 nit
636 4745 1056 4814 pro‘immundo,
1092 4753 1150 4798 ut
1178 4753 1406 4798 tractum
1447 4761 1477 4800 a
1511 4747 1655 4801 vasis
1689 4763 1808 4818 quae
1835 4758 1958 4802 ante
1982 4765 2100 4803 om-

527 4836 688 4890 nibus
717 4836 903 4890 usibus
928 4843 1085 4890 erant
1112 4838 1435 4900 communia,
1455 4853 1684 4907 quorum
1709 4841 1953 4909 quietiam
1981 4857 2105 4911 pos-

526 4935 611 4980 tea
643 4924 929 4980 sacriﬁciis
958 4926 1204 4981 dedicata
1233 4942 1338 4982 non
1369 4929 1603 5000 amplius
1627 4930 1956 4995 communia,
2008 4931 2103 4986 sed

529 5027 712 5074 sancta
745 5018 1066 5072 dicebantur
1096 5035 1110 5085 ;
1141 5020 1223 5074 vel
1276 5029 1504 5076 tractum
1554 5031 1639 5076 est
1677 5039 1706 5076 a
1733 5020 1932 5078 Judaeis
1974 5024 2101 5092 quia

527 5106 628 5180 ipsi
649 5105 819 5161 Judaei
848 5105 1164 5162 dicebantur
1182 5112 1442 5184 proprius
1463 5110 1690 5182 p0pulus
1716 5110 1832 5178 Dei,
1857 5111 1948 5165 alii
1975 5127 2102 5168 vero

533 5214 715 5256 runnes
740 5214 1058 5256 communes
1083 5210 1139 5256 et
1163 5201 1450 5256 immundi.

595 5287 762 5345 Vsus.
795 5289 882 5346 16.
905 5321 974 5331 -
1005 5291 1128 5346 Non
1153 5309 1275 5364 ergo
1315 5292 1699 5362 blasphemetur
1731 5291 1940 5347 bonum.
1967 5293 2104 5361 Quia

537 5380 618 5456 qui
665 5383 827 5437 habet
867 5397 1032 5453 opera
1054 5385 1217 5448 bona,
1261 5383 1306 5436 si
1352 5382 1799 5453 reprehendatur_
1821 5384 1875 5438 in
1911 5400 1969 5439 re
2000 5387 2103 5440 mi-

533 5471 694 5537 nima,
729 5473 931 5528 bonum
986 5488 1145 5527 suum
1194 5471 1528 5540 obfuscatur,
1581 5483 1637 5529 et
1687 5476 1875 5548 incipit
1903 5477 2104 5534 bonum

527 5561 642 5632 ejus
667 5562 1028 5634 blasphemari
1064 5577 1161 5632 per
1203 5563 1426 5618 malum.
1469 5565 1623 5622 Unde
1649 5565 1900 5624 Ezechiel
1932 5587 1946 5623 :
1979 5570 2106 5626 Jus-

528 5655 642 5708 titia
661 5654 794 5724 justi
813 5671 915 5709 non
940 5654 1177 5724 proﬁciet
1196 5655 1261 5720 ei,
1293 5656 1338 5708 si
1364 5660 1612 5713 erraverit
1639 5657 1854 5731 (Ezech.
1883 5663 2102 5734 χχχιιι).

532 5743 656 5806 Non
681 5765 801 5822 ergo
827 5751 1210 5820 blasphematur
1250 5757 1456 5810 bonum.
1490 5755 1637 5813 Bona
1668 5759 1720 5814 in
1745 5775 1804 5816 se
1835 5764 2105 5821 comestio

2205 4677 2342 4731 quos
2374 4661 2726 4732 corporaliter
2754 4661 2931 4725 venit;
2963 4662 3107 4718 unde
3135 4679 3147 4714 :
3179 4661 3304 4716 Non
3319 4678 3434 4718 sum
3461 4661 3669 4716 minus
3699 4661 3796 4716 nisi

2205 4753 2273 4808 ad
2319 4770 2436 4807 oves
2479 4769 2599 4824 qua:
2647 4754 2912 4822 perierunt
2955 4754 3144 4810 domus
3197 4739 3368 4810 Israel
3409 4752 3648 4824 (Matth.
3683 4755 3793 4820 xv).

2207 4840 2435 4913 Propter
2472 4844 2757 4900 veritatem.
2787 4843 2902 4900 Non
2929 4846 3123 4915 repulit
3161 4845 3396 4912 Judteos.
3433 4844 3643 4915 quibus
3675 4861 3800 4917 pro-

2206 4935 2322 5006 prie
2368 4937 2588 5002 veritas,
2635 4937 2886 5006 gentibus
2935 4937 3345 5004 misericordia,
3397 4938 3593 5007 quibus
3649 4940 3794 4994 ιιιιίιι

2203 5028 2492 5099 promissio
2520 5028 2661 5083 facta
2691 5039 2831 5086 erat.
2857 5027 3265 5086 Promissioues.
3287 5031 3626 5087 Promiseru
3646 5035 3796 5088 eui

2203 5119 2438 5176 Abrahae
2469 5135 2482 5174 :
2512 5119 2580 5174 1n
2617 5120 2816 5176 semin'e
2861 5133 2950 5177 tuo
2979 5123 3345 5180 benedicentur
3387 5141 3562 5180 omnes
3609 5138 3795 5196 gemes

2207 5208 2360 5281 (Gen.
2395 5210 2552 5282 χχιι).
2581 5211 2648 5268 Ει
2673 5213 2844 5270 David
2881 5231 2894 5268 :
2925 5213 3005 5270 ~De
3033 5214 3210 5284 fructu
3251 5217 3438 5271 wutris
3479 5217 3558 5269 tui
3587 5232 3796 5285 pom

2206 5320 2363 5373 super
2397 5305 2568 5358 sedem
2616 5314 2760 5359 tuam
2815 5303 3040 5378 (Psalm.
3073 5309 3281 5381 cxxxr).
3329 5309 3396 5364 Et
3440 5309 3567 5364 item
3617 5307 3792 5364 Jacob

2211 5397 2345 5451 dixit
2379 5414 2392 5451 :
2439 5395 2652 5452 Orietur
2678 5399 2830 5454 stella
2860 5417 2924 5455 ea:
2947 5401 3111 5456 Jacob
3143 5401 3335 5472 (Num.
3368 5400 3537 5472 xxiv).

2283 5487 2443 5543 Vens.
2495 5488 2548 5544 9.
2577 5487 2979 5559 —Conﬁtebor.
3004 5489 3287 5547 Confessio
3323 5501 3502 5548 autem
3526 5505 3636 5546 non
3669 5499 3796 5550 tan.

2210 5586 2320 5634 tum
2349 5589 2694 5650 peccatorum
2722 5591 2826 5648 est,
2855 5585 2948 5640 sed
2977 5593 3030 5638 et
3057 5583 3250 5639 laudis.

2281 5676 2444 5729 Vens.
2479 5675 2562 5730 12.
2594 5707 2663 5716 ——
2686 5676 2804 5731 Erit
2853 5677 3009 5732 radix
3035 5677 3202 5733 Iesse.
3245 5679 3314 5734 Et
3346 5695 3413 5735 ex
3458 5679 3562 5735 hac
3603 5679 3795 5735 radice

2210 5769 2316 5825 erit
2351 5769 2438 5825 ille
2467 5770 2556 5842 qui
2589 5780 2861 5844 exsurget,
2898 5781 3003 5830 etc.
3036 5770 3210 5842 Jesse,
3240 5771 3392 5828 radix
3425 5787 3440 5830 :
3477 5773 3664 5838 David,
3704 5791 3796 5830 ar-
