3958 6314
236 359 342 417 517

1164 358 1426 425 cressa
1468 353 1865 421 unumne.
1906 382 1974 392 —
2014 326 2231 413 eets'r.
2268 355 2363 419 AD
2400 354 2569 417 nou.

3370 353 3474 415 518

229 475 353 541 hor,
383 487 504 545 qua
548 487 647 547 per
673 480 907 541 ramum,
930 472 986 530 id
1012 481 1096 529 est
1118 472 1364 540 Mariam,
1388 471 1519 527 fecit
1547 470 1802 533 fructum,
1830 454 2170 535 A'Romam,
2210 485 2363 541 quasi
2392 480 2537 528 meat
2569 465 2583 527 Ξ
2614 470 2693 527 ita
2728 469 2892 528 facite
2918 476 2981 527 ut
3005 470 3138 540 dixi,
3165 471 3266 529 hos
3296 481 3476 529 autem

230 568 285 624 id
314 576 399 624 est
428 565 723 623 Christum.

303 662 469 721 Vens.
504 661 779 719 i3.—Et
819 678 966 733 pace.
1012 660 1086 717 Ut
1133 659 1354 732 possitis
1394 654 1666 730 gaudere,
1715 654 1807 711 det

226 768 419 825 pacem
443 764 497 811 et
518 753 865 811 concordiam
902 754 970 810 ad
994 754 1224 810 invicem
1253 769 1268 820 ;
1301 753 1481 809 ethoc
1515 751 1638 816 erit,
1667 749 1714 805 si
1737 750 1808 805 sit

226 862 363 905 sana
390 846 543 903 ﬁdes.
575 845 643 901 Ut
678 847 973 903 abundetis.
1018 845 1076 902 1d
1098 854 1212 915 est,
1243 856 1303 900 ut
1338 860 1436 915 per
1476 843 1580 898 ista
1621 842 1806 901 habita

226 938 489 995 certiores
512 930 633 992 sitis
657 938 723 993 de
748 945 950 992 teterna
971 935 1323 1001 beatitudine,
1354 942 1409 990 et
1439 933 1722 989 abundetis
1748 930 1804 989 in

222 1029 426 1089 virtute
448 1029 655 1100 Spiritu
690 1029 886 1094 sancti,
919 1028 973 1087 id
1003 1036 1107 1096 est,
1131 1026 1451 1084 fortitudine
1480 1027 1636 1083 bonae
1675 1040 1805 1097 ope—

221 1121 474 1188 rationis,
504 1136 625 1191 quae
653 1120 812 1177 datur
835 1135 933 1192 per
957 1118 1221 1191 Spiritum
1238 1128 1518 1175 sanctum.

171 1280 175 1284 g
296 1208 853 1269 VensJL—Certus
888 1194 1036 1265 sum.
1069 1209 1149 1266 Ne
1190 1209 1468 1267 videretur
1512 1206 1803 1279 Apostolus

219 1319 416 1367 omnes
438 1303 737 1376 intelligere
770 1301 1048 1359 discordes
1075 1309 1131 1357 et
1160 1301 1229 1357 ad
1261 1301 1641 1374 corrigendum
1670 1300 1804 1355 insi-

219 1394 465 1467 pientes,
508 1401 749 1450 removet
797 1391 940 1462 quod
990 1390 1112 1447 ideo
1157 1390 1364 1462 incipit,
1415 1399 1475 1445 ut
1517 1389 1804 1446 admoneat

217 1485 579 1555 perfectiores
605 1485 676 1541 de
704 1483 1045 1541 correctione
1071 1484 1362 1549 minorum;
1382 1482 1575 1539 etinde
1595 1496 1802 1553 praepo-

219 1576 302 1631 nit
321 1592 380 1633 se
400 1576 705 1650 exemplum
721 1576 818 1647 ‘qui
843 1574 1055 1630 laborat
1068 1575 1134 1629 de
1160 1573 1301 1642 aliis,
1318 1581 1373 1628 et
1391 1589 1525 1645 opus
1538 1583 1621 1629 est
1640 1580 1699 1626 ut
1714 1572 1802 1628 isti

217 1669 329 1725 hoc
345 1670 564 1735 faciant,
584 1684 706 1725 cum
729 1668 845 1739 ipse
868 1666 1292 1738 aliisimpeditus
1305 1666 1373 1724 ad
1385 1681 1480 1722 eos
1493 1665 1679 1720 venire
1693 1679 1802 1719 non

216 1760 412 1829 possit.
434 1759 636 1829 Repleti
670 1759 812 1814 omni
840 1758 1119 1829 sapientia.
1141 1754 1246 1812 Per
1264 1752 1405 1812 hanc
1434 1755 1648 1811 laudem
1678 1770 1802 1825 pro-

1909 560 2213 616 imitamini.
2230 561 2474 618 Phoeben.
2500 564 2718 620 Scilicet
2738 563 2944 622 thbe
2969 565 3229 622 ditissima
3251 575 3307 623 et
3327 568 3477 625 nobi-

1908 652 2111 708 lissima
2139 654 2333 732 mulier
2355 653 2477 722 fuit,
2493 671 2612 727 qua:
2632 656 2925 713 Ecclesiam
2955 658 3011 717 in
3034 658 3154 714 loco
3166 659 3257 731 qui
3282 659 3479 721 dicitur

1907 744 2185 811 Cenchris,
2214 762 2313 801 sua
2353 748 2653 804 substantia
2688 753 3047 807 sustentabat.
3080 752 3156 813 Ea
3189 767 3318 808 vero
3348 762 3481 812 tunc

1907 839 2176 910 temporis.
2214 854 2311 911 pro
2343 840 2520 912 aliquo
2568 845 2781 913 negotio
2818 843 3043 903 Romam
3078 846 3323 918 profecta
3362 857 3478 919 est,

1904 946 2002 1002 per
2039 947 2199 1001 quam
2228 932 2411 988 forsan
2438 935 2577 990 hanc
2602 936 2750 991 misit
2771 937 3085 1007 Epistulam.

1974 1018 2139 1076 Vens.
2181 1020 2236 1075 2.
2262 1053 2335 1062 —
2355 1018 2661 1093 Suscipiatis
2700 1022 2872 1097 digne.
2899 1026 3019 1095 Vel,
3047 1034 3107 1083 ut
3134 1026 3225 1085 alii
3265 1027 3482 1093 codices

1904 1110 2127 1181 habent,
2148 1110 2308 1168 valde
2330 1111 2557 1168 honeste
2581 1122 2638 1167 et
2665 1113 2980 1172 honoriﬁce.
3176 1182 3181 1185 _

1972 1199 2137 1258 Vens.
2180 1200 2234 1256 5.
2260 1231 2333 1242 —
2360 1199 2601 1258 Priscum
2641 1213 2688 1259 et
2733 1204 2999 1277 Aquilam.
3039 1206 3236 1282 Aquila
3273 1217 3359 1271 est
3398 1211 3484 1269 vir

1903 1292 2160 1348 Priscillae
2206 1312 2218 1347 :
2251 1294 2310 1349 hi
2345 1295 2688 1367 coadjutores
2716 1286 2876 1352 Pauli
2918 1296 3146 1359 Romam
3181 1302 3248 1359 ad
3281 1300 3484 1361 conﬁr-

1902 1385 2194 1440 mationem
2220 1384 2591 1441 humanorum
2618 1397 2900 1445 venerant.
2936 1388 3028 1445 Sic
3067 1399 3123 1446 et
3168 1407 3358 1456 omnes
3392 1392 3486 1453 alii

1902 1492 2038 1547 quos
2066 1476 2287 1545 salutat,
2313 1477 2499 1534 Romae
2528 1477 2697 1537 fuisse
2723 1478 3116 1555 intelliguntur.

1973 1564 2133 1625 Vens.
2165 1568 2219 1627 4.
2249 1601 2319 1611 —
2342 1569 2589 1626 Ecclesia:
2610 1573 2862 1644 gentium.
2899 1568 3036 1643 Quia
3061 1573 3118 1633 hi
3146 1574 3397 1635 laborant
3417 1576 3487 1635 ad

1901 1658 2200 1730 proiectum
2248 1661 2489 1733 gentium
2531 1662 2883 1729 exhortantes
2923 1662 3083 1719 ﬁdem
3117 1664 3353 1732 Christi,
3392 1662 3485 1735 qui

1902 1751 2064 1807 etiam
2095 1751 2332 1822 pericula
2361 1767 2461 1822 pro
2479 1752 2742 1824 Apostolo
2768 1750 2883 1824 pati
2924 1768 3033 1810 non
3066 1763 3483 1819 recusaverunt;

216 1851 885 1918 vocanumm,more
900 1850 1433 1906 EYUOMMS.‘Uiide
1444 1860 1555 1905 nec
1568 1848 1805 1905 dicit'do-
1824 1851 1879 1913 Β
1894 1843 2049 1897 unde
2076 1851 2132 1898 et
2150 1842 2386 1898 Romani
2404 1844 2493 1898 eis
2514 1843 2741 1899 obedire
2760 1842 2986 1899 ῠειιειη.
3036 1860 3045 1865 ’

216 1958 366 2009 cere,
383 1944 479 1999 sed
493 1960 736 2010 monere;
750 1945 906 2014 quasi
930 1944 1227 2014 dicatquod
1244 1944 1472 2010 sciatur,
1486 1943 1581 2001 sed
1597 1942 1805 2009 subter-

215 2035 360 2107 fugit
372 2036 572 2091 animo.
592 2037 704 2092 lioc
716 2036 860 2091 enim
876 2036 1011 2092 solet
1024 2024 1256 2101 moneri,
1274 2036 1416 2106 quod
1432 2051 1555 2092 cum
1579 2036 1802 2103 sciatur,

214 2125 515 2197 aliquando
529 2126 853 2198 subterfugit
868 2128 1070 2193 animo,
1084 2135 1177 2182 aut
1197 2127 1533 2199 negligenter
1549 2120 1801 2182 habetur.

282 2214 460 2272 IVens.
488 2217 579 2272 13.
608 2232 682 2258 ι-ι-
703 2216 928 2288 Propter
947 2218 1190 2289 gratiam.
1224 2214 1343 2272 Non
1372 2227 1577 2272 temere
1591 2215 1801 2282 scribit;

215 2308 316 2365 sed
342 2310 627 2381 Apostolus
653 2309 894 2382 gentium
922 2309 1087 2365 audet
1104 2308 1349 2365 scribere
1380 2308 1639 2365 Omnibus
1670 2323 1803 2382 geu-

218 2400 368 2456 tibus
403 2403 727 2457 auctoritate
746 2400 853 2457 sibi
880 2401 1085 2457 tradita
1114 2417 1216 2473 per
1247 2401 1499 2474 gratiam.

287 2492 460 2548 Vens.
503 2492 571 2547 17
578 2491 721 2548 .-—H
726 2494 852 2549 abeo
868 2496 1048 2566 igitur.
1074 2492 1169 2549 Sic
1190 2503 1246 2550 et
1264 2508 1363 2550 vos
1386 2494 1431 2551 si
1456 2494 1522 2550 de
1542 2491 1805 2549 fratribus

216 2585 499 2641 laboratis.
535 2584 647 2642 Huc
694 2586 816 2641 ideo
865 2584 996 2641 dicit
1044 2594 1107 2640 u't
1136 2585 1274 2640 nihil
1316 2586 1500 2640 minus
1543 2600 1602 2640 se
1640 2598 1805 2655 posse

215 2677 415 2748 probet
450 2690 613 2748 quam
643 2676 924 2747 apostoios
967 2675 1057 2745 qui
1082 2688 1211 2731 eum
1238 2675 1467 2731 Christo
1494 2674 1729 2730 fuerant.

292 2768 459 2824 Vens.
491 2768 667 2823 $0.-
684 2767 809 2823 Non
829 2769 918 2822 ubi
949 2768 1270 2834 nominatus,
1295 2775 1403 2833 etc.
1430 2760 1567 2833 Quia
1596 2764 1807 2820 sciebat

214 2860 702 2932 pseudoapostoios
746 2866 804 2915 e‘t
840 2859 975 2914 alios
1016 2859 1117 2914 sub
1148 2859 1372 2913 nomine
1416 2857 1622 2912 Christi
1672 2855 1805 2911 falsa

214 2949 452 3017 docere,
483 2952 623 3021 quod
640 2958 831 3021 postea
858 2950 1134 3020 corrigere
1162 2948 1386 3004 maximi
1414 2956 1538 3002 erat
1560 2940 1801 3013 laboris;

214 3043 348 3099 ideo
375 3043 639 3099 sollicitus
665 3052 784 3099 erat
815 3042 1135 3114 praevenire,
1181 3049 1237 3097 et
1263 3040 1548 3097 veritatem
1599 3042 1807 3112 integre

1977 1936 2142 1995 Vens.
2171 1937 2260 1992 10.
2287 1935 2656 2008 «Appetitas.
2710 1935 2816 1991 Per
2862 1936 3190 1994 tentationcs
3235 1936 3487 1992 inventus

1905 2036 1992 2085 est
2025 2024 2199 2085 ﬁdelis
2228 2028 2281 2085 in
2303 2027 2563 2085 Christo:
2587 2028 2690 2086 etsi
2720 2043 2831 2085 non
2854 2043 2984 2085 suus
3004 2027 3233 2096 amicus,
3255 2027 3338 2084 vel
3357 2042 3487 2099 par-

1904 2119 2081 2192 ticeps
2104 2118 2312 2191 operis.

1979 2215 2140 2269 Vens.
2174 2215 2261 2268 11.
2288 2243 2363 2256 -
2389 2212 2695 2268 Aristoteli.
2732 2202 2963 2270 Sciebat
3001 2213 3105 2270 iste
3150 2210 3489 2268 Aristobolus

1906 2318 2237 2382 congregare
2260 2307 2466 2365 fratres
2490 2308 2547 2365 in
2581 2306 2833 2374 (luisti),
2852 2314 2996 2378 quos
3017 2305 3311 2377 Apostolus
3339 2304 3488 2360 salu-

1907 2399 1988 2456 t'at
2005 2401 2402 2471 adooprobuts
2424 2400 2629 2456 factum
2652 2399 2816 2457 illius.
2848 2397 2936 2455 Es:
2975 2397 3244 2455 Narcissi.
3275 2395 3495 2455 Nereis-

1906 2510 2001 2550 sus
2018 2495 2225 2551 dicitur
2252 2494 2419 2549 ﬁnisse
2447 2493 2915 2564 presbytor,sied
2944 2491 3146 2562 igitur
3170 2490 3228 2545 in
3256 2489 3494 2547 aliisso-

1906 2587 2149 2653 dioibus,
2180 2586 2271 2657 qui
2313 2586 2709 2657 pssegainando
2730 2584 3093 2641 conﬁrmabat
3118 2590 3340 2639 auctos
3376 2579 3495 2636 ira.

1907 2691 2039 2744 tres,
2062 2679 2159 2749 qui
2184 2678 2569 2749 conprimens
2596 2686 2724 2733 tunc
2744 2675 3085 2741 scanderat,
3110 2688 3240 2729 suos
3256 2671 3490 2739 salutat;

1905 2784 1963 2829 et
1985 2774 2112 2843 quia
2142 2786 2251 2828 non
2266 2772 2517 2827 omnium
2541 2769 2762 2826 illam
2784 2768 2982 2824 merita
3004 2772 3257 2834 om,
3278 2764 3490 2820 disser-

1908 2866 2006 2931 nit,
2035 2865 2307 2921 subdens:
2337 2865 2426 2936 qui
2465 2863 2673 2918 suntin
2700 2860 2959 2928 Mne,
2996 2860 3058 2917 id
3092 2865 3185 2915 ut
3220 2871 3316 2913 ea
3352 2870 3496 2928 quos

1908 2957 2101 3029 dignos
2126 2956 2407 3012 noveritis.

1979 3048 2144 3104 Vens.
2172 3047 2257 3100 12.
2287 3042 2675 3100 -—Laboravit.
2700 3038 2879 3099 Labor
2899 3038 3008 3110 hic,
3033 3044 3099 3099 de
3120 3057 3227 3115 quo
3250 3041 3495 3099 crebrius

217 3137 467 3202 tradere,
491 3138 584 3192 ubi
613 3137 850 3193 nondum
871 3146 991 3192 erat
1010 3136 1293 3192 nuntiatus
1320 3132 1581 3191 Christus
1607 3151 1623 3201 ;
1660 3134 1804 3205 quod
1851 3202 1861 3210 Α
1906 3137 2223 3210 Apostolus,
2247 3130 2405 3192 estin
2435 3135 2813 3192 exhortatione
2839 3143 2896 3189 et
2932 3134 2988 3189 in
3031 3135 3332 3191 ministerio
3372 3147 3491 3189 sano

214 3228 541 3283 testimonio
568 3230 840 3300 prophetae
861 3226 1073 3300 probat.

292 3318 469 3376 Vens.
488 3316 580 3376 2'1.
604 3316 679 3362 —-'
699 3320 767 3375 Et
803 3323 894 3394 qui
915 3337 1020 3376 non
1042 3320 1349 3386 audierunt,
1381 3330 1489 3377 etc.
1540 3316 1614 3377 Ut
1642 3334 1806 3376 verus

217 3421 376 3470 esset
400 3422 455 3468 et
477 3412 801 3469 inviolabilis
849 3410 915 3469 de
936 3412 1110 3468 verbo
1151 3410 1252 3468 Boi
1294 3410 1808 3479 inteﬂectus,i‘esti-

220 3504 379 3561 navit
407 3514 594 3576 gentes
620 3505 855 3561 veritate
882 3504 1146 3561 imbuere.

294 3593 465 3651 Vens.
514 3595 609 3651 ‘26.
659 3625 734 3638 —
770 3592 1131 3651 Probaverutrt
1179 3595 1336 3651 enirn.
1377 3594 1461 3649 Ad
1502 3593 1812 3664 huiusmodi

221 3703 395 3760 opera
414 3686 694 3745 Romanos
718 3689 945 3754 invitat,
978 3689 1106 3759 quia
1135 3688 1227 3759 qui
1256 3702 1354 3760 per
1381 3689 1812 3743 misericordiam

224 3780 327 3840 Dei
348 3780 505 3849 vivit,
535 3783 658 3852 pius
692 3781 853 3838 debet
882 3796 1005 3836 esse
1032 3778 1311 3836 confratri.
1350 3779 1418 3835 in
1447 3796 1718 3850 pauperes.
1742 3778 1815 3834 iii

231 3882 381 3931 totos
428 3884 488 3929 se
524 3872 789 3929 dederunt
841 3872 1037 3928 divinis
1073 3868 1370 3943 obsequiis,
1403 3870 1538 3927 nihii
1580 3872 1816 3927 munda-

229 3968 365 4022 num
402 3975 676 4033 curantes,
718 3964 1027 4037 exempturo
1054 3966 1209 4022 bona:
1246 3963 1679 4021 conversationis
1712 3968 1815 4018 da-

227 4059 357 4116 ban'
398 4058 669 4115 ﬁdelibus.

318 4150 475 4207 \sns.
504 4142 767 4205 50.—Ut
799 4146 1080 4219 adiuvetis.
1102 4146 1265 4205 ΜηἨὶ
1288 4149 1505 4205 minimi
1530 4150 1656 4206 dum
1684 4163 1815 4206 con-

229 4249 531 4315 gregantur
559 4242 864 4307 unanimes,
893 4238 1029 4295 ﬁunt
1052 4240 1270 4312 magni,
1300 4247 1355 4295 et
1381 4240 1669 4296 mimorum
1696 4254 1822 4311 pre-

229 4348 328 4390 ces
364 4330 693 4404 impossibile
739 4340 823 4388 est
860 4341 921 4388 ut
956 4348 1063 4388 non
1087 4334 1405 4403 impetrent.
1443 4330 1499 4387 Si
1527 4347 1658 4404 ergo
1695 4344 1819 4388 eum

228 4426 421 4482 videre
474 4423 728 4495 cupiunt,
763 4432 921 4480 orent
970 4434 1031 4480 ut
1064 4424 1358 4480 iiber-arum
1382 4438 1514 4480 eum
1558 4423 1825 4494 recipiant

235 4530 361 4573 eum
391 4516 585 4587 gaudio
611 4514 894 4570 charitatis
919 4530 933 4581 ;
956 4514 1101 4570 unde
1128 4513 1374 4584 sequitur
1398 4516 1458 4568 ut
1482 4512 1686 4569 liberer.

1829 3202 1879 3278 (ί
1907 3202 2142 3296 ctorum,
2174 3202 2229 3285 et
2254 3228 2308 3283 in
2336 3242 2593 3298 pressura
2621 3235 2678 3283 et
2696 3228 2761 3283 in
2789 3232 3032 3299 egestate
3053 3236 3282 3298 propter
3302 3226 3494 3282 Deum.

1977 3320 2146 3375 Vens.
2186 3318 2273 3374 15.
2306 3347 2377 3357 -
2402 3316 2472 3372 Et
2496 3332 2688 3371 meam.
2728 3314 2841 3373 Pro
2870 3317 3162 3373 sanctitate
3193 3314 3310 3385 ejus
3334 3321 3493 3371 vocat

1908 3426 2062 3472 suam
2090 3420 2341 3477 matrem,
2376 3411 2533 3497 cujus
2550 3406 2733 3467 ﬁlium
2754 3410 3062 3495 praeposuit
3101 3425 3201 3486 pro
3234 3409 3495 3468 ecclesia-

1909 3504 2044 3562 stico
2080 3501 2278 3561 oﬂicio.

1979 3592 2146 3651 Vens.
2175 3594 2267 3651 15.
2293 3591 2454 3649 -Ει
2481 3610 2679 3650 omnes.
2711 3591 2946 3662 Omnes,
2978 3593 3176 3667 quibus
3217 3586 3410 3655 scribit
3442 3600 3496 3651 ei

1911 3698 2046 3757 quos
2072 3688 2347 3753 nominat,
2378 3684 2535 3756 jubet
2563 3700 2622 3742 se
2665 3685 2904 3743 salutare
2942 3676 3179 3744 invicem
3214 3687 3276 3744 in
3313 3685 3498 3743 osculo

1912 3787 2120 3845 sancto,
2152 3779 2206 3833 id
2234 3785 2318 3834 est
2341 3779 2393 3833 in
2415 3774 2795 3850 pacet‘hristi,
2812 3784 2879 3833 ut
2896 3775 3147 3851 religiosa
3166 3770 3275 3835 sint
3291 3777 3497 3846 oscula,

1915 3884 2023 3925 non
2047 3868 2307 3925 carnalia.
3184 3881 3193 3889 -

1992 3982 2151 4040 Vens.
2194 3980 2280 4038 16.
2310 4012 2382 4022 -
2407 3978 2620 4039 Christi.
2642 3981 2700 4039 ld
2722 3972 2813 4040 est
2838 3996 2960 4051 qua:
2989 3980 3048 4041 in
3085 3980 3302 4039 Christo
3332 3980 3487 4045 conti:

1917 4075 2069 4141 dunt,
2100 4088 2210 4129 non
2238 4073 2291 4128 in
2318 4071 2423 4127 alia
2452 4088 2533 4128 re.

1988 4188 2151 4245 Vens.
2176 4187 2268 4243 t7.
2292 4215 2363 4233 -η-
2388 4183 2457 4239 Ut
2472 4184 2776 4243 observetis.
2802 4174 3291 4255 Pseudoapostoios
3304 4182 3500 4255 tangit,

1919 4295 2055 4351 quos
2079 4280 2134 4335 in
2162 4277 2531 4348 tota-Epistola
2560 4275 2839 4337 cavendas
2860 4289 2987 4339 esse
3008 4281 3217 4341 monet.

1991 4393 2154 4450 Vens.
2197 4391 2287 4447 l9.
2315 4420 2389 4431 —-
2425 4387 2789 4445 Vaut-auita.
2824 4389 2949 4445 Ideo
2980 4400 3177 4444 Inoo
3200 4400 3303 4445 vos
3324 4385 3503 4442 vitam

1923 4485 2061 4551 illos,
2085 4484 2211 4554 quia
2234 4490 2416 4537 vestra
2438 4482 2646 4537 ﬁdesct
2664 4480 2977 4536 obetientia
2990 4477 3503 4549 Ibique‘laudatur:

307 4567 477 4662 v.2.
504 4567 602 4662 si.
620 4567 1506 4677 incutiamus...
1530 4567 1808 4660 ma...

1934 4575 2047 4646 quia
2069 4573 2206 4631 estis
2235 4573 2295 4629 in
2340 4573 2523 4644 capite
2548 4570 2775 4636 mundi,
2821 4578 2881 4625 et
2912 4570 3000 4626 sic
3034 4567 3287 4638 exemplo
3320 4575 3503 4624 .vestro

230 4698 388 4754 illius
415 4712 541 4769 erga
570 4712 650 4768 se,
676 4710 797 4752 cum
824 4696 920 4751 ilio
942 4694 1227 4749 unanimes
1246 4695 1361 4750 Deo
1398 4693 1601 4765 gratias
1626 4702 1812 4766 agant.

228 4790 468 4865 Magnus
487 4792 631 4847 enim
657 4788 935 4862 profectus
961 4795 1043 4845 est
1065 4788 1137 4857 ei,
1159 4787 1314 4860 cujus
1334 4786 1641 4844 ministerio
1661 4784 1818 4842 milii

232 4884 369 4942 facti
406 4880 511 4939 laeti
534 4885 704 4940 Deum
728 4883 971 4938 laudant.

308 4974 602 5031 Vens.'33.
633 5005 705 5014 ——
735 4972 875 5029 Deus
904 4982 1083 5028 autem
1102 4971 1269 5044 pacis.
1294 4968 1564 5036 Christus,
1582 4969 1679 5041 qui
1698 4970 1820 5025 ait:

238 5065 442 5123 Pacem
462 5082 631 5123 meam
652 5065 721 5121 do
747 5065 907 5132 vobis,
930 5074 980 5119 et
1004 5076 1184 5136 pacem
1210 5079 1380 5119 meum
1414 5062 1651 5134 relinquo
1680 5062 1825 5118 vobis

240 5159 431 5231 (Joan.
463 5157 607 5231 xiv);
634 5157 728 5229 qui
755 5172 880 5213 cum
907 5156 1020 5212 suis
1055 5165 1139 5212 eat
1167 5168 1340 5225 usque
1376 5152 1445 5209 ad
1474 5166 1822 5209 consumma.

241 5250 453 5305 tionem
479 5249 687 5317 surculi,
701 5249 779 5304 ita
800 5256 855 5304 et
879 5246 954 5304 sit
972 5246 1289 5312 vobiscum;
1308 5244 1435 5314 ipse
1455 5244 1599 5298 enim
1614 5250 1704 5299 est
1726 5242 1825 5313 qui

243 5341 367 5397 ait:
412 5340 691 5397 Vobiscum
729 5352 854 5396 sunt
889 5338 1127 5393 omnibus
1172 5336 1353 5392 diebus
1398 5352 1559 5406 usque
1586 5334 1669 5390 oti
1700 5332 1827 5390 con-

244 5435 600 5489 sanationem
626 5428 809 5490 seaculi
837 5426 1052 5505 (Matth.
1075 5426 1290 5501 xxviii).

842 5565 1070 5625 CAPUT
1115 5563 1254 5622 XVI.

1917 4668 2037 4740 jam
2062 4675 2284 4738 possent
2300 4666 2399 4721 atii
2423 4664 2716 4735 cmi.
2744 4662 2864 4729 Vel,
2882 4675 3018 4733 rogo
3043 4676 3141 4716 vos
3164 4660 3338 4716 vitam
3356 4659 3507 4728 illos,

1920 4760 2052 4831 quia
2086 4759 2282 4815 levi-ter
2300 4757 2587 4822 obedistis,
2618 4754 2763 4826 quod
2790 4755 2991 4811 bonum
3014 4758 3121 4817 ost,
3142 4760 3198 4808 et
3225 4751 3351 4808 inde
3374 4766 3493 4823 gau-

1927 4852 2049 4919 deo;
2081 4852 2177 4908 sed
2204 4850 2327 4906 volo
2358 4855 2418 4904 ut
2442 4850 2561 4904 sitis
2589 4848 2861 4918 sapientes
2881 4846 2936 4901 in
2961 4844 3506 4912 benedictum,

1925 4948 1986 4999 et
2002 4942 2130 4998 sine
2162 4941 2344 5011 aliqua
2370 4948 2527 5011 parte
2552 4938 2706 4994 mali.
3140 4982 3145 4989 .

1999 5052 2162 5110 Vens.
2187 5052 2362 5108 20.7—
2377 5050 2518 5107 Deus
2543 5046 2862 5106 autem.Vos
2882 5047 3006 5104 sitis
3027 5048 3297 5119 sapientes
3322 5064 3336 5102 :
3360 5042 3506 5105 Deus

1924 5152 2109 5200 autem
2138 5151 2370 5198 conterat
2394 5140 2652 5198 Satanam
2669 5182 2685 5206 ,
2708 5138 2764 5194 id
2792 5146 2876 5194 est
2897 5130 3507 5208 faisosprtedieatores,
3554 5128 3557 5129 ⁷

1916 5226 2012 5290 "vel
2035 5233 2330 5305 quemlibet
2350 5232 2505 5288 vobis
2532 5233 2908 5286 adversantem
2930 5228 3245 5295 hominem,
3262 5229 3351 5284 vel
3393 5229 3510 5284 dia-

1924 5326 2137 5382 bolum.
2166 5324 2278 5381 Sub
2323 5324 2560 5395 pedibus.
2592 5322 2665 5380 Ut
2688 5328 2877 5394 aput,
2904 5322 2963 5379 id
2987 5330 3072 5378 est
3099 5323 3303 5393 primos
3326 5331 3509 5381 motus

1920 5415 2736 5489 suggestionum'contemnatis,
2762 5423 2825 5471 et
2847 5415 2895 5472 si
2920 5413 3165 5472 diabolus
3190 5421 3296 5480 est,
3324 5424 3510 5470 conte.

1934 5513 2069 5569 ratis
2096 5511 2214 5583 ejus
2240 5521 2402 5583 caput
2430 5511 2570 5567 sicut
2607 5510 2733 5567 Eva
2779 5512 2835 5567 in
2881 5509 3053 5582 ﬁgura
3101 5508 3390 5574 Ecclesiae,
3422 5508 3509 5564 vel

1933 5603 2302 5662 sensualitatis
2332 5590 2531 5659 dictum
2554 5610 2661 5658 est.
2692 5600 2898 5659 Gratia.
2928 5600 3169 5657 Gratiam
3195 5615 3354 5671 quam
3376 5613 3506 5669 pro-

330 5704 496 5763 Vens.
514 5707 567 5762 1.
591 5736 661 5747 --
677 5702 993 5761 Commendo
1022 5710 1197 5756 autem
1226 5698 1386 5756 vobis.
1404 5696 1613 5754 Amodo
1636 5696 1836 5754 multos
1928 5698 2162 5755 misitin
2184 5697 2416 5753 adventu
2453 5710 2572 5762 suo,
2596 5693 2708 5766 jam
2731 5702 2882 5766 optat
2908 5695 3007 5750 eis.

242 5790 433 5872 justus
456 5798 744 5873 Apostolus
786 5794 1071 5868 proponit,
1099 5790 1295 5865 quibus
1331 5790 1558 5848 credere
1606 5790 1838 5847 debeant

2009 5791 2171 5849 Vens.
2198 5788 2289 5845 21.
2317 5820 2387 5831 —
2407 5787 2616 5846 Salutat
2640 5804 2747 5844 vos.
2764 5784 2936 5857 Quasi
2956 5784 3136 5840 dicat:
3163 5781 3269 5840 Tot
3294 5798 3349 5846 et
3381 5789 3516 5852 una
