3958 6314
441 349 543 408 519

935 344 1326 401 WALAFRIDI
1364 343 1611 403 suum
1644 345 1848 405 FULD.
1885 344 2055 405 'MON.
2099 344 2265 405 opp;
2293 350 2474 407 rans
2510 338 3149 410 1.:THEOLOGICA.

3592 346 3703 404 520

436 462 775 534 congaudent
814 466 999 517 vestro
1028 468 1237 531 coepto,
1284 468 1337 515 et
1374 460 1494 515 ideo
1536 475 1882 532 perseverare
1917 475 2011 515 vos
2037 462 2089 524 Α
2115 461 2286 528 scita,
2328 478 2610 533 quousque
2645 480 2744 521 suo
2787 472 3033 534 tempore
3077 477 3174 534 per
3216 461 3393 534 ipsum
3422 457 3705 517 Christum

440 556 617 611 decet.

507 648 672 703 Vens.
714 645 804 701 23.
830 676 896 687 -·
917 644 988 700 Et
1030 644 1292 700 universa.
1346 644 1521 715 Supra
1573 646 1780 699 dixerat
1827 661 2015 703 omnes

436 735 735 801 Ecclesias;
761 735 853 791 sed
882 735 970 789 hic
995 735 1433 792 dicitEcclesiam
1459 736 1681 791 alterius
1698 736 2010 806 provinciae,

435 828 579 882 unde
604 826 770 882 Caius
801 835 939 882 erat.

508 916 671 971 Vens.
703 916 794 971 25.
818 947 891 957 —
914 914 983 970 Ei
1008 928 1202 973 autem.
1234 917 1323 973 Sic
1351 933 1451 989 ego
1475 933 1571 973 vos
1593 933 1807 974 moneo.
1839 917 1902 972 Ei
1924 933 2016 973 au-

436 1015 545 1061 tem
576 1006 668 1076 qui
700 1015 877 1077 potest
904 1023 999 1063 vos
1019 1008 1361 1073 conﬁrmare,
1389 1010 1460 1065 sit
1494 1010 1683 1079 gloria,
1707 1025 1737 1064 a
1767 1024 1873 1080 quo
1898 1010 2013 1065 solo

434 1096 575 1151 bono
604 1108 728 1152 sunt
751 1098 893 1153 bona
918 1099 1129 1166 omnia;
1160 1098 1211 1153 in
1235 1115 1341 1169 quo
1363 1100 1603 1170 epistola:
1623 1108 1841 1155 notatur
1861 1116 2011 1156 sum-

434 1202 545 1253 ma,
591 1189 717 1258 quia
764 1189 853 1245 hic
902 1191 1276 1261 principaliter
1314 1192 1545 1246 intendit
1573 1192 1865 1263 Apostolus
1890 1192 2011 1249 illos

436 1294 662 1335 monere
698 1288 759 1335 ut
790 1282 973 1335 omnia
1000 1282 1298 1336 attribuant
1326 1282 1514 1351 gratiae
1548 1282 1660 1339 Dei.

506 1368 806 1425 Secundum
834 1372 1217 1429 reuelationem.
1251 1371 1562 1443 Mysterium
1595 1372 1727 1427 dicit
1755 1372 2009 1427 incarna-

435 1459 637 1515 tionem
660 1460 898 1528 Christi,
925 1470 1054 1527 etc.,
1094 1478 1216 1532 qua:
1250 1463 1468 1517 aeternis
1498 1463 1832 1533 temporibus
1857 1470 2017 1517 erant

436 1549 755 1606 abscondita
784 1568 795 1604 :
825 1551 951 1621 quia
992 1552 1125 1608 licet
1157 1567 1223 1608 ex
1263 1552 1441 1623 aliqua
1472 1560 1627 1623 parte
1655 1553 1891 1622 antiquis
1914 1566 2012 1622 pa-

2117 564 2245 611 sunt
2276 554 2536 609 revelata.

2188 644 2352 699 Vsus.
2395 644 2484 699 26.
2507 674 2579 683 —
2605 643 2711 698 Per
2752 643 3058 715 Scripturas
3097 643 3484 714 prapltetarum.
3524 642 3613 697 Ab
3642 658 3707 698 eo

2114 744 2410 801 reseratas,
2466 736 2834 791 testimonium
2881 735 3072 792 dantes
3119 736 3245 791 huic
3297 734 3701 806 praedicationi.

2114 823 2448 895 Patefactum
2493 827 2548 880 in
2598 826 2806 881 cunctis
2831 827 3081 897 gentibus
3121 826 3190 881 ad
3234 825 3621 893 obediendum,
3656 828 3708 881 id

2114 924 2200 971 est
2224 924 2284 971 ut
2314 916 2571 971 obediant
2597 917 2719 972 ﬁdei
2743 918 2883 973 bene
2912 918 3205 988 operando.
3241 917 3407 971 Taciti
3434 918 3578 982 aliis,
3613 918 3709 972 sed

2115 1008 2313 1078 cogniti
2339 1007 2438 1063 soli
2470 1008 2581 1064 Deo
2605 1026 2618 1062 :
2646 1009 2773 1078 quia
2799 1009 2903 1064 etsi
2932 1010 3001 1065 sit
3030 1009 3191 1064 modo
3215 1009 3525 1065 hominibus
3551 1026 3711 1065 reve-

2113 1098 2314 1165 latum,
2350 1108 2531 1154 tamen
2561 1100 2661 1155 soli
2685 1101 2796 1157 Deo
2823 1102 3099 1173 cognitum
3129 1112 3246 1168 est,
3275 1103 3400 1171 quia
3428 1103 3580 1157 solus
3614 1119 3711 1158 no-

2112 1190 2192 1245 vit
2217 1206 2314 1247 cur
2339 1191 2415 1245 ita
2447 1190 2650 1249 factum
2682 1200 2785 1248 est.
2813 1192 2873 1249 in
2903 1209 3012 1263 quo
3056 1193 3305 1264 reprimit
3352 1194 3711 1264 inquisitores

2113 1282 2204 1353 qui
2235 1292 2485 1354 quaerunt
2511 1300 2611 1339 cur
2637 1294 2848 1340 tantum
2876 1284 3086 1358 distulit
3112 1284 3294 1340 Deus?
3319 1300 3418 1341 cur
3451 1294 3531 1340 tot
3571 1302 3710 1357 gen-

2118 1382 2202 1429 tes
2226 1375 2405 1444 perire
2434 1376 2701 1445 permisit.

2194 1464 2360 1521 Vens.
2384 1466 2558 1521 27.—
2579 1466 2678 1521 Cui
2705 1469 2891 1523 honor.
2921 1467 3102 1540 (Auc.)
3130 1467 3283 1535 Quod
3318 1468 3538 1522 additur
3566 1484 3581 1521 :
3611 1467 3711 1522 Cui

2120 1557 2461 1628 gloria,ete.,
2494 1575 2656 1631 usque
2685 1560 2753 1613 ad
2779 1560 2903 1629 quia
2932 1575 3031 1632 per
3056 1574 3179 1614 eum
3204 1559 3439 1614 innotuit
3462 1557 3711 1615 homini-

437 1642 612 1697 tribus
639 1641 871 1699 fuissent
895 1646 1135 1717 cognita,
1160 1646 1317 1715 plene
1344 1654 1526 1701 tamen
1565 1660 1597 1700 a
1626 1646 1776 1702 nullo
1800 1646 2020 1702 fuerunt
2047 1660 2098 1722 Β
2122 1647 2229 1703 bus
2256 1648 2399 1704 Deus
2422 1648 2684 1715 Trinitas,
2712 1650 2855 1721 quod
2882 1658 2968 1706 est
2999 1650 3339 1723 mysterium.

442 1788 3704 1817 ..ι-..Μ

1313 1900 1822 1981 EPISTOLA
1881 1901 1916 1980 Ι
1974 1901 2107 1978 AD
2157 1900 2820 1982 CORINTHIOS.

974 2106 1480 2199 assummum.

509 2249 775 2306 Corinthii
802 2256 928 2306 sunt
950 2250 1171 2307 Achaici
1189 2294 1204 2317 ,
1228 2261 1285 2307 et
1304 2252 1359 2308 hi
1390 2252 1640 2309 similiter
1663 2255 1732 2310 ab
1751 2252 2013 2327 Apostolo

437 2342 726 2398 audierunt
746 2344 969 2400 verbum
995 2345 1269 2411 veritatis,
1302 2354 1359 2401 et
1386 2347 1630 2403 subversi
1664 2355 1791 2403 sunt
1828 2347 2015 2403 multi-

434 2433 573 2489 farie
595 2450 629 2489 a
655 2434 808 2490 falsis
850 2435 1125 2506 apostolis.
1165 2435 1394 2502 Quidam
1434 2452 1465 2491 a
1498 2437 1855 2508 philosophiae
1892 2452 2017 2492 ver-

434 2522 565 2579 bosa
614 2524 943 2595 eloquentia,
999 2525 1093 2580 alii
1141 2534 1291 2581 seeta
1338 2524 1472 2598 legis
1525 2525 1763 2582 Iudaicae
1811 2527 2017 2583 inducti

434 2620 578 2671 sunt.
602 2614 713 2672 Hos
740 2624 960 2673 revocat
977 2615 1265 2688 Apostolus
1290 2618 1359 2673 ad
1380 2634 1567 2674 veram
1585 2619 1745 2675 ﬁdem
1766 2628 1823 2676 et
1840 2620 2019 2675 Evan-

438 2705 665 2775 gelieam
700 2709 1020 2778 sapientiam
1038 2748 1055 2774 ,
1084 2710 1328 2766 scribens
1353 2710 1434 2767 eis
1454 2711 1524 2767 ab
1544 2711 1778 2782 Epheso,
1803 2728 1901 2784 per
1926 2711 2019 2768 Ti-

438 2799 717 2855 motheum
741 2798 1066 2871 discipulum
1096 2815 1275 2857 suum.

951 2929 1179 2987 CAPUT
1216 2930 1506 2988 PRIMUM.

504 3041 670 3099 Vens.
690 3043 716 3097 l
728 3080 743 3096 .
758 3072 831 3085 —
847 3040 1053 3099 Paulus
1068 3054 1299 3100 vocatus.
1317 3044 1374 3102 Id
1390 3054 1475 3101 est
1487 3047 1555 3103 ab
1579 3046 1832 3103 omnibus
1851 3047 2019 3119 privi-

2121 2143 2203 2199 eis
2229 2142 2501 2209 invidere,
2540 2147 2596 2197 et
2622 2140 2725 2197 sibi
2755 2139 2895 2198 velle
2916 2141 3250 2200 attribuere.‘
3266 2142 3368 2201 Vel
3393 2145 3582 2217 posuit
3617 2159 3710 2202 no-

2123 2232 2273 2288 mina
2300 2233 2565 2287 bonorum
2592 2232 2963 2303 apostolorum
3003 2242 3065 2289 ut
3102 2235 3354 2292 ostendat
3398 2238 3543 2309 quod
3573 2237 3623 2293 si
3662 2238 3711 2293 in

2117 2322 2337 2378 nomine
2365 2321 2634 2393 majorum
2662 2337 2772 2377 non
2797 2330 2881 2379 est
2900 2322 3259 2395 gloriandum,
3289 2341 3392 2382 nec
3414 2326 3467 2381 in
3492 2326 3716 2382 nomine

2118 2415 2332 2473 illorum
2352 2430 2581 2485 quorum
2612 2416 2860 2472 doctrina
2889 2430 3055 2487 prava
3080 2423 3197 2485 est,
3238 2417 3581 2488 gloriandum
3608 2429 3709 2475 est.

2188 2512 2356 2567 Vsus.
2396 2510 2484 2565 15.
2508 2508 2808 2565 —Divisus
2853 2519 2929 2565 est
2974 2511 3268 2567 secundum
3309 2525 3406 2568 vos
3447 2510 3715 2576 Christus,

2118 2605 2275 2677 quasi
2303 2605 2486 2660 dicat:
2519 2603 2712 2659 Multos
2758 2602 2939 2659 facitis
2976 2602 3253 2670 Christos,
3285 2604 3339 2660 id
3378 2615 3465 2662 est
3496 2605 3718 2661 datores

2118 2695 2436 2767 gratiarum.
2475 2692 2573 2748 Vel
2601 2693 2692 2763 qui
2723 2702 2980 2764 operatur
3008 2693 3151 2749 idem
3189 2690 3248 2749 in
3280 2696 3533 2751 omnibus
3578 2695 3716 2751 divi-

2118 2805 2212 2847 sus
2237 2798 2343 2857 est,
2398 2789 2525 2845 dum
2571 2788 2810 2843 creditur
2837 2788 2893 2843 in
2931 2786 3037 2844 isto
3080 2787 3201 2859 plus
3233 2789 3473 2859 operari,
3527 2789 3589 2843 in
3625 2787 3715 2843 illo

2117 2881 2315 2935 minus.
2341 2879 2436 2935 Vel
2461 2878 2583 2949 quia
2608 2879 2713 2934 hoc
2738 2878 2938 2945 dicitis,
2966 2878 3125 2934 modo
3148 2894 3177 2932 a
3200 2877 3351 2934 vobis
3377 2878 3590 2935 divisus
3634 2886 3718 2935 est

2117 2969 2389 3035 Christus,
2421 2968 2475 3024 id
2504 2979 2590 3025 est
2635 2976 2918 3039 separatus
2946 2986 2960 3025 :
2988 2968 3241 3040 Nunquid
3288 2968 3493 3024 Paulus
3534 2969 3717 3023 cruci-

2118 3060 2259 3130 ﬁxus
2294 3069 2370 3114 est
2391 3059 2418 3114 7
2445 3059 2550 3114 Per
2574 3060 2679 3114 hoc
2705 3074 2894 3115 verum
2922 3059 3065 3129 quod
3104 3058 3368 3115 Corinthii
3413 3058 3717 3129 tenebantl,

437 3133 581 3204 legio
607 3135 838 3191 nominis
867 3135 1041 3191 dictus
1069 3135 1347 3207 Apostolus
1373 3137 1501 3193 Jesu
1533 3137 1750 3193 Christi.
1782 3139 1881 3196 Hie
1906 3156 2016 3196 non
2044 3132 2089 3196 C
2121 3150 2252 3207 facit
2279 3165 2372 3207 eos
2398 3149 2719 3207 erubescere
2743 3151 2810 3207 de
2835 3152 2988 3207 falsis
3012 3169 3026 3205 :
3061 3151 3198 3209 sicut
3241 3167 3339 3223 per
3381 3149 3593 3207 Christi
3632 3166 3718 3207 re-

435 3242 651 3283 servum
669 3242 726 3283 se
745 3228 988 3284 nominat
1014 3246 1027 3282 :
1051 3229 1176 3299 quia
1197 3230 1377 3301 potius
1403 3232 2017 3304 eratopuslauctoritate

434 3326 490 3376 ct
518 3320 986 3376 commendatione
1022 3330 1211 3378 contra
1242 3324 1550 3395 superbiam
1588 3323 2017 3392 Corinthiorum,

434 3409 574 3480 apud
602 3426 738 3482 quos
763 3411 1012 3467 viluerat.
1044 3410 1114 3466 Et
1148 3410 1444 3469 Sosthenes.
1482 3414 1620 3471 Ecce
1654 3430 1751 3486 per
1778 3431 1899 3471 eum
1923 3417 2018 3487 qui

435 3498 581 3556 inter
609 3516 703 3557 eos
734 3503 1069 3566 versabatur,
1104 3502 1290 3573 culpas
1331 3518 1517 3560 eorum
1558 3520 1617 3562 se
1659 3508 1891 3563 rescisse
1934 3508 2019 3563 in-

434 3592 574 3653 nuit.
599 3591 814 3648 Frater.
837 3594 944 3650 Per
968 3594 1071 3651 hoc
1094 3604 1356 3663 removet,
1380 3598 1523 3667 quod
1544 3613 1652 3654 non
1674 3600 1815 3654 malo
1836 3600 2019 3657 animo

432 3686 486 3743 ei
517 3686 911 3755 notiﬁcaverit,
951 3689 1047 3745 sed
1086 3704 1153 3743 ex
1193 3690 1457 3746 eharitate
1498 3698 1554 3746 et
1600 3691 1867 3749 desiderio
1896 3708 2019 3749 cor-

437 3776 721 3832 rectionis.
894 3778 919 3793 ““”

506 3865 673 3922 Vsus.
704 3866 761 3923 2.
782 3894 855 3913 --
874 3867 1008 3924 Cum
1036 3870 1294 3926 omnibus.
1320 3870 1389 3927 Et
1412 3872 1663 3928 omnibus
1690 3873 1879 3929 scribit
1898 3872 2015 3930 suf-

434 3958 729 4029 fraganeiis
768 3960 1084 4030 Corinthiis,
1127 3964 1222 4034 qui
1254 3963 1311 4018 in
1350 3963 1555 4020 eisdem
1602 3964 1751 4021 vitiis
1806 3964 2018 4021 labora-

437 4048 597 4107 banL

507 4142 669 4200 Vsus.
700 4146 751 4201 3.
775 4176 846 4185 —
864 4144 1073 4201 Gratia.
1097 4144 1338 4202 Primum
1372 4147 1626 4218 proponit
1655 4147 1722 4203 de
1749 4148 1924 4215 bonis,
1957 4157 2019 4204 ut

435 4232 522 4290 his
551 4234 641 4290 alii
672 4234 1097 4292 oonformentur.
1125 4236 1193 4290 Et
1227 4236 1451 4291 Domino
1478 4235 1608 4292 Iesu
1648 4236 1874 4293 Christo.
1914 4238 2018 4306 Qui

435 4340 467 4380 a
497 4324 656 4380 Patre
679 4328 947 4397 personali
974 4328 1192 4399 quidem
1223 4327 1554 4397 proprietate
1579 4328 1870 4386 distinctus
1892 4337 2015 4396 est,

435 4418 531 4473 sed
556 4434 695 4474 unus
721 4434 843 4475 eum
876 4421 994 4491 ipso
1023 4420 1229 4476 unitate
1256 4421 1573 4477 substantia:
1594 4422 1759 4478 Deus.

2124 3241 2551 3308 surrectionem,
2584 3257 2747 3312 quam
2788 3241 3099 3310 credebant,
3139 3242 3330 3311 probat
3360 3242 3720 3298 resurrectio-

2130 3350 2255 3391 nem
2284 3341 2646 3400 mortuorum,
2666 3349 2831 3404 quam
2856 3333 3141 3406 negabant.

2192 3425 2353 3481 Vsus.
2389 3424 2563 3479 M.-—
2584 3423 2797 3479 Gratias
2834 3441 2931 3496 ago
2963 3424 3101 3490 Deo,
3149 3433 3255 3480 etc.
3291 3423 3477 3497 (Auc.)
3506 3422 3717 3479 Paulus

2120 3519 2325 3593 gratias
2355 3518 2465 3590 agit
2492 3519 2630 3586 Deo,
2654 3518 2799 3590 quod
2824 3518 3093 3575 neminem
3126 3517 3366 3588 ipsorum
3394 3516 3715 3586 baptizave—

2122 3613 2223 3678 rit,
2268 3611 2359 3681 qui
2406 3619 2663 3681 tanquam
2711 3609 2863 3666 obliti
2912 3610 2966 3664 in
3016 3606 3172 3679 cujus
3199 3607 3415 3664 nomine
3444 3608 3720 3677 baptizati

2119 3711 2329 3768 essent,
2375 3717 2473 3773 per
2523 3702 2803 3757 hominum
2847 3716 2906 3758 se
2938 3700 3154 3755 nomina
3198 3696 3537 3754 devidebant.
3573 3696 3718 3752 Cum

2120 3793 2264 3849 enim
2292 3800 2503 3848 tantum
2530 3792 2676 3848 valet
2703 3793 3003 3864 baptismus
3029 3805 3129 3862 per
3162 3790 3433 3847 hominem
3462 3797 3721 3844 contem»

2118 3884 2363 3957 ptibilem
2389 3925 2402 3951 ,
2454 3892 2716 3954 quantum
2765 3897 2863 3953 per
2910 3882 3227 3955 Apostolum
3268 3882 3457 3947 datus,
3490 3880 3569 3935 ita
3618 3892 3722 3935 nec

2118 3977 2282 4044 illius,
2310 3976 2407 4032 sed
2434 3974 2635 4031 Christi
2666 3988 2787 4032 esse
2812 3975 3181 4046 cognoscitur,
3210 3980 3317 4029 etc.

2190 4068 2358 4124 Vens.
2390 4068 2476 4123 17.
2499 4098 2572 4111 --
2599 4067 2706 4124 Sed
2732 4066 3109 4139 evangelium.
3147 4065 3397 4142 Perfecte
3420 4063 3567 4120 enim
3618 4063 3720 4118 ba-

2118 4163 2327 4234 ptizare
2369 4162 2535 4217 etlam
2583 4161 2765 4217 minus
2802 4160 2947 4216 docti
2976 4168 3221 4232 possunt.
3252 4157 3493 4215 Perfecte
3519 4166 3719 4213 autem

2120 4254 2491 4324 evangelizare
2531 4254 2702 4310 multo
2744 4252 3014 4310 difﬁcilius
3056 4261 3142 4310 est
3165 4262 3221 4309 et
3249 4252 3469 4307 rarioris
3497 4252 3718 4321 operis.

2120 4344 2244 4400 Ideo
2293 4346 2481 4400 doctor
2527 4346 2771 4417 gentium
2804 4346 3050 4416 pluribus
3078 4344 3447 4408 excellentior,
3471 4356 3722 4415 evange-

2122 4434 2290 4491 lizare
2310 4450 2369 4491 se
2394 4436 2620 4492 missum
2642 4435 2798 4502 dicit,
2826 4452 2932 4492 non
2953 4437 3254 4507 baptizare.
3277 4435 3391 4491 Hoc
3405 4443 3585 4489 tamen
3622 4449 3721 4490 ne»

506 4509 669 4566 Vsus.
698 4510 839 4567 5.—-‘
854 4510 924 4566 In
946 4512 1203 4568 omnibus.
1232 4512 1498 4584 Supponit
1522 4523 1703 4584 partes
1726 4514 1933 4587 aliquas
1959 4516 2015 4571 in

2129 4527 2375 4583 cessitate
2422 4526 2657 4583 instante
2701 4527 2973 4583 interdum
3003 4528 3132 4599 egit.
3162 4525 3288 4581 Non
3324 4528 3380 4579 in
3424 4525 3713 4595 sapientia.

434 4602 582 4656 omni
610 4603 796 4669 verbo,
827 4602 882 4659 id
908 4612 991 4659 est
1015 4604 1069 4658 in
1096 4605 1243 4658 omni
1273 4619 1472 4677 genere
1495 4605 1825 4676 linguarum,
1849 4606 1933 4661 vel
1961 4606 2016 4662 in

436 4692 586 4746 omni
616 4693 777 4747 modo
803 4693 1150 4763 praedicandi,
1180 4693 1238 4748 id
1262 4703 1345 4749 est
1368 4695 1700 4763 minoribus,
1732 4696 2020 4752 mediocri-

435 4782 558 4847 bus,
591 4790 648 4839 et
673 4783 949 4853 perfectis.

512 4874 676 4931 Vsus.
712 4878 800 4932 10.
824 4906 894 4921 --
920 4877 1166 4935 Obsecro.
1209 4879 1497 4953 ﬂuensque
1546 4882 1715 4937 bonos
1759 4880 2014 4936 laudavit.

440 4963 537 5022 Bis
564 4965 826 5034 laudatis,
872 4969 1062 5025 invitat
1089 4970 1223 5027 alios
1250 4972 1318 5026 ad
1358 4972 1551 5027 horum
1589 4972 2013 5028 similitudinem.

513 5058 678 5115 Vns.
710 5061 796 5115 il.
818 5093 890 5103 —
910 5062 1116 5119 Chloes.
1148 5064 1351 5120 Nomen
1378 5073 1463 5120 est
1487 5064 1587 5120 loci
1629 5066 1713 5120 vel
1752 5081 2015 5137 personae.

438 5149 725 5220 Aliquibus
765 5154 909 5208 enim
937 5155 1152 5210 videtur
1183 5156 1335 5211 locus
1359 5170 1509 5223 esse,
1538 5171 1601 5211 ac
1629 5157 1673 5211 si
1702 5158 1974 5213 diceretur
1998 5175 2014 5214 :

448 5241 517 5296 ab
546 5240 629 5296 his
656 5242 746 5313 qui
774 5252 899 5298 sunt
928 5244 1249 5299 Antiochiae.
1274 5244 1558 5315 Aliquibus
1595 5256 1772 5303 autem
1818 5248 2017 5305 femina

442 5332 608 5387 fuisse
635 5335 846 5390 videtur
875 5335 984 5409 Deo
1013 5336 1204 5391 devota
1226 5350 1350 5391 cum
1378 5354 1485 5409 qua
1527 5339 1681 5395 multi
1713 5350 1895 5397 essent
1926 5358 2017 5399 co-

438 5424 614 5480 lentes
640 5424 832 5480 Deum.
969 5408 987 5420 ⁸

510 5513 673 5571 Vens.
704 5516 788 5571 12.
812 5546 885 5557 -
905 5515 1021 5571 Hoc
1049 5527 1219 5573 autem
1245 5520 1384 5575 dico.
1417 5519 1515 5577 llic
1542 5533 1731 5579 contra
1753 5524 2018 5595 baptistas

436 5620 597 5677 agere
620 5607 843 5677 incipit,
876 5608 941 5661 dc
967 5608 1163 5678 quibus
1209 5610 1284 5665 illi
1323 5611 1710 5681 gloriabantur.
1742 5613 1856 5686 Ego
1896 5618 2014 5687 qui-

435 5699 575 5752 dem.
606 5698 717 5753 Sub
749 5716 847 5754 suo
873 5701 1093 5756 nomine
1118 5712 1175 5758 et
1212 5704 1574 5773 apostolorum
1606 5716 1756 5761 notat
1778 5710 2012 5778 pseudo,

436 5802 504 5845 ne
532 5790 574 5844 si
607 5789 845 5845 diceret:
874 5792 926 5848 in
960 5796 1173 5857 nomine
1216 5795 1383 5869 ipsius
1415 5796 1497 5850 vel
1531 5795 1704 5863 illius,
1740 5800 2015 5856 videretur

2116 4620 2317 4677 Contra
2373 4620 2696 4691 sapientiam
2745 4620 2946 4677 saeculi.
2993 4620 3121 4675 Non
3157 4620 3214 4674 in
3255 4618 3517 4689 sapientia
3545 4618 3714 4671 uerbi.

2118 4711 2447 4783 Sapientiam
2479 4713 2611 4769 dicit
2639 4712 3084 4784 philosophorum
3108 4726 3229 4782 qua:
3254 4710 3334 4766 sic
3357 4708 3583 4775 dicitur,
3603 4706 3714 4763 etsi

2115 4818 2225 4857 non
2253 4804 2365 4859 sit:
2396 4812 2636 4860 attamen
2687 4804 2776 4859 illa
2818 4813 2902 4860 est
2939 4818 3059 4874 quae
3101 4803 3359 4858 verbosos
3402 4800 3562 4867 facit,
3611 4814 3716 4871 per

2117 4907 2280 4963 quam
2309 4909 2467 4960 crux,
2495 4895 2548 4948 id
2570 4903 2655 4949 est
2677 4910 2824 4950 mors
2844 4895 3067 4961 Christi,
3083 4902 3410 4959 evacuatur;
3432 4899 3487 4946 et
3511 4892 3716 4962 impos-

2116 4988 2272 5044 sibile
2300 4989 2591 5043 secundum
2614 4996 2863 5045 naturam
2876 4986 3167 5057 iudicatur,
3203 4996 3265 5042 ut
3304 4987 3445 5042 Deus
3485 4985 3717 5039 immor-

2119 5079 2243 5135 talis
2291 5089 2613 5135 moreretur.
2680 5078 2855 5133 Verbi.
2905 5079 2983 5134 lbi
3039 5078 3360 5150 compositio
3406 5076 3708 5132 verborum

2116 5170 2393 5241 quaeritur,
2429 5171 2523 5226 ubi
2560 5178 2697 5227 teste
2722 5170 2921 5226 virtute
2950 5170 3065 5242 ipsa
3091 5170 3296 5227 veritas
3320 5183 3378 5225 se
3407 5182 3516 5223 non
3552 5182 3710 5223 com-

2114 5259 2354 5316 mendat.
2660 5320 2665 5329 ,

2187 5349 2352 5403 Vens.
2378 5350 2465 5405 i8.
2484 5378 2553 5389 -—
2565 5347 2928 5404 Pereuntibus.
2954 5348 3011 5404 Id
3031 5356 3113 5404 est
3140 5346 3475 5418 sapientibus
3490 5344 3705 5409 mundi,

2116 5455 2343 5509 quorum
2374 5450 2427 5494 et
2450 5440 2711 5511 sapientia
2743 5441 2902 5512 perit,
2934 5448 2985 5495 et
3012 5439 3145 5495 falsa
3175 5440 3494 5503 ostenditur,
3518 5445 3574 5492 et
3594 5436 3704 5505 ipsi

2117 5530 2410 5585 damnandi
2437 5540 2585 5586 sunt.

2187 5620 2283 5674 Dei
2307 5623 2485 5677 virtus.
2519 5623 2657 5679 Dum
2688 5624 2900 5679 occisus
2928 5623 3198 5679 diabolum
3228 5622 3395 5688 vicit,
3431 5627 3485 5675 et
3515 5617 3702 5673 homi-

2116 5728 2239 5769 nem
2256 5712 2526 5782 liberavit,
2542 5715 2626 5771 vel
2649 5717 2904 5772 virtutem
2928 5714 3019 5770 dat
3043 5713 3393 5771 credentibus
3418 5725 3511 5783 per
3527 5721 3698 5779 quam

2118 5804 2255 5860 ﬁunt
2283 5806 2563 5873 miracula,
2594 5824 2719 5864 cum
2752 5822 2839 5864 res
2860 5806 3044 5878 exigit.
