3958 6314
192 308 282 365 521

1073 291 1338 350 CLOSSA
1376 287 1770 346 ORDINARIA.
1811 318 1881 329 —
1918 286 2137 344 EPIST.
2176 287 2197 342 Ι
2233 287 2326 342 AD
2363 287 2523 344 COR.

3312 283 3417 338 522

265 410 417 466 Vens.
447 404 539 458 ~l9.
561 432 633 443 —
662 403 922 473 Scriptum
947 410 1019 457 est
1038 402 1190 456 enim.
1217 400 1339 455 Ideo
1367 414 1474 454 non
1497 397 1643 454 misit
1664 412 1749 453 me
1778 405 1824 464 Α
1851 400 1972 470 quia
2002 399 2135 454 nihil
2169 369 2420 469 relinquit
2466 396 2683 454 omnino
2730 395 2873 467 quod
2918 392 3154 461 nesciat,
3181 393 3265 450 vel
3292 395 3417 464 quia

209 502 259 557 in
285 495 550 567 sapientia,
579 492 699 562 quia
725 493 1046 562 praedixerat
1079 491 1221 560 quod
1248 504 1368 544 eam
1395 504 1500 543 non
1551 488 1755 558 recipe—

1855 488 2083 544 scrutari
2129 496 2183 544 te
2229 487 2386 554 facit;
2422 489 2564 558 quod
2604 488 2748 544 enim
2789 486 2928 541 dono
2970 483 3138 554 ipsius
3175 490 3233 538 tu
3261 481 3419 551 facis,

211 598 288 648 ret
313 589 364 644 in
390 582 763 657 praedicatione
791 580 1098 652 evangelica
1116 620 1132 646 ,
1176 579 1268 634 sed
1306 578 1554 648 perderet
1583 584 1637 631 et
1671 591 1774 632 re-‘
1857 580 1945 636 ille
1980 581 2156 635 facere
2178 581 2396 645 dicitur,
2425 580 2550 650 quia
2575 580 2691 635 sine
2717 577 2808 636 illo
2837 586 2893 632 tu
2921 592 3028 633 non
3050 573 3278 632 faceres.

209 680 449 752 probaret
480 675 545 730 de
584 672 807 742 collegio
844 671 1258 742 praedicatorum
1298 682 1556 726 suorum:
1596 673 1651 722 et
1679 665 1758 722 sic

211 770 397 826 factum
420 772 518 821 est.

277 859 430 914 Vens.
467 855 650 910 21.-
675 853 881 910 Placuit
922 853 1029 910 Deo
1066 867 1158 922 per
1189 848 1464 906 stultitiam
1508 845 1760 919 prtcdica-

209 948 353 1005 tionis
374 945 540 1000 salvos
571 944 742 1015 facere
764 943 1044 998 credentes.
1070 942 1126 995 ld
1155 951 1240 996 est
1271 938 1450 994 crucis
1473 938 1575 993 fide
1609 945 1764 991 teter-

1927 668 2091 722 Vnns.
2115 667 2293 721 12.’-
2317 666 2422 722 Sed
2449 667 2702 737 Spiritum
2725 668 2811 738 qui
2833 683 2896 720 ea:
2923 665 3030 720 Deo
3057 674 3152 720 est.
3188 663 3421 735 Spiritus

1767 816 1772 821 ,
1858 768 2080 816 sanctus
2123 759 2308 829 utique
2330 758 2507 814 Patris
2539 768 2594 812 et
2631 758 2753 813 Filii
2779 767 2880 825 est,
2905 772 3114 814 necnon
3143 766 3200 813 et
3218 766 3418 814 noster.

1861 852 2012 919 Quod
2042 853 2183 908 enim
2205 852 2387 908 datum
2414 859 2516 916 est,
2546 851 2706 910 etiam
2737 851 2804 908 ad
2827 866 2946 907 eum
2967 850 3060 922 qui
3078 848 3224 905 dedit
3251 849 3421 905 refer-

1864 949 1970 1007 tur,
1998 951 2051 997 et
2072 943 2137 996 ad
2165 957 2257 998 eos
2291 942 2486 1013 quibus
2510 941 2676 996 dedit.
2725 941 2909 1011 Itaque
2944 939 3178 1011 Spiritus
3204 944 3437 996 sanctus

209 1040 419 1094 nitatem
451 1035 737 1106 provenire
770 1033 1120 1090 mortalibus:
1144 1040 1203 1087 ut
1231 1030 1304 1087 ibi
1334 1030 1478 1086 salus
1506 1029 1764 1102 reperire-
1863 1041 2204 1088 non'tantum
2232 1033 2408 1088 Patris
2439 1040 2494 1087 et
2519 1031 2642 1087 Filii
2673 1033 2765 1102 qui
2796 1031 3089 1097 dederunt,
3122 1031 3217 1086 sed
3260 1033 3426 1087 etiam

209 1137 308 1194 tur,
339 1127 426 1183 ubi
457 1126 682 1181 stultitia
709 1125 964 1180 creditur.

272 1218 430 1272 Vens.
483 1216 572 1270 26.
608 1246 678 1255 ——
721 1214 898 1269 Videte
937 1214 1092 1268 enim.
1115 1211 1255 1268 Vere
1284 1211 1506 1268 stultum
1536 1217 1591 1264 et
1620 1209 1768 1264 infir-

206 1325 342 1364 mum
367 1307 488 1372 Dei,
513 1314 596 1361 est
621 1305 914 1376 sapientius
957 1313 1012 1359 et
1047 1304 1238 1358 fortius
1263 1303 1589 1357 hominibus.
1617 1300 1770 1368 Quod

205 1400 255 1453 in
280 1397 427 1452 vobis
450 1396 681 1466 potestis
718 1394 968 1465 experiri.
1007 1394 1325 1464 lnsipientes
1356 1392 1504 1447 enim
1543 1399 1597 1446 et
1622 1389 1771 1445 inﬁr-

203 1488 271 1543 mi
297 1501 388 1541 vos
427 1492 779 1548 vocaverunt,
809 1484 953 1538 inter
998 1484 1159 1538 stulta
1183 1491 1237 1537 et
1268 1481 1480 1536 infirma
1515 1480 1607 1534 Dei
1641 1494 1771 1534 enu-

202 1577 385 1633 merati
415 1585 544 1632 sunt
583 1575 718 1631 tales
748 1581 1031 1630 vocatones
1052 1615 1066 1640 ,
1109 1574 1200 1644 qui
1231 1582 1410 1628 tamen
1436 1571 1773 1627 confundunt

117 1671 120 1675 ’
200 1671 462 1740 sapientes
477 1676 535 1722 et
557 1667 741 1723 fortes.
768 1667 834 1722 Et
855 1681 980 1721 vere
1001 1673 1126 1722 sunt
1151 1664 1304 1731 tales,
1326 1664 1448 1734 quia
1473 1679 1576 1717 non
1598 1660 1768 1716 multi.

1864 1131 2051 1180 noster
2079 1133 2162 1180 est
2208 1124 2300 1194 qui
2336 1125 2660 1196 accepimus.
2701 1124 2768 1180 Et
2794 1139 2900 1178 non
2942 1132 3024 1178 est
3066 1123 3167 1179 iste
3207 1123 3429 1194 spiritus

1867 1223 2052 1270 noster
2091 1215 2145 1269 in
2198 1230 2303 1286 quo
2348 1230 2532 1271 sumus
2565 1233 2578 1269 :
2609 1216 2735 1285 quia
2777 1214 2890 1285 ipse
2915 1213 3135 1284 spiritus
3165 1223 3348 1270 noster
3374 1215 3431 1269 in

1868 1323 1976 1378 quo
2011 1322 2195 1365 sumus
2219 1309 2331 1379 ipse
2353 1308 2571 1378 spiritus
2599 1315 2684 1363 est
2702 1307 2956 1372 hominis,
2984 1306 3076 1376 qui
3097 1305 3153 1361 in
3188 1306 3303 1376 ipso
3325 1316 3446 1362 εει..

1871 1396 1938 1452 Et
1967 1397 2141 1468 ipsum
2189 1404 2368 1453 tamen
2407 1397 2652 1467 spiritum
2685 1397 2776 1468 qui
2823 1395 3061 1452 hominis
3098 1404 3180 1452 est
3221 1396 3432 1466 accepi-

1872 1503 2010 1542 mus.
2055 1486 2165 1542 Sed
2204 1487 2349 1542 aliud
2378 1496 2461 1543 est
2507 1487 2649 1556 quod
2693 1485 3013 1556 accipimus,
3057 1495 3119 1540 ut
3169 1500 3434 1551 essemus,

1875 1578 2018 1634 aliud
2044 1579 2185 1648 quod
2223 1579 2528 1650 accepimus
2561 1586 2622 1633 ut
2667 1577 2841 1633 sancti
2889 1591 3148 1634 essemus.
3202 1577 3438 1648 Spiritus

1876 1677 2054 1724 autem
2111 1669 2348 1724 hominis
2400 1670 2453 1724 in
2505 1667 2783 1740 Scriptura
2831 1668 3117 1739 accipitur,
3166 1682 3266 1739 pro
3320 1668 3436 1739 ipsa

199 1761 308 1816 Non
329 1768 514 1816 autem
535 1761 629 1824 ait,
658 1759 811 1825 nulli,
853 1758 1038 1814 forsan
1078 1773 1178 1829 pro
1225 1771 1302 1822 se,
1339 1756 1430 1827 qui
1459 1755 1605 1810 solus
1625 1755 1772 1810 inter
1800 1744 1848 1804 B
1876 1761 2054 1816 anima
2071 1760 2157 1816 vel
2199 1761 2366 1831 ipsius
2411 1760 2604 1816 animae
2651 1761 2885 1831 potentia
2933 1760 3228 1816 rationalis.
3281 1760 3439 1817 Dedit

198 1848 465 1919 apostolos
491 1847 830 1902 sateularium
855 1847 1154 1902 litterarum
1167 1844 1397 1915 peritus,
1434 1852 1772 1898 terrenarum

195 1954 350 2008 opum
373 1939 552 2003 dives,
574 1936 831 1992 Romana:
849 1934 1126 2007 dignitatis
1145 1933 1420 2006 parentela
1447 1933 1772 2003 conspicuus

195 2025 322 2091 fuit;
347 2025 440 2094 qui
479 2033 662 2080 tamen
704 2024 820 2079 haec
853 2023 1009 2078 nihili
1050 2023 1255 2093 pendit,
1286 2037 1386 2078 nec
1410 2037 1540 2077 usus
1567 2030 1648 2076 est
1670 2023 1770 2078 eis.

260 2113 427 2169 Vnus.
465 2112 563 2168 27.
592 2144 662 2154 --
682 2111 787 2168 Sed
821 2129 937 2184 qua:
958 2114 1137 2167 stulta.
1179 2112 1316 2167 Ecce
1345 2119 1530 2167 contra
1558 2111 1774 2166 ordina-

195 2205 390 2260 tionem
426 2205 530 2260 Dei
574 2204 782 2261 faciunt
819 2213 1024 2278 aperte,
1069 2205 1199 2276 quia
1246 2203 1773 2276 sapientiamscculi

186 2292 416 2363 iactant,
444 2309 575 2352 cum
600 2294 741 2352 Deus
765 2296 1121 2350 humilitatem
1143 2302 1426 2365 proponat.
1448 2293 1608 2348 Venit
1628 2293 1773 2348 enim

193 2388 412 2444 humilis
462 2388 609 2442 Deus
630 2401 873 2456 qurerens
901 2386 1150 2452 humiles,
1189 2401 1297 2440 non
1335 2385 1494 2440 altos.
1527 2384 1628 2451 Qui
1672 2385 1775 2440 etsi

188 2477 426 2546 primum
454 2475 684 2547 elegerit
722 2489 985 2546 pauperes
1008 2516 1024 2540 ,
1067 2474 1336 2541 indoctos,
1375 2473 1636 2541 infirmos,
1667 2487 1776 2529 non
1811 2511 1821 2520 ο

191 2577 373 2623 tamen
409 2567 674 2637 relinquit
711 2566 1001 2638 sapientes,
1043 2565 1260 2631 divites,
1296 2564 1504 2620 nobiles
1529 2603 1545 2630 ,
1592 2565 1692 2620 sed
1729 2564 1777 2620 si

187 2675 282 2716 eos
316 2659 532 2728 primos
557 2658 794 2729 eligeret,
839 2658 1032 2714 merito
1069 2657 1256 2713 talium
1295 2671 1476 2712 rerum
1500 2655 1600 2712 sibi
1625 2656 1777 2712 vide-

189 2761 382 2805 rentur
423 2749 586 2820 eligi;
637 2757 692 2804 et
720 2749 793 2802 ita
828 2749 883 2803 in
921 2748 1000 2804 eis
1039 2755 1182 2803 esset
1205 2747 1454 2818 superbia
1482 2761 1587 2817 qua
1617 2747 1778 2803 homo

187 2839 413 2895 cecidit.
457 2837 574 2893 Nisi
611 2836 838 2893 fideliter
877 2837 1208 2908 praecederet
1243 2837 1501 2906 piscator,
1540 2852 1646 2892 non
1674 2838 1777 2891 ltu-

185 2930 333 2985 milis
357 2937 686 2999 sequeretur
723 2936 925 2983 orator.
973 2927 1124 2984 Unde
1162 2925 1460 2982 Nathanael
1488 2927 1700 2995 doctus,
1723 2927 1778 2988 in

183 3019 509 3090 apostolum
539 3033 644 3073 non
665 3025 748 3072 est
773 3018 998 3072 electus.

257 3113 440 3168 Vnus.
477 3109 566 3162 29.
590 3137 660 3147 —
682 3106 749 3161 Ut
775 3123 878 3161 non
904 3107 1174 3178 glorietur.
1211 3107 1291 3166 De
1321 3121 1399 3175 se,
1423 3107 1518 3164 sed
1547 3106 1612 3163 de
1645 3107 1776 3172 Deo.
1807 3103 1852 3176 C-

180 3203 337 3275 quod
371 3200 452 3256 ibi
501 3198 836 3256 ostenditur:
881 3198 974 3269 qui
1011 3194 1293 3271 gloriatur,
1328 3199 1384 3255 in
1412 3197 1642 3254 Domino
1669 3199 1782 3270 glo-

183 3295 390 3348 rietur.

259 3381 442 3437 Vsus.
476 3378 568 3435 50.
595 3410 666 3420 -
711 3378 795 3434 Ea:
827 3378 938 3451 ipso
983 3389 1181 3435 autent.
1213 3378 1331 3435 Non
1369 3377 1628 3451 glorietur
1663 3379 1786 3451 quis

185 3491 253 3532 ex
287 3491 352 3530 se
377 3515 394 3542 ,
443 3472 544 3530 sed
589 3481 766 3531 tamen
801 3480 884 3530 est
924 3473 1032 3528 alia
1069 3471 1262 3545 gloria,
1297 3473 1425 3545 quia
1448 3488 1514 3529 ex
1540 3474 1656 3544 ipso
1690 3489 1786 3531 vos

189 3566 351 3622 esus'
832 3615 1070 3689 CAPUT'
1102 3631 1167 3687 ll.

263 3767 444 3824 Vens.
471 3764 529 3822 2.
554 3797 624 3808 ——
651 3765 775 3822 Non
805 3769 944 3822 enim
973 3768 1230 3838 judicavi.
1274 3768 1375 3838 Qui
1403 3769 1583 3825 minus
1601 3768 1790 3839 capaci

191 3859 401 3914 altiora
434 3859 716 3929 loquitur,
741 3874 848 3914 non
870 3858 1181 3927 utilitatem,
1229 3862 1325 3916 sed
1357 3861 1442 3916 sui
1467 3859 1788 3916 ostentatio-

195 3965 328 4006 nem
361 3950 530 4006 facit.

266 4043 452 4098 Vsns.
485 4039 541 4095 6.
569 4069 640 4079 —
659 4036 944 4108 Perfectos.
969 4035 1085 4095 Non
1098 4038 1408 4110 cognitores
1428 4046 1482 4094 et
1515 4039 1791 4105 doctores,

192 4134 405 4204 quibus
428 4147 576 4203 opus
599 4147 704 4186 non
734 4139 836 4195 est,
878 4131 973 4185 sed
994 4131 1267 4187 auditores
1287 4130 1402 4200 jam
1440 4118 1684 4201 capaces.

265 4225 451 4280 Vens.
503 4225 559 4277 7.
612 4251 683 4261 -——
731 4221 802 4276 In
843 4224 1107 4293 mysterio.
1167 4223 1498 4293 Exponendo
1540 4219 1794 4292 mysteria

192 4315 425 4370 Veteris
464 4310 805 4366 Testamenti
852 4311 908 4366 in
938 4312 1131 4382 quibus
1170 4311 1422 4368 Christus
1458 4311 1795 4382 significatus

191 4412 304 4470 est,
340 4412 407 4458 ut
441 4403 502 4457 in
532 4401 706 4455 hostia
741 4399 895 4466 Abel,
923 4401 1006 4455 vel
1030 4400 1277 4456 Abralne.
1310 4401 1440 4468 Quae
1469 4401 1792 4455 abscondita.

193 4494 338 4560 Quia
373 4508 499 4549 non
538 4490 742 4555 verbis,
779 4489 870 4544 sed
915 4491 970 4545 in
999 4491 1196 4545 virtute
1241 4508 1254 4545 :
1297 4505 1404 4545 non
1443 4491 1676 4546 humana
1704 4506 1797 4544 ra-

195 4591 353 4644 tione
404 4582 938 4655 comprehensibilis,
986 4583 1081 4638 sed
1119 4581 1339 4653 spiritus
1396 4583 1636 4639 efﬁcacia
1683 4597 1800 4638 cre-

195 4681 416 4735 dibilis.

268 4769 460 4824 Vens.
511 4765 566 4820 8.
610 4795 682 4804 --
728 4763 790 4820 Si
831 4763 965 4818 enim
1006 4762 1378 4832 cognovissent.
1424 4761 1518 4818 Vel
1564 4764 1801 4819 minores

192 4863 360 4920 illum
388 4875 528 4917 esse
556 4859 804 4913 Messium
853 4857 907 4912 in
942 4857 1057 4926 lege
1083 4857 1426 4927 promissum,
1457 4857 1538 4912 vel
1567 4854 1802 4926 majores

198 4953 385 5008 Deum
421 4965 576 5015 esse,
605 4947 690 5004 vel
713 4948 810 5003 Dei
843 4947 1072 5002 Filium:
1107 4962 1369 5053 numquam
1392 4947 1673 5002 Dominum
1695 4946 1805 5016 glo-

198 5045 301 5098 ria:
329 5038 757 5108 cruciﬁxissent.

281 5134 471 5189 Vens.
516 5131 572 5186 9.
599 5161 670 5171 -—
706 5129 817 5184 Nec
865 5131 921 5184 in
964 5145 1054 5183 cor
1075 5129 1319 5183 hominis.
1341 5127 1482 5184 Infra
1515 5145 1608 5185 cor
1631 5129 1804 5184 homi-

195 5225 298 5292 υἷε
346 5231 448 5280 est
495 5220 638 5291 quod
680 5220 734 5274 in
777 5235 874 5275 cor
925 5219 1196 5284 ascendit;
1236 5234 1396 5288 super
1421 5235 1514 5274 cor
1547 5228 1628 5274 est
1649 5227 1805 5274 aeter-

202 5332 347 5371 num
400 5312 481 5368 ad
519 5298 659 5380 quod
689 5324 782 5365 cor
811 5309 1069 5366 ascendit.
1121 5309 1216 5365 Vel
1251 5312 1356 5365 nun
1386 5319 1470 5365 est
1507 5310 1687 5377 homo,
1713 5311 1806 5366 sed

202 5404 458 5476 spiritus
515 5401 605 5470 qui
644 5397 810 5454 novit.
855 5398 1120 5453 Ascendit.
1168 5399 1277 5454 Res
1323 5399 1520 5455 dicitur
1553 5401 1608 5454 in
1648 5401 1808 5456 corde

201 5494 558 5557 ascendere,
585 5491 798 5561 quando
823 5491 960 5546 bene
982 5491 1250 5546 intellecta
1273 5492 1466 5562 placet.

1823 4448 1874 4507 D

1876 1851 2020 1908 enim
2053 1851 2206 1908 nobis
2225 1861 2470 1908 naturam
2495 1864 2553 1907 ut
2574 1867 2816 1908 essemus
2833 1893 2847 1918 ,
2879 1853 3115 1908 animam
3142 1859 3201 1907 ut
3230 1853 3441 1908 vivere-

1875 1959 2019 2010 mus,
2050 1953 2306 2012 mentem,
2357 1952 2416 2000 nt
2441 1942 2880 2016 intelligeremus.
2921 1942 2987 1997 Ut
3009 1944 3255 1998 sciamus.
3287 1942 3441 2000 Multi

1875 2026 2074 2092 habent
2112 2037 2252 2092 dona
2296 2035 2410 2099 Dei,
2459 2043 2515 2091 et
2547 2035 2837 2092 nesciendo
2865 2050 2896 2089 a
2925 2050 3031 2106 quo
3066 2035 3300 2090 habeant
3340 2033 3442 2088 im-

1872 2126 1961 2198 pia
2003 2126 2242 2181 vanitate
2263 2125 2559 2197 iactantur.
2594 2124 2762 2182 Nemo
2799 2125 2954 2181 donis
2983 2124 3079 2180 Dei
3107 2124 3316 2190 beatus,
3347 2125 3443 2193 qui

1878 2214 2024 2270 danti
2071 2223 2154 2271 est
2179 2215 2440 2286 ingratus,
2479 2215 2622 2271 unde
2669 2227 2724 2271 ιιι
2751 2214 3045 2287 Evangelio
3074 2230 3089 2269 :
3122 2213 3226 2282 Qui
3263 2214 3441 2279 habet,

1875 2303 2092 2360 dabitur
2133 2308 2202 2361 ei.
2227 2301 2393 2362 Plene
2419 2306 2620 2364 habere
2642 2315 2727 2364 est
2746 2307 2907 2372 ,scire
2929 2305 3069 2362 unde
3096 2306 3310 2365 habeat.
3337 2305 3444 2372 Qui

1874 2417 1994 2471 ergo
2021 2412 2124 2456 non
2152 2399 2324 2467 habet,
2371 2400 2425 2456 id
2459 2408 2564 2466 est,
2608 2401 2701 2472 qui
2744 2401 2916 2460 nescit
2962 2401 3103 2460 unde
3143 2399 3364 2466 habeat,
3392 2410 3443 2455 et

1876 2493 2014 2564 quod
2035 2488 2207 2560 habet,
2232 2481 2500 2563 auferetur
2525 2493 2590 2547 ab
2615 2509 2675 2550 eo
2702 2492 2853 2561 (Luc.
2886 2492 3027 2566 vui).

1946 2583 2110 2640 Vens.
2140 2584 2227 2639 15.
2245 2614 2316 2624 -
2336 2583 2666 2658 Spiritualia.
2696 2582 2847 2657 Quod
2862 2582 3121 2640 Corinthii
3146 2598 3252 2639 non
3275 2584 3440 2650 estis;

1877 2683 1932 2732 et
1982 2675 2101 2732 ideo
2130 2675 2287 2750 culpa
2327 2683 2506 2734 vestra
2520 2682 2634 2744 ‘est,
2661 2689 2769 2733 non
2806 2682 3020 2745 nostra,
3061 2675 3204 2747 quod
3242 2672 3446 2744 majora

1877 2785 1985 2826 non
2006 2769 2254 2829 diximus.

1949 2861 2110 2918 Vsus.
2144 2860 2228 2918 U.
2258 2891 2330 2902 —
2370 2861 2631 2918 Animalis
2668 2870 2841 2918 autem
2889 2862 3061 2917 homo.
3095 2859 3303 2916 Dicitur
3329 2859 3442 2915 ani.
3528 2901 3533 2907 κ

1877 2954 2032 3011 malis
2058 2954 2219 3010 homo
2245 2954 2376 3022 vita,
2396 2955 2488 3026 qui
2515 2955 2686 3012 fertur
2705 2954 2968 3011 dissoluta
3001 2952 3221 3009 lascivia
3250 2952 3446 3008 anima:

1880 3060 2008 3110 suae,
2052 3060 2211 3114 quam
2264 3045 2407 3101 intra
2453 3045 2962 3122 naturalis’ordinis
3005 3051 3176 3100 metas
3226 3043 3449 3113 spiritus

1883 3144 2063 3192 rector
2086 3151 2192 3191 non
2223 3137 2466 3193 continet
2491 3178 2507 3204 ,
2536 3152 2601 3193 eo
2628 3137 2770 3207 quod
2801 3138 2914 3208 ipse
2944 3137 3055 3192 Deo
3075 3135 3368 3207 regendum
3389 3149 3450 3190 se

1883 3241 1993 3281 non
2023 3225 2475 3302 subjicit._Animi\
2491 3241 2620 3282 vero
2641 3241 2800 3282 sensu
2835 3226 3033 3282 dicitur
3056 3223 3326 3290 animalis,
3356 3225 3449 3293 qui

1883 3313 1995 3371 Deo
2014 3315 2169 3385 juxta
2218 3330 2502 3386 corporum
2526 3316 2886 3386 phantasiam,
2920 3313 3002 3370 vel
3030 3313 3162 3384 legis
3189 3313 3446 3378 litteram,

1884 3403 1970 3458 vel
1993 3404 2253 3459 rationem
2283 3403 2708 3474 philosophicam
2724 3405 2947 3476 iudicat.
2994 3401 3133 3470 Quia
3152 3402 3448 3473 spirituali-

1884 3505 1963 3550 ter
1990 3497 2338 3550 examinatur.
2383 3495 2646 3552 Animalia
2683 3511 2790 3553 non
2823 3503 3001 3566 potest
3026 3493 3322 3566 intelligere
3344 3493 3454 3563 spi—

1886 3585 2122 3652 ritualia,
2175 3586 2301 3656 quia
2349 3586 2706 3653 examinatur,
2755 3587 2808 3642 id
2867 3595 2969 3652 est,
3018 3583 3346 3640 examinatio
3398 3591 3454 3639 et

1887 3678 2256 3749 comprobatio
2281 3676 2343 3732 ﬁt
2377 3677 2586 3732 illorum
2613 3675 3000 3748 spiritualium,
3045 3683 3251 3730 tantum
3288 3673 3452 3743 spiri-

1889 3769 2104 3826 tualiter
2133 3809 2149 3835 ,
2179 3769 2232 3824 id
2262 3777 2365 3834 est,
2401 3783 2432 3823 a
2458 3767 2726 3838 spirituali
2749 3767 2984 3831 homine,
3012 3774 3067 3822 et
3094 3763 3452 3836 personaliter

1889 3857 2123 3930 legitur:
2153 3857 2511 3913 examinatur.
2536 3855 2632 3910 Vel
2661 3856 2733 3910 ita
2761 3873 2772 3908 :
2798 3854 3058 3911 Animalis
3079 3869 3184 3911 non
3207 3851 3456 3926 intelligit

1892 3947 2209 4018 spiritualia,
2247 3946 2371 4015 quia
2401 3941 2771 4014 Spiritualiter,
2805 3942 2858 3996 id
2882 3950 2984 4007 est,
3016 3955 3112 4012 per
3157 3939 3458 4011 spiritualia

1892 4044 2102 4091 tantum
2146 4035 2401 4104 probatur
2447 4033 2591 4105 quod
2644 4032 2891 4090 animalis
2935 4039 3056 4096 est;
3095 4030 3222 4102 quia
3273 4029 3458 4086 audita

1895 4127 2181 4198 improbat,
2223 4135 2278 4182 et
2322 4141 2429 4183 non
2475 4126 2545 4182 ob
2583 4124 2729 4180 aliud
2765 4125 2814 4180 ei
2851 4130 3242 4196 proponuntur,
3270 4121 3462 4180 nisiut

1894 4220 2250 4278 examinetur.

1969 4313 2134 4369 Vens.
2160 4311 2247 4366 15.
2271 4339 2342 4351 ——
2384 4309 2686 4382 Spiritualis
2713 4319 2887 4366 autent
2915 4311 3090 4366 homo.
3121 4308 3216 4365 Est
3240 4307 3326 4366 vel
3352 4309 3462 4364 vita

1897 4401 1983 4458 vel
2021 4401 2245 4458 scientia
2275 4416 2290 4455 :
2315 4401 2610 4472 spiritualis
2641 4408 2727 4457 est
2767 4401 2894 4466 vita,
2928 4400 3020 4470 qui
3064 4399 3313 4469 spiritum
3359 4399 3465 4453 Do-

1905 4493 2037 4548 mini
2064 4493 2268 4548 habens
2299 4500 2580 4556 rectorem,
2615 4491 2848 4546 animam
2888 4489 3053 4560 regit;
3085 4488 3310 4544 scientia
3336 4481 3473 4542 vero

1904 4583 2198 4655 spiritualis
2221 4582 2441 4653 estqui,
2468 4583 2569 4638 etsi
2601 4597 2668 4638 ex
2700 4589 2854 4653 parte
2880 4588 2936 4636 et
2966 4595 3062 4651 per
3084 4579 3360 4650 speculum
3386 4579 3466 4632 vi-

1905 4679 2016 4744 det,
2046 4686 2224 4731 tamen
2258 4676 2324 4731 de
2347 4691 2412 4731 eo
2436 4675 2730 4731 secundum
2751 4674 3012 4745 imagines
3032 4685 3340 4742 corporum,
3372 4670 3460 4726 vel

1904 4769 2036 4840 legis
2085 4768 2354 4831 litteram,
2409 4766 2494 4821 vel
2556 4767 2844 4820 humanam
2901 4761 3298 4834 philosophiam
3353 4775 3465 4816 non

1905 4861 2062 4931 Sapit,
2091 4861 2186 4916 sed
2217 4857 2448 4928 spiritui.
2480 4855 2573 4910 Dei
2615 4855 2890 4926 subjectus
2917 4851 3217 4908 certissime
3244 4864 3308 4906 ac
3336 4849 3469 4906 ﬁde-

1906 4955 2029 5009 liter
2069 4952 2297 5022 judicat.
2349 4949 2560 5004 Omnia.
2610 4946 2728 5003 Non
2773 4946 2990 5017 quidem
3039 4943 3292 5000 universa
3345 4957 3465 5012 qua)

1904 5045 2144 5100 continet
2177 5042 2356 5097 divina
2387 5039 2634 5103 scicntia,
2657 5039 2752 5094 sed
2778 5053 2898 5108 quae
2937 5037 3004 5091 ad
3024 5035 3290 5105 justitiam
3310 5041 3364 5090 et
3385 5034 3469 5088 vi-

1907 5143 2016 5188 tam
2041 5133 2336 5198 sufﬁciunt,
2367 5131 2419 5185 id
2440 5138 2542 5194 est,
2572 5129 2754 5184 omnia
2773 5125 3085 5196 judicanda.

2513 5255 2736 5315 CAPUT
2783 5256 2869 5313 III.

1985 5398 2146 5453 Vens.
2187 5396 2242 5449 2.
2269 5425 2340 5436 ——
2369 5393 2549 5449 Adhuc
2576 5393 2714 5448 enim
2757 5388 3013 5447 carnales.
3053 5384 3243 5460 Arguit
3261 5401 3355 5444 eos
3377 5386 3471 5455 qui

1916 5490 2276 5562 querebantur
2300 5501 2358 5544 se
2386 5485 2585 5544 dudum
2613 5500 2721 5541 non
2757 5483 2971 5541 audisse
3000 5479 3318 5553 spiritualia.
3342 5492 3467 5534 cum

289 5583 476 5638 Vens.
514 5581 598 5634 10.
622 5611 694 5620 -
737 5579 1038 5646 Scrutatur,
1063 5590 1167 5637 etc.
1207 5582 1448 5638 Scrutari
1485 5583 1680 5638 dicitur
1701 5583 1815 5653 spi-
1918 5583 2092 5639 adhuc
2112 5579 2314 5652 indigni
2339 5588 2522 5635 essent
2539 5578 2748 5634 audire.

187 5680 366 5736 .ritus
401 5673 513 5733 Dei
541 5673 742 5738 omnia,
775 5689 882 5728 non
904 5680 963 5728 ut
997 5675 1139 5744 quod
1178 5677 1377 5746 nescit,
1421 5676 1690 5745 inveniat,
1724 5676 1818 5732 sed

572 5769 844 5831 PATRUL.
890 5765 1114 5832 CXIV.

1993 5646 2399 5744 Ministri'ejus.
2455 5670 2637 5745 (Auc.)
2686 5669 2858 5728 Homo
2893 5667 3154 5744 ‘exterius
3183 5646 3476 5717 ministrat

3010 5759 3084 5818 17
