3958 6314
513 361 619 418 525

1035 359 1420 414 WALAFRID‘I
1460 357 1706 414 STRABI
1743 359 1943 416 FULD.
1983 360 2145 418 MON.
2185 363 2334 419 OPP.
2373 363 2554 420 PARS
2589 365 2630 420 l.
2673 395 2738 406 —
2774 363 3228 421 THEOLOGICA.

3661 366 3782 437 sas

515 475 668 544 quasi
694 487 880 529 servus
899 513 912 538 ,
938 482 1066 537 etc.,
1089 473 1341 544 usquead
1363 472 1490 544 quia
1511 471 1654 528 Deus
1673 481 1929 544 operatur
1954 472 2090 529 velle
2116 479 2162 537 Α
2191 476 2285 531 sed
2314 475 2360 530 si
2385 476 2510 547 quis
2529 475 2758 532 voluerit
2787 477 3046 548 templum
3079 477 3223 548 quod
3257 490 3354 532 vos
3377 477 3528 544 estis,
3551 478 3776 548 dispero

515 577 569 621 et
602 563 880 635 perﬁcere.

585 656 746 709 Vsus.
783 653 836 709 8.
887 683 956 693 —-
1001 651 1173 708 Unum
1219 664 1358 708 sunt.
1409 653 1600 711 Posset
1649 655 1818 711 videri
1863 657 2004 727 quod
2039 657 2084 712 si

513 746 649 800 nihil
679 762 743 800 ex
769 760 826 801 se
861 746 1010 812 dant,
1042 755 1224 801 tamen
1261 747 1400 803 Deus
1443 747 1615 820 magis
1641 762 1738 816 per
1758 749 1898 804 hunc
1925 762 2087 821 quam

510 850 610 904 per
640 835 807 890 illum.

567 923 746 982 Vens.
773 926 825 982 9.
856 958 927 967 -
950 927 1249 998 Atljutores.
1282 927 1338 982 ln
1361 927 1586 984 colendo
1613 942 1742 998 agro
1780 927 2083 994 dominico;

498 1035 618 1074 'non
659 1019 1074 1089 depravatores,
1109 1028 1168 1073 ut
1201 1019 1421 1088 quidam
1463 1019 1634 1074 aiunt.
1671 1019 1822 1086 Quod
1845 1019 1968 1074 inde
1993 1035 2088 1089 pa-

458 1147 467 1156 -
509 1120 629 1177 tet,
678 1112 804 1181 quia
853 1126 952 1166 vos
994 1112 1126 1167 estis
1163 1112 1514 1182 agricultura.
1557 1112 1917 1182 Agricultura.
1951 1113 2085 1180 Quia

512 1203 641 1258 colit
669 1218 764 1258 vos
778 1204 845 1256 ad
863 1203 1115 1257 fructum.
1142 1202 1478 1271 Ai‘diﬁcutio,
1501 1203 1626 1273 quia
1657 1203 1746 1270 qui
1776 1203 1905 1258 colit
1931 1204 2086 1258 habi-

513 1302 592 1348 tat
614 1294 670 1348 in
692 1294 868 1348 vobis.
896 1293 962 1347 Et
987 1293 1060 1346 ita
1086 1293 1225 1347 idem
1256 1301 1338 1348 est
1380 1308 1506 1364 ager
1529 1305 1587 1348 et
1608 1292 1912 1360 aediﬁcium,
1943 1294 2088 1365 quod

436 1431 442 1437 .
510 1399 620 1440 non
672 1383 727 1440 in
777 1384 939 1439 rebus
967 1383 1284 1440 visibilibus.
1331 1383 1439 1440 Nos
1484 1385 1712 1439 colimus
1752 1386 1920 1439 Deum
1959 1385 2087 1439 ado-

511 1476 702 1542 rando,
739 1491 846 1531 non
871 1475 1130 1531 ornando.
1156 1475 1248 1530 lllc
1278 1483 1457 1530 autem
1497 1474 1576 1529 sic
1618 1489 1713 1529 nos
1737 1474 1911 1541 colit,
1943 1473 2087 1544 quod

508 1567 764 1622 meliores
792 1581 892 1622 nos
919 1567 1110 1622 reddit.

580 1654 744 1711 Vens.
792 1657 876 1710 1|.
920 1686 992 1695 ——
1033 1654 1460 1710 Fundamentum
1490 1656 1646 1711 enim.
1688 1654 1869 1726 (Auo.,
1899 1655 1991 1710 lib.
2021 1655 2084 1710 de

514 1748 644 1803 Fide
665 1757 711 1804 et
743 1748 1078 1829 operibus,.c.
1115 1749 1227 1819 15.)
1269 1748 1428 1804 Fides
1456 1748 1643 1820 gratia:
1669 1747 1994 1812 Christianae,
2030 1745 2083 1801 id

2189 566 2281 620 det
2309 564 2482 620 illum.
2514 565 2581 620 Et
2603 567 2827 622 nescitis
2861 567 2985 622 hoc.

2259 655 2546 724 Templum.
2569 655 2750 728 (AUG.)
2773 657 2832 712 In
2857 657 3055 727 quibus
3079 656 3222 713 Deus
3239 655 3449 712 habitat
3467 671 3568 728 per
3586 656 3778 715 ﬁdem

2188 753 2588 815 sunttemptum
2629 747 2744 812 Dei,
2788 755 2922 815 etc.,
2941 746 3171 816 qualiter
3213 748 3382 803 etiam
3427 763 3569 802 nunc
3625 757 3777 805 sunt

2189 836 2446 906 templum
2469 838 2662 908 Angeli
2691 838 2808 894 Dei.
3457 911 3461 914 ν

2261 927 2442 1000 (Avo)
2471 928 2616 984 Talis
2636 930 2981 1000 congregatio
3003 929 3288 986 aediﬁcatio
3311 939 3395 987 est
3418 931 3601 1001 templi
3628 932 3738 987 Dei
3762 948 3784 995 ;

2189 1018 2348 1073 talem
2377 1021 2848 1090 congregationem
2878 1037 2985 1076 non
3029 1023 3308 1092 generatio
3350 1025 3612 1090 carnalis,
3673 1025 3783 1080 sed

2187 1111 2524 1180 regeneratio
2544 1110 2838 1179 spiritualis
2863 1110 3011 1166 facit.
3045 1112 3264 1167 Habitat
3313 1113 3496 1184 itaque
3539 1115 3596 1168 in
3651 1115 3781 1169 sin-

2187 1199 2325 1270 gulis
2347 1199 2490 1256 Deus
2530 1208 2784 1269 tanquam
2825 1201 2878 1255 in
2913 1201 3130 1271 templis
3151 1203 3282 1266 suis,
3314 1210 3372 1257 et
3401 1203 3455 1257 in
3502 1204 3784 1259 omnibus

2187 1289 2346 1344 simul
2371 1291 2729 1361 congregatis,
2756 1299 3013 1362 tanquam
3063 1292 3117 1346 in
3166 1293 3371 1363 templo
3430 1309 3550 1348 suo.
3614 1294 3786 1349 Deus

2186 1379 2349 1451 igitur
2369 1381 2566 1449 ubique
2595 1397 2834 1450 prtesens
2857 1392 2942 1439 est
2963 1423 2980 1448 ,
3005 1392 3062 1440 et
3098 1384 3299 1455 ubique
3323 1393 3468 1440 totus
3493 1401 3779 1455 praesens,

2185 1487 2287 1528 nec
2336 1471 2537 1543 ubique
2580 1474 2864 1542 habitans,
2917 1477 3012 1532 sed
3058 1476 3113 1531 in
3139 1477 3338 1548 templo
3360 1493 3476 1544 suo,
3530 1481 3620 1534 cui
3671 1493 3779 1548 per

2184 1561 2416 1631 gratiam
2439 1561 2705 1632 benignus
2731 1571 2818 1619 est
2862 1572 2917 1620 et
2969 1566 3261 1635 propitius.
3312 1567 3537 1636 Capitur
3575 1578 3780 1623 autem

2185 1649 2438 1705 habitans
2469 1650 2536 1706 ab
2567 1651 2687 1707 aliis
2713 1653 2963 1724 amplius,
2998 1655 3066 1710 ab
3092 1655 3214 1710 aliis
3253 1657 3451 1712 minus.
3499 1657 3784 1714 Habitare

2186 1748 2367 1794 autem
2396 1740 2519 1796 ideo
2538 1741 2592 1796 in
2614 1742 2933 1800 animalibus
2956 1745 3268 1802 hominibus
3309 1755 3366 1801 et
3387 1747 3630 1816 parvulis
3654 1765 3778 1803 non

507 1849 613 1906 est,
648 1855 711 1896 ea
736 1828 854 1910 qua:
879 1855 974 1911 per
1002 1838 1348 1894 dilectionem
1401 1847 1659 1908 operatur
1681 1877 1699 1903 ,
1745 1846 1877 1903 etc.,
1921 1852 2084 1906 usque
2113 1828 2159 1888 B
2186 1830 2366 1884 carnis
2390 1839 2568 1897 aetate,
2594 1833 2686 1888 sed
2711 1834 2927 1900 mentis,
2946 1835 3072 1904 quia
3104 1836 3156 1888 in
3187 1837 3267 1891 eis
3297 1837 3505 1893 occulte
3535 1838 3658 1909 agit
3712 1848 3779 1894 ut

506 1931 576 1984 ad
601 1931 801 1998 de'qua
841 1929 1102 1999 scriptum
1135 1937 1216 1983 est
1250 1946 1261 1982 :
1289 1927 1444 1982 Vasa
1466 1927 1620 1998 ﬁguli
1659 1927 1843 1998 probat
1869 1927 2081 1997 [οι-ηπ,

505 2031 554 2075 et
582 2021 813 2074 homines
840 2020 1053 2073 tentatio
1081 2019 1435 2074 tribulationis
1461 2019 1645 2090 probat
1668 2018 1856 2090 (Eccti.
1888 2017 2081 2089 xxv").

579 2110 838 2166 Christus.
866 2110 922 2164 ld
949 2118 1051 2176 est,
1105 2109 1238 2164 ﬁdes
1281 2108 1518 2175 Christi,
1561 2125 1682 2180 quae
1723 2124 1821 2180 per
1848 2109 2088 2165 dilectio-

503 2215 631 2257 nem
651 2209 907 2270 operatur
933 2241 948 2267 ,
979 2215 1076 2270 per
1100 2214 1261 2269 quam
1291 2199 1538 2254 Christus
1583 2199 1796 2255 habitat
1836 2200 1890 2254 in
1916 2201 2086 2256 cordi-

506 2293 624 2348 bus.
655 2291 811 2345 Aliud
837 2305 942 2344 non
973 2298 1055 2344 est
1086 2287 1514 2344 fundamentum.
1544 2287 1669 2346 Hrec
1697 2300 1876 2347 autem
1915 2291 2085 2347 nemi~

506 2396 629 2437 nem
661 2381 839 2451 perire
861 2380 1008 2435 sinit.

577 2473 740 2527 Vsus.
773 2472 857 2527 1‘2.
885 2502 956 2512 —
981 2468 1041 2526 Si
1075 2471 1192 2543 quis
1217 2478 1412 2524 autem.
1447 2469 1506 2526 In
1536 2485 1687 2537 auro,
1731 2479 1981 2542 argento,
2006 2470 2086 2524 la-

490 2571 720 2643 .pidibus
757 2569 1012 2640 pretiosis
1047 2567 1304 2639 praeclara
1343 2566 1588 2622 doctrina
1631 2567 1999 2638 signiﬁcatur,
2030 2565 2084 2620 in

507 2667 680 2721 tribus
731 2662 850 2718 aliis
886 2678 1025 2717 vana
1078 2661 1319 2716 doctrina
1371 2661 1613 2729 signatur
1638 2697 1654 2724 ,
1704 2673 1824 2728 qua:
1851 2657 1896 2712 si
1926 2657 2085 2712 modo

505 2757 646 2812 fallit
673 2756 774 2822 ,--in
802 2756 926 2825 igne
952 2752 1234 2822 apparebit
1262 2768 1274 2804 :
1305 2750 1433 2818 quia
1468 2748 1681 2803 ardebit
1704 2749 1844 2802 bona
1872 2762 2086 2818 perma-

506 2856 692 2913 nente,
720 2853 773 2900 et
793 2845 897 2898 erit
931 2842 981 2898 ei
1011 2844 1196 2906 bonae,
1224 2840 1434 2895 scilicet
1455 2838 1718 2893 doctrinae
1740 2851 1950 2892 merces
1973 2838 2086 2890 vita

509 2943 731 2992 aeterna.
775 2933 964 3003 Ligna,
1005 2931 1202 3000 fenum,
1237 2927 1504 2999 stipulam.
1543 2926 1659 2980 Non
1695 2927 1812 2980 haec
1839 2927 1904 2980 de
1933 2926 2088 2980 malis

509 3025 762 3094 operibus
787 3020 1102 3091 accipienda
1147 3026 1273 3072 sunt
1317 3016 1475 3087 quasi
1517 3014 1652 3071 ﬁdes
1682 3014 1799 3070 sine
1829 3013 2086 3085 cperibus

510 3116 698 3179 salvet,
725 3111 868 3184 quod
899 3125 1003 3165 non
1031 3117 1133 3164 est.
1915 3150 1922 3157 κ

580 3205 764 3277 (Auc.,
785 3205 840 3258 in
860 3202 996 3274 psal.
1011 3201 1164 3272 xxx.)
1192 3198 1307 3255 Non
1338 3197 1438 3254 sibi
1463 3197 1780 3268 polliceatur
1801 3194 2084 3265 quisquam

507 3297 712 3353 habens
738 3294 943 3350 nefaria
965 3305 1127 3362 opera
1156 3304 1380 3360 regnum
1409 3288 1522 3355 Dei,
1551 3297 1682 3353 etc.,
1703 3302 1864 3358 usque
1877 3285 1945 3339 ad
1959 3299 2086 3354 pec-

509 3397 631 3444 cata
659 3385 882 3442 minima
903 3391 1064 3440 atoue
1096 3381 1400 3446 levissima,
1429 3395 1548 3449 quae
1581 3379 1719 3450 ignis
1766 3376 1924 3433 facile
1955 3389 2085 3431 cono

541 3486 707 3534 umat.

541 3496 707 3534 umat.

510 3496 536 3535 s
580 3564 746 3618 Vsus.
783 3562 866 3617 15.
898 3592 970 3602 -——
989 3561 1114 3615 Dies
1139 3561 1298 3615 enim.
1325 3557 1449 3623 Hic,
1482 3557 1596 3612 dies
1624 3555 1963 3612 esthominis
1989 3570 2089 3624 pro

509 3662 649 3710 nutu
681 3666 778 3708 suo
798 3649 1029 3720 agentis,
1055 3650 1149 3704 sed
1179 3649 1234 3703 in
1255 3646 1462 3717 judicio
1490 3646 1573 3700 vel
1602 3654 1776 3699 morte
1806 3643 2086 3714 cujusque,

510 3745 628 3800 dies
651 3750 736 3798 est
762 3740 975 3797 Domini
1003 3741 1298 3795 secundum
1328 3738 1519 3792 merita
1552 3735 1868 3806 iudicantis,
1895 3735 2003 3791 imo
2033 3743 2089 3790 et

512 3835 604 3894 hic
625 3833 883 3902 judicium
910 3831 1098 3901 incipit
1131 3845 1162 3884 a
1185 3830 1344 3886 domo
1367 3828 1497 3894 Dei,
1525 3828 1578 3882 id
1615 3835 1727 3893 est,
1758 3842 1788 3881 a
1817 3825 2088 3882 salvandis

515 3923 706 3994 incipit
738 3906 921 3995 pmna,
944 3937 1063 3992 qua:
1090 3919 1555 3976 consummabitur
1588 3917 1640 3971 in
1670 3916 1932 3987 reprobis.
1961 3914 2086 3970 ideo

515 4015 658 4071 enim
684 4014 978 4084 puniuntur
1004 4011 1182 4075 electi,
1206 4019 1263 4064 ut
1297 4008 1369 4064 ibi
1406 4024 1512 4064 non
1541 4007 1855 4079 puniantur.
1887 4006 1945 4060 In
1979 4019 2085 4074 quo

513 4107 602 4163 die
627 4115 712 4162 est
755 4106 894 4178 ignis
942 4104 1299 4161 tribulationis
1347 4118 1453 4173 quo
1499 4102 1674 4156 uritur
1702 4115 1855 4154 amor
1905 4113 2084 4154 rerum

511 4195 911 4266 temporalium,
943 4196 1068 4249 dum
1100 4193 1488 4249 contristantur
1509 4192 1572 4247 de
1610 4190 1845 4254 amissis,
1873 4189 2012 4244 unde
2032 4196 2086 4244 et

509 4286 710 4342 dicitur
747 4303 763 4339 :
815 4283 1223 4338 Tribulationem
1268 4283 1440 4336 carnis
1470 4281 1725 4335 habebunt
1756 4279 2081 4349 hujusmodi.

510 4377 658 4448 ignis
685 4390 816 4430 vero
849 4373 1076 4428 extremi
1113 4372 1301 4441 judicii
1347 4381 1454 4426 tam
1486 4372 1575 4426 diu
1611 4371 1848 4437 durabit,
1889 4386 2085 4441 quous-

514 4482 620 4538 que
655 4463 864 4535 purgati
893 4463 1001 4518 sint
1030 4462 1121 4532 qui
1160 4461 1399 4517 salvandi
1427 4470 1604 4516 erunt.
1644 4460 1792 4531 Ignis
1819 4460 2078 4532 probabit.

512 4557 658 4612 Duos
694 4556 847 4626 ignes
888 4553 1096 4608 futuros
1136 4551 1384 4623 legimus.
1423 4549 1600 4606 Unum
1640 4558 1931 4614 mternum,
1976 4565 2083 4621 quo

513 4645 840 4703 aeternaliter
854 4645 1143 4716 punientur
1165 4641 1394 4713 reprobi,
1414 4642 1503 4712 qui
1533 4649 1788 4712 sequetur
1797 4640 2080 4711 judicium.

512 4740 754 4794 Alterum
799 4737 888 4808 qui
942 4736 1239 4806 prmcedet,
1271 4750 1376 4805 quo
1412 4742 1668 4789 exurctur
1699 4733 1865 4788 facies
1898 4732 2084 4787 mundi

512 4831 692 4902 hujus,
719 4829 808 4900 qui
835 4827 1141 4883 emendabit
1168 4841 1261 4881 eos
1305 4825 1393 4894 qui
1431 4823 1993 4894 superaediﬁcaverunt
2023 4821 2087 4875 li-

514 4935 704 4993 gnum,
737 4919 951 4983 fenum,
985 4916 1256 4988 stipulam.
1291 4915 1390 4982 Qui
1427 4923 1605 4969 autem
1644 4927 1870 4976 aurum,
1899 4926 2086 4982 argen-

516 5024 658 5079 tum,
682 5011 887 5082 lapides
915 5011 1182 5079 pretiosos
1219 5009 1284 5064 de
1317 5016 1545 5075 utroque
1581 5007 1701 5077 igne
1739 5006 1912 5060 securi
1939 5013 2084 5059 sunt.

585 5103 750 5158 Vsus.
786 5101 957 5154 14.—
974 5100 1281 5152 Mercedem.
1309 5097 1423 5152 Non
1452 5097 1624 5150 solum
1642 5105 1766 5166 post
1789 5094 1968 5160 ﬁnem,
1993 5094 2087 5150 sed

515 5205 571 5249 et
593 5196 647 5248 in
670 5195 771 5248 hac
795 5192 905 5244 vita
923 5189 1086 5244 habet
1115 5189 1356 5258 requiem
1387 5203 1498 5243 suae
1525 5187 1717 5241 animae
1745 5191 2091 5239 contemnen-

525 5289 594 5341 tis
616 5288 818 5341 omnia.

591 5376 753 5430 Vizns.
787 5376 871 5431 16.
898 5407 968 5417 —
991 5375 1220 5430 Nescitis
1240 5417 1253 5439 ,
1298 5383 1402 5431 etc.
1445 5373 1560 5428 lloc
1588 5372 1846 5443 prtemisit
1874 5381 1933 5426 ut
1969 5371 2090 5426 illos

521 5475 875 5538 eompungat,
905 5467 997 5535 qui
1028 5466 1256 5536 turpiter
1283 5466 1521 5520 viventes
1563 5477 1791 5533 corpora
1833 5477 1929 5516 sua
1974 5462 2090 5515 vio-

523 5559 666 5625 lant;
699 5558 932 5612 maxime
972 5558 1058 5611 ille
1097 5557 1186 5626 qui
1247 5557 1466 5611 uxorem
1528 5555 1698 5625 patris
1747 5554 1928 5609 habet.
1989 5551 2086 5606 Hic

523 5651 632 5722 agit
657 5650 723 5705 de
746 5649 1101 5704 structoribus
1121 5663 1280 5717 super
1304 5646 1729 5701 fundamentum.

521 5755 524 5760 ·
593 5739 757 5794 Vnus.
791 5738 875 5793 17.
903 5768 970 5779 —
998 5737 1058 5794 Si
1083 5739 1196 5807 quis
1222 5747 1415 5791 autem.
1443 5735 1546 5790 Iste
1564 5735 1743 5790 salvus
1759 5747 1858 5804 per
1879 5731 2080 5802 ignem,

2176 1919 2297 1975 sint
2323 1921 2576 1990 templum
2601 1922 2738 1990 ejus,
2767 1922 2926 1993 idque
2953 1924 3004 1978 in
3047 1912 3451 1994 proﬁcientibus
3500 1937 3559 1982 et
3597 1929 3778 1998 proﬁ-

2200 2010 2392 2066 ciendo
2416 2013 2890 2081 perseverantibus
2914 2013 3150 2082 perﬁcit.

2259 2100 2391 2174 (ln.)
2417 2101 2532 2158 Sed
2558 2103 2762 2159 diceret
2785 2103 2980 2173 aliquis
3016 2123 3028 2159 :
3063 2098 3366 2174 Aniequam
3397 2105 3602 2163 faceret
3623 2109 3774 2165 Deus

2188 2193 2383 2249 omium
2408 2201 2460 2249 et
2481 2203 2704 2260 terram,
2735 2203 3046 2266 antequam,
3074 2204 3204 2264 etc.,
3253 2215 3419 2270 usque
3452 2200 3522 2253 ad
3565 2200 3775 2257 beatis-

2187 2283 2313 2339 simi
2352 2292 2532 2340 autem
2563 2293 2688 2340 sunt
2713 2284 2806 2352 illi,
2833 2286 3027 2355 quibus
3056 2287 3159 2342 hoc
3197 2295 3281 2342 est
3324 2287 3492 2343 Deum
3558 2290 3773 2346 habere

2191 2370 2333 2440 quod
2356 2386 2537 2427 nosse.

2262 2460 2533 2531 Sapientia
2559 2465 2695 2516 enim
2719 2464 2879 2535 hujus
2908 2467 3110 2534 mundi,
3137 2475 3242 2523 etc.
3274 2468 3493 2540 (Alam)
3524 2470 3770 2527 Abusive

2143 2546 2148 2550 ’
2187 2550 2408 2623 ponitur
2427 2553 2687 2623 sapientia
2716 2570 2812 2623 pro
2847 2557 3065 2611 astutia.

2261 2641 2425 2699 Vens.
2458 2644 2546 2700 ‘21.
2572 2647 2852 2714 --Nemo,
2884 2656 2990 2704 etc.
3032 2650 3287 2721 Baptistis
3311 2651 3396 2707 vel
3423 2653 3764 2713 doctoribus.

2193 2732 2382 2788 Nemo.
2418 2733 2553 2801 Quia
2582 2738 2751 2792 vestri
2775 2747 2896 2794 sunt
2929 2740 3027 2808 ipsi
3054 2758 3069 2806 ;
3100 2742 3226 2812 quia
3257 2741 3507 2798 universa
3537 2755 3669 2800 sunt
3700 2748 3768 2802 ad

2181 2827 2530 2883 serviendum
2564 2829 2719 2885 vobis
2746 2831 2870 2886 data
2889 2872 2905 2896 ,
2945 2840 3000 2886 et
3036 2848 3142 2888 non
3171 2841 3250 2888 est
3278 2834 3639 2902 gloriandum,
3665 2836 3771 2894 nisi

2192 2917 2257 2972 de
2281 2917 2441 2973 rebus
2471 2918 2954 2974 excellentioribus.
3009 2920 3076 2975 In
3119 2921 3434 2976 hominibus.
3477 2923 3616 2991 Quia
3659 2942 3766 2981 non

2192 3015 2318 3061 sunt
2340 3007 2559 3062 datores
2587 3008 2910 3078 gratiarum,
2937 3010 3048 3065 sive
3076 3011 3201 3066 boni
3223 3013 3338 3067 sive
3364 3012 3491 3069 mali
3513 3015 3647 3081 sint,
3675 3018 3768 3071 sed

2195 3103 2404 3151 tantum
2429 3097 2686 3153 ministri.
2743 3158 2754 3165 ,

2113 3173 2158 3235 C
2233 3185 2396 3239 Vnus.
2410 3185 2578 3240 21—
2592 3185 2782 3242 Omnia
2797 3191 2954 3245 enim.
2971 3189 3221 3263 Singulos
3237 3207 3342 3248 non
3356 3192 3458 3249 sibi
3471 3195 3537 3250 de
3548 3194 3770 3250 tendant

2198 3275 2448 3332 doctores
2478 3278 2564 3334 vel
2603 3281 2888 3350 baptistas,
2921 3297 3042 3337 cum
3075 3284 3324 3339 omnibus
3347 3293 3592 3340 utantur.
3624 3288 3766 3342 Mun-

2192 3366 2294 3421 dus
2323 3375 2408 3422 est
2433 3375 2618 3424 noster
2644 3371 2690 3424 si
2727 3386 2919 3427 cursus
2947 3372 3064 3442 ejus
3087 3374 3140 3428 in
3172 3373 3268 3428 Dei
3316 3376 3596 3432 voluntate
3615 3379 3768 3448 poni-

2189 3472 2330 3512 mus.
2362 3457 2485 3512 Vita
2509 3475 2776 3530 praesens,
2804 3471 3016 3530 nostra,
3071 3465 3116 3520 si
3142 3466 3384 3522 modeste
3408 3475 3618 3523 etcum
3655 3468 3767 3537 glo-

2190 3547 2270 3602 ria
2298 3547 2394 3603 Dei
2447 3550 2646 3619 agitur.
2696 3551 2840 3608 Mors
2878 3563 3059 3610 nostra
3086 3562 3188 3620 est,
3241 3556 3288 3610 si
3336 3571 3430 3626 spe
3476 3556 3648 3612 futuri
3705 3559 3764 3612 li-

2177 3639 2377 3696 benter
2399 3656 2498 3711 pro
2525 3641 2750 3699 Christo
2774 3644 3057 3700 morimur.
3088 3644 3383 3701 Prtesentia
3403 3655 3530 3702 sunt
3560 3656 3762 3714 nostra,

2189 3733 2347 3788 sisic
2396 3734 2600 3788 utimur
2646 3734 2746 3800 eis,
2802 3749 2872 3790 ne
2933 3735 3286 3792 offendamus.
3310 3737 3548 3802 Futura,
3611 3739 3656 3793 si
3702 3753 3762 3792 ea

2192 3823 2476 3879 credentes
2499 3825 2670 3896 magis
2700 3833 2968 3894 optamus.

2262 3912 2381 3968 Sive
2434 3915 2573 3978 vita,
2625 3925 2732 3970 etc.
2785 3915 2854 3970 Et
2899 3915 3008 3970 vita
3059 3924 3117 3972 et
3161 3931 3307 3972 mors
3357 3917 3643 3973 doctorum
3698 3917 3760 3970 ad

2183 4003 2597 4060 aediﬁcationem
2642 4005 2873 4061 subditis
2917 4021 3037 4061 esse
3074 4007 3287 4061 debent.
3318 4006 3416 4062 Vel
3451 4021 3549 4077 per
3575 4007 3758 4068 vitam.

2184 4102 2402 4149 sanctos
2456 4094 2703 4149 homines
2755 4102 2812 4149 et
2864 4094 3080 4165 angelos
3114 4097 3297 4165 accipe
3346 4112 3360 4148 :
3410 4095 3505 4165 qui
3545 4096 3759 4150 student

2150 4238 2153 4242 .
2182 4184 2450 4255 profectui
2481 4186 2742 4252 ﬁdelium,
2781 4201 2882 4256 per
2918 4193 3171 4251 mortem,
3213 4185 3486 4241 diabolum
3515 4196 3572 4241 et
3599 4201 3758 4241 mem-

2182 4272 2280 4326 bra
2309 4271 2445 4341 ejus,
2478 4274 2570 4344 qui
2604 4275 2729 4330 dum
2775 4282 3191 4345 persequuntur,
3222 4274 3442 4330 utilitati
3482 4290 3757 4332 servorum

2184 4363 2280 4418 Dei
2309 4364 2627 4420 inserviunt.

2258 4456 2423 4512 Vens.
2481 4455 2570 4511 2'5.
2619 4485 2692 4496 —
2728 4455 2829 4511 Vos
2851 4467 3023 4512 autem
3053 4455 3270 4533 Christi.
3331 4455 3403 4512 Ut
3458 4457 3606 4512 sicut
3654 4459 3754 4513 hac

2189 4549 2364 4613 nobis,
2390 4549 2461 4604 ita
2490 4565 2590 4605 nos
2637 4548 2856 4604 Christo
2905 4549 3277 4618 subjiciamur.
3317 4546 3563 4603 Christus
3595 4560 3754 4604 autem

2189 4639 2308 4696 Dei.
2349 4639 2608 4709 Proprius
2652 4641 2820 4696 Filius
2863 4640 2980 4709 ejus
3025 4639 3354 4694 voluntatem
3388 4637 3510 4708 ejus
3539 4639 3751 4701 faciens,

2189 4737 2249 4783 ut
2300 4737 2355 4783 et
2401 4745 2497 4785 nos
2547 4729 2808 4784 faciamus
2855 4729 3041 4800 ipsius.
3082 4727 3191 4782 Cur
3231 4743 3360 4796 ergo
3393 4729 3462 4783 ad
3512 4729 3752 4801 injuriam

2189 4816 2392 4873 Christi
2427 4819 2492 4873 de
2520 4816 2826 4874 hominibus
2853 4816 3055 4888 aliquid
3086 4818 3363 4889 speratis?

2796 4949 3022 5007 CAPUT
3051 4949 3140 5006 IV.

2260 5094 2424 5150 Vens.
2457 5093 2507 5146 1.
2544 5119 2614 5131 —-
2655 5087 2740 5144 Sic
2757 5046 2880 5142 τως.
2911 5086 3184 5143 Hactenus
3215 5087 3282 5142 de
3303 5085 3477 5157 gloria
3512 5087 3743 5158 pseudo:

2191 5185 2281 5241 hic
2309 5183 2375 5238 de
2403 5196 2500 5237 suo
2523 5187 2833 5247 contemptu
2866 5178 2994 5247 agit.
3041 5177 3131 5232 Sic
3189 5194 3304 5231 nos.
3359 5177 3477 5233 Hoc
3530 5179 3652 5234 ideo
3684 5178 3743 5231 ait

2192 5271 2510 5344 Apostolus,
2551 5269 2677 5338 quia
2719 5266 2786 5320 de
2818 5280 2882 5321 eo
2925 5267 3104 5321 minus
3153 5266 3488 5331 sentiebant;
3544 5266 3638 5322 sed
3679 5266 3742 5320 sic

2192 5365 2355 5419 homo
2387 5361 2604 5425 sentiat,
2635 5367 2693 5412 ut
2721 5359 2861 5413 Deus
2881 5357 2973 5428 qui
2998 5371 3120 5411 eum
3144 5355 3319 5426 elegit.

2265 5453 2332 5507 Et
2358 5453 2754 5522 dispensatores.
2821 5449 3004 5521 (Αυα.)
3057 5447 3170 5503 Non
3229 5445 3401 5502 solum
3445 5447 3602 5511 boni,
3659 5444 3739 5501 sed

2190 5547 2352 5603 etiam
2375 5543 2502 5599 mali
2533 5533 2932 5612 dispensatores
2962 5547 3110 5600 sunt.
3145 5547 3279 5602 etc.,
3337 5553 3504 5607 usque
3560 5537 3630 5592 ad
3671 5543 3749 5589 est

2190 5639 2334 5693 illius
2354 5650 2472 5691 esse
2505 5633 2841 5722 participem.
3707 5712 3718 5722 '

2259 5729 2422 5786 Vsus.
2460 5727 2514 5782 2.
2541 5719 2608 5768 4—
2634 5723 2736 5786 Ilic
2759 5725 2878 5796 jam
2902 5723 3175 5796 quteritur.
3200 5721 3278 5776 lta
3300 5721 3367 5777 de
3406 5719 3560 5775 nobis
3618 5719 3740 5774 aesti-
