3958 6314
212 373 312 432 525

1064 348 1346 422 ἐιοεεΑ
1379 363 1770 420 ORDlNARlA.
1810 391 1878 401 —
1914 361 2130 417 EPIST.
2170 362 2192 416 ι
2228 363 2320 416 AD
2356 363 2512 419 con.

3317 367 3420 423 526

212 445 473 546 manium,
501 475 598 532 sed
629 475 718 531 hic
740 471 888 531 inter
917 491 1013 532 vos
1035 477 1179 547 quod
1200 492 1310 533 non
1333 476 1482 532 alibi.
1516 475 1641 530 1am
1697 475 1749 528 in
1779 477 1828 536 Α
1853 480 1956 540 εει,
1985 488 2049 527 ac
2069 473 2114 528 si
2144 473 2387 530 diceret:
2416 474 2533 530 Non
2554 483 2636 530 est
2663 473 2760 530 ita.
2787 473 3072 532 lrascentis
3099 477 3241 534 enim
3266 479 3428 537 verba

210 568 448 650 prmsetiti
475 581 596 622 cum
621 565 1040 637 exspectandum
1076 577 1240 633 esset,
1263 568 1434 622 donec
1453 564 1596 624 Deus
1611 565 1756 637 judi-

211 669 310 720 cet.
734 674 736 676 '
1417 673 1431 687 ‘

276 736 432 804 Vsus.
460 746 509 801 '5.
541 776 612 786 -—
635 746 908 815 Mapsum.
939 746 1241 801 Periculum
1263 756 1352 804 est
1371 748 1523 804 vobis
1535 749 1758 818 deigno—

211 843 276 897 tis
314 837 484 895 cordis
529 837 635 891 mei
683 833 768 891 vel
812 837 1038 892 aliorum
1069 836 1329 907 judicare.
1384 838 1553 895 Tanta
1607 839 1756 894 enim

209 931 529 1004 profunditas
551 929 818 986 credenda
838 938 924 985 est
959 931 1150 986 essein
1176 930 1394 986 homine
1432 945 1550 1000 quae
1592 929 1760 984 lateat

206 1023 359 1078 etiam
380 1019 554 1089 ipsum
578 1017 924 1073 hominemin
949 1032 1054 1086 quo
1078 1027 1180 1084 est,
1228 1026 1289 1071 ut
1339 1019 1394 1072 in
1436 1017 1594 1072 Petro
1634 1033 1758 1087 pro-

207 1113 428 1169 funditas
445 1110 772 1166 infirmitatis
811 1109 1031 1174 latebat,
1056 1125 1178 1164 cum
1195 1124 1255 1164 se
1278 1108 1506 1166 Domino
1519 1122 1758 1163 commo-

207 1206 423 1260 riturum
450 1212 653 1258 temere
677 1201 1044 1272 promittebat.
1095 1200 1229 1254 Cum
1259 1214 1387 1270 ergo
1431 1197 1657 1268 quisque
1691 1199 1757 1254 de

199 1310 259 1351 se
281 1302 369 1349 aut
390 1309 498 1349 non
522 1294 745 1349 omnino
768 1299 862 1347 aut
887 1292 978 1346 vix
1027 1283 1198 1362 possit
1223 1306 1406 1346 veram
1449 1290 1591 1346 ferre
1631 1306 1757 1346 sen-

203 1385 430 1448 tentiam,
460 1383 733 1455 quomodo
759 1391 936 1454 potest
961 1382 1028 1437 de
1054 1380 1440 1450 aliojudicare,
1456 1397 1579 1436 cum
1599 1395 1758 1436 nemo

198 1480 328 1534 sciat
345 1477 475 1547 quid
509 1484 699 1548 agatur
732 1476 790 1531 in
829 1477 1065 1540 homine,
1111 1474 1212 1530 nisi
1239 1474 1461 1544 spiritus
1486 1471 1758 1534 hominis?

197 1569 270 1624 Ab
320 1569 568 1632 humano.
624 1568 681 1623 ld
725 1575 807 1622 est
829 1567 916 1625 ,λιι
971 1566 1310 1631 hominibus,
1363 1566 1489 1621 dum
1525 1574 1652 1621 sunt
1696 1566 1758 1620 in

199 1673 291 1714 suo
317 1658 432 1723 die,
465 1665 525 1712 et
555 1672 663 1713 non
689 1666 774 1712 est
801 1657 916 1712 dies
946 1657 1172 1711 Domini.
1200 1656 1472 1711 Humano.
1510 1656 1646 1723 Quia
1674 1664 1759 1712 est

199 1749 303 1804 dies
325 1747 559 1813 Domini,
587 1763 693 1817 quo
713 1746 976 1815 iudicabit
1008 1747 1222 1818 quando
1263 1749 1630 1818 unusquisque
1659 1763 1758 1817 pro

192 1853 253 1893 se
271 1838 537 1894 rationem
562 1837 773 1904 reddet,
802 1844 858 1894 et
901 1845 1032 1893 tunc
1071 1846 1279 1894 secreta
1323 1839 1562 1895 cordium
1600 1848 1759 1909 pate-

195 1931 338 1987 bunt.

258 2041 412 2098 Vnus.
443 2040 504 2095 4.
533 2019 606 2084 έ-ι-
634 2035 784 2097 Nihil
805 2044 940 2099 enim
966 2045 1200 2098 conscius
1244 2061 1381 2100 sum.
1423 2044 1643 2116 (Antam)
1684 2043 1761 2100 Ne

193 2131 376 2187 dicatis
397 2146 414 2185 :
433 2131 554 2187 Non
575 2135 934 2204 peccavimus.
955 2135 1103 2190 Dixit
1130 2144 1348 2190 sanctus
1375 2135 1575 2191 Paulus
1600 2152 1615 2190 :
1645 2135 1760 2190 Etsi

194 2222 317 2276 nihil
367 2224 506 2276 mihi
525 2226 761 2278 conscius
783 2241 932 2290 sum;
957 2226 1161 2281 addidit
1187 2235 1389 2293 tamen,
1433 2229 1524 2282 sed
1568 2229 1622 2282 in
1663 2229 1760 2282 hoc

183 2311 508 2382 justiﬁcatus
533 2330 637 2367 non
678 2331 815 2370 sum.
860 2316 928 2370 Et
975 2331 1071 2372 vos
1119 2317 1306 2383 etiam,
1357 2317 1404 2372 si
1451 2318 1583 2373 nihil
1628 2321 1761 2374 estis

189 2402 413 2472 conscii,
472 2404 838 2463 confiteamini
875 2415 1061 2465 tamen
1102 2406 1351 2478 Domino,
1387 2422 1456 2506 ne
1509 2409 1636 2482 quid
1687 2409 1761 2468 sit
1824 2461 1837 2469 .

185 2495 326 2562 quod
352 2510 450 2551 vos
479 2504 786 2566 praetereat.

256 2603 416 2660 Vens.
456 2605 507 2660 5.
537 2637 611 2648 —
651 2609 1005 2683 Quoadusque
1049 2614 1218 2670 veniat
1257 2615 1532 2670 Dominus.
1581 2613 1757 2671 Aliter

187 2693 382 2764 injuria
405 2697 578 2768 judici
617 2699 677 2754 fit
705 2717 720 2754 :
750 2702 874 2770 quia
918 2701 1117 2771 judicis
1172 2705 1367 2776 injuria
1413 2714 1498 2762 est
1540 2706 1585 2762 si
1634 2713 1760 2762 ante

181 2783 442 2852 judicium
463 2786 578 2856 ejus
604 2804 636 2843 a
659 2805 816 2847 servo
829 2795 1086 2864 procedat
1104 2795 1388 2851 sententia.
1407 2795 1756 2853 Illuminabit.

187 2869 242 2924 ld
263 2882 347 2928 est
371 2884 560 2943 aperta
604 2876 766 2935 faciet
801 2881 1112 2937 abscondita
1154 2885 1530 2953 tenebrarum,
1574 2885 1628 2942 id
1675 2894 1761 2944 est

183 2971 554 3028 peccatorum.
587 2965 731 3021 Tunc
770 2968 886 3024 laus
929 2973 1026 3025 erit
1058 2975 1352 3045 unicuique.
1398 2975 1542 3032 Bene
1578 2977 1758 3049 agenti

186 3050 268 3105 vel
303 3053 597 3123 cogitanti;
647 3056 736 3112 hic
786 3067 966 3115 autem
1011 3063 1249 3118 nescitur
1305 3065 1426 3135 quis
1469 3068 1541 3122 sit
1598 3068 1757 3125 laude

181 3141 402 3211 dignus.
827 3185 836 3194 .
983 3168 990 3176 ·

252 3251 422 3307 Vsus.
457 3251 509 3307 6.
537 3283 610 3294 —
635 3254 722 3310 Me
749 3265 798 3312 et
835 3259 1042 3330 Apollo.
1086 3260 1348 3333 Proposui
1386 3263 1612 3337 figuram
1655 3285 1756 3340 pro

179 3340 458 3407 omnibus,
488 3351 549 3398 ut
571 3344 642 3399 ab
663 3348 912 3404 omnibus
939 3352 1290 3408 abhorreatur
1314 3355 1452 3410 sicut
1500 3373 1532 3411 a
1576 3361 1751 3416 nobis.

188 3429 289 3496 Ne,
315 3437 450 3499 etc.,
475 3449 632 3501 unus,
656 3443 761 3491 etc.
782 3437 863 3492 Ab
887 3439 996 3505 illo,
1037 3441 1090 3496 id
1119 3451 1203 3497 est
1223 3443 1428 3500 meliori
1455 3461 1617 3516 quam
1641 3449 1755 3517 ille,

186 3525 238 3580 id
260 3535 378 3595 est,
407 3529 563 3600 quasi
591 3531 662 3585 sit
682 3531 818 3587 alius
838 3535 905 3589 ab
931 3535 1022 3590 illo
1039 3537 1132 3606 qui
1158 3538 1336 3594 nullus
1362 3547 1466 3607 est,
1492 3550 1754 3611 quantum

189 3617 257 3672 ad
284 3633 342 3674 se
363 3618 452 3674 vel
487 3631 743 3691 quantum
782 3627 852 3681 ad
873 3626 1252 3684 ministerium.

252 3730 416 3789 Vilis.
452 3731 591 3786 7.—
618 3733 748 3800 Quis
783 3738 919 3792 enim
953 3747 1002 3794 te
1038 3741 1304 3798 discernit.
1332 3743 1378 3799 Δ
1415 3760 1594 3803 massa
1623 3764 1750 3820 per-

185 3818 456 3878 ditorum?
493 3823 682 3880 Nullus
723 3827 827 3882 nisi
867 3829 1024 3886 Deus.
1069 3830 1166 3888 Vel
1201 3833 1251 3888 si
1292 3835 1596 3905 baptizatus
1629 3818 1692 3896 es
1719 3858 1754 3898 a

185 3909 362 3981 Petro,
393 3916 665 3984 quomodo
694 3918 1017 3978 discerneris
1041 3924 1108 3979 ab
1130 3937 1197 3979 eo
1216 3926 1306 3995 qui
1331 3943 1362 3982 a
1386 3927 1587 3985 Paulo?
1611 3931 1756 3988 Nihil

185 3999 272 4056 ille
292 4003 790 4075 habetabaptista,
845 4011 980 4066 nihil
1037 4022 1113 4067 tu.
1161 4013 1256 4069 Vel
1306 4019 1585 4089 redarguit
1634 4024 1754 4081 illos

183 4092 422 4159 eosdem,
490 4095 585 4164 qui
626 4096 995 4167 gloriabantur
1053 4102 1118 4158 de
1169 4105 1480 4175 magisterio
1526 4114 1750 4181 pseudo.

181 4179 343 4253 Quasi
369 4183 551 4239 dicat:
569 4183 830 4243 Gloriaris
855 4204 954 4258 pro
967 4189 1091 4257 illis,
1111 4193 1203 4247 sed
1219 4194 1345 4262 quid
1368 4179 1622 4254 babes—ab
1649 4201 1756 4258 illis

179 4274 320 4341 quod
349 4290 462 4331 non
491 4291 524 4331 a
555 4279 675 4333 me?
693 4287 748 4334 et
775 4279 820 4334 si
849 4295 880 4335 a
905 4296 1010 4348 me,
1045 4284 1173 4353 quid
1210 4295 1398 4343 contra
1429 4305 1514 4346 me
1555 4292 1752 4362 gloria-

182 4361 273 4426 ris,
297 4367 468 4444 quasi
495 4383 604 4423 non
631 4369 770 4424 idem
795 4386 826 4426 a
865 4388 952 4428 me
977 4377 1280 4445 acceperis?

251 4432 391 4517 Quid
411 4464 614 4524 autem,
645 4466 748 4514 etc.
772 4460 930 4518 Aliud
956 4432 1124 4534 genus
1144 4432 1463 4538 arrogantiae
1500 4488 1752 4533 amovere
1778 4465 1830 4524 D

180 4549 430 4611 conatur,
457 4545 669 4602 scilicet
692 4563 760 4605 ne
784 4550 946 4606 homo
981 4554 1252 4623 superbiat
1269 4568 1490 4629 propter
1514 4563 1747 4636 aliquam

180 4633 411 4701 gratiam
439 4651 473 4690 a
503 4637 614 4693 Deo
646 4639 750 4696 sibi
784 4643 987 4710 datam,
1015 4652 1211 4708 putans
1238 4661 1298 4703 se
1318 4663 1440 4706 eam
1475 4633 1676 4710 habere
1717 4672 1749 4712 a

183 4733 240 4774 se
262 4722 348 4777 vel
376 4739 408 4779 a
447 4725 697 4784 ministro
1523 4781 1528 4785 -

215 4841 222 4848 -
252 4811 315 4868 Si
337 4826 516 4872 autem
542 4820 802 4888 accepisti.
835 4821 948 4879 Hoc
975 4824 1314 4886 dicitcontra
1354 4831 1495 4900 illos,
1532 4835 1623 4906 qui
1656 4852 1750 4894 ea~

183 4903 303 4960 dem
348 4923 474 4978 quin
534 4911 602 5000 ab
650 4911 908 4981 Apostolo
969 4918 1270 4988 audientes,
1319 4925 1386 4981 de
1436 4903 1750 5000 magisterio

183 4997 751 5068 pseudoapostolorum
799 5003 1185 5076 gloriabantur,
1211 5013 1303 5080 qui
1350 5030 1447 5084 per
1493 4997 1751 5089 eloquen~

185 5084 309 5140 tiam
333 5089 795 5160 commendantes,
827 5095 1052 5166 gloriam
1081 5099 1136 5154 in
1169 5116 1231 5157 se
1274 5084 1751 5175 vertebant;_cum

184 5173 472 5244 Apostolus
485 5185 936 5254 contemptibilem
949 5204 1007 5244 se
1020 5191 1189 5248 videri
1203 5192 1426 5263 fecerat,
1454 5209 1514 5254 ut
1528 5173 1750 5272 gloriam

185 5263 294 5321 Deo
329 5268 559 5327 faceret.
618 5273 743 5331 Ideo
793 5276 1079 5348 Apostolus
1123 5283 1326 5341 ironice
1371 5288 1454 5344 eis
1494 5263 1748 5362 loquitur,

184 5357 340 5451 quasi
366 5361 668 5420 concedens
699 5369 841 5435 quod
867 5368 946 5425 eis
973 5370 1040 5426 de
1074 5373 1265 5445 seipsis
1301 5357 1598 5451 videbatur,
1629 5357 1753 5440 cum

183 5449 379 5506 subdit.

255 5538 420 5632 Vsus.
456 5545 584 5601 8.-—
610 5548 735 5604 Iam
769 5555 993 5607 saturati
1032 5556 1171 5611 estis.
1215 5555 1379 5624 Quasi
1410 5577 1424 5613 :
1466 5560 1682 5632 inquiro
1722 5581 1753 5621 a

188 5629 356 5698 vobis,
395 5633 531 5701 Quid
556 5639 820 5710 gloriaris,
852 5652 988 5710 etc.;
1018 5647 1112 5702 sed
1141 5663 1246 5703 non
1274 5658 1422 5706 recte
1444 5629 1629 5709 videor
1650 5657 1752 5714 hoc

186 5719 399 5792 facere;
433 5733 554 5800 quia
580 5751 696 5806 vos,
715 5739 834 5807 jam
874 5744 1118 5812 sattirati,
1157 5745 1272 5814 jam
1310 5747 1524 5821 divites,
1576 5752 1748 5813 ironia

1856 573 2002 629 sunt,
2027 579 2136 620 non
2176 564 2562 622 confirmantis.

1928 651 2186 725 Regnetis.
2211 657 2350 712 Vere
2383 672 2610 728 regnare
2656 666 2739 714 est
2787 659 2855 714 de
2899 675 2994 730 spe
3041 670 3094 718 et
3139 664 3423 733 promissis

1855 742 1955 800 Dei
1985 761 2240 802 securum
2265 761 2405 813 esse,
2435 756 2491 802 et
2517 747 2572 802 in
2601 750 2842 806 adversis
2869 754 3120 822 gaudere.

1932 834 2089 891 Vsus.
2111 835 2164 892 9.
2183 864 2261 877 —
2276 834 2414 910 Puto
2433 839 2588 893 enim.
2613 839 2776 906 Quasi
2806 841 2976 897 dicat:
2997 843 3310 903 Nullatenus
3329 865 3428 919 pu-

1857 925 2079 980 tandum
2106 933 2205 980 est.
2237 925 2441 981 lronice
2471 928 2613 982 enim
2651 929 2904 999 loquitur.
2941 933 3072 989 Dico
3112 937 3225 990 sine
3258 939 3425 1004 nobis,

1856 1017 1983 1085 quia
2004 1031 2100 1086 per
2123 1016 2261 1070 mala
2282 1032 2400 1086 quae
2419 1019 2674 1087 patimur,
2694 1020 2835 1075 Deus
2855 1025 3078 1078 ostendit
3103 1042 3196 1080 nos
3215 1038 3427 1099 aposto-

1849 1105 1935 1160 los
1963 1106 2286 1173 novissimos,
2311 1107 2375 1162 de
2393 1109 2589 1178 quibus
2610 1125 2716 1164 non
2738 1119 2976 1177 curetur,
3001 1123 3249 1186 tanquam
3271 1119 3429 1172 morti

1855 1197 2158 1262 destinatos,
2187 1198 2240 1252 id
2272 1207 2355 1254 est
2389 1199 2456 1254 ad
2482 1199 2683 1254 nullam
2720 1201 3026 1270 utilitatem,
3055 1206 3151 1260 sed
3189 1208 3255 1262 ad
3283 1223 3429 1263 mor-

1859 1294 1970 1342 tem
1990 1300 2322 1351 reservatos;
2351 1294 2494 1362 quod
2519 1310 2616 1365 per
2637 1296 2741 1351 hoc
2777 1296 3011 1363 videtur,
3049 1299 3174 1368 quia
3202 1299 3271 1354 ad
3306 1316 3428 1372 spc-

1861 1377 2130 1434 ctaculum
2165 1391 2411 1438 nostrum
2453 1385 2609 1453 quasi
2654 1385 2722 1440 ad
2765 1395 3063 1442 monstrum
3104 1391 3432 1444 conveniunt

1859 1467 2134 1536 homines;
2176 1487 2272 1541 per
2295 1475 2438 1543 quod
2461 1476 2631 1546 magis
2667 1476 2958 1546 probamur
2982 1477 3139 1534 amici
3176 1479 3296 1535 Det.
3327 1479 3429 1533 Vel
3505 1537 3514 1543 _

1861 1553 1982 1610 ideo
2012 1557 2278 1615 deberetis
2299 1562 2581 1618 nobiscum
2608 1578 2854 1635 regnare,
2879 1565 3004 1635 quia
3031 1576 3163 1638 puto
3209 1577 3265 1624 et
3308 1583 3431 1625 cer-

1859 1650 1948 1698 tus
1977 1657 2094 1700 sum
2121 1650 2262 1718 quod
2285 1667 2381 1707 nos
2425 1667 2612 1710 sumus
2647 1653 2854 1710 similes
2885 1655 3194 1715 novissimis
3216 1659 3344 1716 Elite
3372 1671 3429 1718 et

1786 1777 1834 1838 Β
1862 1731 2045 1838 Εηὲοὴ
2075 1735 2134 1790 in
2175 1739 2626 1798 tribulationibus.

1932 1821 2005 1877 Et
2038 1828 2253 1897 angelis.
2279 1829 2412 1886 Boni
2433 1833 2610 1904 angeli
2642 1842 2700 1888 et
2722 1834 2850 1890 li‘oni
2890 1835 3140 1894 homines
3185 1839 3428 1907 laudant,

1859 1911 1987 1967 mali
2023 1914 2287 1975 irrident;
2339 1921 2453 1978 haec
2507 1932 2636 1978 sunt
2679 1925 2901 1981 dextera
2943 1935 2999 1982 et
3046 1929 3284 1986 sinistra.
3332 1932 3433 1990 His

1860 2001 2064 2056 utimur
2088 2006 2156 2060 ad
2180 2006 2485 2066 feriendum
2516 2012 2748 2080 hoStem,
2775 2015 2829 2070 id
2859 2025 2948 2071 est
2994 2017 3284 2088 diabolum,
3325 2038 3428 2080 nec

1861 2092 1949 2147 illa
1974 2094 2204 2165 elevant,
2235 2116 2335 2156 nec
2364 2102 2464 2157 ista
2487 2103 2764 2176 frangunt.

1931 2188 2096 2246 Vsus.
2142 2190 2229 2246 10.
2277 2223 2347 2232 —
2385 2192 2610 2264 Propter
2657 2194 2943 2252 Christum.
2993 2197 3158 2269 Cujus
3209 2218 3428 2262 crucem

1856 2277 2232 2349 praedicamus,
2260 2284 2404 2355 quod
2431 2297 2527 2340 vos
2549 2291 2809 2354 tacentes,
2835 2289 3092 2347 videmini
3113 2292 3170 2348 in
3211 2293 3430 2354 Christo

1855 2369 2167 2437 prudentes.

1931 2460 2094 2520 VERS.
2125 2464 2207 2522 l5.
2239 2495 2317 2508 --
2346 2465 2614 2543 Tanquam
2641 2483 3000 2546 purgamenta.
3034 2475 3141 2537 Per
3163 2480 3276 2540 haec
3310 2497 3431 2542 om-

1859 2553 1947 2608 nia
1975 2558 2269 2626 probamur
2295 2560 2351 2614 in
2377 2560 2592 2619 Christo
2615 2567 2905 2635 prudentes
2942 2579 2997 2625 et
3022 2570 3211 2629 fortes.

1932 2643 2091 2702 Vens.
2128 2648 2212 2702 ll.
2244 2680 2316 2690 -—-
2353 2650 2477 2707 Non
2498 2663 2554 2708 ut
2578 2656 2898 2726 confundam
2921 2678 3026 2718 vos.
3049 2663 3257 2736 Aspera
3280 2669 3429 2728 blano

1859 2735 1942 2791 dis
1975 2739 2208 2811 mitigat,
2237 2751 2298 2797 ut
2333 2745 2584 2804 salutaris
2603 2751 2864 2807 medicus.

1931 2828 2094 2885 Vens.
2122 2832 2208 2887 15.
2238 2864 2310 2874 -
2334 2833 2772 2910 Pwdagogorum.
2814 2843 2950 2899 Dum
2983 2847 3301 2923 pedagogos
3332 2871 3430 2911 no-

1857 2916 2049 2986 minat,
2097 2936 2294 2991 pueros
2335 2924 2621 2996 signiﬁcat.
2657 2928 2763 2985 Per
2799 2916 3162 3006 Ευακςειειιηιῖ
3205 2916 3433 3002 λιιάίάίι

1851 3023 1950 3077 per
1973 3008 2334 3080 Evangelium,
2363 3030 2430 3072 ne
2457 3016 2624 3086 ipsius
2667 3029 2951 3090 putaretur
2991 3039 3112 3083 esse
3147 3031 3290 3101 quod
3334 3033 3433 3089 Dei

1783 3125 1828 3186 Ο
1857 3103 1961 3150 εει.
1991 3097 2084 3186 hit
2105 3102 2247 3156 enim
2272 3101 2531 3161 Dominus
2563 3108 2620 3162 in
2666 3109 2955 3182 Evangelia
2981 3131 2996 3168 :
3047 3116 3131 3172 Ne
3163 3097 3310 3177 nobis
3347 3124 3431 3178 di.

1856 3187 1986 3240 catis
2001 3185 2283 3248 Patremin
2308 3203 2468 3262 term,
2485 3212 2620 3252 unus
2635 3209 2709 3253 est
2722 3203 2859 3256 enim
2876 3202 3040 3260 Pater
3058 3206 3197 3264 Deus
3212 3211 3426 3283 (Matth.

1856 3277 2015 3346 nm)
2041 3295 2056 3346 ;
2087 3295 2194 3336 non
2220 3291 2280 3338 ut
2301 3284 2404 3341 hoc
2443 3301 2655 3361 nomen,
2673 3293 2881 3347 caeteris
2930 3293 3168 3366 tollatur,
3357 3321 3430 3362 ne

1855 3370 2028 3438 gratia
2049 3371 2145 3428 Dei
2175 3388 2280 3444 qua
2303 3376 2359 3430 in
2380 3384 2640 3435 aeternam
2669 3380 2834 3436 vitam
2853 3399 3196 3455 generamur,
3220 3403 3430 3453 natura:

1854 3460 1937 3514 vel
1967 3465 2239 3532 potestati,
2271 3466 2357 3523 vel
2381 3469 2544 3525 etiam
2572 3471 2850 3536 sanctitati
2894 3474 3210 3550 cujusquam
3253 3483 3430 3544 homi-

1855 3549 1940 3605 nis
1966 3552 2252 3608 tribuatur.

1927 3641 2090 3696 Vsns.
2116 3642 2202 3698 19.
2226 3673 2298 3684 —-
2329 3644 2393 3701 Si
2418 3645 2674 3705 Dominus
2719 3651 2962 3709 coluerit.
3011 3653 3136 3714 Ideo
3176 3659 3325 3729 dicit,
3367 3672 3430 3720 ut

1851 3733 2180 3802 ostenderet,
2205 3738 2348 3806 quod
2377 3739 2553 3796 sinon
2599 3741 2726 3811 iret,
2766 3743 2937 3802 Deum
2977 3749 3235 3822 noluisse,
3265 3771 3429 3816 causa

1851 3826 2036 3895 utique
2057 3827 2394 3899 indignitatis
2433 3832 2668 3890 illorum.

1923 3917 2083 3973 Vsus.
2117 3918 2204 3974 20.
2231 3951 2300 3962 —-
2319 3921 2389 3976 In
2412 3925 2616 3980 virtute.
2665 3923 2912 3987 Terroris
2934 3936 3096 3990 verba
3124 3937 3306 4008 infert,
3365 3952 3428 3998 ut

1851 4004 2021 4060 inﬂati
2053 4008 2487 4077 humiliarentur,
2513 4021 2569 4068 et
2591 4029 2651 4069 se
2675 4030 3043 4086 praepararent
3071 4025 3138 4079 ad
3161 4004 3429 4100 recipien-

1852 4095 1978 4149 dum
2008 4110 2151 4150 eum.
2181 4096 2338 4153 Absit
2365 4109 2566 4167 autem,
2596 4112 2656 4157 ut
2699 4106 2772 4174 pii
2799 4107 2893 4163 lilii
2925 4110 3166 4169 dicerent
3195 4135 3207 4170 :
3260 4095 3316 4173 Si
3368 4121 3426 4176 in

1851 4184 2003 4253 virga
2055 4195 2312 4243 venturus
2341 4205 2420 4257 es,
2467 4191 2575 4248 noli
2640 4196 2846 4252 venire.
2907 4199 3097 4258 Melius
3147 4206 3290 4269 enim
3338 4218 3424 4267 est

1849 4276 2050 4332 erudiri
2081 4277 2136 4332 in
2166 4279 2314 4349 virga
2343 4281 2534 4351 patris,
2560 4299 2722 4353 quam
2745 4289 2925 4358 perire
2963 4291 3018 4347 in
3058 4293 3427 4359 blandimento

1850 4369 2134 4437 pmdonis.

2469 4483 2698 4543 CAPUT
2735 4487 2800 4543 V.

1926 4627 2090 4722 Vsus.
2127 4632 2177 4686 l.
2207 4663 2278 4673 ——
2297 4633 2524 4692 Omnino
2545 4641 2778 4697 auditur.
2817 4643 3006 4718 incipit
3029 4664 3190 4722 agere
3219 4655 3284 4710 de
3308 4656 3423 4714 for-

1856 4717 2146 4787 nicatione,
2175 4729 2230 4774 et
2252 4723 2525 4794 redarguit
2543 4727 2693 4784 illum
2736 4717 3117 4794 fornicatoreni
3160 4744 3251 4812 qui
3285 4761 3422 4803 uxo-

1855 4826 1971 4867 rem
1989 4814 2160 4884 patris
2181 4817 2418 4885 tenebat,
2446 4827 2500 4874 et
2520 4834 2615 4877 eos
2639 4823 2730 4893 qui
2750 4839 2874 4881 eum
2902 4828 3226 4891 tolerabant.
3249 4837 3419 4896 Erant

1855 4903 1998 4958 enim
2028 4912 2085 4959 et
2104 4904 2201 4974 ipsi
2250 4910 2679 4981 comparlicipes,
2728 4914 2854 4970 dum
2904 4927 3218 4988 paterentur
3260 4945 3416 4986 reum

1857 5001 1966 5049 tam
1993 4997 2224 5067 ingentis
2249 4999 2453 5067 peccati
2482 5015 2662 5057 secum
2695 5005 3059 5079 incorreptum
3103 5021 3414 5078 convenire.

1855 5081 1972 5139 Non
1992 5084 2163 5140 solum
2187 5101 2314 5158 ergo
2340 5088 2486 5144 illum
2517 5106 2667 5148 reum
2694 5098 2904 5164 mortis,
2937 5102 3032 5158 sed
3061 5106 3225 5163 etiam
3249 5109 3419 5169 inhae-

1856 5183 2038 5231 rentes
2063 5175 2157 5242 illi,
2184 5193 2290 5233 non
2321 5194 2440 5236 esse
2468 5181 2734 5243 immunes
2761 5202 2791 5242 a
2823 5190 3051 5250 crimine
3085 5197 3421 5260 demonstra-

1854 5265 1950 5319 vit.

1929 5352 2094 5451 Vsns.
2192 5355 2463 5451 —:Inﬂali
2488 5363 2628 5419 estis.
2653 5365 2825 5426 Vento
2847 5373 3110 5442 superbia
3126 5415 3140 5443 ,
3163 5391 3282 5448 quae
3307 5383 3420 5451 pel-

1857 5441 1922 5499 lit
1946 5443 2409 5517 misericordiam;
2438 5453 2563 5522 quia
2584 5455 2629 5510 si
2669 5473 2837 5516 unum
2876 5441 3238 5525 membrorum
3276 5441 3418 5542 pati-

1857 5543 1966 5602 tur,
1994 5539 2389 5608 compatiuntur
2416 5552 2472 5599 et
2505 5554 2717 5605 eietera.

1927 5627 2089 5685 Vsus.
2122 5630 2176 5685 4.
2199 5663 2266 5672 -
2288 5631 2356 5688 1η
2377 5638 2580 5694 nomine
2599 5639 2833 5699 Domini.
2847 5643 2962 5702 Hoc
2985 5648 3415 5721 modojudicavi,

1856 5725 1916 5773 ut
1944 5733 2042 5777 vos
2061 5725 2369 5795 congregati
2400 5725 2455 5783 in
2493 5744 2658 5788 unum
2699 5733 2819 5794 sine
2863 5735 3041 5809 aliqua
3085 5738 3418 5800 dissensione

3035 5917 3074 5940 οι
