3958 6314
506 385 611 444 527

997 387 1386 445 WALAFRID!
1425 384 1671 444 STRABI
1708 386 1913 445 FULD.
1954 385 2071 444 MOI

2189 388 2302 446 iPP.
2341 386 2518 445 PARS
2556 386 2597 444 l.
2638 419 2706 429 —
2739 388 2781 445 Τ
2787 386 3191 448 ιιεοιοθισΑ.

3643 396 3754 454 528

507 498 728 569 (quibus
754 490 870 554 mea
898 488 1194 554 auctoritas
1223 509 1279 555 et
1305 499 1477 556 virtus
1518 497 1721 554 Christi
1767 498 2077 568 cooperabi-
2105 502 2151 563 Α
2180 500 2262 554 dis
2285 501 2581 569 peccabant
2607 500 2891 566 Corinthii,
2916 482 3085 567 velut,
3106 504 3249 573 quod
3270 513 3596 577 contemptts
3618 504 3764 563 ﬁde-‘-

508 588 616 657 tur)
650 588 871 643 tradatis
894 586 1192 656 huiusmodi
1217 589 1448 644 Satanae.

580 676 739 733 Vsus.
773 677 823 732 5.
851 704 920 718 -α-
949 677 1194 745 Tradere,
1219 688 1325 734 etc.
1360 679 1510 735 lianc
1532 686 1854 751 potestatem
1879 677 2079 734 dicitur

505 768 792 841 Apostolus
810 770 1079 836 habuisse,
1108 780 1167 826 ut
1193 772 1319 826 dum
1359 773 1589 844 aliquem
1616 788 1645 828 a
1694 772 1941 828 stultitia”
1966 788 2075 827 non

504 868 687 928 posset
711 875 982 925 amovere,
1018 861 1229 917 diabolo
1281 878 1404 916 eum
1442 864 1742 918 vexandum
1800 862 2070 930 traderet;

503 963 783 1019 quousque
808 950 1180 1020 ptenitentiam
1220 950 1503 1020 proﬁtens,
1535 967 1565 1006 a
1590 953 1729 1007 malo
1759 951 2069 1008 desisteret.

558 1039 642 1094 'Ut
666 1042 880 1111 spiritus
909 1040 1082 1096 salvus
1108 1043 1194 1096 sit.
1228 1042 1319 1097 Sic
1367 1043 1655 1113 Apostolus
1685 1060 1791 1099 non
1837 1043 2070 1100 crudeli-

502 1139 604 1193 ter,
639 1133 734 1186 sed
776 1133 1081 1188 amabiliter
1116 1132 1329 1188 Satanas
1356 1135 1558 1190 tradit.
1614 1136 1706 1192 Sic
1750 1136 1961 1208 Moyses
2014 1138 2070 1194 in

499 1224 739 1276 cultores
768 1222 1029 1276 idolorum
1061 1237 1260 1291 paucos
1282 1223 1494 1293 quidem
1525 1223 1790 1294 judicavit
1818 1226 1891 1279 “in
1932 1241 2070 1295 prte-

500 1327 626 1367 sens
653 1312 880 1375 terrens,
914 1313 965 1365 in
1001 1320 1273 1382 posterum
1302 1313 1636 1384 disciplinam
1681 1316 1948 1371 sanciens.
1976 1316 2069 1372 Sic

499 1413 555 1456 et
585 1402 729 1459 Elias
755 1410 808 1459 et
843 1402 932 1456 alii
957 1403 1080 1458 boni
1107 1418 1122 1457 :
1147 1405 1272 1473 quia
1301 1404 1380 1460 sic
1408 1416 1463 1460 et
1492 1415 1668 1461 metus
1703 1406 1823 1461 aliis
1875 1406 2070 1462 iucuti—
2101 1416 2109 1420 '

498 1504 608 1559 tur,
641 1503 696 1550 et
732 1494 862 1566 ipsis
907 1504 1186 1565 peceatum
1224 1497 1502 1551 minuitur.
1541 1497 1693 1553 Unde
1730 1499 1833 1553 hoc
1881 1496 2066 1554 citem;

497 1587 644 1657 plum
673 1587 803 1643 Elian
842 1603 949 1643 non
1002 1589 1346 1659 reprehendit
1396 1588 1643 1645 Christus
1686 1591 1740 1645 in
1793 1591 2067 1659 discipulis

495 1670 771 1745 suis;'~sed
809 1679 934 1750 quia
959 1679 1165 1735 odio-et
1193 1695 1299 1734 non
1327 1682 1512 1735 amore
1547 1680 1901 1737 correctionis
1922 1680 2069 1737 desi-

496 1770 761 1826 derabaut
787 1771 1077 1828 vindictam
1110 1772 1248 1845 ignis
1275 1773 1329 1828 in
1356 1789 1451 1829 eos
1495 1773 1587 1844 qui
1637 1774 1738 1829 sibi
1774 1774 2065 1844 hOSpitium

2175 590 2321 646 libus
2365 591 2607 648 infideles
2645 591 2856 661 iudices
2902 595 3142 660 adibant,
3186 596 3271 652 vel
3297 597 3489 653 stultos
3525 597 3753 668 iudices

2175 681 2596 746 constituebant,
2636 690 2692 737 et
2735 682 3038 754 litigabant,
3068 692 3124 739 et
3160 684 3501 753 fraudabant,
3553 697 3615 744 et
3650 687 3759 744 alia

2174 770 2475 840 huiusmodi
2512 769 2798 826 faciebam.

2244 858 2408 914 Vsus.
2431 860 2486 914 2.
2506 890 2573 899 —
2589 859 2868 925 Quoniam.
2898 860 3032 928 Quia
3058 864 3303 935 exemplo
3334 866 3455 922 ﬁdei
3503 867 3759 935 illorum,

2173 953 2394 1024 perﬁdia
2407 951 2715 1023 huiusmodi
2740 954 3105 1008 damnabitur.

2240 1042 2406 1098 Vens.
2430 1044 2482 1098 4.
2519 1075 2589 1084 —
2610 1043 2906 1099 Sa'ctrlaria
2938 1046 3101 1116 igitur
3116 1047 3343 1117 judicia.
3368 1046 3503 1116 Quia
3531 1050 3760 1105 dixerat

2169 1132 2456 1204 Apostolus
2476 1148 2569 1189 eos
2592 1148 2749 1203 posse
2766 1134 2834 1189 de
2844 1134 2929 1189 bis
2952 1129 3190 1192 minimis
3203 1137 3466 1207 iudicare,
3488 1141 3764 1195 determi-

2168 1236 2281 1294 nat,
2312 1226 2802 1297 quiadhuiusmodi
2824 1226 3037 1299 negotia
3060 1229 3362 1285 deﬁnienda
3400 1230 3503 1286 sint
3539 1235 3763 1288 consti-

2171 1317 2373 1382 tuendi,
2407 1317 2636 1385 scilicet,
2664 1318 3097 1389 contemptibiles
3123 1316 3219 1389 qui
3244 1329 3370 1375 sunt
3400 1322 3453 1375 in
3472 1320 3760 1378 Ecclesia.

2168 1405 2398 1477 Maiores
2420 1407 2563 1460 enim
2585 1406 2957 1476 spiritualibus
2986 1408 3266 1463 intendere
3292 1409 3503 1463 debent.

2237 1496 2417 1569 (Auc.,
2450 1496 2541 1551 lib.
2570 1497 2635 1551 de
2655 1515 2805 1568 opere
2824 1497 3035 1553 Monac.
3062 1514 3111 1554 c.
3136 1498 3262 1571 20.}
3281 1500 3765 1572 Sapientesigitur

2167 1587 2258 1654 qui
2304 1586 2356 1639 in
2409 1585 2542 1639 locis
2564 1586 3157 1656 consistebantfideles,
3186 1596 3316 1656 etc.,
3356 1604 3525 1659 usque
3562 1591 3642 1643 ad
3674 1589 3765 1644 rei

2165 1676 2569 1732 interveniendo
2588 1678 2959 1746 prmcideudis.

2235 1769 2398 1823 Vens.
2435 1765 2572 1821 5.—
2595 1768 2677 1821 Ad
2701 1769 3080 1823 verecundiam.
3104 1768 3371 1826 Terrenas
3395 1785 3589 1826 causas
3619 1780 3759 1826 en.

495 1875 604 1915 non
640 1862 1015 1932 praebuerunt;
1044 1864 1124 1918 sic
1152 1872 1206 1919 et
1240 1863 1434 1920 Petrus
1468 1864 1523 1918 in
1550 1863 1757 1918 Anania
1787 1872 1843 1919 et
1895 1878 2065 1918 uxore
2091 1863 2138 1923 B
2165 1857 2370 1912 minent
2388 1857 2478 1926 qui
2493 1858 2818 1912 exteriorum
2834 1874 3014 1913 rerum
3031 1860 3348 1929 sapientiam
3367 1870 3759 1930 perceperunt.

495 1951 613 2021 eius
640 1953 944 2009 vindicasse
968 1954 1182 2025 legitur,
1223 1954 1307 2009 vel
1336 1955 1521 2021 tradit,
1547 1962 1603 2009 ut
1628 1954 1859 2025 Spiritus
1903 1964 2063 2010 sanc-

502 2051 593 2097 tus
622 2057 727 2112 quo
749 2044 1100 2099 contaminati
1140 2045 1428 2110 nudantur,
1478 2044 1656 2100 salvus
1685 2045 1755 2100 sit
1808 2045 1907 2111 eis,
1956 2060 2063 2099 non

495 2134 730 2188 amissus
754 2133 810 2188 in
834 2134 920 2189 die
944 2133 1153 2203 iudicii.

564 2221 731 2279 Vens.
755 2222 807 2278 6.
832 2254 899 2264 -—
929 2222 1111 2278 Totam
1135 2242 1379 2281 mussant.
1403 2225 1700 2297 Participes
1731 2230 1904 2289 erant,
1937 2224 2063 2281 dum

492 2322 810 2384 paterentur
834 2329 1002 2369 reum.
1037 2315 1142 2371 Sed
1171 2317 1217 2372 si
1252 2318 1372 2387 quis
1402 2326 1727 2389 patestatem
1749 2333 1856 2373 non
1879 2317 2062 2381 habet,

493 2421 652 2475 quem
677 2406 781 2461 scit
811 2413 959 2460 reutu
990 2407 1243 2477 ahiieere,
1278 2409 1360 2463 vel
1389 2409 1616 2480 probare
1645 2423 1750 2465 non
1779 2408 1940 2473 valet,
1967 2407 2067 2461 im-

493 2498 673 2553 munis
702 2505 802 2554 est.
830 2496 1111 2566 Etiudicis
1135 2516 1239 2557 non
1264 2509 1347 2557 est
1394 2501 1512 2557 sine
1554 2508 1869 2557 accusatore
1916 2501 2066 2556 dam-

493 2607 648 2657 nare,
677 2600 736 2646 ut
764 2607 864 2648 nec
899 2591 1148 2649 Christus
1174 2592 1363 2650 Judam
1389 2595 1603 2666 ahiecit.

564 2685 729 2739 Vsus.
756 2687 812 2741 7.
834 2685 1257 2757 ~-—Consperst'0.
1287 2687 1383 2742 Est
1409 2687 1579 2742 farina
1606 2702 1705 2758 per
1728 2699 1921 2756 aquam
1942 2699 2069 2741 con-

492 2775 753 2846 glutinata
776 2777 893 2831 sine
921 2775 1205 2843 fermento,
1235 2777 1288 2832 id
1306 2787 1434 2844 -est,
1464 2793 1672 2850 azyma.
1707 2776 1830 2831 Vult
1856 2791 1985 2847 ergo
2011 2783 2068 2830 ut

492 2864 584 2921 isti
609 2864 914 2932 sint‘unum,
939 2867 1065 2936 quid
1101 2882 1199 2937 per
1229 2868 1589 2935 dilectionem,
1619 2867 1741 2938 puri
1782 2883 1811 2921 a
1839 2881 2064 2937 corrup-

502 2961 650 3015 tione
680 2961 911 3030 peccati,
953 2975 1149 3015 novum
1196 2961 1468 3016 hominem
1495 2960 1664 3015 induti
1694 2961 1833 3015 sicut
1858 2959 1909 3013 in
1938 2959 2068 3030 bapo

494 3050 655 3107 tismo
677 3060 801 3106 sunt
831 3052 975 3107 facti.
1004 3053 1167 3123 Zyma
1196 3052 1401 3118 Graece,
1436 3052 1758 3109 fermentum
1783 3052 1995 3107 Latine.

556 3133 768 3201 Pascha
799 3145 1094 3201 immolatio
1119 3154 1222 3213 est,
1249 3162 1355 3202 non
1379 3148 1659 3214 transitus,
1685 3147 1823 3203 sicut
1847 3146 2066 3217 quibus-

2162 1946 2263 2013 Qui
2292 1955 2471 2001 autem
2500 1946 2868 2016 spiritualihus
2908 1947 3065 2004 donis
3106 1949 3272 2004 dotali
3312 1957 3470 2013 sunt,
3516 1952 3763 2004 terrenis

2161 2049 2267 2091 non
2291 2036 2485 2091 debent
2520 2036 2751 2107 negotiis
2787 2036 3084 2105 implicari;
3116 2045 3177 2091 ut
3203 2038 3329 2092 dum
3355 2053 3463 2092 non
3486 2048 3767 2109 coguntur

2162 2119 2416 2182 inferiora
2439 2127 2578 2181 bona
2605 2126 2925 2197 disponere,
2955 2127 3167 2182 valeant
3192 2127 3352 2183 bonis
3382 2130 3764 2199 superioribus

2163 2218 2453 2275 deservire.
2481 2216 2786 2273 Cavendum
2808 2226 2891 2274 est
2918 2226 3200 2286 tamen,ut
3217 2219 3275 2274 hi
3305 2221 3401 2291 qui
3418 2221 3577 2277 donis
3593 2223 3760 2291 spiri-

2163 2305 2397 2361 tualibns
2417 2306 2687 2373 emicant,
2707 2322 3048 2378 nequaquam
3063 2310 3440 2379 proximorum
3466 2311 3758 2366 inﬁrman-

2164 2396 2295 2452 tium
2331 2394 2543 2464 negotia
2572 2393 3120 2466 funditusdeserant,
3154 2399 3251 2454 sed
3277 2399 3362 2454 vel
3397 2399 3520 2455 aliis
3556 2402 3762 2471 quibus

2164 2483 2385 2555 dignum
2407 2493 2490 2537 est
2522 2484 2801 2538 tractanda
2828 2488 3191 2555 committant,
3212 2487 3298 2543 vel
3322 2503 3422 2560 per
3452 2505 3515 2544 se
3539 2500 3757 2561 gerant.

2236 2574 2400 2629 Vens.
2425 2575 2479 2630 8.
2520 2572 2918 2631 *Fratribus.
2965 2576 3114 2644 Quos
3135 2579 3328 2649 iuvare
3368 2578 3665 2645 deberetis,
3696 2588 3757 2636 et

2165 2663 2247 2722 sic
2300 2679 2529 2734 regnum
2559 2657 2801 2734 perditis,
2827 2674 2883 2720 et
2902 2665 3078 2737 peius,
3121 2669 3244 2739 quia
3271 2669 3530 2725 scientes.

2234 2752 2397 2810 Vsus.
2430 2754 2567 2809 9.—
2590 2754 2671 2809 An
2705 2748 2933 2811 nescitis.
2961 2752 3096 2813 Nota
3134 2760 3279 2829 quod
3314 2752 3481 2815 toties
3524 2763 3760 2831 repetit,

2169 2844 2435 2911 Nescitis;
2460 2845 2611 2915 quasi
2644 2863 2657 2898 :
2690 2845 2773 2902 Me
2800 2841 3101 2917 sequendo,
3125 2851 3228 2906 hoc
3264 2852 3406 2908 scire
3446 2853 3755 2918 deberetis;

2167 2935 2262 2990 sed
2285 2944 2569 3004 sequentes
2594 2935 2818 3005 pseudo,
2846 2938 2993 2993 stulti
3018 2930 3149 2995 facti
3174 2941 3325 2996 estis.

2227 3023 2389 3080 Vens.
2410 3023 2673 3080 ll.—Sed
2688 3027 2999 3096 sanctiﬁcati
3013 3030 3153 3084 estis.
3171 3029 3304 3085 Nota
3329 3031 3443 3095 sed,
3468 3032 3755 3102 repetitam

2169 3116 2632 3187 coniunctionem,
2668 3132 2773 3173 non
2807 3133 3032 3189 parvum
3065 3121 3271 3189 pondus
3294 3121 3427 3176 dare
3454 3123 3755 3176 sententias.

492 3232 617 3288 dam
669 3234 903 3300 videtur,
955 3234 1106 3305 prius
1145 3235 1289 3290 enim
1335 3218 1541 3292 Paschti
1573 3244 1628 3291 et
1653 3236 1731 3292 sic
1770 3235 2061 3290 transitus:

2239 3208 2401 3263 Vsus.
2433 3209 2518 3263 12.
2544 3206 2816 3263 ~0mnia
2856 3212 2983 3266 mihi
3026 3210 3199 3266 licent.
3222 3211 3359 3278 Quia
3413 3212 3555 3267 dixit
3576 3213 3758 3284 potius

492 3324 619 3394 quia
654 3318 779 3381 'ante
803 3324 1106 3395 exemplum
1136 3333 1219 3381 est
1240 3324 1556 3392 Salvatoris,
1583 3333 1639 3380 et
1664 3325 1743 3381 sic
1775 3325 1939 3382 salus.

564 3417 745 3489 (Αυο.)
768 3416 895 3472 Hzec
907 3418 1027 3472 vitae
1040 3426 1237 3473 nostra:
1259 3417 1533 3473 iunovatio
1554 3425 1637 3474 est
1656 3417 1871 3488 quidam
1883 3424 2072 3472 “trans-

497 3508 609 3563 itus
651 3507 718 3564 de
764 3517 939 3564 morte
983 3509 1051 3563 ad
1090 3509 1285 3575 vitam,
1325 3502 1456 3574 ete.,
1497 3523 1659 3580 usque
1694 3508 1763 3562 ad
1817 3507 2072 3578 quoniam

498 3598 704 3666 pascha
731 3607 974 3653 nostrum
1000 3596 1308 3654 immolatus
1329 3606 1411 3653 est
1434 3597 1701 3653 Christus.

564 3684 739 3741 Vsus.
770 3688 910 3742 8.-
937 3686 1286 3741 Sinceritatis.
1343 3686 1503 3742 Novas
1561 3686 1683 3740 vitae
1713 3694 1768 3741 et
1807 3686 2071 3752 veritatis,

498 3775 614 3830 sine
634 3775 780 3829 omni
805 3764 1009 3839 fraude,
1037 3784 1095 3829 ut
1119 3775 1402 3830 sinceritas
1423 3774 1676 3830 mundam
1697 3775 1865 3830 vitam
1887 3774 2071 3842 faciat,

495 3876 550 3917 et
593 3863 836 3919 veritatis
882 3879 1096 3919 omnem
1137 3862 1376 3920 fraudem
1415 3864 1686 3920 excludat.

569 3952 731 4007 Vsus.
787 3952 875 4007 10.
917 3978 987 3992 -—
1035 3951 1302 4023 Alioquin,
1348 3961 1453 4008 etc.
1511 3953 1627 4007 Non
1667 3960 1886 4023 possent
1941 3952 2077 4010 tales

496 4045 713 4100 Christo
737 4044 952 4111 lucrari,
971 4046 1014 4100 si
1032 4045 1355 4114 colloquium
1376 4060 1561 4100 eorum
1582 4045 1880 4103 vitarenLet
1897 4046 2077 4100 eonvi-

499 4136 677 4201 vium;
711 4137 923 4190 undeet
942 4136 1198 4190 Dominus
1222 4151 1357 4192 cum
1383 4136 1682 4207 publicanis
1710 4146 1765 4191 et
1787 4137 2080 4206 peccatori-

494 4229 599 4284 bus
648 4228 984 4282 comedebat.

568 4315 734 4370 Vens.
753 4316 1072 4370 11.--Ντιησ
1096 4316 1463 4370 αηιρηικτυηε
1481 4315 1670 4386 scripsi
1700 4315 1871 4380 vobis,
1893 4324 1945 4372 et
1971 4331 2076 4371 non

496 4407 637 4462 bene
664 4404 972 4474 accepistis,
997 4419 1141 4459 nunc
1159 4413 1337 4458 autem
1361 4406 1715 4459 delerminate
1742 4405 1938 4459 scribo.
1969 4404 2082 4458 Νο-

497 4499 749 4554 ntinatur.
784 4496 914 4550 Eam
940 4495 1372 4550 nominationem
1402 4495 1571 4550 voluit
1599 4494 1821 4565 intelligi
1851 4495 2081 4564 Aposto-

2112 3346 2116 3350 .
2172 3296 2451 3354 ferendum
2471 3313 2612 3365 esse,
2639 3314 2799 3368 quam
2825 3314 3015 3356 causas
3038 3302 3177 3356 male
3214 3318 3393 3373 agere,
3416 3317 3487 3357 ne
3504 3303 3629 3373 quis
3652 3321 3753 3374 pu-

2173 3398 2250 3445 tet
2270 3405 2364 3445 sua
2388 3391 2533 3444 nullo
2554 3391 2712 3446 modo
2733 3407 2852 3448 esse
2879 3394 3190 3463 repetenda,
3235 3395 3489 3465 supponit
3515 3415 3528 3449 :
3559 3395 3752 3451 Omnia

2173 3497 2293 3537 mea
2310 3482 2441 3536 mihi
2463 3481 2587 3537 licet
2606 3490 2869 3551 repetere,
2888 3484 2981 3539 sed
3005 3491 3182 3539 tamen
3204 3500 3309 3540 non
3332 3493 3574 3556 repetam
3591 3526 3605 3549 ,
3629 3487 3757 3554 quia

2174 3588 2279 3628 non
2306 3573 2486 3627 omnia
2526 3573 2816 3644 expediunt
2846 3575 2912 3629 ad
2940 3591 3158 3630 cursum
3204 3591 3403 3641 meum,
3461 3578 3559 3633 sed
3588 3579 3759 3649 impe-

2175 3662 2348 3717 diunt.
2376 3662 2507 3717 ltem
2535 3677 2633 3732 per
2653 3662 2813 3717 aliam
2840 3678 3054 3718 causam
3086 3665 3225 3720 idem
3256 3666 3512 3720 ostendit.
3543 3665 3710 3733 Quasi
3733 3681 3752 3719 :

2175 3752 2346 3809 Licita
2386 3760 2546 3817 sunt,
2580 3754 2679 3808 sed
2709 3768 2814 3808 non
2842 3763 3080 3825 repetam
3100 3795 3115 3822 ,
3146 3756 3276 3826 quia
3303 3771 3424 3812 cum
3460 3758 3564 3811 sim
3593 3757 3752 3822 liber,

2176 3845 2299 3901 uolo
2321 3844 2489 3915 redigi
2511 3859 2611 3899 suo
2630 3852 2896 3914 potestate
2918 3846 3114 3917 iudicis
3141 3865 3153 3900 :
3178 3846 3283 3912 vel,
3320 3840 3451 3902 nolo
3474 3862 3600 3903 esse
3650 3850 3753 3903 sub

2177 3937 2414 3993 dominio
2434 3935 2658 4003 alicuius
2683 3937 2781 4001 rei,
2800 3944 2860 3991 ut
2885 3932 3051 3993 causa
3067 3936 3185 4006 eius
3204 3937 3429 3994 θεῖε-ειη
3456 3938 3747 3995 oﬂ'endam.

2247 4028 2409 4081 Vsus.
2439 4027 2524 4080 15.
2553 4057 2625 4067 -
2652 4025 2791 4081 Esca
2812 4024 2995 4082 ventri.
3046 4028 3275 4100 Propter
3320 4029 3441 4085 haec
3493 4046 3603 4084 non
3628 4037 3751 4084 sunt

2178 4118 2488 4187 repetenda,
2518 4129 2698 4172 tamen
2732 4131 2856 4172 esca
2882 4118 3108 4173 debetur
3134 4119 3330 4173 ventri.
3360 4118 3462 4174 Per
3492 4120 3749 4173 baecnota

2179 4212 2484 4268 necessaria
2548 4220 2776 4276 naturae,
2806 4204 2867 4266 'et
2910 4211 3030 4267 ideo
3081 4212 3208 4268 licet
3266 4211 3459 4282 repeti.
3506 4210 3616 4266 Sed
3646 4225 3747 4264 non

2179 4305 2401 4360 multum
2448 4318 2556 4375 pro
2578 4304 2663 4358 his
2719 4303 3093 4369 laborandum,
3148 4304 3272 4374 quia
3300 4304 3667 4366 destruentur,
3694 4309 3748 4356 et

2182 4393 2299 4450 ideo
2324 4395 2450 4449 licet
2476 4395 2541 4449 de
2564 4394 2648 4448 his
2667 4392 2799 4447 “ﬁeri
2819 4393 3082 4464 iudicium
3110 4393 3195 4449 Vel
3222 4392 3587 4463 praetermitti.

2251 4484 2413 4538 Vsus.
2449 4483 2534 4538 15.
2559 4482 2904 4553 κνοω-μονα.
2935 4482 3051 4539 Non
3097 4491 3280 4553 potest
3309 4500 3412 4538 non
3443 4500 3569 4540 esse
3599 4499 3748 4541 sane-

497 4590 614 4646 lus:
645 4603 763 4660 qua:
779 4589 829 4644 iu
854 4572 1201 4660 quemquam,
1216 4603 1337 4641 cum
1358 4587 1642 4652 sententia,
1666 4587 2071 4657 etordineindi-

2189 4581 2294 4649 tum
2320 4588 2531 4642 ecrpus,
2564 4588 2671 4643 quo
2698 4572 3062 4628 sanctificatus
3094 4574 3263 4628 utitur
3292 4572 3548 4643 Spiritus.
3582 4574 3743 4629 btest-

498 4679 689 4743 ciario,
726 4674 1567 4748 atque'integritate,'pro'fertur.
1596 4674 1729 4729 Nam
1760 4676 1802 4730 si
1827 4675 2079 4745 quaelibet

501 4771 798 4825 nominatio
826 4767 1038 4832 sufﬁcit,
1064 4767 1216 4822 multi
1245 4766 1532 4822 damnandi
1569 4775 1695 4822 sunt
1742 4766 2076 4830 innocentes,

501 4864 628 4932 quia
656 4876 797 4932 stepe
850 4860 987 4916 falso
1035 4860 1088 4914 in
1115 4875 1382 4930 quoquam
1437 4859 1663 4914 crimina
1709 4857 2078 4912 nominantur.

502 4953 741 5007 Dicendo
797 4953 1125 5016 ominatur,
1176 4950 1411 5006 ostendit
1458 4950 1590 5005 satis
1639 4964 1743 5004 non
1774 4956 1995 5011 temere,
2026 4956 2082 5002 ct

502 5038 745 5110 quolibet
771 5040 954 5103 modo,
1004 5040 1097 5094 sed
1144 5054 1245 5108 per
1291 5038 1553 5107 iudicium
1600 5037 1921 5092 auferendos
1961 5051 2082 5090 esse

505 5130 677 5185 malos
708 5131 776 5185 ab
803 5129 1056 5185 Ecclesia:
1080 5129 1473 5199 conjunctione,
1506 5137 1598 5182 aut
1640 5129 1683 5182 si
1709 5125 2080 5197 perjudicium

507 5219 708 5277 auferri
753 5237 858 5277 non
883 5232 1128 5291 possunt,
1158 5222 1476 5276 tollerentur
1502 5219 1702 5290 potius,
1734 5234 1799 5274 ne
1825 5230 2081 5290 perverse

510 5312 681 5368 malos
702 5315 954 5370 evitando
988 5316 1216 5384 quisque
1262 5314 1330 5367 ab
1360 5312 1596 5368 Ecclesia
1629 5313 1931 5375 discedens,
1986 5328 2080 5368 eos

508 5420 644 5476 quos
678 5404 861 5476 fugere
881 5407 1101 5489 videtur
1122 5405 1300 5459 mittat
1328 5405 1395 5457 ad
1424 5404 1746 5473 gehennam.

1108 5533 1337 5607 CAPUT
1386 5534 1471 5588 VL

584 5664 745 5722 vm.
791 5669 842 5720 l.
874 5696 947 5709 -—
972 5664 1139 5719 Audet
1179 5662 1387 5733 aliquis.
1435 5664 1728 5718 Occasione
1773 5644 2079 5731 huiusmodi

508 5757 696 5829 iudicii
721 5757 905 5828 incipit
934 5771 1094 5826 agere
1121 5755 1186 5810 de
1206 5753 1444 5822 iudiciis,
1472 5756 1524 5808 in
1552 5737 1948 5833 qni'htts'multis
1971 5746 2083 5808 tuo;

2183 4666 2275 4720 bra
2300 4673 2441 4727 sunt,
2490 4674 2594 4717 etc.
2648 4662 2798 4719 Sicut
2840 4663 3081 4718 membra
3123 4662 3303 4719 omnia
3352 4678 3476 4732 quae
3511 4678 3623 4717 una
3665 4679 3746 4718 ea-

2186 4757 2415 4826 demque
2438 4754 2616 4808 anima
2645 4763 2925 4823 reguntur,
2947 4769 3111 4809 unum
3143 4766 3339 4824 corpus
3363 4763 3512 4820 sunt,
3538 4755 3612 4809 ita
3640 4770 3745 4808 om-

2184 4859 2280 4899 nes
2306 4844 2395 4913 (ιιιί
2424 4844 2614 4898 eodem
2645 4841 2846 4911 Spiritu
2885 4851 3076 4897 sancto
3099 4843 3465 4908 vivificantur,
3500 4860 3667 4898 unum
3695 4844 3743 4897 in

2183 4935 2400 4992 Christo
2437 4936 2632 5004 corpus
2655 4933 2975 4989 efﬁciuntur.
3005 4934 3220 4988 Christi.
3251 4933 3389 5001 Quia
3418 4950 3623 5006 corpus
3660 4951 3743 4991 ac-

2188 5026 2348 5097 cepit,
2383 5034 2439 5079 et
2462 5039 2748 5094 corporum
2774 5032 2936 5093 caput
2960 5032 3061 5078 est.

2252 5117 2417 5171 Vsus.
2438 5116 2523 5169 16.
2546 5145 2616 5155 -—-
2639 5111 2810 5168 Unum
2838 5131 3045 5186 corpus.
3071 5115 3314 5170 Tradunt
3343 5116 3585 5189 physici,
3614 5116 3743 5188 quod

2184 5209 2317 5265 adeo
2345 5209 2628 5270 uuiuntur,
2660 5206 2800 5275 quod
2837 5206 2881 5260 si
2921 5207 3140 5278 sanguis
3163 5210 3349 5263 eorum
3380 5209 3743 5263 commiscere-

2185 5309 2291 5365 tur,
2321 5300 2542 5354 omnino
2568 5294 3003 5369 coniungeretur.
3442 5302 3467 5311 “

2256 5389 2418 5446 Vsus.
2452 5392 2538 5444 17.
2563 5420 2636 5432 -
2660 5390 2763 5456 Qui
2800 5400 2973 5445 autem
3019 5391 3252 5445 adiceret
3274 5430 3291 5455 ,
3321 5398 3425 5445 etc.
3467 5388 3585 5445 Non
3634 5389 3744 5445 sub-

2186 5484 2397 5541 stantius
2445 5482 2722 5538 identitate
2770 5482 2864 5538 sed
2907 5482 3355 5552 participatione,
3404 5494 3529 5535 cum
3581 5480 3631 5534 ei
3674 5478 3744 5532 sic

2188 5576 2427 5631 adhteret
2466 5574 2556 5628 hic
2582 5588 2678 5642 per
2720 5572 2877 5629 fidem
2912 5564 3211 5637 aecedens,
3263 5558 3325 5626 ut
3366 5570 3442 5626 sit
3488 5570 3742 5640 particeps

2186 5662 2534 5719 beatitudinis
2568 5661 2713 5730 eius,
2765 5661 2908 5732 quod
2956 5669 3082 5717 tunc
3124 5662 3281 5731 plene
3318 5661 3459 5727 erit,
3499 5675 3620 5713 cum
3667 5673 3741 5709 sa-

2190 5754 2408 5812 tiabitur
2454 5752 2782 5841 desiderium
2833 5751 2949 5822 eius
2992 5753 3044 5807 iu
3094 5750 3247 5811 bonis
3296 5748 3738 5824 inmutabilibus.
