3958 6314
210 377 305 436 5'29

1068 369 1337 429 CLOSSA
1373 365 1764 429 0RDINARIA.
1795 394 1863 404 —
1901 360 2120 418 EPIST.
2162 363 2181 419 l
2219 361 2309 418 AD
2343 360 2497 418 COR.

3332 370 3441 431 530

218 492 410 551 scilth
426 489 487 545 in
506 488 619 558 ipsa
641 486 905 542 Trinitate
923 484 1153 542 Domino
1173 500 1272 542 suo
1288 483 1445 553 cujus
1458 492 1542 540 est
1566 483 1761 551 imago.
1791 484 1840 544 Α
1868 473 1997 529 nino
2019 473 2123 530 hac
2147 474 2264 545 lege
2290 477 2480 543 utitur,
2505 477 2629 547 quia
2660 477 2837 548 potior
2865 479 3008 548 quod
3032 492 3065 537 a
3092 478 3326 540 faisariis
3357 484 3440 540 di—

281 582 438 638 Vsns.
461 580 545 636 18.
568 607 638 619 -——
658 576 847 648 Fugite
873 575 1289 645 fornicationem.
1317 574 1452 630 Cum
1478 574 1600 629 aliis
1618 573 1764 628 vitiis
1815 624 1827 635 ,

214 681 384 747 potest
406 670 703 741 exspectari
734 667 1038 734 conﬂictus,
1065 668 1159 724 sed
1187 668 1327 724 hanc
1349 667 1518 739 fugite
1535 708 1554 733 ,
1577 682 1646 723 ne
1671 681 1765 737 ap-

212 761 543 836 proximetis,
588 760 716 839 quia
763 775 872 816 non
932 758 1091 814 aliter
1136 767 1315 828 potest
1362 758 1554 815 melius
1597 758 1761 813 vinci.

215 857 372 912 Omne
410 854 550 909 enim
588 860 878 924 peccatum.
926 848 1144 906 Nullum
1174 858 1454 920 peccatum
1498 850 1763 906 intantum

212 948 519 1004 dehonestat
544 951 600 1000 et
621 942 941 1013 coinquinat
973 956 1200 1013 corpus,
1234 949 1303 996 ut.
1322 941 1471 996 illud.
1518 940 1622 1005 Qui
1662 957 1763 995 au-

209 1050 302 1093 tem
324 1036 629 1107 fornicatur.
659 1034 777 1092 Non
807 1035 1005 1091 dicitur
1034 1043 1256 1106 propter
1279 1035 1633 1103 quantitatem
1657 1033 1767 1088 for-

210 1129 513 1193 nicationis,
545 1128 687 1198 quod
709 1128 823 1197 ipsa
845 1126 959 1182 sola
987 1126 1067 1182 sit
1080 1127 1135 1180 in
1168 1140 1413 1195 corpore,
1442 1134 1498 1180 et
1531 1124 1636 1179 alia
1664 1140 1764 1179 ex-

210 1231 287 1276 tra
314 1235 535 1289 corpus.
562 1219 725 1274 Plura
757 1219 900 1275 enim
927 1218 1070 1274 adeo
1103 1232 1296 1288 magna
1314 1257 1331 1284 ,
1363 1224 1421 1271 ut
1447 1215 1762 1282 fornicatio,

206 1307 285 1363 vel
323 1306 551 1376 majora.
601 1305 708 1363 Sed
749 1313 979 1377 propter
998 1305 1344 1376 qualitatem,
1384 1306 1509 1376 quia
1558 1305 1766 1375 turpius

202 1399 509 1469 coinquinat
527 1414 722 1469 corpus
756 1414 916 1468 quam
946 1396 1049 1453 alia
1076 1407 1318 1468 peccata.

268 1489 424 1545 Vsus.
472 1490 560 1545 19.
587 1517 658 1530 —-
681 1484 968 1555 Templum.
1004 1489 1083 1543 Ex
1113 1489 1220 1551 hoc
1247 1496 1393 1561 patet
1419 1490 1559 1560 quod
1587 1487 1761 1560 Spiri-

201 1590 284 1638 tus
305 1590 525 1637 sanctus
552 1589 635 1638 est
661 1576 834 1648 Deus;
874 1581 926 1637 si
945 1581 1094 1637 enim
1123 1597 1230 1636 non
1261 1591 1404 1636 esset
1431 1581 1572 1636 Deus
1589 1622 1605 1647 ,
1634 1592 1764 1636 tem-

200 1672 338 1744 pium
357 1673 546 1742 utique
564 1673 811 1743 nosipsos
839 1688 943 1728 non
975 1673 1215 1728 haberet.
1239 1671 1354 1727 Non
1381 1672 1552 1727 solum
1580 1681 1762 1727 autem

200 1762 422 1833 Spiritus
457 1772 701 1827 sanctus,
736 1763 831 1818 sed
861 1763 1022 1818 etiam
1049 1762 1212 1816 Pater
1236 1770 1290 1817 et
1312 1761 1479 1817 Filius
1506 1760 1760 1830 templum

1868 564 2010 619 citur
2028 579 2147 620 esse
2169 567 2492 637 appositum.

1935 658 2004 714 Et
2028 660 2105 714 vir
2124 674 2363 733 uxorem.
2398 660 2513 715 Non
2540 661 2698 716 debet
2739 662 2822 716 vir
2863 663 3133 721 dimittere
3172 681 3394 722 uxorem
3415 706 3432 732 ,

1869 751 1993 822 quia
2023 750 2228 806 faceret
2246 766 2365 806 eam
2396 746 2677 807 maecbari.
2713 752 2864 819 Quod
2892 754 3053 810 si.illa
3083 766 3167 810 est
3194 756 3439 812 adultera

1867 857 1976 896 non
2031 841 2193 907 facit,
2254 843 2349 896 sed
2397 842 2695 925 adulteram
2761 831 3000 897 dimittit.
3051 844 3223 900 Causa
3275 861 3438 916 quam

1866 929 2113 987 Christus
2135 930 2347 1001 excepit
2371 932 2458 986 hic
2480 940 2708 1000 tacetur,
2739 931 2864 1001 quia
2890 933 3174 989 notissima
3201 942 3303 1001 est,
3336 935 3441 991 scio

1865 1019 1995 1076 licet
2028 1019 2430 1077 fornicationis.

2007 1110 2168 1165 Vsus.
2198 1109 2286 1166 12.
2311 1142 2380 1151 -
2403 1109 2545 1164 Nam
2574 1113 2795 1165 cwteris.
2845 1112 2965 1168 Ubii
2996 1121 3222 1185 uterque
3264 1115 3438 1173 fidelis

1867 1201 1971 1257 hoc
1991 1210 2320 1272 praeceptum
2343 1201 2735 1275 Dominidedit
2770 1202 3079 1271 Apostolus.
3110 1204 3243 1263 Nam
3273 1214 3436 1260 mete-

1864 1293 1942 1349 ris
1967 1294 2059 1349 ubi
2088 1309 2196 1350 non
2223 1303 2313 1349 est
2334 1293 2760 1363 uterqueﬁdelis
2798 1294 2961 1365 (quod
2990 1295 3051 1349 in.
3071 1296 3223 1351 initio
3250 1296 3439 1355 Eccle-

1864 1385 1959 1440 siae
1986 1387 2230 1458 contigit,
2262 1402 2384 1441 cum
2407 1386 3064 1457 Evangeliumprtedicari
3090 1388 3274 1461 erepit)
3293 1431 3306 1453 ,
3334 1406 3436 1459 ego

1864 1466 2025 1543 dico,
2046 1485 2154 1533 etc.
2192 1474 2254 1531 Si
2277 1477 2393 1547 quis
2418 1475 2605 1546 frater,
2630 1486 2736 1531 etc.
2779 1476 3082 1532 Idololatria
3110 1487 3164 1533 et
3185 1479 3438 1550 qumlibct

1863 1571 2024 1625 noxia
2063 1571 2376 1642 superstitio
2408 1570 2696 1627 fornicatio
2734 1579 2847 1638 est,
2894 1581 2948 1626 ct
2991 1572 3248 1629 Dominus
3274 1590 3435 1630 causa

1862 1662 2234 1719 fornicationis
2274 1662 2490 1734 quidem
2538 1662 2787 1732 permisit
2813 1676 3036 1718 uxorem
3068 1663 3293 1730 dimitti,
3340 1667 3436 1720 sed

1862 1770 1967 1810 non
1987 1755 2181 1825 jussit,
2210 1762 2266 1812 et
2288 1756 2367 1811 sic
2406 1754 2554 1810 dedit
2580 1753 2752 1809 locum
2778 1753 3033 1825 Apostolo
3064 1757 3352 1824 monendi,
3376 1767 3436 1813 ut

199 1868 291 1908 nos
321 1853 538 1908 habent.
560 1853 836 1923 Templum
869 1868 998 1923 ergo
1020 1852 1138 1919 Dei,
1169 1852 1270 1909 hoc
1296 1862 1383 1910 est
1410 1852 1572 1911 totius
1592 1851 1763 1929 Trini7
1790 1854 1847 1912 Β,
1862 1845 1954 1915 qui
1981 1845 2238 1913 voluerit,
2264 1861 2370 1901 non
2394 1844 2632 1901 dimittat
2652 1843 2920 1901 infidelem
2937 1885 2954 1911 ,
2978 1859 3084 1917 quo
3113 1844 3294 1902 forsan
3317 1863 3435 1918 pos-

199 1946 337 2007 tstis,
370 1951 561 1997 sancta
583 1942 822 1998 Ecclesia
846 1954 949 1998 est.

262 2033 421 2089 Vens.
470 2033 562 2088 20.
599 2062 670 2074 —
712 2034 781 2088 Et
826 2044 1028 2104 portate
1072 2036 1261 2091 Deum.
1304 2035 1534 2092 Portare
1590 2036 1756 2091 Deum

196 2130 276 2177 est
310 2122 602 2192 imaginem
646 2124 742 2179 Dei
788 2123 843 2179 in
894 2125 1056 2181 rebus
1092 2125 1230 2181 bene
1255 2127 1422 2195 gestis
1450 2124 1753 2182 ostendere.

198 2209 262 2264 In
289 2228 524 2283 corpore.
558 2212 616 2268 Si
645 2228 750 2270 non
780 2215 961 2285 parcis
993 2215 1084 2271 tibi
1119 2224 1340 2286 propter
1371 2223 1451 2281 te,
1482 2229 1647 2286 parce
1671 2214 1757 2271 vel

197 2308 405 2371 propter
424 2303 597 2358 Deum
618 2305 783 2373 quite
801 2304 1053 2363 sibi.fecit
1073 2306 1309 2362 domum.
1335 2304 1515 2371 Quam.
1529 2305 1574 2361 si
1599 2319 1756 2360 ever-

199 2391 264 2446 tis
281 2433 296 2459 ,
323 2407 518 2462 peccas
547 2394 600 2449 in
633 2394 829 2462 Deum,
859 2396 1001 2467 quod
1020 2411 1186 2467 grave
1208 2403 1291 2450 est
1315 2411 1487 2464 genus
1510 2396 1752 2467 peccati;

196 2481 335 2539 aliud
360 2492 495 2541 vero
518 2500 687 2554 genus
713 2494 797 2543 est
820 2500 1046 2558 peccare
1073 2486 1127 2541 in
1150 2485 1443 2543 hominem.

799 2615 1027 2673 CAPUT
1066 2616 1177 2674 VII.

258 2745 423 2804 Vsus.
480 2749 716 2805 l.——De
768 2751 973 2823 quibus.
1023 2751 1318 2810 Occasione
1382 2752 1756 2810 fornicationis

194 2854 353 2907 uuam
375 2843 653 2910 prohibet,
682 2846 962 2902 continuat
990 2847 1055 2903 de
1078 2846 1311 2917 nuptiis,
1336 2846 1481 2902 unde
1510 2846 1586 2900 illi
1610 2861 1757 2915 quae-

196 2928 413 2986 sierant.
442 2933 511 2988 Et
541 2935 651 3005 agit
676 2936 976 3006 tripliciter,
1007 2939 1300 2993 secundum
1336 2938 1641 3007 consilium,
1666 2952 1752 2995 se-

193 3023 429 3077 cundum
464 3023 867 3094 indulgentiam,
892 3029 1182 3085 secundum
1212 3036 1571 3099 praeceptum-

270 3113 430 3169 Vens.
461 3112 513 3168 6.
540 3144 607 3154 -—
637 3114 752 3171 Hoc
776 3126 1117 3184 autem,.etc.
1146 3149 1215 3159 —
1243 3118 1396 3174 Dicet
1423 3118 1618 3190 aliquis
1646 3134 1663 3173 :
1695 3118 1754 3177 Si

1862 1940 1933 1996 sit
1963 1939 2077 1995 fieri
2102 1939 2293 1997 fidelis.

1930 2030 2091 2087 Vsus.
2116 2032 2203 2086 11.
2225 2062 2295 2071 -
2317 2031 2689 2101 Sanctificatus
2712 2040 2807 2087 est.
2842 2030 2977 2099 Quia
3006 2031 3275 2101 hoc-saepe
3309 2046 3433 2086 cou-

1859 2120 2014 2192 tiugit
2056 2121 2198 2191 quod
2227 2121 2363 2177 alter
2392 2137 2488 2192 per
2535 2121 2763 2176 altermn
2791 2122 2857 2176 ad
2883 2121 3041 2175 fidem
3068 2122 3424 2177 convertitur.

1858 2208 1950 2264 Vel
1986 2211 2218 2267 mundus
2263 2219 2349 2268 est
2403 2210 2488 2265 \‘il‘
2531 2210 2761 2267 inﬁdelis
2801 2218 3061 2280 quantum
3105 2209 3174 2265 ad
3218 2210 3431 2265 fidelem

1856 2298 2135 2355 mulierem
2151 2340 2167 2365 ,
2190 2308 2245 2355 et
2272 2299 2470 2355 nullam
2497 2314 2566 2355 es
2598 2300 2716 2371 ejus
2740 2297 3120 2371 conjunctione
3145 2299 3434 2354 immundi-

1857 2390 2217 2462 tiamzpalitur
2242 2391 2435 2447 mulier
2478 2391 2672 2448 fldelis.
2722 2391 2990 2463 Alioquin.
3021 2391 3081 2446 Si
3120 2392 3455 2457 dimittitis,,

1766 2524 1773 2531 .
1857 2480 2085 2536 invicem
2124 2482 2369 2538 nolentes
2398 2482 2717 2538 cohabitare
2751 2491 2832 2541 et.
2849 2482 2971 2551 aliis
2999 2497 3096 2537 vos
3115 2472 3446 2552 copulatis,

1858 2571 2088 2628 adulteri
2115 2571 2277 2639 estis,
2299 2582 2355 2626 et
2375 2572 2658 2633 filii.vestri
2683 2560 2884 2642 spurii,
2905 2561 2967 2627 et
2980 2570 3100 2626 ideo
3126 2570 3386 2643 immundi
3412 2587 3427 2636 ;

1859 2679 2031 2730 nunc,
2065 2665 2235 2720 sancti
2259 2705 2286 2730 ,,
2311 2664 2439 2734 quia
2465 2664 2541 2721 de.
2561 2663 2724 2721 licitis
2771 2661 3032 2734 conjugiis
3059 2663 3209 2729 nati,
3252 2672 3307 2718 et
3332 2665 3432 2719 sub

1857 2752 2131 2810 Creatoris
2151 2756 2499 2811 veneratione
2520 2755 2652 2810 nati.

1933 2846 2094 2903 Vsus.
2120 2846 2205 2901 15.
2222 2847 2427 2901 -Νοη
2458 2848 2617 2901 enim.
2642 2846 2761 2903 Non
2781 2856 2867 2903 est
2890 2856 3097 2903 tantum
3122 2848 3431 2920 coniugium

1859 2938 2002 3007 quod
2028 2938 2144 2994 sine
2166 2938 2261 2993 Dei
2286 2939 2569 2995 devotione
2598 2947 2682 2994 est
2712 2957 2725 2993 :
2761 2948 2815 2993 et
2845 2940 2964 2993 ideo
2992 2928 3096 2995 neu
3128 2950 3210 3009 est
3233 2955 3425 3010 pecca-

1859 3034 1971 3082 tum
1997 3027 2047 3084 ei
2072 3028 2164 3098 qui
2186 3028 2413 3091 dimittit
2428 3029 2845 3099 proptertbeum-
2861 3027 2907 3083 si
2930 3028 3018 3083 alii
3053 3044 3114 3085 se
3139 3024 3437 3100 copulavit.

1863 3114 1920 3171 Si
1950 3130 2080 3171 vero
2107 3118 2266 3172 ambo
2292 3118 2647 3184 crediderint,
2674 3134 2772 3188 per
2799 3118 3157 3188 cognitionem
3186 3118 3280 3174 Dei
3307 3134 3432 3179 cou-

194 3201 296 3256 hoc
319 3203 627 3262 secundum
643 3208 849 3262 veniam
869 3210 1138 3265 concessit
1154 3209 1461 3280 Apostolus,
1485 3226 1613 3281 ergo
1634 3226 1761 3280 pec-
1786 3206 1831 3270 C
1864 3205 2110 3262 firmatur
2136 3205 2459 3277 coniugium.
2508 3206 2577 3260 In
2616 3224 2761 3276 pace.
2793 3207 2910 3289 Non
2962 3216 3176 3278 oportet
3218 3208 3437 3280 litigare

195 3302 377 3346 catum
405 3302 531 3347 sunt
558 3296 787 3365 nuptiae;
814 3299 898 3353 cui
923 3299 1067 3354 enim
1093 3300 1247 3355 venia
1274 3300 1376 3356 nisi
1398 3309 1619 3370 peccato
1640 3315 1765 3355 cono.

196 3382 439 3437 ceditur?
472 3382 638 3440 Plane
661 3389 804 3455 quod
853 3388 1148 3444 infirmitati
1182 3391 1449 3446 concessit
1476 3389 1762 3460 Apostolus

198 3473 489 3529 secundum
512 3477 723 3532 veniam
742 3480 1084 3535 concubitum
1110 3482 1338 3536 attendit
1356 3482 1762 3554 coniugatorum

202 3566 285 3621 ubi
315 3576 397 3623 est
426 3567 825 3627 incontinentiae
868 3573 1088 3628 malum.
1109 3574 1536 3632 incontinentiae
1562 3574 1760 3630 malum

199 3664 310 3721 est,
337 3659 479 3728 quod
504 3659 587 3716 vir
610 3664 885 3732 cognoscit
908 3679 1129 3720 uxorem
1157 3667 1319 3721 etiam
1347 3666 1485 3727 ultra
1526 3666 1760 3722 necessi-

204 3755 369 3802 tatem.
390 3752 710 3819 procreandi
749 3753 969 3818 liberos,
1003 3755 1096 3812 sed
1124 3764 1187 3812 et
1204 3756 1276 3811 ibi
1319 3756 1406 3811 est
1450 3758 1756 3828 nuptiarum

202 3835 413 3893 bonum.
443 3838 559 3894 Non
586 3841 878 3913 enimquia
907 3844 1308 3901 incontinentim
1329 3846 1400 3902 ibi
1421 3847 1619 3903 malum
1651 3857 1756 3916 est,

202 3924 315 3982 ideo
339 3929 670 3985 connnhium
695 3932 836 4001 quod
871 3942 954 3989 est
981 3944 1177 4004 praeter
1203 3936 1553 3993 intentionem
1590 3954 1756 4009 gene-

201 4017 438 4086 rationis,
464 4035 574 4077 non
592 4029 677 4076 est
700 4022 930 4090 bonum;
965 4024 1072 4080 imo
1098 4040 1227 4080 vero
1256 4040 1361 4081 non
1388 4035 1609 4097 propter
1627 4026 1758 4083 illud

200 4106 388 4171 malum
414 4108 683 4179 culpabile
708 4119 792 4167 est
814 4111 917 4169 hoc
944 4113 1166 4180 bonum,
1194 4115 1290 4170 sed
1320 4115 1446 4171 illud
1478 4116 1676 4172 malum
1700 4118 1761 4172 fit

166 4232 169 4233 ν
200 4200 399 4257 veniale
418 4192 646 4273 propter
673 4204 870 4259 bonum
895 4206 1149 4275 nuptiale.
1185 4206 1300 4262 lloc
1327 4208 1524 4262 bonum
1553 4209 1759 4278 nuptia-

202 4303 310 4342 rum
336 4306 441 4346 non
472 4292 819 4361 reprehendit
837 4296 1152 4365 Apostolus,
1183 4297 1275 4352 sed
1301 4297 1498 4353 malum
1522 4298 1755 4354 inconti-

202 4381 404 4436 nentiae.
428 4382 762 4440 Concubitus
785 4386 829 4439 is
849 4388 1188 4443 necessarius
1208 4404 1368 4442 causa
1393 4388 1757 4459 generationis

202 4469 567 4544 inculpabilis,
597 4481 654 4529 et
681 4474 827 4530 solus
856 4476 969 4546 ipse
995 4477 1247 4547 nuptialis
1267 4487 1371 4532 est.
1398 4478 1489 4533 ille
1507 4493 1635 4533 vero
1659 4480 1750 4548 qui

1865 3310 1987 3351 cum
2018 3295 2353 3360 discedente,
2387 3297 2513 3366 quia
2543 3297 2665 3351 odio
2701 3297 2797 3351 Dei
2831 3296 3078 3353 discedit.

1935 3385 2097 3443 Vnus.
2121 3383 2207 3441 16.
2229 3385 2450 3441 -ιτιιάε
2472 3386 2914 3461 eniimﬂortatus
2947 3398 3032 3443 est
3056 3405 3216 3461 supra
3243 3405 3340 3461 per
3364 3403 3430 3457 ea

1861 3490 1981 3544 qua:
2007 3484 2334 3543 evenerunt,
2379 3492 2521 3532 nunc
2557 3478 2678 3547 quia
2710 3477 2899 3533 eadem
2931 3478 3051 3535 ﬁeri
3078 3487 3331 3550 possunt,
3362 3479 3431 3535 ad

1862 3566 2004 3622 idem
2034 3567 2301 3625 hortatur.
2350 3568 2476 3626 Haec
2520 3579 2706 3626 autem
2737 3587 2845 3627 non
2894 3571 3010 3643 lege
3050 3571 3305 3643 jubente,
3333 3574 3430 3630 sed

1861 3657 2031 3715 libera
2064 3660 2329 3715 charitate
2354 3661 2512 3717 fiunt.
3325 3704 3337 3715 .

1932 3750 2097 3805 Vsus.
2126 3751 2213 3805 l7.
2234 3750 2504 3807 —Divisit
2534 3753 2807 3810 Dominus.
2850 3752 3057 3826 Cuique
3097 3755 3239 3811 Deus
3280 3755 3426 3814 dedit

1860 3840 2076 3909 quando
2100 3840 2357 3908 salvetur,
2391 3842 2441 3897 id
2467 3852 2566 3908 est,
2593 3844 2695 3899 scit
2715 3846 2929 3914 quando
2949 3846 3156 3918 credet,
3186 3856 3243 3903 et
3262 3848 3427 3904 susti—

1859 3939 1952 3984 net
1979 3929 2149 3985 donec
2186 3932 2403 3999 credat,
2436 3934 2513 3988 sic
2538 3942 2593 3988 et
2617 3943 2671 3988 tu
2701 3943 2975 4005 exspecta.

1928 4020 2095 4076 Vnus.
2122 4022 2208 4078 18.
2233 4052 2300 4061 —
2322 4021 2672 4078 Circumcisus
2700 4023 2909 4094 aliquis.
2944 4024 3218 4097 Nusquam
3250 4028 3433 4091 aufert

1858 4109 2146 4180 Apostolus
2179 4112 2621 4167 consuetudinem
2644 4152 2660 4177 ,
2689 4128 2809 4181 quae
2831 4125 3053 4181 servata
3072 4131 3177 4187 non
3207 4116 3428 4187 impedit

1859 4203 2084 4258 salutem
2102 4243 2116 4269 ,
2145 4219 2369 4259 monens
2396 4220 2464 4259 ne
2495 4204 2546 4259 in
2575 4204 2919 4274 talibusspes
2956 4205 3143 4261 salutis
3169 4216 3422 4277 ponatur,

1859 4308 1981 4348 cum
2028 4300 2234 4348 tantum
2274 4308 2374 4363 pro
2421 4294 2713 4351 offensione
2743 4294 3087 4355 infirmorum
3109 4306 3423 4352 serventur.

1860 4380 2011 4436 Unde
2026 4382 2154 4436 dicit
2169 4382 2374 4447 njhilea
2390 4398 2530 4449 esse,
2547 4383 2782 4439 subdens
2801 4401 2815 4439 :
2833 4384 3175 4441 Circumcisio
3191 4386 3424 4443 nihilost.

1930 4473 2093 4535 Visus.
2139 4473 2231 4529 20.
2258 4505 2328 4517 ——
2359 4472 2721 4545 Unusquisque
2749 4474 2803 4528 in
2832 4491 2912 4529 ea.
2942 4473 3055 4531 Hoc
3085 4476 3152 4532 ad
3176 4492 3269 4532 eas
3297 4492 3426 4531 con-

202 4559 331 4616 ultra
352 4563 729 4621 necessitatem
751 4567 1116 4637 progreditur,
1143 4583 1249 4622 non
1277 4568 1490 4636 rationi,
1518 4569 1612 4624 sed
1634 4569 1750 4626 libi-
1779 4559 1831 4618 D
1858 4566 2087 4622 ditiones
2122 4566 2207 4621 vel
2236 4567 2363 4622 vita:
2407 4566 2821 4623 consuetudines
2850 4567 3101 4636 respicit,
3142 4582 3261 4637 qua:
3292 4569 3428 4624 nihil

201 4648 302 4721 dini
324 4651 657 4724 obsequitur.

265 4737 425 4797 Vens.
458 4743 512 4796 7.
537 4775 607 4783 —
626 4742 1019 4817 Unusquisque,
1044 4756 1148 4803 etc.
1172 4747 1287 4803 Non
1312 4747 1471 4809 debet
1489 4748 1609 4819 quis
1632 4764 1757 4811 com

200 4829 414 4904 ttringi,
447 4850 520 4890 ne
548 4835 848 4906 prohibitus
873 4852 905 4891 a
934 4836 1096 4897 licitis
1140 4839 1387 4903 admittat
1414 4840 1630 4908 illicita,
1661 4842 1757 4897 sed

203 4917 308 4988 ipse
330 4924 457 4994 quid
488 4935 745 4995 sequatur
765 4927 951 4998 eligat,
973 4938 1207 4992 attamen
1231 4932 1284 4987 in
1311 4933 1415 4989 hoc
1443 4933 1756 5004 propensio-

203 5024 309 5064 rem
335 5028 455 5070 esse
480 5015 670 5071 melius
705 5025 807 5073 est.

269 5099 428 5163 Vsus.
462 5107 657 5164 9.-—U
666 5109 742 5173 ri,
790 5117 875 5166 est
908 5109 1190 5167 desideriis
1220 5111 1301 5181 agi
1332 5112 1415 5166 vel
1446 5112 1613 5168 vinci.
1639 5113 1756 5170 Non

204 5205 325 5259 ergo
351 5194 471 5250 ideo
489 5195 619 5251 dicit
641 5196 844 5260 melius,
873 5197 1024 5268 quasi
1053 5196 1259 5253 bonum
1273 5199 1344 5253 sit
1378 5201 1457 5254 uri
1479 5210 1537 5256 et
1557 5203 1758 5258 nubere

206 5281 409 5350 melius,
422 5285 515 5340 sed
533 5288 971 5343 consuetudinem
996 5288 1276 5345 locutionis
1300 5298 1384 5345 est
1404 5301 1640 5348 secutus.

274 5372 434 5431 νεεδ.
466 5378 552 5431 11.
575 5407 646 5417 —
673 5376 824 5443 Quod
868 5378 915 5433 si
955 5378 1264 5438 discesserit.
1292 5379 1450 5441 Aliud
1476 5391 1559 5437 est
1585 5381 1760 5438 disce-

208 5462 642 5530 dere,-aliud°cx
682 5471 951 5527 communi
979 5487 1244 5529 consensu
1276 5474 1572 5531 continere.
1620 5473 1751 5531 illud

206 5552 346 5608 enim
380 5558 576 5615 malum
606 5569 721 5625 est,
759 5562 863 5619 hoc
887 5563 1108 5618 bonum.

279 5643 493 5720 (Anam)
520 5651 644 5707 ideo
672 5668 777 5707 non
802 5652 983 5709 subdit
1008 5654 1076 5711 de
1103 5655 1220 5710 viro
1245 5654 1382 5710 sicut
1411 5655 1476 5711 de
1503 5656 1754 5720 muliere,

209 5737 329 5806 quia
363 5740 485 5800 licet
514 5743 631 5803 viro
652 5744 813 5805 aliam
844 5748 1069 5814 ducere,
1100 5747 1223 5820 quia
1248 5748 1477 5833 inferior
1514 5764 1621 5806 non
1647 5764 1763 5807 om-

1862 4658 2063 4714 obsunt
2099 4656 2221 4714 fidei
2247 4658 2510 4729 bonisque
2549 4659 2811 4714 moribus.
2842 4656 2998 4713 Sicut
3026 4657 3167 4712 enim
3196 4658 3389 4729 eonjux
3412 4700 3428 4726 ,

1862 4749 1941 4805 sic
1961 4756 2016 4803 et
2038 4748 2177 4804 latro
2206 4746 2270 4803 ad
2300 4748 2499 4804 Christi
2525 4747 2682 4804 fidem
2703 4753 2944 4802 vocatur.
2975 4745 3080 4801 Sed
3110 4745 3197 4801 ille
3221 4746 3274 4800 in
3304 4763 3432 4803 con-

1856 4841 2038 4912 jugio,
2067 4855 2173 4895 non
2199 4856 2230 4895 a
2260 4841 2527 4911 coniugio.
2575 4840 2681 4895 lste
2710 4854 2837 4894 vero
2865 4854 2973 4893 non
3016 4838 3069 4893 in
3113 4838 3396 4895 latrocinio
3415 4881 3431 4906 ,

1862 4932 1957 4990 sed
1981 4947 2013 4986 a
2034 4931 2340 4988 latrocinio.
2370 4916 2485 4987 Non
2507 4931 2650 4987 enim
2677 4946 2899 4988 necesse
2937 4938 3051 4995 est,
3082 4940 3142 4985 ut
3174 4931 3433 5002 conjuges

1861 5022 2110 5079 desinant
2144 5038 2262 5081 esse
2296 5020 2552 5093 conjuch
2586 5030 2804 5093 propter
2830 5021 2989 5077 ﬁdem
3023 5022 3261 5089 Christi,
3290 5025 3433 5080 sicut

1858 5126 2079 5179 necesse
2102 5119 2186 5167 est
2212 5122 2275 5167 ut
2302 5110 2542 5166 latrones
2573 5111 2823 5167 desinant
2846 5126 2966 5167 esse
2999 5112 3254 5178 latrones.

1864 5240 1869 5245 .
1930 5205 2090 5258 Vens.
2115 5202 2174 5257 2|
2190 5201 2488 5268 .—Servus,
2512 5210 2618 5257 etc.
2659 5202 2831 5272 Supra
2849 5204 3025 5273 posuit
3057 5220 3228 5260 unum
3251 5220 3433 5266 exem-

1864 5293 2008 5366 plum
2031 5293 2096 5347 de
2121 5293 2229 5347 ritu
2246 5293 2494 5359 vivendi,
2530 5292 2618 5346 hic
2647 5292 2789 5347 aliud
2814 5292 2882 5348 de
2919 5292 3222 5349 conditione
3246 5294 3428 5354 oﬂicii.

1862 5382 2033 5451 Magis
2059 5392 2217 5436 utere.
2239 5375 2372 5448 Quia
2393 5390 2595 5452 quanto
2616 5382 2738 5452 quis
2774 5391 2993 5458 propter
3017 5382 3432 5454 Deumdespec‘

1860 5474 1966 5529 tior
1979 5472 2129 5529 estin
2140 5473 2244 5528 hoc
2253 5472 2467 5546 saeculo,
2486 5480 2633 5547 tanto
2645 5460 2811 5551 magis
2824 5472 3149 5551 exaltabitur
3161 5474 3214 5527 in
3227 5468 3427 5537 futuro.

1934 5564 2097 5618 Vsus.
2126 5563 2219 5625 Ἡ,
2242 5592 2310 5603 -—
2331 5560 2592 5618 Libertus.
2640 5548 2785 5630 Quia
2821 5548 3041 5635 ereptus
3083 5548 3119 5617 ai
3156 5562 3393 5630 peccatis
3413 5599 3432 5621 .

1865 5673 1984 5728 quae
2018 5671 2201 5712 servos
2232 5655 2453 5715 faciunt.
2483 5656 2623 5727 Ergo
2650 5673 2750 5713 nec
2771 5672 2960 5729 servus
2980 5642 3312 5712 “conditione
3340 5654 3432 5708 de-

1869 5748 2258 5821 spiciatur,nec
2283 5746 2417 5823 liber
2441 5755 2655 5820 ereptus
2686 5747 3025 5825 elatussert'o
3049 5758 3105 5801 se
3132 5750 3427 5813 praeponat.
