3958 6314
580 335 682 393 551

1072 331 1464 389 WALAFBIDI
1503 330 1752 387 STRABI.
1786 329 1990 390 FULD.
2030 328 2142 386 ΜΟ]

2233 327 2386 386 ore.
2425 329 2610 387 rans.
2640 330 2681 387 ι
2722 362 2792 372 -
2827 315 3306 394 ΤΗΕοιοωοΑ.’
3634 355 3711 414 533

652 445 820 504 Vnus.
855 443 948 499 25.
971 473 1041 483 -
1059 441 1237 513 Empti
1264 445 1408 498 estis.
1456 443 1684 500 Reddite
1714 443 1900 532 _vicem
1922 482 1939 509 ,
1965 450 2027 497 nt
2054 457 2155 497 vos
2179 447 2230 506 Α
2257 459 2375 498 sum
2403 445 2575 501 audeo
2595 446 2775 502 dicere
2795 485 2813 512 ,
2838 454 2899 502 ut
2915 448 3129 518 quoties
3148 450 3421 523 voluerint,
3441 460 3624 532 nubant,
3643 485 3712 529 nec

583 540 730 597 servi
754 539 874 594 sitis
901 536 1133 603 Christi,
1161 551 1270 590 non
1310 535 1609 590 hominum.
1639 529 1862 590 Hi‘sunt
1887 535 2029 589 servi
2058 534 2155 589 bo-

587 633 825 697 minum,
855 616 945 700 qui
977 628 1232 684 humanis
1253 643 1311 682 se
1333 626 1626 697 subjiciunt
1662 627 2152 698 superstitionibus.

584 723 730 780 Servi
748 722 1035 777 hominum.
1069 720 1225 787 Quod
1247 719 1514 790 contingit
1537 719 1689 776 vobis
1715 719 1760 774 si
1787 719 1979 774 dicatis
2003 735 2017 773 :
2040 717 2156 788 Ego

582 830 700 868 sum
726 811 919 877 Pauli,
941 827 1034 882 ego
1061 809 1247 880 Apollo
1272 851 1288 876 ,
1309 817 1415 864 etc.

653 901 820 956 Vsus.
847 899 939 955 25.
963 929 1034 940 —
1051 899 1133 954 De
1154 899 1456 969 uirginibus.
1485 899 1661 955 Causa
1691 898 1835 955 illius
1857 897 2155 954 fornicato-

581 991 688 1056 ris,
721 990 788 1045 de
812 989 960 1044 omni
988 987 1350 1044 fornicatione
1375 988 1598 1042 vitanda
1621 988 1800 1043 docet.

652 1076 820 1134 Vnus.
861 1078 951 1133 26.
975 1077 1446 1135 —Necessitatem
1483 1077 1614 1132 dicit
1652 1077 1932 1148 penuriam
1972 1075 2150 1131 seculi

583 1187 746 1242 quam
793 1185 933 1240 saepe
973 1169 1257 1238 patiuntur
1295 1169 1586 1240 coniugati.
1617 1168 1858 1224 lnﬁrmis
1879 1168 2154 1223 infirmam

582 1261 850 1318 rationem
877 1260 1180 1332 przetendit.
1212 1259 1402 1318 Posset
1447 1261 1592 1315 enim
1638 1261 1935 1331 digniorem
1975 1259 2152 1317 reddi-

585 1349 730 1406 disse
774 1351 1100 1421 virginitatis
1155 1351 1448 1415 rationem,
1498 1351 1616 1420 ejus
1680 1365 1877 1406 munus
1924 1349 2154 1420 amplius

585 1440 1030 1496 commendando.
1057 1439 1474 1509 Supergreditur
1497 1442 1642 1496 enim
1667 1441 1947 1512 virginitas
1973 1440 2155 1495 condi-

583 1528 785 1584 tionem
817 1530 1065 1585 humanae
1094 1539 1298 1584 natura:
1317 1571 1331 1594 ,
1360 1545 1458 1600 per
1484 1545 1646 1599 quam
1674 1531 1919 1585 homines
1949 1529 2156 1599 angelis

584 1619 978 1678 assimilantur.
1035 1619 1201 1690 Major
1249 1630 1430 1676 tamen
1473 1621 1699 1676 victoria
1755 1622 2021 1692 virginum
2073 1628 2156 1675 est

584 1725 745 1777 quam
772 1711 1104 1782 angelorum.
1149 1712 1336 1784 Angeli
1379 1713 1524 1768 enim
1569 1713 1684 1769 sine
1732 1728 1896 1770 carne
1931 1715 2152 1779 vivunt,

581 1801 818 1869 virgines
840 1817 970 1857 vero
996 1802 1052 1856 in
1077 1817 1240 1858 carne
1267 1805 1618 1874 triumphant.

651 1891 815 1948 Vsus.
862 1893 952 1948 9.9.
973 1892 1181 1949 —-Hoc
1213 1896 1387 1966 itaque
1421 1896 1555 1950 dico.
1588 1897 1688 1952 Hic
1733 1898 1801 1953 ad
1847 1905 2150 1968 temperan-

579 1985 710 2040 tiam
744 1993 963 2052 monet,
1004 1987 1159 2056 quasi
1187 1987 1390 2042 diceret
1421 2005 1434 2041 :
1465 1986 1694 2056 Quando
1717 1986 2145 2058 conjungemini,

579 2081 639 2126 ut
665 2072 718 2127 id
746 2072 861 2128 sine
888 2082 1111 2143 peccato
1135 2075 1309 2144 possit
1333 2073 1481 2140 ﬁeri;
1519 2076 1622 2130 hoc
1648 2076 1929 2133 consilium
1959 2076 2027 2131 do
2051 2091 2147 2129 vo-u

578 2162 666 2218 bis
684 2203 698 2228 ,
730 2172 790 2217 ut
815 2163 912 2232 qui
939 2163 1139 2219 habent
1166 2161 1436 2237 Tanquam
1487 2180 1591 2219 non
1619 2164 1862 2220 habentes
1891 2165 2012 2220 sint.
2036 2164 2149 2222 Ηοε

579 2253 714 2308 facit
741 2253 832 2323 qui
861 2254 1068 2309 habens
1090 2269 1311 2309 uxorem
1331 2295 1346 2321 ,
1373 2255 1546 2310 reddit
1574 2262 1629 2310 et
1654 2271 1761 2311 non
1804 2256 1970 2326 exigit
1999 2254 2150 2316 debir-

579 2348 724 2407 tum;
767 2342 860 2412 qui
892 2352 1114 2414 propter
1138 2343 1512 2399 inﬁrmitatem
1537 2347 1810 2416 propriam
1840 2346 1986 2400 ducit
2019 2361 2148 2401 uxo-

577 2448 692 2488 rem
716 2474 729 2500 ,
759 2433 1020 2508 plangens
1054 2435 1235 2504 potius
1262 2437 1386 2506 quia
1414 2437 1530 2493 sine
1571 2453 1741 2493 uxore
1767 2452 1887 2495 esse
1914 2453 2022 2492 non
2051 2453 2148 2508 po-

577 2523 714 2588 tuit,
740 2539 900 2593 quam
928 2525 1166 2598 gaudens
1188 2527 1314 2595 quia
1337 2526 1513 2595 duxit,
1537 2537 1592 2584 et
1622 2529 1858 2590 maxime
1881 2531 2004 2600 quia
2028 2531 2146 2600 pari

577 2631 850 2671 consensu
873 2616 1258 2673 continentiam
1297 2627 1536 2674 servant.
1566 2621 1816 2676 Beatiora
1853 2636 1984 2680 sane
2008 2637 2144 2678 con-

573 2707 724 2779 jugia
753 2707 1036 2764 indicanda
1074 2717 1218 2775 sunt,
1243 2725 1362 2781 quae
1390 2711 1502 2766 sive
1530 2711 1656 2766 ﬁliis
1683 2713 2008 2782 procreatis,
2032 2713 2147 2770 sive

576 2798 726 2867 prole
752 2807 1057 2872 contempta
1083 2800 1470 2856 continentiam
1492 2801 1613 2872 pari
1639 2817 1906 2864 consensu
1927 2818 2148 2864 servare

577 2900 889 2961 potuerunt.

649 2981 812 3037 Vens.
842 2980 933 3037 54.
953 3011 1024 3022 —-
1043 2981 1277 3053 Cogitat,
1324 2989 1430 3038 etc.
1480 2981 1608 3038 Hmc
1649 2983 1792 3038 cnim
1822 2983 1890 3039 de
1917 2983 2143 3039 damna-

577 3071 724 3126 tione
747 3087 855 3126 non
885 3072 1080 3128 timens
1107 3081 1163 3128 et
1188 3074 1253 3128 de
1285 3074 1457 3129 salute
1481 3087 1691 3140 secura,
1719 3076 1918 3146 cogitat
1939 3084 2142 3130 tantum

2258 549 2326 590 ex
2353 535 2516 591 corde
2543 551 2666 593 meo
2691 537 2956 607 quaslibet
3001 542 3215 611 nuptias
3253 547 3586 609 condemnare.
3607 557 3717 625 Quod

2257 625 2458 682 dicitur
2478 629 2703 684 univirae
2722 669 2746 696 μ
2770 631 2873 686 hoc
2895 633 3045 688 omni
3069 635 3258 692 viduae.

2297 751 2304 759 -
2329 718 2491 775 Vsus.
2523 719 2614 774 40.
2637 751 2709 762 -—
2732 721 2966 791 Bcation,
2997 732 3106 780 etc.
3149 726 3285 785 Satis
3315 737 3525 791 ostsridit
3559 739 3718 800 beatam

2255 821 2378 864 esse
2411 808 2573 866 etiam
2603 819 2726 882 post
2769 821 3001 869 mortem
3029 814 3131 871 viri
3163 816 3348 875 iterum
3370 825 3615 884 nubentem
3631 831 3718 889 lide-

2254 897 2392 966 lem,
2415 899 2510 955 sed
2528 900 2826 959 beatiorem
2843 918 2949 959 non
2971 905 3286 966 nubentem.
3304 909 3433 968 Puto
3456 926 3616 972 om.
3635 920 3721 977 Non.

2257 995 2466 1054 dubitat
2491 995 2823 1064 Apostolus,
2841 999 2937 1055 sed
2964 1007 3352 1071 contemptores
3379 1005 3719 1078 increpat,_stet

2254 1085 2515 1140 Dominus
2547 1084 2735 1142 dicens
2763 1103 2780 1140 :
2808 1085 2868 1144 Si
2910 1105 2992 1143 me
3018 1091 3244 1158 sciretis,
3275 1093 3478 1162 forsitan
3502 1108 3543 1152 et
3564 1097 3720 1154 Patren

2253 1191 2425 1229 meum
2464 1176 2666 1231 sciretis
2687 1188 2708 1230 :
2736 1176 2833 1233 Vel
2851 1218 2866 1245 ,
2897 1178 3064 1234 Putas
3091 1181 3306 1238 inveniet
3342 1185 3484 1252 ﬁdem
3519 1187 3566 1241 in
3595 1191 3719 1248 terra!

2254 1266 2417 1323 verbo
2444 1266 2798 1330 dubitationis
2827 1268 3195 1328 inﬁdelitatem
3221 1274 3412 1347 arguit.

2833 1401 3062 1458 CAPUT
3104 1404 3228 1461 Vill.

2321 1530 2488 1586 Vnus.
2512 1533 2564 1587 1.
2587 1563 2658 1572 -
2678 1532 3058 1606 ΒοηΙιὶειριιεεὶ
3077 1535 3218 1592 dicat
3233 1555 3248 1592 :
3262 1538 3402 1594 scitis
3424 1553 3554 1610 aeque
3573 1557 3622 1597 ac
3636 1557 3720 1613 ego,

2252 1625 2390 1694 quod
2436 1625 2562 1681 licet
2585 1642 2648 1682 ca
2677 1628 2994 1695 comedere;
3041 1631 3166 1704 quia
3194 1645 3374 1687 omnes
3398 1632 3630 1688 scientiam
3651 1635 3716 1690 bt-

2251 1715 2458 1772 bemus.
2487 1716 2601 1774 Hoc
2625 1719 2692 1774 de
2720 1720 2807 1776 bis
2827 1720 2958 1775 dicit
2983 1722 3074 1790 qui
3100 1722 3356 1778 habentes
3376 1723 3616 1778 scientiam
3635 1740 3722 1780 cum

2176 1799 2576 1866 Boﬁendiculo
2599 1812 2850 1867 edebant.
2883 1811 3028 1880 Quos
3062 1814 3296 1884 primum
3320 1815 3507 1885 arguit,
3528 1831 3608 1870 nec
3627 1815 3717 1870 sull‘r
3766 1862 3771 1878 ,

2248 1900 2455 1956 cienter
2479 1901 2622 1957 scire
2651 1903 2802 1958 dicit.
2824 1903 2941 1963 Alii.
2955 1916 3138 1960 autem
3162 1905 3332 1977 ignari
3351 1906 3443 1961 sub
3459 1906 3724 1962 veneratione-

2247 1990 2374 2047 idoli
2402 1995 2778 2050 comedebant.

2319 2081 2550 2142 Scientia
2591 2085 2766 2154 inﬂat.
2795 2084 2901 2141 Per
2943 2100 3002 2142 se
3051 2087 3255 2146 inutilis
3293 2093 3373 2145 est
3397 2086 3724 2153 scientia,,eun

2248 2174 2513 2234 cbaritate
2537 2177 2708 2233 utilis.
2735 2177 2842 2235 Per
2890 2193 2950 2236 se
2998 2180 3152 2238 inﬂat
3174 2182 3230 2237 in
3256 2180 3560 2253 superbiam,
3584 2188 3629 2233 ut
3647 2179 3717 2233 da-

2245 2281 2439 2326 mones
2460 2268 2552 2338 qui
2577 2268 2771 2325 Graeco
2803 2271 3021 2327 nomine
3049 2287 3080 2328 a
3112 2273 3335 2328 scientia
3361 2273 3435 2328 sic
3463 2277 3572 2328 sunt
3597 2269 3716 2324 nomi-

2245 2360 2378 2414 nati.
2411 2359 2641 2430 Propter
2667 2363 2956 2418 elationem
3004 2366 3252 2422 scientize
3295 2365 3636 2436 reprimendum
3654 2362 3717 2415 da-

2246 2457 2334 2506 tus
2363 2459 2446 2505 cst
2470 2451 2651 2509 Paulo.
2679 2453 2946 2511 stimulus.
2993 2455 3184 2512 Melius
3221 2465 3305 2513 est
3351 2457 3479 2512 scire
3512 2451 3716 2511 inﬁrmitas

2249 2548 2356 2595 tem
2385 2550 2653 2609 nostram,
2685 2559 2847 2613 quam
2874 2553 3103 2603 naturas
3119 2561 3296 2602 rerum
3322 2563 3337 2614 ;
3363 2546 3489 2600 hanc
3516 2541 3716 2599 scientiam

2246 2634 2336 2703 qui
2363 2635 2610 2705 apponit,
2644 2639 2869 2708 apponit
2896 2639 3136 2696 dolorem
3163 2639 3578 2713 peregrinationis
3595 2653 3646 2693 es
3661 2635 3720 2690 dea

2247 2725 2446 2784 siderio
2479 2727 2690 2799 patriae.

2315 2817 2481 2873 Vnus.
2511 2817 2548 2871 5
2587 2847 2652 2858 -—
2681 2817 2890 2890 Siquis
2913 2823 3282 2895 autent-diligit
3309 2822 3482 2878 Deum.
3505 2820 3584 2875 Hic
3605 2815 3724 2885 diligit

2245 2908 2458 2976 Deum,
2479 2910 2585 2980 qui
2626 2911 2911 2967 charitatis
2958 2928 3122 2968 causa
3171 2915 3441 2971 scientiam
3480 2912 3720 2980 mitigant"

2244 3001 2417 3071 prosit
2443 3000 2598 3056 fratri
2639 3016 2739 3071 pro
2766 3017 2874 3073 quo
2903 3002 3156 3061 Christus
3181 3013 3423 3062 mortuus
3447 3011 3534 3059 est.

2318 3094 2483 3148 Vsus.
2511 3093 2566 3148 4.
2588 3093 2756 3150 -Ιὶε
2794 3096 2945 3150 escis.
2979 3095 3290 3167 Vituperaln
3334 3096 3535 3152 scientia
3565 3104 3720 3150 eorum,

581 3177 702 3232 qua:
732 3161 942 3218 Domini
982 3173 1124 3218 sunt.
1160 3161 1227 3217 Ut
1258 3165 1324 3218 sit
1353 3176 1534 3219 sancta
1555 3206 1568 3231 ,
1597 3173 1702 3220 etc.
1738 3143 1849 3221 Hoc
1873 3174 1926 3220 et
1947 3174 2142 3235 nupta,

2252 3182 2469 3237 tandem
2494 3183 2669 3252 aperit
2690 3199 2810 3254 quae
2839 3192 2923 3240 est
2951 3200 3015 3241 ea
3045 3143 3209 3247 vetra.
3228 3187 3430 3241 Idolum
3469 3182 3576 3239 nihil
3607 3189 3660 3234 est
3686 3179 3725 3229 in-

577 3252 671 3307 scd
707 3251 936 3323 amplius
985 3253 1239 3324 innupta,
1289 3269 1409 3324 quae
1442 3255 1614 3311 libera
1657 3272 1687 3311 a
1732 3257 2146 3313 necessitatibus

575 3343 861 3400 mundanis
880 3385 895 3412 ,
920 3345 1115 3415 quibus
1139 3348 1364 3403 astricta
1380 3358 1462 3404 est
1481 3357 1647 3419 nupta
1664 3389 1681 3417 ,
1709 3348 1970 3406 intcnsius
1990 3358 2145 3408 vacat

575 3434 882 3492 ctelestibus
917 3438 1230 3507 praeceptis.

645 3528 812 3583 Vens.
859 3529 1041 3583 55.-
1063 3529 1186 3584 Non
1215 3540 1271 3585 ut
1296 3529 1557 3603 laqueum.
1596 3533 1702 3588 Sed
1739 3533 1805 3587 ad
1837 3534 1889 3588 id
1918 3534 2149 3592 tendens

574 3617 694 3673 dico
709 3656 729 3686 ,
747 3621 890 3688 quod
909 3620 1192 3676 honestum
1215 3629 1328 3688 est,
1359 3633 1417 3678 ut
1437 3624 1596 3679 homo
1620 3625 1691 3678 sit
1715 3634 1896 3680 castus
1919 3640 2143 3694 corpore

572 3715 630 3764 et
662 3710 841 3764 animo
860 3726 1002 3776 ,non
1028 3711 1169 3780 quod
1207 3721 1362 3783 turpe
1401 3714 1472 3768 sit
1509 3713 1847 3785 conjugium,
1879 3715 1969 3770 sed
1999 3715 2142 3784 quod

575 3796 679 3854 hoc
706 3799 988 3855 honestius
1013 3809 1068 3854 et
1095 3800 1406 3857 facilitatem
1434 3805 1627 3859 habeat
1651 3805 1818 3860 Deum
1841 3806 2046 3861 orandi.

643 3888 809 3944 Vsus.
838 3889 930 3945 56.
964 3921 1032 3930 —-
1055 3891 1254 3962 Siquis
1277 3904 1483 3960 autent,
1513 3903 1619 3952 etc.
1651 3895 1803 3951 Sicut
1824 3897 1888 3952 de
1921 3897 2138 3970 virgini-

573 3977 673 4033 bus
707 3977 1111 4046 determinavit,
1138 3982 1216 4037 sic
1236 3981 1304 4038 de
1330 3985 1639 4040 custodibus
1667 3986 2012 4042 determinat.

644 4065 806 4121 Vsus.
834 4067 921 4123 58.
942 4099 1015 4110 --
1039 4068 1232 4126 Melius
1261 4071 1408 4141 facit.
1439 4073 1572 4141 Quia
1604 4076 1743 4147 apud
1784 4077 1950 4132 Deum
1970 4118 1985 4144 ,
2019 4092 2136 4134 me-

570 4157 734 4212 ritum
760 4157 832 4212 illi
855 4159 1102 4225 collocat,
1126 4170 1180 4215 et
1203 4178 1233 4216 a
1256 4163 1436 4218 saeculi
1470 4164 1827 4221 sollicitudine
1851 4166 2044 4222 liberat
2069 4167 2134 4220 il-

568 4248 695 4302 lam.
723 4249 790 4302 Et
817 4249 936 4304 ideo
964 4260 1110 4306 recte
1139 4253 1215 4306 ait
1239 4267 1253 4306 :
1277 4253 1465 4310 Melius
1491 4264 1575 4310 est
1601 4257 1744 4312 enim
1773 4263 1915 4326 quod
1939 4258 2064 4313 licet
2083 4265 2138 4313 et

567 4337 812 4406 expedit,
845 4355 1005 4408 quam
1033 4342 1175 4410 quod
1210 4342 1332 4397 licet
1366 4352 1420 4398 et
1448 4361 1554 4399 non
1589 4347 1821 4415 expedit.

647 4427 804 4482 Vnus.
861 4430 1257 4487 59.—Mulier
1300 4434 1537 4505 alligata.
1588 4437 1806 4494 Dixerat
1851 4441 2130 4496 mulierem

517 4537 520 4540 ’
569 4534 730 4575 causa
769 4520 1136 4579 fornicationis
1181 4539 1212 4578 a
1253 4525 1371 4580 viro
1414 4527 1755 4583 recedentem
1803 4545 2023 4587 manere
2054 4532 2136 4589 in-

568 4618 822 4680 nuptam,
851 4620 941 4666 aut
971 4612 1089 4669 viro
1117 4629 1216 4670 suo
1245 4616 1616 4683 reconciliari,
1661 4626 1717 4673 et
1745 4634 1852 4674 non
1889 4621 2132 4689 dixerat,

569 4714 637 4752 an
665 4710 908 4756 maneret
929 4710 1039 4759 toto
1063 4713 1304 4775 tempore
1323 4707 1448 4762 vitae
1470 4722 1609 4775 suae,
1634 4723 1699 4764 an
1725 4720 1963 4782 tempore
1989 4713 2089 4766 viri
2113 4729 2128 4780 ;

563 4789 667 4844 hoc
698 4806 826 4860 ergo
847 4793 1189 4852 determinat.
1219 4796 1403 4866 Itaque
1425 4799 1573 4870 virgo
1594 4815 1806 4871 semper
1826 4811 2006 4872 potest
2032 4821 2132 4861 nu-

559 4880 694 4935 bere
719 4883 804 4936 cui
833 4885 976 4950 vult,
1023 4887 1117 4942 sed
1156 4889 1370 4956 mulier,
1414 4891 1465 4946 id
1496 4900 1579 4946 est
1619 4894 1900 4964 coniugata
1924 4935 1940 4960 ,
1967 4896 2129 4951 etiam

563 4985 726 5026 causa
757 4971 1132 5032 fornicationis
1169 4979 1387 5035 dimissa
1407 5021 1430 5046 ,,
1455 4990 1512 5036 et
1539 4990 1786 5051 separata
1813 4999 1842 5040 a
1872 4985 1988 5040 viro
2008 4988 2132 5051 ,vi-

560 5070 722 5117 vente
764 5064 880 5118 viro
925 5066 1136 5137 alligata
1167 5078 1250 5124 est
1275 5070 1412 5139 legi,
1439 5080 1544 5127 etc.
1589 5073 1743 5139 Quod
1771 5076 1816 5127 si
1842 5075 2130 5135 dormierit.

562 5147 682 5208 Non
725 5155 888 5221 dicit,
921 5158 1153 5227 primus,
1185 5162 1270 5216 vel
1315 5164 1614 5228 secundus,
1647 5165 1731 5218 vel
1761 5176 1989 5236 quotus,
2029 5185 2130 5225 nec

564 5243 709 5297 enim
735 5247 888 5303 nobis
913 5249 1271 5307 diliinicndum
1293 5257 1434 5324 quod
1457 5272 1560 5310 non
1585 5257 1774 5312 ditlinit
1800 5259 2086 5329 Apostolus
2111 5282 2124 5319 :

567 5337 710 5391 unde
741 5355 840 5394 nec
865 5341 1001 5396 ullas
1031 5343 1199 5399 debeo
1228 5348 1486 5402 damnare
1516 5351 1758 5418 nuptias,
1793 5368 1892 5407 nec
1926 5355 2004 5408 eis
2036 5370 2124 5409 ve-

560 5429 874 5484 recundiam
937 5436 1297 5490 numerositas
1357 5437 1576 5494 inferre.
1641 5443 1898 5498 Dominus
1946 5454 2125 5501 autem

564 5520 945 5592 septemvirum
975 5542 1081 5583 non
1105 5529 1344 5595 damnat,
1369 5545 1467 5587 nec
1487 5533 1616 5587 dicit
1643 5535 1695 5588 in
1733 5539 2128 5594 resurrectione

562 5627 667 5663 non
696 5626 852 5683 posse
876 5630 1016 5671 esse.
1061 5615 1170 5694 sed
1217 5626 1425 5674 tantum
1463 5638 1476 5673 :
1508 5638 1670 5692 neque
1705 5625 1931 5690 nubent,
1966 5645 2126 5698 neque

562 5701 837 5758 uubcntttr.
867 5704 1018 5763 Unde
1039 5722 1139 5764 nec
1166 5717 1352 5764 contra
1383 5710 1629 5768 humana:
1650 5717 1988 5773 verecundia:
2011 5731 2125 5774 seno

2247 3274 2464 3329 mundo.
2507 3274 2563 3329 1d
2611 3283 2723 3342 est,
2773 3277 2914 3332 inter
2955 3288 3238 3336 creaturas
3284 3279 3476 3334 mundi.
3519 3273 3720 3331 Materiam

2247 3365 2393 3419 enim
2418 3364 2561 3421 Deus
2585 3364 2864 3434 formavit,
2894 3371 2987 3425 sed
3019 3371 3248 3427 stultitia
3273 3371 3528 3428 hominum
3561 3364 3726 3420 formam

2245 3455 2413 3511 dedit.
2440 3455 2784 3527 Quaecunque
2810 3459 2954 3515 enim
2981 3468 3106 3516 sunt
3129 3463 3184 3517 in
3211 3460 3491 3525 creaturis,
3513 3456 3624 3512 facta
3640 3457 3727 3507 sunt

2243 3561 2343 3617 per
2372 3549 2631 3604 Verbum.
2669 3549 2775 3605 Sed
2823 3549 2995 3606 forma
3029 3552 3268 3611 hominis
3296 3554 3350 3608 in
3391 3550 3518 3607 idolo
3555 3560 3638 3601 non
3669 3545 3725 3594 est

2243 3641 2383 3695 facta
2411 3655 2509 3710 per
2532 3641 2787 3708 Verbum,
2822 3644 2960 3698 sicut
2988 3660 3086 3700 nec
3116 3653 3398 3716 peccatum
3421 3657 3509 3714 per
3532 3637 3720 3696 Verbum.

2247 3731 2358 3787 Sed
2393 3744 2478 3788 est
2515 3733 2692 3799 nihil,
2738 3743 2792 3789 et
2821 3735 2954 3789 nihil
2984 3735 3118 3790 ﬁunt
3146 3737 3389 3792 homines
3413 3747 3521 3789 cum
3545 3729 3721 3800 peccante

2253 3823 2368 3880 Nisi
2398 3841 2549 3881 unus.
2581 3823 2696 3881 Hoc
2725 3825 2856 3879 dicit
2876 3839 2944 3881 ne
2971 3834 3190 3896 putetur
3234 3828 3377 3883 Deus
3401 3837 3511 3882 esse
3544 3821 3588 3875 in
3611 3812 3728 3872 idolo.

2313 3915 2478 3971 Vsus.
2507 3917 2560 3972 ὕ.
2586 3948 2655 3957 -
2677 3915 2736 3972 Si
2759 3918 2968 3988 quidem
2995 3932 3113 3974 sunt
3141 3921 3217 3973 dii
3248 3927 3412 3974 mum.
3443 3915 3494 3970 Id
3517 3918 3584 3968 est
3604 3903 3724 3979 genti~

2246 4009 2348 4065 bus
2375 4009 2560 4080 plures
2592 4027 2606 4064 :
2637 4026 2774 4081 quos
2803 4019 2970 4068 terret
2997 4012 3140 4068 Deus
3175 4021 3376 4078 noster,
3407 4009 3457 4064 id
3486 4013 3558 4063 est
3586 4003 3728 4057 dumos

2240 4115 2338 4155 nes
2386 4101 2479 4169 qui
2521 4100 2765 4157 volentes
2793 4102 2963 4157 videri
3013 4101 3087 4156 dii
3135 4103 3236 4158 sibi
3283 4103 3491 4172 exigunt
3523 4107 3618 4164 qum
3637 4097 3726 4140 τετυ

2243 4190 2352 4245 Deo
2383 4191 2662 4255 debentur,
2696 4207 2851 4258 aras,
2883 4191 3182 4259 sacriﬁcia,
3215 4201 3269 4249 et
3305 4192 3425 4250 alia.
3451 4185 3617 4244 Noster
3637 4186 3725 4231 vero

2241 4281 2489 4336 homines
2512 4282 2641 4336 deos
2669 4281 2818 4337 facit.

2315 4369 2479 4425 Vnus.
2514 4371 2566 4425 6.
2619 4403 2690 4412 —
2722 4372 2884 4428 Deus.
2931 4373 3127 4430 Tribus
3174 4375 3348 4431 modis
3397 4373 3528 4428 Deus
3569 4361 3722 4421 dicitur.

2163 4492 2214 4551 Β
2245 4461 2590 4517 Substantive
2611 4463 2811 4517 dicitur
2839 4465 2998 4530 Deus,
3034 4464 3302 4522 Trinitas.
3324 4461 3581 4532 Adoptive,
3606 4445 3725 4551 saltm

2241 4552 2331 4621 qui
2382 4567 2479 4621 per
2504 4551 2808 4622 adoptionis
2849 4556 3078 4623 gratiam
3127 4559 3199 4612 dii
3233 4566 3372 4612 sunt.
3416 4544 3722 4619 Nuncupative.

2241 4646 2509 4700 daemones
2543 4652 2599 4699 et
2634 4644 2795 4700 idola.
2823 4645 2910 4700 Ea:
2934 4664 3057 4717 quo.
3083 4648 3277 4704 Omnia
3303 4665 3334 4703 a
3375 4647 3542 4711 Patre,
3574 4639 3645 4695 scd
3662 4644 3725 4704 ller

2237 4733 2435 4788 Filium
2479 4743 2660 4788 creata
2711 4743 2855 4790 sunt.
2899 4733 3009 4791 Nec
3051 4737 3154 4793 alia
3197 4754 3292 4808 per
3324 4738 3526 4802 Filium,
3557 4729 3639 4786 alia
3661 4733 3724 4794 νει

2235 4822 2472 4890 Patrem,
2510 4825 2604 4880 sed
2643 4825 2830 4880 eadem
2871 4842 2885 4878 :
2917 4825 3152 4897 alioquin
3189 4830 3303 4900 jam
3353 4843 3453 4883 non
3485 4821 3633 4880 omnia
3662 4825 3726 4882 per

2234 4911 2472 4979 Patrem,
2501 4929 2600 4968 nec
2624 4915 2802 4968 omnia
2830 4931 2926 4986 per
2948 4915 3180 4983 Filium;
3221 4918 3266 4988 si
3292 4927 3465 4972 autem
3498 4908 3645 4968 omnia
3661 4913 3726 4973 ll"

2233 5003 2473 5069 Patrem,
2503 5013 2556 5059 et
2579 5007 2754 5060 omnia
2779 5023 2877 5076 per
2913 5009 3104 5064 Filium
3129 5027 3150 5076 ;
3190 5026 3320 5081 ergo
3350 5010 3523 5064 eadem
3548 5015 3628 5074 per
3660 4994 3724 5048 1’3‘

2234 5101 2373 5147 trem
2402 5109 2520 5162 quae
2541 5101 2594 5150 et
2613 5111 2712 5164 per
2735 5095 2929 5151 Filium
2952 5097 3090 5153 facta
3122 5109 3249 5154 sunt
3272 5116 3286 5164 ;
3319 5095 3526 5167 aequalis
3549 5096 3617 5146 est
3637 5093 3725 5152 ergo

2232 5182 2598 5250 Patri-Filius,
2628 5195 2681 5241 et
2725 5188 3099 5258 inseparabilis
3134 5192 3375 5261 operatio
3401 5195 3657 5253 utriusque.
3679 5172 3725 5227 Ει

2232 5289 2390 5327 unus.
2426 5275 2502 5329 De
2531 5274 2747 5331 Christo
2767 5294 2864 5347 pro
2888 5280 3219 5335 humanitate
3248 5282 3446 5346 subdit,
3473 5275 3554 5333 sed
3578 5273 3629 5327 de
3647 5263 3726 5334 δβί·

2235 5361 2342 5416 ritu
2380 5373 2566 5420 sancto
2594 5382 2698 5420 non
2725 5370 2976 5436 oportuit.

2306 5453 2467 5509 Vens.
2496 5455 2549 5508 7.
2574 5487 2643 5496 -
2672 5455 2955 5514 Polluitur.
2988 5461 3092 5517 Per
3110 5463 3228 5519 illos
3251 5447 3451 5518 scilicet
3477 5457 3556 5529 qui
3580 5448 3725 5509 habent

2234 5542 2516 5598 scientiam
2551 5547 2710 5602 unius
2744 5549 2860 5616 Dei,
2911 5553 3003 5606 sed
3053 5569 3158 5607 non
3201 5568 3324 5608 cum
3370 5550 3623 5608 charitate,
3659 5547 3724 5608 ρετ

2233 5647 2370 5702 quos
2411 5632 2464 5687 in
2511 5633 2654 5689 hunc
2685 5650 2923 5693 errorem
2971 5641 3169 5696 inﬁrmi
3219 5642 3601 5700 inducebantur,
3634 5640 3725 5699 qut?

2233 5739 2354 5780 rum
2403 5741 2510 5781 non
2537 5723 2690 5784 cibus
2718 5729 2989 5799 polluitur,
3021 5734 3112 5790 sed
3144 5733 3479 5791 conscientia.
