3958 6314
219 363 319 421 553

1090 341 1358 403 GLOSSA
1395 333 1787 396 ORDINARIA.
1825 362 1896 376 —-
1931 333 2150 389 EPIST.
2189 333 2208 387 1
2244 336 2335 390 AD
2370 334 2528 390 COR.

3337 325 3440 384 534

292 471 444 526 Vens.
469 467 562 527 12.
591 496 661 507 -
699 462 765 518 In
805 460 1090 523 Christum.
1133 455 1190 512 In
1221 453 1490 511 Christum
1525 461 1770 520 peccare,
1801 452 1851 512 Α
1877 445 1949 500 ita
1974 445 2447 515 evangelizavero,
2493 462 2594 500 non
2636 453 2710 498 est
2751 445 2876 497 mihi
2917 442 3118 514 gloria;
3156 443 3278 514 quia
3313 423 3440 498 tunc

221 573 300 620 est
325 561 594 618 Christum
614 556 832 626 negare.

814 684 1040 743 CAPUT
1069 683 1161 739 ιχ.

292 806 446 883 Vens.
477 824 525 879 1.
554 853 626 864 -—
666 821 788 877 Non
815 836 931 875 sum
972 817 1119 872 liber.
1148 813 1337 886 Incipit
1372 828 1429 870 se
1473 822 1773 882 proponere

221 919 275 973 in
317 913 631 985 exemplum,
682 920 742 967 ut
789 911 929 966 sicut
974 909 1090 978 ipse
1134 905 1366 960 abstinet
1406 917 1436 956 a
1481 899 1644 955 licitis
1676 913 1774 969 pro

225 1003 464 1062 seandalo
493 1003 744 1068 fratrum,
790 1001 863 1055 ita
908 1007 963 1054 et
987 997 1080 1052 illi.
1115 995 1276 1064 Quasi
1318 993 1562 1047 diceret:
1593 989 1774 1044 Absti-

223 1104 336 1151 uete
362 1094 429 1148 ab
453 1094 555 1149 hoc
583 1092 732 1148 licito
752 1131 768 1158 ,
801 1091 925 1161 quia
956 1103 1055 1158 ego
1085 1086 1254 1141 habeo
1296 1083 1598 1138 libertatem
1632 1077 1776 1158 acci-

220 1186 388 1256 piendi
414 1184 696 1254 stipendia,
740 1191 795 1239 et
824 1193 998 1237 tamen
1033 1192 1139 1232 non
1169 1175 1395 1246 accipio.
1431 1172 1548 1227 Etsi
1589 1171 1668 1241 sic
1690 1169 1773 1224 in-

218 1275 428 1328 ductum
462 1274 551 1339 sit,
595 1271 826 1336 intendit
871 1280 1049 1323 tamen
1076 1279 1136 1320 se
1178 1263 1531 1334 comprobare
1560 1269 1775 1330 aposto-

219 1363 351 1427 lum,
402 1361 530 1432 quia
571 1361 852 1416 occasione
884 1352 1450 1427 pseudoapostolorum
1492 1352 1672 1406 minus
1711 1348 1777 1404 de

215 1467 275 1506 eo
310 1460 596 1507 senserunt
630 1449 914 1507 Corinthii.

282 1539 441 1596 Vens.
474 1540 530 1596 4.
558 1571 625 1580 -
656 1539 930 1611 Nunquid,
959 1547 1064 1594 etc.
1113 1533 1324 1608 (Βεω.)
1354 1532 1605 1590 Permisit
1633 1531 1777 1586 enim

218 1631 488 1698 Dominus,
537 1646 642 1686 non
669 1631 851 1702 jussit,
891 1639 1022 1696 etc.,
1062 1644 1222 1698 usque
1245 1626 1313 1680 ad
1355 1634 1593 1695 potestas
1617 1622 1779 1694 igitur

215 1732 310 1786 est,
351 1738 457 1777 non
495 1721 666 1791 jussio
708 1722 937 1787 Domini,
980 1720 1224 1790 accipere
1262 1725 1527 1785 sumptus.

1873 547 2015 593 esset
2035 552 2132 608 pro
2159 538 2500 603 necessitate,
2529 535 2653 606 quia
2684 552 2782 600 ore,
2811 535 2862 589 id
2899 541 3002 601 est,
3042 534 3268 604 penuria
3300 544 3442 588 esset

1871 629 2011 684 sicut
2045 627 2524 700 pseudoapostolis.
2557 627 2875 693 Necessitas,
2899 624 3058 694 hujus
3086 626 3209 680 vita:
3229 635 3440 680 susten—

1874 719 2066 774 tandze.
2101 719 2212 774 Vw.
2241 719 2375 786 Quia
2405 720 2543 774 unde
2564 719 2736 773 vivam
2769 734 2872 773 non
2899 719 3089 772 habeo.

1946 812 2105 867 Vens.
2148 810 2228 864 17.
2259 841 2324 850 -
2356 809 2418 864 Si
2439 810 2572 864 enim
2603 797 2795 864 volens.
2826 807 2957 875 Quia
2981 825 3044 864 ex
3067 807 3338 862 voluntate
3359 817 3444 862 est

1872 919 2099 959 merces.
2132 901 2422 958 Videamus
2467 901 2756 971 quomodo,
2787 901 2993 956 scilicet
3033 899 3076 954 si
3107 899 3181 952 ita
3219 913 3287 953 ex
3313 897 3442 953 dile-

1874 993 2053 1048 ctione
2075 989 2236 1047 facio.
2265 999 2324 1045 ut
2344 990 2526 1060 potius
2568 989 2743 1059 patiar
2764 989 3043 1045 penuriam
3066 1001 3226 1057 quam
3251 986 3447 1040 abutar

1873 1091 2157 1154 potestate.
2201 1081 2261 1137 Si
2289 1091 2462 1136 autem
2487 1081 2695 1136 invitus.
2729 1079 2800 1137 Ut
2840 1081 2980 1149 quod
3007 1079 3326 1133 necessitate
3356 1091 3448 1130 co-

1874 1187 1992 1243 gar,
2033 1171 2152 1226 aliis
2193 1170 2442 1241 prodere,
2493 1176 2554 1224 at
2598 1183 2705 1224 non
2748 1168 2900 1223 mihi.
2930 1167 3262 1239 Dispensatio
3293 1168 3440 1221 mihi.

1875 1263 1973 1318 Hic
2019 1262 2346 1334 dispensatio
2396 1261 2518 1318 talis
2564 1261 2904 1332 intelligitur,
2950 1271 3010 1317 ut
3057 1263 3210 1333 quasi
3238 1275 3446 1317 servus

1875 1355 2105 1410 alienum
2145 1369 2365 1409 censum
2410 1353 2721 1425 dispenset,
2770 1354 2910 1408 unde
2940 1353 3054 1422 ipse
3095 1353 3229 1408 nihil
3267 1353 3446 1424 capiat

1874 1455 2070 1518 praeter
2092 1446 2315 1501 cibaria.
2345 1444 2486 1501 Alibi
2514 1446 2851 1516 dispensator
2871 1444 3067 1499 dicitur
3096 1444 3185 1513 qui
3215 1451 3274 1498 ut
3303 1443 3444 1499 ﬁlius

1876 1540 2146 1594 ministrat
2194 1538 2540 1608 Evangelium
2589 1538 2976 1593 colueredibus.
3026 1536 3143 1592 Non
3189 1536 3448 1591 debemus

1877 1631 1997 1687 ideo
2027 1631 2396 1702 evangelizare
2419 1671 2435 1695 ,
2467 1639 2528 1684 ut
2555 1630 2968 1696 manducemus,
2996 1629 3105 1684 sed
3141 1629 3262 1684 ideo
3291 1643 3447 1682 mau-

1879 1722 2096 1789 ducare,
2125 1731 2185 1777 ut
2223 1721 2683 1792 evangelizemus;
2717 1728 2776 1774 ut
2798 1721 2951 1775 cibus
2987 1734 3094 1774 non
3135 1720 3206 1774 sit
3246 1720 3446 1775 bonum

281 1811 525 1866 Sororem
551 1811 838 1866 mulierem.
871 1809 1128 1866 Dominus
1159 1807 1488 1862 in‘comitatu
1525 1818 1622 1858 suo
1655 1818 1776 1856 mu-
1807 1800 1852 1858 Β
1881 1813 2018 1884 quod
2049 1813 2339 1882 appetitur,
2363 1813 2456 1867 sed
2492 1811 2854 1866 necessarium
2884 1809 3027 1880 quod
3067 1808 3336 1878 adjicitur.

215 1901 362 1955 lieres
389 1900 581 1956 habuit
616 1915 683 1956 ne
705 1901 1015 1954 viderentur
1040 1897 1228 1952 aliena:
1255 1912 1288 1950 a
1329 1893 1520 1960 salute,
1562 1907 1680 1963 qua:
1724 1900 1779 1947 et

214 1992 589 2051 ministrabant
612 1992 662 2047 ei
686 2009 700 2057 ;
733 1991 812 2046 sic
838 2000 891 2045 et
918 1987 1165 2060 apostoli.
1302 2049 1304 2051 ,

279 2082 438 2137 Vens.
501 2080 554 2137 6.
589 2111 656 2124 --
687 2078 969 2152 Operandi.
1018 2077 1249 2135 Verbum
1291 2073 1568 2148 ope-randi,
1607 2074 1776 2127 hone-

215 2169 342 2224 stius
367 2184 535 2239 quam
566 2168 882 2240 accipiendi.

280 2258 438 2314 Vens.
465 2260 520 2314 7.
544 2290 614 2301 -
649 2260 778 2326 Quis
826 2257 1033 2314 militat.
1067 2255 1167 2323 Ne,
1207 2256 1334 2328 quia
1364 2254 1616 2322 abstinet,
1655 2267 1779 2308 coa-

214 2347 443 2418 postolos
493 2347 902 2422 reprehendisse
933 2347 1240 2414 videretur,
1267 2345 1415 2401 addit
1457 2362 1470 2400 :
1519 2343 1647 2410 Quis
1676 2343 1779 2396 mi-

214 2439 343 2494 litat.

281 2531 523 2606 (Cnnvs.)
560 2533 688 2601 Quis
729 2532 928 2605 plantat
973 2531 1198 2598 vineam,
1246 2539 1293 2584 et
1344 2529 1406 2584 de
1452 2528 1626 2599 fructu
1668 2525 1802 2596 ejus

217 2637 314 2675 non
336 2624 438 2677 edit
461 2625 616 2679 ?Per
647 2623 775 2678 illud
799 2623 1066 2694 pericula;
1094 2623 1195 2676 hoc
1230 2629 1408 2675 autem
1452 2619 1690 2673 laborem
1726 2625 1779 2672 et

217 2711 484 2768 miseriam
509 2715 726 2769 multam
760 2723 813 2770 et
834 2729 1019 2770 curam
1047 2712 1308 2780 ostendit,
1335 2719 1390 2766 et
1415 2710 1630 2766 tertium
1653 2708 1779 2763 item

215 2801 355 2855 addit
379 2804 681 2876 exemplum
711 2805 794 2860 his
817 2804 1015 2859 verbis.

288 2890 417 2956 Quis
447 2896 634 2964 pascit,
664 2904 767 2950 etc.
808 2895 931 2965 (ln.)
961 2893 1177 2948 Multam
1204 2892 1556 2964 diligentiam,
1584 2897 1638 2944 et
1668 2904 1783 2943 ma-

221 2982 390 3049 gistro
417 2984 646 3039 debitam
673 3001 798 3056 erga
829 2985 1070 3040 subditos
1111 2985 1364 3040 ostendit.
1396 2982 1549 3052 Quod
1593 2998 1658 3038 ex
1697 2982 1782 3036 bis

214 3079 440 3138 apparet
479 3089 493 3124 :
532 3072 740 3128 Etenim
777 3074 992 3138 milites,
1042 3082 1096 3128 et
1142 3072 1409 3144 agricolze,
1453 3081 1509 3126 et
1536 3080 1782 3141 pastores

1948 1902 2108 1958 Vens.
2135 1904 2220 1959 19.
2247 1935 2317 1944 --
2337 1903 2422 1957 Ex
2443 1901 2698 1956 omnibus.
2727 1899 2963 1969 Negotiis
2988 1900 3287 1966 hominum,
3312 1898 3449 1954 nihil

1878 1992 1946 2048 ab
1973 1995 2052 2050 eis
2095 1995 2439 2064 accipiendo;
2471 1992 2736 2058 Omnium,
2763 1992 2990 2048 subaudi
3017 1991 3322 2058 hominum,
3369 2006 3449 2045 me

1877 2099 2079 2139 servum
2106 2084 2225 2153 feci,
2253 2083 2617 2155 supportando
2644 2098 2853 2148 omnes,
2873 2081 3038 2136 veluti
3059 2082 3232 2136 bonus
3255 2097 3450 2151 procu-

1879 2183 2028 2231 rator
2055 2183 2336 2247 supportat
2376 2174 2642 2238 infirmos,
2669 2173 2906 2228 maxime
2945 2187 3066 2238 vos,
3095 2187 3129 2227 ο
3162 2170 3450 2238 Corinthii,

1878 2280 1976 2336 per
2002 2281 2174 2322 meam
2212 2266 2552 2337 patientiam.
2599 2264 2726 2320 Feci
2765 2272 2947 2319 autem
2977 2264 3078 2318 hoc
3117 2278 3224 2319 non
3246 2262 3456 2318 callidi.

1881 2358 2007 2412 tatis
2031 2358 2250 2422 astutia,
2282 2357 2375 2413 sed
2406 2356 2782 2427 compatientis
2816 2354 3035 2421 affectu,
3077 2362 3133 2410 ut
3157 2353 3333 2426 plures
3371 2353 3455 2408 lu.-

1881 2446 2182 2515 crifacerem
2204 2446 2433 2503 Christo.

1955 2537 2114 2593 Vens.
2139 2537 2229 2592 20.
2248 2568 2320 2579 —
2351 2537 2621 2609 Tanquam
2660 2536 2901 2592 Judwus.
2948 2534 3152 2607 (Πῐειι.)
3180 2533 3300 2592 Non
3329 2548 3459 2590 vero

1879 2623 2118 2692 Judarus,
2149 2627 2289 2682 sicut
2316 2642 2416 2683 nec
2435 2642 2562 2682 vere
2580 2627 2815 2698 gentilis,
2841 2626 3036 2696 quibus
3060 2624 3115 2678 in
3137 2624 3295 2689 cibis,
3322 2631 3424 2679 etc.
3439 2663 3454 2688 ,

1885 2733 2044 2788 usque
2068 2718 2135 2771 ad
2165 2717 2433 2786 quomodo
2463 2717 2565 2771 sibi
2586 2716 2776 2771 serviri
2803 2715 2951 2781 velit,
2981 2714 3028 2770 si
3054 2721 3359 2784 aegrotaret.

1955 2806 2117 2863 Vens.
2149 2807 2240 2862 ‘2].
2273 2837 2345 2848 —
2385 2806 2492 2861 His.
2528 2808 2616 2878 qui
2653 2807 2757 2861 sub.
2789 2805 2917 2875 lege,
2955 2813 3065 2860 etc.
3101 2803 3457 2858 Samaritanis

1885 2899 1974 2969 qui
2023 2899 2191 2955 libros
2227 2898 2396 2970 Moysi
2433 2899 2726 2968 recipiunt,
2767 2898 2964 2967 quibus
3004 2912 3111 2952 non
3162 2903 3454 2952 coutuntur

1883 2986 2072 3043 Judaei.
2103 2989 2242 3044 Sunt
2285 2997 2466 3044 autem
2509 3003 2577 3044 ex
2606 2988 2811 3060 origine
2839 2986 3146 3052 Persarum,
3183 3002 3319 3058 quos
3366 3002 3457 3042 su-

1886 3079 2030 3134 blato
2053 3081 2215 3136 lsrael
2244 3083 2424 3151 posuit
2451 3097 2544 3136 rex
2568 3082 2908 3152 Assyriorum
2944 3081 3025 3136 vel
3070 3080 3357 3136 Persarum
3385 3081 3453 3136 ad

215 3168 372 3212 erant
399 3161 644 3229 apostoli,
692 3178 798 3216 non
839 3161 1120 3227 bellorum,
1162 3176 1336 3231 neque
1386 3169 1564 3225 terrae,
1609 3173 1784 3229 neque
1810 3150 1855 3211 C
1889 3169 2165 3224 incolenda
2206 3150 2319 3224 mea
2355 3171 2631 3224 Samarim,

216 3248 501 3304 brutorum
523 3252 896 3319 animantium,
927 3251 1022 3308 sed
1057 3251 1264 3307 ratione
1291 3250 1636 3322 praeditarum
1668 3250 1786 3303 ani-

219 3355 462 3406 marum,
515 3349 570 3396 et
606 3341 722 3410 ejus
763 3342 1032 3398 exercitus
1070 3341 1161 3412 qui
1206 3341 1466 3395 adversus
1515 3340 1787 3395 daemones

223 3437 484 3484 armatur.
513 3430 583 3485 Et
609 3432 672 3486 de
694 3432 847 3486 lacte.
878 3431 985 3487 Lac
1019 3431 1197 3504 gregis
1227 3431 1424 3486 dicitur
1464 3428 1720 3500 quidquid
1756 3444 1788 3483 a

221 3521 372 3590 plebe
397 3525 697 3595 praepositis
724 3525 899 3580 datur.

293 3631 453 3688 Vens.
497 3632 550 3690 8.
589 3665 659 3675 —-
684 3635 960 3708 Nunquid,
991 3644 1122 3703 ete.,
1167 3636 1287 3709 (Συ.)
1327 3636 1441 3692 Hoc
1478 3645 1604 3692 est:
1641 3634 1786 3690 Nun—

220 3721 346 3788 quid
399 3735 500 3794 ego
553 3724 800 3781 humanis
839 3727 1099 3782 duntaxat
1133 3725 1393 3797 exemplis
1424 3723 1556 3780 rem
1607 3740 1782 3780 meam

224 3810 518 3868 eonﬁrmul
551 3830 617 3870 an
646 3823 701 3872 et
725 3815 806 3871 lex
831 3818 946 3874 haec
967 3832 1074 3874 non
1100 3817 1269 3874 dicit?

293 3904 452 3960 Vens.
478 3905 532 3961 9.
557 3937 628 3947 —
652 3906 902 3978 Nunquid
923 3909 986 3962 de
1011 3909 1191 3962 bobus.
1219 3907 1374 3963 Curze
1394 3907 1608 3978 quidem
1623 3916 1782 3974 sunt;

227 4007 408 4048 verum
430 4010 539 4050 non
569 3997 663 4064 ita,
695 4006 754 4052 ut
777 3997 844 4054 de
879 3998 944 4054 iis
981 3998 1150 4069 legem
1171 3999 1434 4053 instituat.

297 4082 454 4139 Vens.
495 4085 579 4140 12.
609 4117 676 4127 -—-
720 4086 802 4141 Ne
844 4089 980 4159 quod
1025 4087 1417 4160 olfendiculum.
1461 4086 1518 4143 ld
1563 4095 1665 4152 est,
1720 4103 1787 4142 ne

228 4173 432 4230 dicatur
463 4176 531 4232 de
559 4178 732 4244 nobis,
773 4181 912 4248 quod
943 4195 1104 4234 causa
1130 4187 1362 4249 quaestus
1399 4187 1454 4235 et
1482 4179 1615 4235 lucri
1648 4189 1786 4234 tem-

229 4269 422 4336 poralis
449 4271 631 4340 potius
663 4272 1014 4341 praedicemus
1042 4272 1404 4344 Evangelium,
1438 4265 1598 4342 quam
1625 4287 1787 4327 causa

231 4359 413 4417 salutis
447 4362 750 4416 animarum
770 4372 824 4418 et
847 4364 1296 4419 remunerationis
1331 4371 1562 4430 aeternae,
1586 4363 1788 4420 habea-

233 4456 418 4520 turque
451 4451 799 4524 Evangelium
839 4454 1046 4509 venale.

300 4538 462 4597 Vens.
499 4536 582 4597 l3.
609 4573 680 4582 —
705 4543 948 4598 Nescitis.
981 4545 1139 4600 Redit
1168 4562 1352 4602 rursus
1395 4563 1425 4602 a
1446 4549 1478 4602 d
1504 4547 1631 4602 illud
1652 4547 1792 4617 quod

234 4629 524 4702 iacteperat
543 4674 558 4700 ,
587 4634 875 4690 ostendens
904 4635 1028 4704 quia
1059 4636 1158 4692 sibi
1190 4637 1374 4702 liceat,
1399 4645 1454 4693 et
1481 4647 1657 4692 tamen
1688 4652 1793 4692 non

236 4715 410 4776 faciat.
451 4720 723 4778 Naturalis
752 4723 914 4777 etiam
944 4724 1082 4779 ratio
1112 4725 1217 4780 hoc
1241 4725 1423 4792 habet,
1447 4734 1502 4780 ut
1528 4726 1650 4796 quis
1673 4726 1803 4781 inde

235 4808 376 4864 vivat
395 4802 488 4868 ubi
511 4812 737 4868 laborat.

308 4900 464 4958 Vens.
523 4905 607 4959 15.
657 4935 727 4945 —-
765 4903 879 4976 Ego
921 4913 1113 4961 autem.
1148 4907 1395 4964 Abstinet
1431 4909 1720 4980 Apostolus
1764 4927 1795 4966 a

239 4995 556 5064 sumptibus,
595 5011 662 5052 ne
690 4997 761 5051 sit
795 4995 966 5052 forma
998 5000 1458 5070 pseudoapostolis
1488 5002 1792 5072 rapacibus.

305 5082 511 5140 Bonum
559 5097 651 5151 est,
696 5097 799 5144 etc.
841 5087 1108 5159 Quisquis.
1134 5092 1276 5146 enim
1305 5107 1371 5148 eo
1393 5093 1536 5163 quod
1562 5093 1664 5148 sibi
1702 5096 1796 5150 de—

243 5173 396 5229 betur
443 5177 521 5231 uti
572 5193 678 5232 non
726 5178 881 5244 vult,
919 5179 1150 5249 amplius
1208 5181 1469 5252 impendit
1524 5182 1794 5239 Ecclesiae.

245 5263 527 5321 Maximam
573 5283 701 5339 ergo
762 5269 996 5324 habebat
1042 5270 1264 5340 gloriam
1316 5271 1604 5340 Apostolus
1660 5273 1802 5343 apud

247 5357 407 5416 Deum
438 5404 452 5429 ,
525 5380 632 5419 non
700 5367 960 5437 exigendo
1023 5367 1344 5436 stipendium
1402 5369 1470 5424 ab
1532 5368 1801 5434 inﬁrmis,

249 5451 328 5505 vel
362 5455 428 5510 de
469 5458 584 5521 suis.
615 5458 883 5514 laboribus
925 5460 1266 5530 transigenda
1307 5461 1677 5530 quotidianum
1727 5463 1806 5517 vi-

252 5541 412 5600 c'tuin.
452 5547 704 5603 Gloriam.
752 5547 922 5616 Quam
976 5550 1148 5604 habeo
1192 5551 1329 5619 apud
1375 5550 1544 5605 Deum
1581 5551 1809 5607 inﬁrmis

254 5639 594 5704 compatiens.

322 5720 474 5782 Vens.
508 5728 589 5783 l6.
614 5761 680 5770 ν-
704 5729 846 5782 Nam
869 5737 916 5786 et
939 5730 1008 5801 si,
1034 5739 1136 5786 etc.
1168 5729 1275 5787 l‘ro
1301 5731 1548 5787 mercede
1583 5747 1594 5784 :
1627 5731 1740 5796 Vel,
1764 5729 1810 5784 si

1963 3257 2120 3312 Vens.
2172 3259 2260 3313 22.
2298 3291 2365 3300 -—
2414 3260 2664 3314 UiMibus
2705 3263 2899 3314 omnia.
2948 3259 3208 3316 Omnibus
3256 3261 3453 3323 cessit,

1887 3365 1992 3404 non
2026 3359 2202 3403 tamen
2231 3350 2538 3420 religionem
2566 3350 2820 3405 excessit.

1957 3435 2120 3490 Vens.
2151 3436 2239 3490 2-5.
2270 3468 2340 3477 —
2363 3436 2607 3502 Nescitis,
2630 3446 2736 3493 etc.
2762 3438 3006 3494 Ostendit
3027 3447 3226 3509 quanta
3256 3438 3324 3492 sit
3347 3438 3456 3492 uti-

1887 3525 2011 3582 litas
2037 3527 2168 3596 legis
2195 3534 2414 3591 nostrm,
2450 3527 2504 3582 in
2525 3543 2629 3598 qua
2655 3543 2761 3583 non
2789 3529 2904 3595 uni,
2930 3528 3023 3583 sed
3057 3527 3307 3582 omnibus
3331 3542 3457 3597 pro-

1886 3617 2050 3671 missa
2081 3625 2164 3672 est
2208 3616 2415 3687 palma;
2449 3626 2502 3672 et
2539 3617 2629 3685 qui
2674 3617 2824 3686 prior
2867 3617 3032 3683 venit,
3072 3623 3352 3687 exspectat
3395 3624 3457 3670 ut

1888 3717 2180 3764 coronetur
2216 3723 2337 3762 cum
2381 3709 2686 3780 posteriori.
2728 3709 2998 3763 Bravium.
3035 3709 3132 3764 Est
3173 3706 3456 3778 praemium

1887 3815 2096 3869 cursus.

1961 3891 2124 3946 Vens.
2162 3893 2252 3947 25.
2285 3924 2356 3932 -
2385 3893 2566 3949 Omnis
2593 3897 2752 3959 enim,
2782 3903 2887 3950 etc.
2922 3896 2999 3950 De
3029 3895 3188 3951 rebus
3214 3910 3318 3949 non
3345 3894 3458 3947 lau-

1888 3979 2078 4034 dandis
2109 3981 2400 4035 trahuntur
2439 3983 2620 4036 multa:
2659 3983 3059 4049 similitudines,
3088 3992 3148 4047 ut
3188 3984 3243 4038 in
3281 3983 3458 4037 Evan-

1889 4069 2026 4137 gelia
2051 4069 2118 4123 de
2152 4068 2338 4138 iniquo
2363 4069 2572 4139 judice,
2626 4071 2717 4140 qui
2759 4071 2972 4125 viduam
3004 4071 3220 4126 nolebat
3247 4071 3460 4135 audire,

1891 4166 1945 4212 et
1974 4158 2124 4228 pigro
2151 4159 2243 4226 qui
2293 4173 2397 4212 non
2452 4172 2516 4212 ex
2567 4159 2825 4224 amicitia,
2855 4160 2948 4214 sed
2977 4173 3044 4213 ex
3092 4159 3251 4214 tmdio
3275 4174 3468 4228 panes

1891 4249 2297 4315 commodabat;
2332 4251 2404 4303 ita
2433 4249 2522 4304 hic
2559 4265 2663 4305 non
2690 4249 3466 4320 eommendantur-agonistica

1890 4349 1946 4396 et
1976 4341 2202 4396 ludicra.
3507 4345 3510 4349 ’

1963 4431 2133 4485 Vens.
2161 4431 2255 4485 26.
2297 4461 2368 4473 --
2412 4431 2534 4485 Non
2565 4432 2734 4501 quasi.
2772 4430 2830 4484 ln
2860 4430 3124 4486 incertum
3161 4430 3330 4485 currit
3371 4431 3473 4501 qui

1901 4522 2028 4578 talia
2056 4521 2204 4586 facit,
2233 4529 2293 4576 ut
2317 4537 2383 4575 ex
2413 4521 2995 4592 quibusdamsperare,
3021 4535 3089 4575 ex
3125 4521 3244 4576 aliis
3277 4522 3465 4592 despe-

1899 4629 2021 4668 rare
2049 4613 2238 4683 possit.

1970 4703 2134 4759 Vens.
2165 4703 2256 4758 27.
2278 4733 2348 4745 --
2367 4702 2577 4774 Castigo
2605 4719 2790 4774 corpus
2825 4719 3016 4758 meum.
3054 4702 3340 4772 Apostolus
3369 4715 3467 4757 suo

1901 4797 2095 4852 timore
2119 4810 2220 4850 nos
2246 4795 2456 4850 terruit.
2482 4794 2618 4861 Quid
2642 4795 2784 4849 enim
2812 4793 2972 4849 faciet
2993 4808 3182 4861 agnus,
3208 4793 3298 4847 ubi
3324 4793 3470 4847 aries

1902 4886 2118 4940 tremit?
2146 4884 2228 4938 Ne
2253 4883 2384 4954 forte
2404 4925 2419 4949 ,
2460 4892 2564 4939 etc.
2601 4882 2753 4950 Quod
2777 4885 3216 4953 citocontingere
3253 4890 3469 4953 posset;

1900 4983 2026 5030 tunc
2041 4974 2160 5029 aliis
2177 4973 2345 5044 magis
2354 4974 2676 5037 cavendum,
2691 4988 2758 5027 ne
2778 4971 3096 5028 oll‘endendo
3108 4974 3216 5027 sint
3230 4972 3470 5042 reprobi.

2515 5085 2745 5142 CAPUT
2799 5085 2871 5141 Χ.

1972 5180 2134 5234 Vens.
2165 5179 2214 5232 1.
2237 5208 2306 5218 -—
2339 5174 2478 5230 Nolo
2500 5177 2654 5230 enim.
2681 5174 2891 5231 Valenti
2913 5178 3367 5247 comprehendere
3388 5177 3468 5234 sic

1903 5279 1988 5326 est
2027 5269 2323 5340 agendum;
2363 5283 2468 5322 non
2513 5266 2655 5321 enim
2707 5267 2973 5337 baptisma
3021 5277 3094 5323 et.
3131 5277 3469 5324 sacramenta

1905 5363 2192 5427 sulliciunt,
2226 5369 2284 5415 ut
2311 5360 2529 5430 quidam
2565 5367 2784 5429 putant;
2817 5360 2957 5414 sicut
3006 5375 3105 5415 nec
3141 5359 3340 5414 iudicis
3370 5359 3465 5432 be-

1905 5453 2095 5509 neﬁcia
2125 5451 2218 5507 Dei
2243 5450 2547 5515 valuerunt,
2574 5464 2695 5504 cum
2722 5458 2842 5519 post
2867 5458 3172 5520 peccarent.
3207 5448 3478 5514 Quoniam

1904 5555 2099 5616 patres.
2148 5542 2405 5612 Exemplo
2463 5540 2799 5608 Judzeorum,
2855 5544 2945 5613 qui
2994 5539 3319 5612 negligentia
3373 5554 3484 5593 sua.

1907 5634 2264 5698 oﬂ'enderunt,
2297 5631 2552 5687 sollicitos
2599 5631 2748 5686 facit.
2789 5631 2895 5687 Sub
2926 5632 3076 5687 nube.
3114 5631 3246 5698 Quia
3293 5628 3480 5684 omnia

1909 5727 1964 5784 in
1984 5726 2154 5797 ﬁgura
2180 5723 2349 5781 nostri
2379 5722 2482 5779 illis
2519 5716 2917 5794 contingebant.
