3958 6314
527 305 634 363 535

1023 303 1410 361 WALAFRlDl
1449 306 1694 363 STRABI
1735 306 1937 364 FULD.
1979 304 2142 362 MUN.
2187 306 2341 366 OPP.
2380 310 2559 372 PARS
2595 309 2638 371 1.
2675 348 2745 358 -
2781 317 3232 381 THEOLOGICA.

3657 331 3764 390 ὅδε

599 423 766 482 Vens.
801 432 860 480 ει.
887 455 957 466 -
983 422 1051 478 1η
1093 421 1273 493 Moyse
1309 423 1574 494 baptizati.
1609 427 1666 480 ln
1697 427 1892 482 ducatu
1919 424 2087 498 Moysi
2114 426 2164 484 A
2192 439 2412 499 crepent
2461 433 2514 487 in
2562 433 2800 501 fornace,
2846 438 2938 507 qui
2983 453 3091 494 non
3142 441 3342 498 habent
3391 453 3615 502 ventum
3665 462 3760 503 ως

521 513 740 586 purgati
783 529 884 583 per
909 513 1025 568 visa
1071 511 1225 583 signa
1263 512 1373 566 illa.
1411 512 1524 577 Vel,
1574 515 1783 585 signum
1835 514 2087 585 baptismi

523 613 865 676 acceperunt,
898 605 1041 675 quod
1069 603 1412 660 credentibus
1439 604 1580 664 idem
1611 605 1794 664 valuit.
1823 604 2086 675 Baptizati

524 705 670 761 sunt,
710 695 835 766 quia
865 710 894 748 a
930 700 1105 748 morte
1142 693 1354 750 liberati
1380 703 1434 749 et
1477 710 1575 766 per
1603 710 1721 751 eam
1749 696 1990 757 mundati
2018 695 2086 750 ab

519 786 819 857 ignorantia
843 785 962 850 Dei,
990 799 1110 854 qua:
1134 783 1410 857 premebat
1434 799 1620 838 omnes
1647 791 1849 861 gentes,
1876 792 1931 839 et
1949 801 2086 855 pra:-

512 879 690 948 parati
717 879 785 933 ad
811 877 1178 949 accipiendam
1200 877 1390 948 legem.
1412 877 1510 932 Vel
1529 877 1786 948 baptizati
1813 877 2081 944 dicuntur,

513 968 642 1038 quia
687 965 946 1037 gerebant
995 966 1225 1022 formam
1273 966 1445 1021 nostri
1489 966 1834 1022 sacramenti.
1869 966 2083 1038 Moyses

507 1057 804 1125 Christum,
827 1058 1000 1114 nubes
1018 1056 1277 1128 Spiritum
1298 1066 1564 1127 sanctum,
1585 1071 1734 1119 mare
1754 1058 2082 1135 baptismum

513 1151 798 1220 signiﬁcat.

585 1263 745 1319 Vens.
769 1262 823 1317 5.
857 1263 1199 1318 —Eamdem
1226 1280 1418 1318 escam.
1463 1263 1521 1320 ld
1560 1271 1645 1319 est
1691 1264 1796 1320 ﬁde
1828 1263 2078 1320 :divcrsa

507 1355 564 1409 in
595 1362 837 1423 tempore
860 1393 876 1417 ,
923 1352 1136 1408 diversa
1181 1354 1237 1408 in
1274 1355 1472 1424 specie.
1523 1352 1847 1424 Spiritulem.
1877 1353 1934 1407 ld
1960 1362 2074 1420 est,

507 1450 784 1521 spirituale
806 1451 1009 1522 aliquid
1027 1452 1438 1523 signiﬁcantem.
1457 1451 1593 1506 Cum
1612 1452 1742 1506 dicit
1764 1449 2073 1520 spiritalem,

507 1545 740 1599 ostendit
781 1544 1131 1615 spiritualiter
1173 1543 1394 1615 intelligi
1442 1545 1495 1598 in
1535 1543 1750 1598 Christo
1789 1551 1842 1598 et
1878 1542 1980 1598 hoc
2005 1543 2072 1596 de

505 1636 754 1691 omnibus
788 1636 980 1702 innuit,
1010 1649 1172 1690 unum
1201 1635 1418 1705 exponit
1445 1652 1460 1690 :
1493 1634 1653 1689 Petra
1673 1642 1783 1689 erat
1811 1633 2067 1688 Christus.

575 1726 737 1781 Vens.
767 1725 821 1782 4.
851 1757 921 1767 -—
966 1724 1318 1796 Coasequente
1367 1741 1456 1780 eos
1486 1735 1653 1796 petra.
1693 1723 1751 1779 ld
1779 1733 1883 1789 est,
1911 1723 2068 1778 satis-

2187 527 2406 596 perhiaa.

2260 619 2420 673 Vens.
2456 619 2542 675 14.
2566 652 2636 662 -
2660 619 2890 692 Propter,
2908 625 3070 696 quod,
3097 635 3200 682 etc.
3253 627 3389 694 Quia
3422 629 3538 683 sola
3568 645 3761 685 sacra-

2186 717 2370 765 menta
2413 725 2520 766 non
2563 712 2791 779 salvant,
2836 722 2892 768 et
2930 716 3057 785 quia
3106 719 3197 788 qui
3246 718 3390 775 cadit
3427 722 3673 789 punitur,
3707 732 3759 778 et

2186 796 2309 865 quia
2355 799 2613 854 auxilium
2659 800 2752 856 Dei
2787 817 2895 857 non
2939 805 3107 871 deest,
3155 805 3320 876 fugite
3369 808 3440 862 ab
3487 809 3758 866 idolorum

2185 883 2350 941 cultu.
2394 885 2525 955 Vel,
2563 902 2632 944 ne
2664 891 2950 946 comedunt
2991 894 3261 962 sapientes
3298 897 3599 968 idolothyta
3632 913 3759 953 cum

2183 975 2500 1035 oﬁ'endiculo
2533 980 2868 1036 inﬁrmorum
2895 1023 2911 1045 ,
2947 985 3140 1052 quibus
3171 987 3467 1044 idololatrae
3499 990 3757 1046 videren-

2182 1076 2289 1122 tur.
2317 1065 2434 1134 Vel,
2464 1084 2533 1125 ne
2560 1071 2661 1143 ipsi
2689 1071 2888 1128 infirmi
2918 1073 3212 1132 idololatrae
3235 1079 3364 1145 sint,
3395 1091 3452 1135 et
3485 1089 3549 1136 ut
3581 1081 3759 1154 fugia-

2182 1158 2248 1213 tis
2276 1158 2466 1229 loquor
2504 1161 2672 1216 altum
2709 1162 2909 1232 aliquid
2936 1167 3090 1234 quasi
3129 1169 3516 1236 prudentibus,
3549 1180 3605 1227 et
3635 1175 3759 1229 ideo

2178 1247 2461 1319 diligenter
2480 1250 2786 1321 dijudicate.
2817 1252 2935 1310 Vel.
2959 1255 3120 1312 modo
3164 1256 3354 1329 loquor
3386 1260 3656 1329 inﬁrmis,
3697 1273 3756 1318 ut

2176 1352 2338 1408 supra
2364 1341 2734 1408 prudentibus.

2244 1430 2408 1486 Vsus.
2449 1431 2536 1487 16.
2562 1463 2634 1474 -—
2655 1433 2810 1491 Catia:
2842 1437 3226 1494 benedictionis.
3260 1441 3383 1497 Ideo
3427 1444 3755 1515 fugiendum

2173 1534 2205 1576 a
2237 1521 2446 1577 cultura
2491 1524 2776 1592 idolorum,
2819 1528 2943 1597 quia
2975 1539 3032 1584 ut
3069 1533 3356 1588 comedens
3387 1535 3755 1608 idolothytum

2170 1626 2334 1666 unum
2362 1620 2446 1667 est
2471 1629 2594 1667 cum
2622 1615 2882 1682 daemone,
2907 1618 2985 1673 sic
3009 1634 3107 1689 per
3129 1634 3324 1692 corpus
3347 1622 3551 1679 Christi
3574 1642 3751 1681 unum

2168 1708 2253 1756 est
2275 1716 2396 1756 cum
2421 1701 2656 1758 Christo.
2723 1767 2726 1770 ,
2910 1708 2913 1711 ’

595 1771 737 1781 ._----
777 1771 821 1782 -.
969 1771 1315 1796 ν-..--.,--..--
1368 1771 1456 1780 ν--
1486 1771 1653 1796 νη-.-
1693 1771 1751 1779 -_
1783 1771 1883 1789 ---,
1912 1771 2041 1778 η---

501 1815 731 1871 faciente
758 1815 1017 1872 voluntati
1063 1830 1272 1882 eorum,
1311 1815 1436 1884 quia
1471 1829 1686 1884 quoquo
1727 1814 1890 1880 irent,
1919 1828 2053 1882 aqua

2244 1791 2408 1846 Panis
2446 1810 2596 1863 quem
2635 1795 2946 1866 frangimus.
2999 1796 3209 1869 (BEDA.)
3240 1799 3484 1857 Christus
3523 1804 3750 1873 quando

500 1907 823 1963 inundantes
884 1914 1081 1963 secutae
1129 1914 1296 1972 sunt;
1343 1906 1423 1961 sic
1469 1905 1716 1961 Christus
1759 1905 1813 1959 in
1857 1903 2071 1958 deserto

498 1997 660 2066 hujus
706 1996 890 2051 mundi
927 2011 1055 2052 suos
1097 1996 1407 2052 comitatur.
1437 1994 1555 2060 Vel,
1609 2003 1968 2066 consequente,
2016 1993 2071 2049 id

503 2097 607 2154 est,
635 2095 938 2144 secuturam
961 2089 1245 2143 veritatem
1283 2086 1636 2158 signiﬁcante.
1676 2083 1837 2139 Petra
1872 2093 2069 2138 autem.

503 2179 654 2234 Solet
678 2194 784 2244 res,
814 2192 934 2248 quas
969 2177 1308 2249 signiﬁcatur
1343 2176 1560 2231 nomine
1597 2175 1676 2230 rei
1704 2189 1866 2244 quam
1896 2173 2066 2240 signi-

503 2269 628 2324 licat
665 2266 950 2326 nominari.
984 2266 1163 2320 Petra.
1211 2266 1267 2322 ld
1291 2273 1374 2322 est
1413 2264 1683 2330 Christus,
1720 2264 2062 2332 sequebatur,

503 2359 626 2428 quia
651 2358 742 2415 ubi
771 2359 1059 2416 humanum
1091 2359 1373 2416 deﬁciebat
1414 2358 1748 2428 suﬁ‘ragium,
1784 2355 1992 2411 aderat.

569 2469 732 2526 Vsus.
787 2469 840 2525 'l.
882 2501 958 2513 —
990 2470 1174 2542 Neque
1218 2467 1529 2536 idololatrte,
1565 2477 1671 2526 etc.
1706 2468 1829 2524 lllos
1870 2466 2060 2552 tangit,

493 2561 585 2629 qui
625 2562 679 2615 in
709 2561 876 2618 idolio
908 2561 1288 2634 epulabantur,
1327 2571 1577 2633 putantes
1621 2576 1680 2618 se
1723 2561 1991 2616 immunes
2028 2574 2062 2613 a

493 2654 738 2710 crimine.
772 2654 921 2711 Sedit
942 2656 1187 2727 populus.
1212 2654 1318 2712 Per
1349 2654 1913 2714 commemorationem
1943 2651 2061 2706 illor-

493 2760 614 2799 rum
665 2754 816 2801 notat
864 2762 926 2801 ea
972 2762 1092 2816 qua
1134 2748 1189 2802 in
1228 2745 1525 2804 Corinthiis
1558 2753 1724 2811 sunt,
1770 2744 2060 2800 ostendens

495 2850 654 2904 quam
681 2827 914 2907 graviter
939 2838 1125 2908 punita
1153 2838 1261 2893 sint
1293 2837 1349 2892 in
1373 2835 1592 2893 Iudaeis.
1621 2836 1840 2889 Ludere.
1871 2834 1928 2891 1d
1967 2841 2050 2888 est

491 2925 748 2992 adorare,
781 2927 922 2996 quod
967 2927 1095 2982 ludo
1130 2940 1425 2996 puerorum
1459 2926 1652 2981 simile.
1683 2925 1879 2980 Facilis
1908 2938 2057 2978 nam-

490 3031 597 3084 que
626 3017 693 3072 ad
723 3017 896 3073 lusum
930 3025 1012 3074 est
1035 3017 1287 3088 pueritia.
1318 3017 1454 3084 Quid
1486 3026 1666 3074 autem
1693 3017 1832 3073 lusui
1860 3015 2053 3086 puerili

485 3117 597 3163 tam
627 3108 801 3165 simile
827 3117 908 3167 est
934 3124 1096 3181 quam
1133 3109 1275 3165 idola
1302 3110 1569 3166 adorare?

557 3220 716 3277 Vens.
754 3221 808 3278 9.
840 3249 909 3261 ——
932 3221 1110 3294 Neque
1141 3229 1388 3276 tentemus
1414 3220 1696 3275 Christum.
1729 3219 1865 3275 Nota
1894 3217 2049 3274 Chri-

483 3323 632 3368 stum
656 3312 822 3369 Deum
845 3329 1004 3386 quem
1033 3321 1378 3369 tentaveruut
1405 3311 1594 3378 Judaei,
1627 3321 1682 3366 et
1725 3312 1844 3367 ideo
1871 3327 1899 3365 a
1930 3324 2048 3365 ser-

480 3403 730 3474 pentibus
753 3405 1052 3474 perierunt,
1077 3405 1248 3459 donec
1276 3417 1494 3473 serpens
1514 3417 1694 3457 amcos
1713 3409 1923 3456 erectus
1944 3409 2052 3468 est,

480 3508 644 3563 quem
669 3495 760 3564 qui
787 3493 1158 3560 intuebantur,
1188 3509 1220 3548 a
1244 3494 1514 3550 morsibus
1540 3492 1890 3548 sanabantu-r.

557 3603 720 3659 Vens.
757 3603 845 3658 10.
880 3635 948 3643 —
973 3603 1039 3658 In
1064 3604 1255 3673 ﬁgura.
1295 3603 1436 3658 Ecce
1479 3602 1715 3658 ostendit
1758 3617 1857 3656 cur
1889 3601 2045 3669 signa

479 3692 572 3748 illa
594 3694 704 3763 jam
729 3709 834 3749 non
865 3694 1242 3760 observantur,
1271 3709 1393 3749 cum
1430 3708 1518 3749 res
1548 3689 1832 3746 manifesta
1870 3690 1941 3746 sit
1977 3690 2046 3746 ad

423 3771 430 3775 ’
486 3785 879 3840 correctionem
913 3793 1176 3841 nostram.

553 3893 713 3950 Vsus.
749 3894 835 3948 11.
855 3923 927 3933 —-
971 3894 1180 3964 Scripta
1203 3903 1342 3950 sunt.
1385 3893 1500 3951 Non
1546 3903 1766 3966 propter
1793 3909 1891 3950 nos
1920 3901 2047 3948 tan.-

475 3994 615 4042 tum.
645 3985 749 4041 Per
776 3987 890 4041 haec
919 3986 1061 4040 enim
1087 3984 1329 4056 exempla
1365 3986 1432 4040 ad
1457 3987 1841 4042 correctiorem
1875 3985 2042 4040 vitam

472 4093 850 4150 provocamur,
880 4086 940 4133 ut
984 4084 1076 4132 aut
1102 4078 1402 4150 praemium,
1427 4079 1472 4133 si
1515 4079 1830 4134 obedientes
1880 4077 2044 4132 fueri-

473 4187 616 4236 mus,
646 4178 738 4225 aut
786 4169 1191 4240 propensiorem
1243 4182 1459 4239 ptenam
1510 4169 1880 4223 inobcdientes
1928 4183 2042 4223 me-

472 4280 708 4320 reamur.
745 4262 900 4316 Fines
936 4261 1269 4316 saeculorum.
1299 4261 1432 4326 Quia
1466 4260 1520 4314 in
1551 4261 1735 4315 ultima
1769 4268 1929 4315 aetate
1955 4276 2044 4315 su-

471 4373 614 4421 mus,
642 4365 696 4411 et
738 4362 820 4411 tot
847 4355 1105 4426 exemplis
1150 4355 1390 4425 priorum
1427 4353 1598 4424 magis
1636 4355 1836 4422 corrigi
1885 4353 2042 4408 debe-

2173 1884 2547 1948 manducatur,
2596 1886 2708 1940 vita
2755 1887 3131 1943 manducatur.
3188 1889 3294 1945 Sed
3342 1893 3462 1962 quis
3509 1895 3748 1961 audeat,

2171 1978 2304 2036 etc.,
2336 1987 2498 2042 usque
2525 1973 2594 2027 ad
2639 1973 2890 2031 manebat
2937 1975 3078 2047 apud
3124 1976 3342 2036 Patrem
3397 1981 3630 2051 integer,
3689 1993 3750 2040 ut

2172 2059 2392 2130 angelos
2415 2071 2684 2132 pasceret.

2241 2153 2403 2209 Vnus.
2430 2154 2854 2221 17.—Quoniam
2874 2174 3036 2224 unus,
3057 2165 3162 2214 etc.
3189 2159 3340 2216 Unus
3362 2161 3515 2232 panis
3542 2163 3746 2217 unione

2169 2245 2314 2311 ﬁdei,
2361 2247 2476 2317 spei
2524 2255 2580 2303 et
2627 2248 2928 2305 charitatis.
2973 2251 3180 2321 Corpus
3221 2260 3305 2308 est
3345 2269 3443 2323 per
3477 2254 3749 2310 submini-

2169 2338 2484 2392 strationem
2525 2338 2806 2393 charitatis
2839 2357 2851 2393 :
2883 2341 3010 2410 quia
3039 2359 3204 2414 unum
3235 2359 3438 2407 sumus,
3475 2352 3532 2399 et
3568 2361 3743 2399 unum

2165 2427 2367 2482 sentire
2424 2428 2701 2484 debemus.
2761 2429 2889 2486 Haec
2940 2421 3121 2487 autem
3170 2433 3302 2488 dicit
3348 2442 3406 2488 ut
3451 2433 3594 2490 ﬁdes.
3626 2450 3740 2489 una

2165 2533 2332 2572 unum
2358 2517 2555 2574 habeat
2581 2533 2798 2573 sensum
2835 2527 2890 2575 et
2916 2535 3071 2589 opus.

2235 2609 2395 2662 Vens.
2438 2608 2524 2664 18.
2561 2639 2630 2650 ——
2673 2608 2875 2663 Videte.
2936 2609 3242 2668 S’imilitudo
3289 2621 3374 2668 est
3417 2613 3483 2668 ad
3533 2613 3739 2667 intellic

2161 2698 2393 2768 gendum
2420 2699 2563 2768 quod
2592 2713 2753 2768 supra
2781 2699 2983 2754 dictum
3017 2709 3116 2756 est.
3149 2701 3270 2757 ideo
3297 2703 3520 2766 addidit,
3551 2720 3738 2756 secun-

2161 2791 2288 2844 dum
2333 2808 2565 2858 carnem,
2612 2792 2739 2862 quia
2783 2801 2867 2847 est
2915 2792 3085 2848 lsrael‘
3120 2795 3411 2848 secundum
3457 2794 3736 2863 spiritum,

2159 2882 2252 2952 qui
2305 2892 2517 2938 veteres
2562 2884 2782 2938 umbras
2830 2882 2941 2953 jam
2991 2899 3098 2938 non
3142 2886 3402 2954 sequitur,
3461 2885 3555 2938 sed
3605 2900 3731 2939 eam

2158 2982 2573 3044 consequentem
2615 2973 2755 3045 (quae
2790 2973 2895 3029 illis
2930 2975 3139 3030 umbris
3182 2976 3609 3046 prmcedentibus
3655 2975 3732 3030 si-

2158 3061 2410 3133 gniﬁcata
2442 3060 2548 3134 est),
2575 3063 2887 3129 veritatem;
2915 3071 2970 3118 et
3001 3064 3241 3119 immolat
3267 3064 3377 3120 Deo
3414 3065 3471 3118 in
3499 3080 3736 3134 corpore

2158 3153 2356 3215 Christi
2410 3153 2734 3209 sacriﬁcium
2784 3155 2988 3221 laudis,
3037 3172 3102 3210 ex
3152 3171 3257 3225 quo
3300 3156 3443 3211 Deus
3499 3156 3726 3217 deorum

2155 3244 2416 3300 Dominus
2445 3243 2655 3299 locutus
2684 3253 2790 3312 est,
2823 3253 2878 3299 et
2904 3246 3116 3301 vocavit
3147 3255 3346 3301 terram
3376 3261 3407 3300 a
3435 3244 3566 3301 solis
3603 3257 3728 3298 ortu

2152 3351 2325 3407 usque
2355 3338 2424 3392 ad
2449 3352 2722 3393 occasum.

2220 3425 2384 3481 Vens.
2426 3425 2513 3482 19.
2535 3458 2607 3468 —
2630 3425 2770 3493 Quid
2798 3427 2962 3498 ergo?
2997 3427 3132 3494 Quia
3158 3427 3291 3494 dixi,
3322 3426 3492 3498 fugite
3533 3442 3565 3480 a
3604 3426 3719 3481 cul-

2155 3519 2272 3568 tura
2300 3513 2581 3579 idolorum,
2604 3513 2790 3569 videor
2815 3514 3012 3579 dicere,
3041 3514 3184 3583 quod
3213 3511 3364 3567 idolis
3393 3512 3722 3566 immolatum

2149 3603 2216 3656 sit
2255 3602 2456 3673 aliquid
2495 3617 2772 3674 magnum,
2814 3604 2915 3658 sed
2943 3619 3048 3657 non
3093 3605 3196 3658 hoe
3223 3602 3366 3668 dico,
3403 3603 3498 3657 sed
3543 3603 3723 3672 potius

2149 3693 2290 3758 dico,
2317 3695 2460 3764 quod
2489 3709 2552 3750 ea
2580 3709 2698 3763 quae
2732 3702 2920 3766 gentes
2964 3693 3259 3759 immolant,
3301 3693 3582 3763 daemoniis
3620 3695 3721 3747 im-

2149 3783 2354 3840 molant
2387 3801 2400 3837 :
2438 3785 2565 3854 quia
2609 3783 2750 3839 idolo
2786 3783 3030 3839 diabolus
3068 3782 3282 3848 colitur,
3323 3783 3414 3854 qui
3447 3782 3605 3852 pejor
3638 3791 3723 3837 est

2148 3873 2311 3930 idolo.

2216 3984 2381 4040 Vens.
2403 3985 2492 4040 20.
2510 3986 2773 4043 —Socios
2793 3985 2910 4055 ﬁeri
2937 3986 3332 4042 dtemoniorum.
3359 3985 3532 4056 (AUG.,
3559 3985 3650 4040 lib.
3677 4000 3717 4040 ιι

2143 4074 2207 4128 de
2225 4073 2463 4128 Doctrin.
2485 4073 2702 4140 Christ,
2719 4092 2764 4129 c.
2779 4075 2869 4141 20,
2895 4075 2982 4141 21,
3002 4075 3129 4147 etc.)
3149 4075 3228 4130 Ad
3245 4077 3347 4131 hoc
3362 4091 3529 4146 genus
3551 4076 3714 4130 etiam

2142 4164 2413 4233 pertinent
2448 4165 2870 4220 consultationes
2894 4174 2948 4220 et
2972 4174 3148 4235 pacta,
3175 4173 3303 4232 etc.,
3327 4182 3488 4237 usque
3513 4166 3589 4218 ad
3607 4181 3715 4219 Illa-

2143 4255 2440 4320 thcmatici‘,
2457 4256 2552 4324 qui
2576 4265 2838 4311 conantur
2857 4257 3126 4311 actionum
3147 4265 3370 4313 eventus
3395 4256 3709 4328 praedicere,

2143 4343 2413 4399 dicuntur.

470 4461 612 4501 mus.
645 4443 741 4500 Vel
769 4444 903 4500 ﬁnes
943 4444 1123 4500 saeculi
1171 4446 1502 4498 devenerunt
1529 4445 1581 4497 in
1611 4459 1732 4509 nos,
1759 4443 2032 4499 saeculari—
2062 4463 2116 4522 ι)
2212 4453 2378 4509 νειιε.
2427 4456 2519 4510 es.
2549 4488 2620 4498 —
2647 4457 2726 4513 An
2753 4458 3062 4514 wmulamur
3100 4460 3400 4516 Dominum.
3448 4461 3711 4516 Videntur

473 4544 558 4590 tas
590 4535 644 4588 in
679 4533 834 4590 nobis
860 4533 1074 4599 ﬁnitur;
1106 4543 1161 4588 et
1198 4533 1315 4588 ideo
1345 4534 1550 4603 turpius
1573 4535 1616 4589 si
1657 4550 1972 4605 peccamus.

542 4623 704 4679 Vsus.
738 4625 826 4678 12.
849 4652 920 4664 —-
949 4621 1131 4677 Videat
1161 4640 1223 4676 ne
1258 4624 1432 4677 cadat.
1479 4623 1546 4679 Ut
1573 4625 1660 4692 qui
1707 4623 2037 4694 praesumen-

469 4723 551 4770 tes
578 4714 644 4768 de
670 4715 922 4780 scientia,
950 4729 1071 4768 cum
1109 4712 1362 4768 seandalo
1392 4712 1618 4768 fratrum
1659 4716 1891 4770 edebant
1922 4717 2036 4771 ido-

467 4803 696 4874 lothyta,
725 4811 782 4858 et
809 4804 876 4858 de
903 4803 1108 4872 pseudo
1136 4802 1445 4872 gloriantes,
1482 4802 1796 4872 judicabant
1825 4813 2034 4874 aposto-

467 4892 578 4948 lum
600 4907 724 4948 cum
752 4892 854 4962 ipsi
879 4901 1060 4949 essent
1087 4893 1184 4948 rei.

537 5001 701 5057 Vnus.
745 5003 830 5056 15.
877 5033 947 5042 -
988 5003 1223 5058 Tentatio
1265 5022 1371 5071 vos,
1398 5013 1502 5060 etc.
1542 5005 1798 5062 Hortatur
1825 5017 1885 5063 ut
1932 5011 2032 5064 hu-

465 5110 623 5148 mana
653 5094 879 5149 tentatio
913 5095 1030 5150 illos
1056 5097 1440 5167 apprehendat,
1478 5113 1585 5152 non
1615 5098 1738 5152 alia.
1782 5099 2023 5155 Humana
2083 5096 2110 5116 ⁸

464 5187 608 5242 enim
638 5187 863 5242 tentatio
892 5195 993 5253 est,
1024 5195 1084 5242 ut
1110 5189 1165 5242 in
1193 5189 1512 5245 necessitate
1547 5190 1627 5244 vel
1652 5206 1899 5260 pressura
1922 5210 2028 5249 non

465 5275 668 5331 diﬁidat
711 5277 874 5332 homo
917 5277 984 5332 de
1026 5277 1158 5343 Deo,
1202 5278 1458 5333 auxilium
1508 5279 1800 5334 humanum
1844 5284 2027 5352 requi-

462 5367 650 5422 rendo.
676 5366 901 5437 Propter
924 5367 1196 5424 Christum
1223 5385 1352 5441 ergo
1386 5371 1518 5440 pati,
1550 5372 1782 5428 humana
1805 5377 2030 5432 tentatio

405 5521 410 5524 ,
463 5465 562 5522 est,
589 5471 686 5526 per
712 5473 872 5527 quam
902 5459 1180 5528 proﬁcitur
1202 5458 1342 5528 apud
1365 5461 1553 5516 Deum.

531 5567 750 5625 Possitis
775 5574 1050 5654 sustinere.
1092 5573 1243 5639 Quod
1281 5572 1339 5626 ﬁt
1369 5588 1464 5644 per
1499 5574 1879 5629 humilitatem.
1918 5576 2029 5632 llu-

460 5657 612 5714 niiles
644 5661 786 5716 enim
827 5663 876 5718 in
906 5664 1050 5719 omni
1099 5664 1393 5720 teutatione
1440 5666 1692 5732 custodit,
1723 5677 1781 5720 ut
1810 5669 1880 5724 illi
1920 5685 2025 5727 non

2140 4545 2381 4599 aemulari
2430 4555 2485 4601 et
2532 4546 2773 4603 invidere
2798 4548 3045 4614 Domino,
3081 4551 3233 4620 cujus
3281 4565 3508 4620 regnum
3547 4551 3706 4606 dimi-

2139 4646 2393 4704 nuerunt,
2423 4639 2513 4708 qui
2541 4655 2662 4694 cum
2701 4641 2954 4720 seandalo
2985 4642 3211 4696 fratrum
3236 4643 3546 4699 comedunt.

2207 4748 2374 4802 Vens.
2409 4747 2499 4804 25.
2526 4779 2596 4790 --
2625 4748 2815 4804 Omnia
2850 4752 2978 4805 mihi
3019 4753 3195 4807 licent.
3240 4753 3514 4810 Potestate
3553 4752 3702 4809 liberi

2137 4840 2347 4895 arbitrii
2375 4849 2432 4895 et
2457 4841 2701 4895 doctrina
2733 4841 2869 4910 legis
2895 4844 3174 4898 naturalis.
3223 4844 3340 4899 Non
3369 4845 3496 4914 quia
3525 4845 3698 4899 omnia

2133 4928 2334 4986 liceant
2397 4931 2562 4986 etiam
2627 4931 2854 4999 illicita,
2920 4934 3013 4989 sed
3055 4948 3182 4991 ecce
3225 4950 3492 5006 ponamus
3542 4938 3695 4992 licere

2131 5037 2331 5077 omnia.

2207 5127 2366 5184 Vens.
2417 5131 2510 5186 25.
2536 5162 2607 5174 --
2636 5131 2800 5186 Omne
2835 5134 2972 5204 quod
3010 5135 3065 5188 in
3097 5135 3334 5190 macello.
3388 5136 3526 5204 Quia
3555 5137 3690 5192 licita

2131 5227 2280 5284 sunt,
2317 5228 2372 5274 et
2401 5228 2578 5277 tamen
2617 5237 2721 5277 non
2747 5233 2830 5278 est
2863 5225 3120 5279 utendum
3157 5227 3236 5280 cis
3263 5242 3498 5297 semper,
3527 5229 3691 5284 deter-

2133 5311 2302 5366 minat
2328 5313 2596 5381 quomodo
2623 5313 2782 5369 liceat
2806 5315 2967 5369 edere
2987 5318 3069 5371 vel
3101 5334 3206 5373 non
3233 5320 3413 5375 edere.
3630 5386 3644 5396 _

2203 5402 2366 5459 Vsus.
2391 5404 2478 5458 28.
2507 5434 2574 5444 ——
2597 5405 2816 5475 Propter
2842 5407 3008 5462 illum.
3039 5409 3173 5476 Quia
3201 5412 3292 5480 qui
3322 5412 3477 5469 idolis
3510 5415 3684 5477 servit,

2128 5508 2228 5564 per
2265 5495 2368 5550 hoc
2410 5495 2725 5566 gloriabitur
2768 5505 2822 5551 et
2863 5498 3266 5555 conﬁrmabitur
3311 5502 3364 5556 in
3409 5519 3611 5566 errore,
3639 5514 3687 5559 et

2130 5586 2384 5641 fratribus
2419 5587 2618 5641 malum
2649 5588 2806 5642 datur
2837 5591 3161 5660 exemplum.

2198 5675 2342 5732 Vsus
2389 5676 2476 5733 29.
2498 5707 2568 5716 —
2591 5676 2658 5731 Ut
2686 5679 2810 5748 quid
2840 5679 2994 5735 enim.
3027 5679 3188 5748 Quasi
3215 5701 3226 5737 :
3255 5682 3397 5750 Quid
3426 5701 3561 5757 opus
3585 5695 3677 5751 est,
