3958 6314
237 366 307 423 55
313 367 351 421 Ἰ,

1153 353 1422 425 σιοδει
1455 364 1850 425 οιωιΝΑιιιΑ.
1888 396 1957 407 -
1992 364 2209 424 EPIST.
2246 369 2269 424 1
2306 369 2397 424 an
2436 370 2595 427 con.

3372 367 3479 425 538

236 483 299 532 ut
340 482 500 545 puter
522 486 710 531 .causa
750 472 1116 534 venerationis
1165 474 1358 531 edere?
1399 474 1620 533 Judicor
1654 474 1799 531 enim
1828 476 2140 541 Anondum
2192 493 2290 533 suo
2333 479 2499 549 judici
2550 496 2610 537 se
2656 478 2813 536 otl‘ert
2861 488 2917 536 ct
2957 479 3281 550 colloquitur
3307 518 3322 545 ,
3381 480 3474 536 ubi

234 583 346 623 non
377 567 578 623 distare
607 566 675 622 ab
704 565 1002 622 idololatra.
1562 628 1565 629 ν

306 657 472 713 Vsus.
520 657 610 712 51.
640 656 854 713 —Sive
888 674 1008 728 ergo
1054 658 1404 713 manducatis.
1457 657 1576 713 Non
1628 657 1803 713 solum

232 765 367 821 ergo
392 766 498 806 vox
526 758 616 805 tua
643 758 797 806 sonet
830 750 1015 806 laudes
1038 751 1154 817 Dei,
1193 752 1286 807 sed
1321 751 1482 807 etiam
1519 766 1684 821 opera
1710 761 1802 807 tua

231 843 566 898 concordent
593 856 716 897 cum
745 856 881 898 voce
906 850 1018 897 tua.
1048 842 1184 900 Cum
1208 843 1354 899 enim
1380 858 1513 899 voce
1547 851 1803 899 cantave-
1833 864 1843 875 ι

231 931 332 995 ris,
364 931 547 987 siiebis
577 930 865 1001 aliquando
891 931 1021 987 vita.
1068 931 1174 987 Sed
1216 933 1297 988 sic
1342 940 1522 998 canta,
1568 940 1628 987 ut
1666 949 1802 988 nun-

230 1037 400 1091 quam
431 1022 612 1077 sileas.
664 1020 720 1077 Si
750 1022 892 1085 enim
923 1037 1020 1078 ore
1047 1022 1270 1089 clamas,
1296 1031 1351 1078 et
1379 1021 1624 1079 fraudem
1652 1022 1802 1093 cogi-

231 1123 339 1177 tas,
370 1113 564 1169 siluisti
612 1128 644 1167 a
671 1112 828 1168 laude
870 1111 964 1167 Dei
989 1098 1103 1178 ,let
1144 1113 1287 1182 quod
1334 1113 1551 1183 gravius
1593 1120 1695 1178 est,
1742 1112 1800 1168 in

227 1204 622 1274 blasphemiam
670 1202 975 1273 perrexisti.
1024 1203 1165 1260 Cum
1200 1203 1342 1257 enim
1367 1202 1632 1256 .laudatur
1657 1202 1799 1257 Deus

227 1297 300 1351 de
330 1297 469 1351 bono
497 1278 660 1366 opere
691 1302 801 1358 tuo,
836 1294 1022 1350 laudas
1043 1294 1215 1349 Deum
1244 1309 1261 1347 :
1302 1302 1358 1348 et
1390 1308 1515 1348 cum
1543 1292 1796 1362 blasphe-

228 1395 417 1440 matur
436 1386 579 1440 Deus
614 1383 683 1440 de
717 1383 859 1439 malo
895 1397 1057 1452 opere
1096 1391 1207 1449 tuo,
1238 1382 1580 1453 blasphemas
1605 1382 1796 1436 Deum.

229 1475 291 1530 Si
343 1489 471 1545 ergo
515 1474 659 1545 quod
702 1474 993 1528 manducas
1042 1480 1097 1527 et
1128 1471 1290 1537 bibis,
1334 1472 1402 1527 ad
1450 1470 1798 1526 refectionem

227 1565 477 1634 corporis
505 1563 695 1628 sumis,
724 1563 1222 1632 reparationemque
1260 1561 1645 1625 membrorum,
1677 1574 1800 1629 gra-

227 1655 336 1711 tias
365 1669 529 1725 agens
579 1654 629 1709 ei
666 1653 755 1722 qui
797 1653 891 1708 tibi
925 1651 1111 1707 tribuit
1146 1650 1359 1706 mortali
1396 1659 1451 1705 et
1478 1648 1651 1720 fragili
1691 1650 1798 1703 ista

225 1748 720 1817 supplementorum
751 1743 963 1809 solatia,
1002 1742 1152 1798 cibus
1185 1750 1307 1798 tuus
1345 1750 1399 1797 et
1424 1751 1581 1810 potus
1614 1741 1798 1796 laudat

1903 568 2263 621 conditionem
2289 584 2442 623 suam
2472 586 2692 626 necesse
2718 580 2801 625 est
2830 568 3087 639 profiteri.

1970 656 2133 713 Vens.
2170 659 2221 712 Ἰ.
2245 686 2312 698 -—
2339 657 2600 723 Quoniam
2645 662 2837 731 imago.
2885 660 3065 729 Imago
3095 667 3150 713 et
3174 657 3473 714 similitudo

1899 762 1998 818 pro
2023 764 2082 804 se
2110 748 2337 803 invicem
2375 749 2731 818 accipiuntur,
2781 750 2876 806 sed
2916 758 3096 804 tamen
3139 749 3191 803 in
3220 749 3321 805 hoc
3347 764 3475 819 pro-

1898 840 2017 911 prie
2055 848 2138 896 est
2184 840 2475 896 similitudo
2516 841 2710 895 animai
2759 857 2882 896 cum
2921 841 3051 908 Deo,
3110 840 3253 911 quod
3297 839 3468 897 incir-

1898 928 2247 997 cumscripta,
2275 928 2419 997 quod
2445 928 2642 997 ubique
2673 936 2784 983 tota
2812 938 2867 984 et
2896 928 3078 984 simul.

1968 1018 2149 1089 (Auc.,
2181 1018 2274 1074 lib.
2313 1034 2392 1073 xu
2432 1017 2496 1072 de
2529 1017 2675 1073 Trin.
2715 1036 2762 1073 c.
2787 1021 2842 1084 7,
2865 1020 2920 1082 8,
2944 1018 3022 1091 9.)
3071 1019 3242 1074 liomo
3271 1018 3470 1075 dicitur

1898 1108 2075 1181 imago
2098 1109 2213 1175 Dei,
2241 1120 2296 1164 et
2322 1111 2389 1165 ad
2420 1109 2708 1180 imaginem
2736 1128 2750 1163 :
2774 1125 2902 1179 quia
2931 1126 3036 1165 non
3064 1110 3306 1180 :cqualis,
3335 1121 3467 1177 etc.,

1897 1217 2062 1278 usque
2088 1200 2157 1255 ad
2188 1208 2245 1255 ut
2273 1200 2412 1255 male
2435 1200 2678 1256 viventes
2706 1201 2843 1256 bene
2881 1200 3146 1271 loquendo
3176 1200 3467 1271 turpitudi-

1898 1303 2023 1343 nem
2063 1304 2215 1344 suam
2251 1298 2560 1360 contegunt.

1969 1380 2132 1434 Vens.
2183 1379 2267 1433 11.
2305 1410 2374 1419 -
2420 1378 2808 1433 Verumtamen.
2873 1377 3130 1446 Quamvis
3187 1378 3241 1433 in
3291 1379 3464 1448 prima

1899 1470 2207 1526 conditione
2251 1487 2358 1525 non
2404 1471 2474 1526 sit
2514 1470 2599 1525 vir
2645 1471 2712 1525 de
2760 1470 2977 1533 femina,
3031 1469 3124 1526 sed
3176 1484 3466 1526 converso:

1897 1560 2061 1615 etiam
2099 1560 2152 1615 in
2182 1560 2431 1631 sequenti
2474 1560 2821 1632 generatione
2859 1575 2966 1615 non
2997 1559 3226 1615 esthoc.
3260 1557 3326 1613 In
3352 1558 3465 1613 Do-

1896 1652 2057 1705 mino.
2094 1651 2151 1732 lg
2171 1660 2253 1705 est
2279 1652 2329 1705 in
2363 1651 2675 1721 operatione
2694 1649 2932 1717 Domini,
2963 1650 3017 1704 in
3049 1666 3153 1721 qua
3184 1650 3322 1705 alter
3348 1649 3468 1705 sine

1898 1741 2069 1797 altero
2098 1758 2205 1797 non
2234 1751 2467 1798 creatur.

225 1837 425 1891 Deum.
468 1835 525 1891 Si
553 1851 681 1891 vero
709 1836 924 1891 modum
967 1843 1173 1888 naturae
1201 1832 1439 1888 debitum
1473 1832 1794 1889 immodera-
1823 1818 1870 1878 Β
1966 1834 2129 1889 Vnus.
2184 1835 2269 1888 12.
2307 1865 2379 1875 -
2423 1832 2614 1889 Omnia
2663 1843 2857 1889 autem.
2907 1835 3199 1904 Postquam
3251 1832 3463 1903 singula

224 1926 376 1980 tione
408 1924 725 1979 voracitatis
769 1923 1018 1988 excedas,
1054 1930 1110 1978 et
1146 1921 1436 1977 vinolentia
1468 1930 1518 1977 te
1559 1923 1797 1993 ingurgi-

222 2024 333 2081 tes,
384 2014 744 2085 quantaslibet
784 2014 968 2070 laudes
987 2012 1085 2070 Dei
1118 2012 1299 2086 lingua
1341 2020 1431 2068 tua
1480 2020 1658 2080 sonet,
1686 2013 1794 2068 vita

220 2105 583 2175 blasphemat.

299 2196 463 2250 Vens.
504 2196 592 2250 52.
629 2226 704 2237 -
727 2193 978 2251 Ecclesite
1000 2194 1119 2250 Dei.
1143 2192 1411 2263 Quantum
1441 2194 1508 2250 ad
1547 2193 1796 2250 infirmos

216 2286 423 2354 quibus
461 2286 592 2340 tiunt
629 2284 982 2351 offendicula,
1015 2286 1142 2341 dum
1178 2300 1367 2342 eorum
1406 2285 1654 2356 exemplo
1691 2285 1788 2340 ad—

218 2374 433 2428 haerent
457 2374 540 2428 his
562 2389 682 2444 qua:
708 2374 923 2429 inimica
950 2383 1075 2429 sunt
1100 2375 1228 2430 Deo.

296 2466 461 2521 Vsus.
493 2467 583 2521 55.
604 2497 675 2508 -
697 2465 953 2522 Omnibus
969 2466 1167 2536 placeo.
1198 2465 1301 2533 Qui
1328 2465 1633 2522 hominibus
1663 2480 1794 2535 pro-

213 2569 347 2629 pter
374 2560 656 2616 veritatem
686 2559 882 2629 placet,
921 2558 1036 2628 jam
1073 2573 1182 2614 non
1210 2559 1326 2629 ipse
1354 2558 1484 2624 illis,
1517 2559 1612 2613 sed
1648 2557 1792 2612 veri-

217 2659 310 2703 tas
335 2649 529 2719 placet.
562 2648 621 2704 Si
652 2658 869 2720 propter
901 2649 1135 2719 seipsum
1164 2648 1341 2719 placet
1380 2649 1562 2714 homo,
1604 2662 1792 2719 super-

211 2743 313 2797 bia
361 2748 482 2808 est;
534 2743 638 2797 hoc
678 2751 763 2799 est
802 2743 946 2812 quod
986 2739 1113 2797 alibi
1156 2741 1341 2797 dixit:
1385 2739 1449 2796 Si
1491 2739 1792 2796 hominibus

207 2833 510 2903 placerem,
555 2848 734 2889 servus
786 2830 984 2887 Christi
1020 2848 1124 2886 non
1162 2847 1324 2886 essem
1369 2829 1517 2902 (Gal.
1556 2830 1619 2901 ι).
1680 2828 1789 2886 Sed

209 2925 463 2995 nunquid
524 2925 771 2995 placebat
828 2923 1262 2995 persecutoribus
1316 2924 1471 2980 suis?
1532 2922 1789 2979 Placebat

207 3019 370 3071 omni
416 3016 602 3085 generi
645 3015 944 3078 hominum,
989 3016 1133 3085 quod
1174 3013 1377 3069 Christi
1428 3016 1790 3086 congregabat

1894 1924 2046 1990 dixit,
2086 1933 2143 1978 ut
2173 1924 2351 1979 omnia
2375 1924 2487 1979 Dco
2521 1924 2612 1979 uni
2650 1924 2914 1995 principio
2956 1925 3263 1995 subiiceret,
3309 1922 3461 1978 addit

1893 2015 2067 2071 omnia
2114 2031 2179 2069 ea:
2222 2014 2331 2068 Deo
2359 2054 2375 2080 ,
2444 2022 2505 2068 ut
2550 2008 2724 2085 neque
2772 2014 2964 2070 mulier
3015 2014 3082 2069 de
3130 2013 3464 2085 subjectione

1892 2104 2090 2170 doleat,
2120 2119 2294 2173 neque
2320 2104 2406 2158 vir
2433 2104 2499 2159 de
2526 2103 2852 2159 exultatione
2875 2092 3177 2175 superbiat.

1959 2194 2122 2251 Vens.
2159 2196 2241 2251 15.
2266 2227 2329 2236 -
2348 2194 2447 2251 Vos
2470 2196 2587 2268 ipsi.
2618 2194 2753 2263 Quia
2777 2195 3042 2251 Corinthii
3068 2195 3185 2265 ejus
3212 2194 3461 2250 traditio-

1890 2303 2011 2343 nem
2043 2303 2149 2342 nou
2187 2295 2537 2343 servaverant
2563 2286 2726 2359 (quod
2751 2287 2832 2343 eis
2857 2285 3184 2357 succenset),
3210 2284 3323 2354 jam
3352 2300 3458 2340 non

1889 2394 1957 2436 ex
2004 2382 2324 2437 auctoritate
2374 2380 2680 2436 traditionis
2729 2382 2935 2447 suadet,
2989 2381 3084 2436 sed
3129 2395 3195 2435 ex
3244 2389 3457 2435 natura.

1892 2468 2102 2525 Natura
2144 2488 2237 2525 nos
2268 2471 2445 2536 docet,
2484 2472 2608 2542 quia
2638 2471 2716 2525 vir
2757 2472 2804 2525 si
2845 2487 3046 2525 comam
3095 2472 3316 2535 nutriat,
3344 2478 3454 2524 etc.

1889 2558 2053 2616 Coma
2082 2569 2166 2616 est
2191 2561 2361 2632 gloria
2392 2559 2626 2625 mulieri,
2654 2560 2779 2630 quia
2809 2560 3125 2615 naturaliter
3151 2575 3270 2614 eam
3296 2560 3459 2614 habet

1888 2667 1987 2723 pro
2027 2652 2332 2708 velamine:
2370 2666 2522 2709 coma
2566 2651 2710 2706 enim
2756 2651 3011 2706 indicium
3053 2649 3338 2705 velaminis
3375 2657 3459 2705 est

1889 2753 1950 2799 ut
1975 2751 2179 2799 natura:
2205 2742 2451 2797 voluntas
2476 2741 2724 2796 addatur.
2755 2740 2823 2795 Et
2854 2740 2975 2795 ideo
2997 2740 3080 2795 vir
3106 2756 3213 2795 non
3243 2747 3326 2794 est
3355 2753 3454 2792 na-

1890 2835 2139 2890 turaliter
2181 2842 2462 2900 comatus,
2511 2832 2639 2903 quia
2677 2846 2786 2887 non
2834 2838 2918 2887 est
2960 2829 3250 2899 velandus,
3287 2838 3342 2886 et
3368 2829 3458 2886 lex

1886 2925 2139 2996 prohibet
2161 2925 2336 2979 virum
2366 2937 2487 2979 esse
2512 2929 2803 2978 comatum.

1958 3015 2121 3071 Vsus.
2158 3014 2247 3068 14.
2277 3044 2350 3054 -
2378 3012 2440 3070 Si
2470 3029 2692 3079 comam,
2725 3019 2828 3068 etc.
2872 3010 3038 3068 Coma
3088 3008 3356 3065 Samuelis
3403 3017 3460 3064 et

203 3106 538 3169 Ecclesiam,
574 3105 688 3161 sive
716 3103 828 3173 jam
855 3104 1004 3160 intus
1032 3104 1249 3175 positis,
1285 3106 1401 3161 sive
1440 3105 1785 3162 introduceu-
1814 3146 1859 3179 Ἀ
1890 3107 2273 3177 prophetarum
2306 3120 2406 3175 pro
2435 3104 2700 3179 velamine
2736 3101 2932 3158 veteris
2964 3102 3121 3174 legis,
3157 3102 3211 3156 in
3248 3100 3457 3155 revela-

201 3195 303 3251 dis
333 3195 389 3249 in
413 3209 549 3250 eam.

826 3305 1053 3364 CAPUT
1090 3305 1182 3363 Il.

289 3464 456 3519 Vens.
505 3462 557 3517 1.
578 3492 649 3502 -
671 3460 987 3517 Imitatores.
1041 3459 1179 3517 Sunt
1223 3460 1424 3532 gradus
1461 3460 1517 3517 in
1544 3460 1785 3517 Ecclesia

207 3554 479 3623 majorum
520 3560 576 3607 et
620 3552 922 3617 minorum,
958 3559 1018 3606 ut
1064 3551 1143 3607 illi
1174 3550 1421 3622 exemplo
1451 3552 1780 3622 pracedant,

206 3641 271 3696 bi
316 3639 613 3694 imitatione
649 3644 964 3707 sequantur.
1002 3634 1110 3692 Sed
1145 3645 1202 3693 et
1235 3636 1326 3706 qui
1364 3638 1698 3707 praecedunt,
1736 3636 1783 3692 si

143 3764 147 3767 λ
206 3728 482 3785 neminem
509 3736 826 3799 sequuntur,
862 3727 1120 3783 errabuut
1145 3741 1161 3782 :
1194 3735 1496 3798 sequuntur
1522 3741 1654 3796 ergo
1683 3726 1781 3782 ali-

207 3834 400 3890 quem,
429 3818 483 3875 id
515 3827 598 3876 est
635 3818 929 3874 Christum.

284 3912 452 3967 Vens.
502 3911 559 3965 2.
606 3939 675 3951 -
728 3907 935 3974 Laudo,
983 3915 1088 3963 etc.
1136 3906 1329 3978 Incipit
1369 3906 1459 3964 hic
1505 3921 1666 3977 agere
1713 3906 1781 3963 de

204 4001 567 4058 velationibus
605 4001 660 4056 in
687 4000 882 4072 quibus
918 3998 1096 4069 arguit
1138 3996 1257 4052 illos
1297 4012 1423 4052 suas
1463 3996 1780 4051 traditiones

206 4108 322 4147 non
363 4097 641 4146 servantes
674 4107 688 4143 :
724 4088 849 4159 quia
891 4087 1102 4142 illorum
1139 4085 1305 4157 aliqui
1342 4085 1445 4140 viri
1477 4085 1654 4140 velato
1690 4099 1779 4139 ca-

205 4184 346 4255 pite,
376 4191 431 4240 et
468 4182 662 4252 aliquae
688 4180 941 4236 mulieres
970 4194 1078 4235 non
1105 4178 1281 4234 velato
1318 4178 1496 4247 capite
1523 4178 1775 4244 orabant,

207 4285 307 4351 aut
332 4275 743 4345 prophetabant.
776 4271 930 4330 Unde
969 4279 1023 4327 et
1049 4277 1330 4328 succenset
1359 4269 1440 4325 eis
1462 4269 1803 4340 Apostolus,

206 4368 339 4438 quia
384 4382 506 4422 cum
554 4372 696 4421 esset
742 4364 822 4421 eis
866 4355 1183 4435 Apostolus,
1232 4361 1577 4416 immemores
1620 4368 1776 4415 erant

206 4442 564 4516 traditionum
591 4457 724 4528 ejus,
756 4455 914 4526 quasi
944 4495 957 4509 .
996 4453 1108 4509 Etsi
1134 4454 1201 4509 de
1225 4452 1345 4508 aliis
1397 4453 1574 4524 culpo,
1612 4452 1774 4509 laudo

207 4561 391 4607 tamen
418 4549 485 4606 de
508 4550 611 4604 hoc
639 4562 654 4602 :
682 4547 873 4604 ironia.

280 4641 446 4696 Vens.
472 4637 527 4693 5.
551 4665 623 4678 —-
655 4635 804 4702 Viri,
831 4644 936 4692 etc.
965 4634 1149 4691 Potest
1176 4632 1392 4690 nomine
1418 4633 1519 4688 viri
1548 4632 1773 4704 intelligi

203 4732 297 4788 hic
328 4729 570 4800 spiritus,
596 4742 701 4783 non
733 4726 819 4783 ille
842 4726 1072 4797 Spiritus
1098 4733 1315 4781 sanctus
1339 4725 1429 4795 qui
1461 4738 1584 4781 cum
1613 4723 1775 4780 Patre

200 4831 261 4878 et
288 4820 425 4874 Filio
453 4817 801 4874 immutabilis
832 4825 1044 4888 manet,
1065 4824 1120 4870 et
1147 4815 1321 4888 dignis
1349 4815 1545 4869 animis
1578 4814 1776 4870 incom-

200 4909 541 4967 nmtabiliter
579 4909 765 4977 datur;
820 4909 912 4964 sed
955 4907 1176 4978 spiritus
1213 4906 1464 4971 hominis,
1494 4905 1586 4976 qui
1619 4904 1774 4976 quasi

200 5006 403 5060 animae
446 5002 706 5068 maritus,
774 4999 1061 5057 animalem
1124 4998 1459 5054 affectionem
1516 5008 1771 5068 tanquam

201 5094 487 5165 conjugem
539 5092 697 5163 regit.
737 5088 906 5161 Caput
950 5090 1185 5145 Christus
1216 5098 1312 5146 est.
1369 5090 1502 5156 Quia
1549 5090 1771 5160 spiritus

200 5183 445 5241 hominis
474 5182 677 5253 regitur
715 5196 746 5238 a
783 5180 1044 5254 sapientia
1067 5179 1184 5247 Dei,
1212 5196 1331 5252 quae
1361 5180 1611 5236 Christus
1655 5187 1765 5235 est:

200 5274 261 5331 in
290 5290 401 5346 quo
438 5275 580 5331 sicut
615 5274 669 5328 in
695 5272 872 5344 capite
911 5280 1038 5328 sunt
1071 5286 1259 5327 omnes
1287 5287 1479 5327 sensus
1514 5271 1769 5340 spiritua-

200 5370 306 5435 les,
347 5367 401 5423 id
428 5375 531 5428 est.
569 5365 846 5436 plenitudo
875 5363 1194 5436 gratiarum,
1225 5362 1290 5417 de
1317 5377 1423 5432 qua
1452 5362 1651 5433 accipit
1685 5362 1769 5417 vir

200 5460 326 5524 iste,
358 5464 413 5512 et
446 5471 545 5527 per
579 5457 681 5511 hoc
710 5462 792 5510 est
822 5454 908 5509 vir
935 5462 1098 5524 caput
1139 5454 1400 5520 mulieris,
1439 5454 1491 5509 id
1530 5464 1642 5519 est,
1684 5470 1772 5510 re-

199 5557 324 5604 ctor
374 5544 742 5610 animaiitatis,
793 5556 913 5614 qua:
956 5542 1163 5613 regitur
1204 5558 1235 5597 a
1272 5542 1463 5615 spiritu
1511 5534 1770 5615 tanquam

199 5636 398 5695 mulier
428 5651 461 5691 a
486 5635 624 5691 viro.

268 5729 468 5785 Orant.
525 5726 660 5797 Quia
711 5726 765 5783 in
816 5725 936 5784 aliis
976 5726 1065 5785 ubi
1105 5736 1210 5796 cst,
1240 5736 1414 5799 potest
1442 5727 1642 5798 velare,
1667 5728 1767 5786 sed

1811 3158 1860 3223 C

1805 4506 1854 4566 D

1892 3199 2034 3253 tione
2064 3195 2339 3268 Evangelii
2382 3196 2715 3265 deponitur;
2748 3195 2888 3249 unde
2927 3209 3049 3250 cum
3080 3193 3360 3249 transieris
3389 3192 3458 3247 ad

1886 3286 2186 3351 Christum,
2225 3285 2498 3340 auferetur
2526 3284 2793 3339 velamen.

1956 3378 2123 3434 Vens.
2157 3379 2241 3433 17.
2264 3408 2336 3419 -
2358 3376 2474 3432 Hoc
2503 3386 2676 3431 autem
2702 3376 2967 3448 praecipio.
3013 3374 3129 3429 Non
3159 3372 3458 3429 deserentis

1885 3472 2105 3529 solertia
2147 3472 2479 3541 requiratur,
2520 3470 2613 3526 sed
2654 3471 3010 3542 praecipientis
3048 3469 3343 3524 auctoritas
3372 3477 3455 3523 at-

1885 3562 2155 3618 tendatur.
2204 3559 2328 3615 Non
2364 3559 2609 3614 laudans.
2648 3559 2841 3628 Incipit
2882 3558 2948 3615 de
2973 3557 3251 3613 Dominica
3296 3571 3453 3613 ctena

1883 3653 2085 3717 dicere,
2125 3651 2178 3707 in
2207 3665 2313 3721 qua
2343 3649 2570 3706 multum
2605 3648 2924 3719 peccabant.

1951 3743 2116 3800 Vens.
2154 3741 2240 3799 19.
2262 3772 2337 3784 -
2358 3739 2572 3813 Oportet
2593 3749 2639 3794 et
2662 3740 2902 3807 ltwreses,
2933 3748 3037 3797 etc.
3070 3738 3185 3795 Non
3214 3737 3326 3793 vult
3354 3753 3456 3803 nec

1879 3844 2030 3907 optat
2046 3835 2335 3906 Apostolus
2368 3850 2488 3890 esse
2518 3834 2773 3901 hmreses,
2804 3833 2899 3889 sed
2927 3834 3053 3904 quia
3097 3833 3176 3889 sic
3208 3831 3451 3887 futurum

1880 3934 1986 3994 est,
2025 3927 2176 3982 dicit.
2214 3927 2281 3980 Et
2310 3925 2376 3980 ad
2405 3924 2531 3994 quid
2559 3924 2660 3979 hoc
2698 3924 2763 3979 sit
2794 3922 3158 3990 utile,.subdit
3194 3940 3206 3975 :
3245 3921 3315 3978 Ut
3344 3937 3452 3975 non
3524 3914 3529 3917 ’

1882 4024 2087 4071 tantum
2128 4014 2344 4086 reprobi
2392 4014 2506 4085 (qui
2542 4014 2728 4069 dicunt
2768 4030 2782 4066 :
2819 4010 2932 4084 Ego
2961 4029 3077 4067 sum
3102 4009 3306 4083 Pauli),
3357 4012 3451 4066 sed

1880 4114 1937 4161 et
1961 4107 2055 4176 qui
2089 4105 2300 4175 probati
2337 4112 2485 4170 sunt,
2527 4102 2796 4159 manifesti
2837 4102 2988 4157 ﬁant.
3036 4100 3280 4155 Hmrcscs
3320 4101 3452 4154 dicit

1876 4212 1977 4269 pro
2028 4197 2115 4252 his
2156 4197 2248 4267 qui
2294 4194 2542 4251 dubitant
2598 4195 2665 4250 de
2717 4192 3130 4249 resurrectione.
3190 4190 3450 4245 Scissum:

1878 4294 2032 4343 erant
2062 4301 2159 4357 pro
2194 4286 2350 4342 donis
2390 4284 2757 4356 spiritualibus
2786 4298 2802 4338 :
2839 4290 2894 4337 et
2925 4282 2978 4337 hi
3018 4280 3161 4337 malo
3201 4296 3297 4336 suo
3325 4295 3451 4357 pro-

1878 4384 2006 4433 sunt
2051 4356 2354 4431 catholicis.
2398 4374 2597 4430 Omnes
2643 4373 2786 4427 enim
2838 4371 3044 4427 inimici
3071 4370 3327 4425 Ecclesiae
3365 4356 3449 4423 vel

1879 4480 2064 4521 errore
2111 4465 2295 4521 caecati
2341 4464 2427 4518 vel
2455 4463 2661 4517 malitia
2693 4460 2969 4532 depravati
2997 4467 3223 4531 prosunt
3267 4458 3450 4513 Eccle-

1879 4557 1972 4613 sia:
1995 4575 2008 4611 :
2033 4556 2157 4627 quia
2194 4554 2241 4610 si
2272 4555 2543 4624 accipiunt
2571 4562 2893 4625 potestatem
2923 4551 3276 4621 corporaliter
3312 4548 3445 4603 allii.

1877 4645 2060 4718 gendi,
2088 4651 2344 4700 exercent
2373 4641 2487 4712 ejus
2526 4628 2860 4713 patientiam.
2896 4639 2953 4695 Si
2983 4655 3112 4694 vero
3152 4637 3290 4693 male
3318 4652 3447 4693 sen-

1876 4737 2059 4792 tiendo
2083 4735 2462 4799 adversantur,
2491 4739 2748 4787 exercent
2771 4729 2887 4800 ejus
2914 4728 3256 4799 sapientiam.

1949 4830 2110 4886 Vsus.
2149 4827 2236 4882 20.
2260 4825 2673 4880 —Dominicam
2715 4840 2932 4878 caenam.
2975 4820 3304 4877 Dominicam
3334 4836 3448 4876 coe-

1878 4936 2003 4975 nam
2038 4919 2169 4974 dicit
2205 4917 2570 4986 acceptionem
2597 4913 2980 4978 Eucharistim,
3020 4914 3180 4981 quam
3219 4926 3325 4965 non
3356 4909 3447 4965 de—

1877 5013 2008 5069 bent
2052 5009 2237 5082 pransi
2282 5022 2518 5073 sumere,
2563 5005 2649 5061 vel
2691 5004 2893 5059 mensis
2937 5004 3053 5060 suis
3094 5003 3341 5069 miscere,
3388 5011 3450 5058 ut

1876 5101 1933 5158 hi
1976 5115 2112 5170 quos
2151 5097 2439 5168 Apostolus
2468 5096 2676 5168 arguit,
2721 5093 2815 5150 sed
2851 5092 3039 5166 jejuni,
3088 5095 3153 5173 in
3185 5094 3445 5150 honorent

1876 5190 2009 5246 tanti
2040 5187 2383 5245 sacramenti.
2421 5185 2577 5241 Licet
2605 5185 2746 5240 enim
2777 5193 2897 5255 post
2932 5198 3140 5241 coenam
3171 5184 3447 5257 discipulis

1876 5282 1989 5337 suis
2017 5280 2224 5335 dederit
2260 5295 2457 5351 corpus
2485 5286 2539 5333 et
2568 5277 2882 5349 sanguinem
2920 5293 3098 5343 suum,
3129 5292 3236 5333 non
3265 5285 3446 5332 tamen

1866 5367 1984 5439 jam
2024 5368 2460 5424 calunmiandum
2511 5375 2597 5422 est
2649 5367 2915 5423 universa:
2962 5368 3249 5435 Ecclesiaz,
3298 5367 3444 5438 quod

1874 5474 1904 5514 a
1928 5458 2127 5531 jejunis
2169 5473 2384 5530 semper
2425 5456 2676 5513 sumitur.
2717 5456 2852 5513 Nam
2877 5459 3126 5515 Salvator
3151 5475 3259 5530 quo
3283 5458 3445 5514 vehe—

1872 5550 2106 5606 mentius
2141 5549 2546 5607 commendaret
2602 5548 2846 5621 mysterii
2884 5550 3046 5616 hujus
3080 5549 3439 5611 altitudinem,

1870 5642 2038 5696 voluit
2069 5641 2169 5696 hoc
2207 5640 2456 5695 ultimum
2507 5639 2727 5711 infigere
2773 5640 3024 5696 cordibus
3075 5647 3127 5694 et
3170 5637 3446 5693 memoriae

1870 5743 2076 5790 eorum;
2121 5731 2239 5799 Quo
2266 5729 2454 5790 ordine
2486 5742 2666 5788 autem
2697 5740 2818 5803 post
2857 5738 3184 5797 sumeretur,
3218 5729 3286 5786 ab
3315 5743 3443 5797 apo-
