3958 6314
529 366 634 447 539

1032 385 1413 444 murum;
1451 376 1695 442 suum
1734 384 1935 442 rum.
1977 381 2145 440 non.
2187 380 2338 439 opp.
2378 379 2563 439 PARS
2589 358 2641 439 l.
2678 412 2751 424 -
2785 381 3251 460 THEOLOGICA.
3338 358 3341 365 ’

530 507 689 566 διοιίς
709 520 808 578 per
835 520 969 577 quos
1006 505 1262 590 ecclesias
1299 503 1654 574 dispositurus
1683 510 1832 571 erat,
1858 498 2096 557 servavit
2120 498 2175 561 Α
2198 482 2297 552 itus
2316 496 2491 568 potuit
2511 498 2705 553 terreri
2724 498 2811 590 vel
2833 500 3144 590 contristari
3166 501 3234 557 de
3259 514 3326 557 eo
3347 482 3491 573 quod
3519 520 3630 561 non
3648 517 3777 567 erat

531 599 850 655 docendum.

601 686 764 743 Vsus.
802 685 894 741 2i.
917 684 986 729 4-
1017 684 1381 755 Unusquisque
1426 701 1586 751 enim,
1639 694 1746 741 etc.
1784 685 1945 741 Natat
1976 684 2098 740 illos

531 778 621 848 qui
652 792 876 833 munera
912 791 1029 846 quae
1062 775 1360 833 offerebant
1405 774 1663 831 altaribus
1697 792 1797 847 pro
1830 776 2101 833 sacriﬁcio

532 868 885 932 conﬁciendo,
919 875 1140 939 peracto
1168 867 1278 935 illo,
1306 867 1413 922 sibi
1442 868 1815 933 resumebant,
1848 883 1947 924 nec
1974 867 2099 926 aliis

528 976 638 1017 non
670 960 991 1018 habentibus
1027 960 1416 1016 communicari
1448 960 1714 1025 sinebant,
1747 961 1840 1016 sed
1868 960 1967 1016 soli
2006 976 2098 1016 su—

528 1050 749 1105 mebant
774 1067 786 1103 :
812 1051 886 1105 ita
915 1060 976 1107 ut
1010 1050 1137 1107 inde
1162 1051 1329 1105 etiam
1360 1050 1777 1117 inebriarentur,
1815 1050 1936 1108 aliis
1971 1066 2096 1107 esu-

527 1140 812 1198 rientibus.

601 1229 821 1304 (Anam)
865 1232 1059 1289 Munus
1104 1218 1340 1290 oblatum
1381 1233 1547 1291 totius
1592 1232 1655 1289 ﬁt
1699 1234 1911 1306 populi,
1961 1242 2090 1301 ete.,

529 1336 692 1393 usque
719 1323 790 1377 ad
825 1322 1054 1379 formam
1099 1340 1220 1396 qua:
1256 1340 1288 1379 a
1318 1324 1533 1382 Christo
1581 1324 1637 1380 in
1679 1326 1988 1397 hujusmodi
2032 1341 2097 1383 re

530 1408 656 1467 data
679 1422 762 1470 est
792 1413 973 1470 iterat.

600 1500 764 1559 Vnus.
802 1504 1311 1563 22.——Ecclesiam.
1351 1507 1592 1564 Ecclesia
1622 1518 1746 1565 sunt
1775 1509 1985 1577 ﬁdeles;
2026 1511 2097 1567 de

526 1578 722 1663 quibus
764 1594 1000 1652 dicitur:
1026 1594 1092 1651 Ut
1127 1598 1385 1652 exhiberet
1430 1598 1528 1652 sibi
1570 1598 1858 1656 Ecclesium
1898 1600 2092 1672 glorio-

528 1700 662 1741 sam.
692 1684 804 1741 Hoc
839 1692 1019 1743 tamen
1048 1689 1266 1745 nomine
1290 1691 1470 1749 vocari
1511 1690 1684 1762 ipsam
1719 1694 1934 1747 domum
1967 1710 2092 1749 ora-

529 1771 689 1829 tionis
706 1771 997 1842 Apostolus
1023 1783 1272 1842 testatur,
1297 1778 1501 1846 dicens,
1524 1778 1629 1832 Aut
1654 1777 1944 1835 Ecclesium
1970 1782 2091 1843 Dei.

525 1869 630 1917 etc.
658 1861 839 1918 Laudo
861 1867 991 1922 vos?
1016 1867 1108 1926 Vel
1129 1868 1207 1926 sic
1230 1869 1494 1942 distingue
1519 1887 1532 1925 :
1553 1870 1740 1926 Laudo
1763 1889 1850 1928 vos
1874 1872 1929 1928 iu
1951 1874 2090 1929 hoc?
2118 1864 2164 1925 B

524 1951 712 2023 utique
739 1944 847 2013 non
876 1956 1059 2034 laudo.

593 2043 757 2112 Vsus.
787 2047 879 2105 25.
901 2079 973 2093 --
994 2050 1109 2121 Ego
1139 2055 1275 2107 enim
1313 2055 1487 2127 accepi
1513 2096 1530 2122 ,
1559 2064 1666 2112 etc.
1696 2056 1948 2114 Ostendit
1975 2073 2092 2129 my-

527 2134 750 2190 sterium
790 2136 1141 2197 Eucharistia:
1176 2143 1320 2201 inter
1354 2150 1677 2203 coenandum
1732 2149 2087 2218 celebratum,

526 2237 634 2277 non
667 2238 875 2283 cmnam
913 2245 1049 2288 esse.
1090 2230 1351 2290 Medicina
1380 2237 1526 2292 enim
1560 2239 1857 2309 spiritualis
1887 2253 1992 2308 est,
2034 2250 2092 2299 et

527 2315 788 2371 memoria
835 2317 1255 2392 redemptionis,
1302 2334 1363 2381 ut
1410 2327 1614 2398 majora
1671 2346 2092 2404 consequamur,

527 2407 848 2483 quia_morte
885 2411 1086 2471 Christi
1133 2417 1343 2475 liberati
1373 2437 1578 2478 sumus.
1610 2423 1777 2496 Hujus
1805 2427 1854 2481 in
1881 2428 2088 2485 edendo

525 2506 581 2553 et
614 2497 844 2576 bibendo
881 2519 1149 2564 memores
1188 2524 1308 2566 esse
1341 2512 1619 2581 debemus,
1659 2515 1864 2571 Novum
1895 2518 2083 2574 Testa-

524 2596 762 2647 mentum
792 2591 848 2647 in
870 2592 972 2650 hoc
997 2599 1270 2654 consecuti
1296 2617 1309 2654 :
1337 2601 1460 2671 quia
1487 2600 1731 2660 beneﬁcii
1759 2606 1924 2662 divini
1962 2623 2091 2663 san-

522 2676 641 2742 guis
666 2686 751 2734 est
779 2682 962 2750 testis,
1007 2686 1147 2742 unde
1177 2688 1247 2744 ad
1287 2690 1566 2748 tuitionem
1600 2697 1843 2767 corporis
1874 2706 1930 2753 et
1964 2699 2085 2754 ani-

523 2781 626 2821 ma:
665 2770 989 2841 percipimus
1022 2792 1037 2829 ε
1077 2778 1201 2846 quia
1231 2794 1359 2837 caro
1385 2781 1585 2840 Christi
1621 2802 1720 2856 pro
1758 2788 1931 2845 salute
1963 2804 2086 2845 cor-

498 2854 691 2927 'poris,
728 2877 942 2935 sanguis
967 2882 1064 2937 pro
1089 2870 1267 2925 anima
1297 2881 1478 2929 nostra
1503 2892 1518 2929 :
1547 2877 1772 2948 ideoque
1801 2896 1907 2936 non
1936 2897 2089 2936 man-

523 2950 827 3041 ducandum
868 2957 1115 3027 praedixit
1155 2960 1239 3016 lex
1275 2965 1612 3035 sanguinem.
1672 2968 1739 3025 In
1776 2986 1881 3041 qua
1915 2982 2086 3027 nocte.

522 3039 580 3097 ln
610 3055 765 3103 nocte
787 3062 978 3118 passus
1006 3052 1072 3107 ad
1098 3052 1271 3109 lucem
1301 3060 1714 3118 resurrectionis
1739 3039 1906 3119 venit.

592 3132 756 3192 Vens.
794 3137 883 3192 24.
906 3170 976 3181 -
1009 3140 1213 3213 Fregit.
1259 3144 1319 3200 In
1363 3160 1702 3207 sacramento
1741 3153 1967 3221 scilicet,
1999 3169 2086 3211 se-

2199 599 2458 641 sensurus
2493 593 2757 642 mortuus.
2786 587 3000 644 Dictum
3045 598 3129 646 est
3164 591 3307 647 enim
3347 593 3399 648 ei
3427 610 3444 650 :
3472 594 3600 651 Non
3626 598 3771 666 infe-

2198 685 2344 730 retur
2363 677 2584 731 cadauer
2608 686 2755 733 tuum
2789 678 2845 732 in
2881 680 3118 750 sepulcro
3152 692 3360 752 patrum
3403 692 3619 740 tuorum
3648 685 3774 756 (III

2196 763 2324 835 Reg.
2352 767 2496 836 xm).
2530 766 2598 821 Et
2632 782 2732 837 per
2760 768 2863 823 hoc
2887 769 3249 827 inobedientia
3278 775 3561 845 prophetae
3588 778 3775 847 puniri

2194 855 2397 924 potuit,
2427 870 2495 910 ne
2516 855 2584 911 ad
2613 856 2932 927 supplicium
2972 865 3268 915 tartaream
3308 861 3429 930 ejus
3463 862 3645 926 anima
3676 882 3773 922 ra-

2195 955 2434 1016 peretur.
2465 946 2809 1021 Corripimur.
2841 949 2901 1005 ln
2943 951 3132 1022 paucis
3178 962 3263 1009 est
3296 955 3542 1012 omnium
3580 972 3774 1015 emen-

2194 1040 2360 1107 datio,
2403 1048 2673 1111 quatenus
2722 1041 2917 1099 timore
2965 1056 3141 1115 pmna:
3185 1054 3386 1102 nostra:
3440 1047 3534 1103 alii
3582 1064 3776 1105 emen-

2194 1129 2411 1186 dantur.

2268 1228 2427 1287 Vens.
2468 1231 2559 1286 33.
2602 1262 2675 1274 —
2723 1205 2952 1289 Invicem
2993 1245 3309 1305 exspectare.
3354 1235 3427 1292 Ut
3472 1238 3772 1293 multorum

2192 1321 2397 1380 oblatio
2422 1322 2585 1380 simul
2608 1325 2945 1393 celebretur,
2974 1334 3032 1382 et
3054 1328 3303 1385 omnibus
3329 1330 3705 1386 ministretur.

2783 1476 3014 1537 CAPUT
3051 1479 3162 1536 XII.

2260 1631 2425 1688 Vens.
2458 1630 2509 1688 l.
2532 1662 2604 1674 --
2637 1633 2716 1688 De
2758 1633 3141 1704 spiritualibus.
3172 1633 3349 1708 Agere
3385 1637 3584 1708 incipit
3622 1638 3769 1708 Apo-

2191 1723 2361 1779 stolus
2388 1725 2453 1779 de
2477 1720 2636 1789 bonis
2662 1724 2837 1780 sancti
2866 1722 3100 1795 Spiritus
3120 1766 3138 1793 ,
3164 1741 3263 1795 pro
3289 1742 3523 1797 quorum
3552 1728 3771 1799 majori-

2189 1808 2292 1868 bus
2313 1813 2404 1868 alii
2435 1813 2853 1885 superbiebant,
2885 1814 3124 1872 minores
3152 1816 3469 1873 invidebant
3492 1829 3553 1876 et
3591 1821 3770 1892 despi-

2192 1906 2425 1981 ciebant,
2454 1907 2610 1976 quasi
2635 1921 2908 1976 nunquam
2936 1900 3183 1964 habituri
3197 1918 3403 1966 essent.

2259 2001 2595 2061 Vens.2.-—
2637 2003 2819 2060 Scitis.
2863 2004 3198 2076 Spiritualia,
3237 2008 3539 2065 traditurus
3585 2011 3767 2080 priora

2188 2102 2594 2162 commemorat,
2624 2101 2684 2150 ut
2705 2094 2844 2152 sicut
2868 2092 3088 2156 [uerunt
3113 2105 3240 2155 tunc
3266 2097 3450 2172 imago
3469 2099 3765 2168 idolorum,

2190 2184 2261 2240 ita
2295 2201 2438 2242 nunc
2463 2187 2573 2242 sint
2601 2188 2778 2259 imago
2805 2187 2926 2244 Dei.

2262 2292 2423 2349 Vens.
2460 2295 2608 2349 5.-
2636 2292 2767 2349 Ideo
2812 2304 3017 2349 notum.
3055 2292 3193 2361 Quia
3223 2309 3325 2366 per
3370 2296 3588 2369 singula
3632 2298 3769 2354 chr

2186 2383 2412 2439 rismata
2437 2384 2746 2440 hominibus
2768 2385 2942 2457 magis
2959 2385 3186 2457 gloriam
3211 2402 3375 2458 quam
3399 2390 3512 2444 Deo
3537 2390 3764 2455 dabant,

2186 2487 2491 2532 nescientes
2514 2477 2663 2531 hoea
2692 2475 2896 2547 Spiritu
2922 2486 3109 2534 sancto
3137 2480 3481 2547 ministrari;
3502 2481 3560 2537 iu
3583 2482 3765 2538 omni-

2185 2567 2287 2625 bus
2311 2569 2546 2626 ostendit
2595 2569 2810 2624 laudem
2850 2570 2943 2625 Dei
2970 2585 3093 2627 esse
3133 2579 3191 2628 et
3219 2574 3575 2644 gratiam,ut
3617 2575 3763 2630 siwt

2186 2666 2317 2716 tunc
2358 2661 2536 2730 imago
2568 2660 2693 2716 idoli
2723 2652 2897 2717 totum
2925 2662 3126 2718 rnalum
3154 2662 3266 2720 fuit
3286 2680 3353 2722 ex
3398 2666 3653 2733 homine,
3682 2668 3765 2723 ita

2186 2736 2333 2807 nunc
2357 2765 2423 2806 ex
2445 2751 2652 2823 Spiritu
2679 2752 2774 2807 Dei
2795 2753 2977 2808 omnia
2998 2755 3137 2809 bona
3161 2756 3471 2811 credantur.
3497 2757 3675 2813 Nemo
3703 2761 3763 2814 in

2183 2844 2404 2913 spiritu,
2430 2849 2535 2898 etc.
2572 2842 2901 2916 Cogitando,
2946 2845 3248 2915 loquendo,
3287 2849 3585 2919 operando.
3614 2850 3759 2905 Dicit

2183 2932 2435 2988 similiter
2461 2933 2632 2989 tribus
2656 2934 2858 3000 modis,
2889 2934 3118 3001 scilicet,
3141 2934 3326 3004 corde,
3376 2954 3473 2994 ore
3499 2948 3559 2995 et
3591 2955 3765 3011 Opere

2184 3022 2471 3077 anathema
2491 3020 2637 3087 Jesu,
2663 3022 2717 3077 id
2735 3028 2818 3077 est
2845 3022 3080 3092 aliquam
3106 3026 3526 3094 separationem,
3550 3043 3581 3083 a
3605 3028 3755 3095 Iesu,

2185 3110 2243 3166 id
2284 3118 2371 3166 est
2408 3109 2687 3180 quodlibet
2722 3120 3005 3182 peccatum
3038 3131 3051 3168 :
3083 3115 3237 3184 quasi
3267 3133 3283 3171 :
3316 3115 3636 3175 Abstinetur
3661 3134 3762 3190 per

521 3225 756 3283 cundum
792 3231 934 3300 quod
964 3200 1246 3290 videbatur
1305 3200 1827 3311 etﬁintegi-n-ni‘es-sve
1863 3200 2087 3300 inueni
2111 3213 2157 3277 ϐ
2189 3200 2439 3311 Ψίίίξιῗηξ
2465 3216 2497 3257 a
2520 3201 2683 3311 ina}?

518 3313 623 3370 bus
649 3317 985 3378 credebatur.
1020 3323 1195 3380 Unum
1222 3327 1471 3385 omnibus
1499 3331 1663 3398 dedit,
1692 3341 1753 3388 ut
1784 3335 1838 3389 in
1878 3335 2087 3399 unitate

518 3412 1048 3476 permanerent:sed
1096 3430 1221 3471 cum
1265 3415 1445 3489 fregit,
1488 3429 1838 3491 spontaneam
1877 3425 2087 3496 passio-

520 3513 643 3553 nem
671 3516 823 3557 suam
850 3504 1103 3572 ostendit.

595 3589 753 3679 Vens.
801 3590 889 3646 26.
931 3618 1001 3635 α-
1030 3595 1464 3671 Quotiescunque.
1543 3602 1773 3674 Exponit
1823 3607 1875 3663 in
1924 3626 2084 3679 quam

526 3674 726 3733 Christi
767 3685 1353 3754 commemorationem,
1396 3698 1624 3746 mortem
1652 3693 1877 3751 scilicet.
1913 3674 2085 3754 Donec

520 3765 707 3819 veniat.
757 3765 893 3834 Quia
932 3769 1032 3827 hoc
1072 3787 1177 3829 non
1220 3776 1514 3833 mutabitur
1549 3781 1689 3837 sicut
1739 3799 2084 3845 sacramenta

521 3855 847 3916 Iudaeorum.

599 3949 755 4045 Vens.
788 3953 876 4045 27.
903 3956 1235 4031 -—Indignc.
1267 3960 1382 4017 Non
1415 3964 1540 4035 quia
1572 3969 1862 4026 mandueat
1895 3973 2088 4045 aliquis

523 4055 629 4094 non
663 4041 730 4097 ad
758 4043 1006 4108 salutem.
1036 4048 1156 4106 ideo
1204 4051 1384 4110 minus
1418 4063 1502 4111 est
1545 4072 1743 4128 corpus
1779 4069 1833 4139 et
1866 4041 2086 4136 sanguis

521 4130 663 4201 quod
701 4133 913 4203 accipit.

593 4218 754 4277 Vens.
808 4224 898 4280 29.
937 4255 1009 4268 -—
1034 4228 1304 4286 Iudicium
1333 4233 1432 4289 sibi
1469 4237 1772 4294 manducet.
1817 4241 2089 4309 Quzeritur

521 4311 787 4380 quomodo
816 4314 952 4381 hoc,
987 4332 1107 4372 cum
1137 4318 1395 4378 Dominus
1437 4325 1618 4381 dicat:
1660 4327 1763 4394 Qui
1803 4334 2086 4390 manducat

523 4417 626 4467 me,
658 4402 765 4470 ipse
792 4405 921 4460 uiuet
943 4419 1151 4480 propter
1179 4414 1299 4467 me?
1327 4414 1435 4470 Sed
1462 4416 1569 4473 duo
1608 4431 1736 4477 sunt
1758 4426 1901 4480 modi
1929 4443 2085 4484 man-

525 4490 753 4548 ducandi
782 4512 797 4548 :
823 4511 960 4552 unus
999 4504 1425 4571 sacramentalis,
1468 4523 1578 4579 quo
1606 4514 1931 4572 manducant
1975 4527 2083 4574 tam

522 4582 648 4638 boni
678 4600 840 4655 quam
867 4588 1023 4657 mali;
1056 4592 1194 4649 alius
1218 4595 1544 4667 spiritualis,
1575 4617 1683 4673 quo
1709 4606 1809 4662 soli
1838 4609 1984 4666 boni.
2018 4611 2087 4668 Et

521 4675 625 4731 hoc
648 4684 730 4732 est
755 4693 863 4734 non
890 4680 1065 4737 solum
1091 4681 1362 4742 Christum
1391 4691 1716 4753 manducare
1744 4706 1799 4753 et
1821 4700 1875 4756 in
1898 4716 2089 4761 sacra-

521 4775 705 4821 mento
731 4766 847 4837 ejus
873 4785 1068 4841 corpus
1095 4775 1369 4847 accipere,
1398 4782 1495 4837 sed
1521 4783 1574 4837 in
1604 4785 1721 4855 ipso
1750 4804 2000 4862 manere,
2032 4803 2087 4849 et

523 4855 723 4912 habere
764 4859 936 4930 ipSum
976 4863 1027 4918 in
1073 4880 1130 4921 se
1175 4880 1504 4928 manentem.
1544 4872 1907 4945 Spiritualiter
1941 4855 2083 4940 enim

523 4947 834 5017 manducat,
870 4954 961 5021 qui
988 4954 1041 5009 in
1068 4958 1273 5016 unitate
1305 4961 1560 5020 Ecclesiae
1585 4968 1765 5036 (quam
1796 4970 1968 5040 ipsum
1997 4988 2088 5029 sa-

523 5049 855 5096 cramentum
883 5044 1166 5120 signiﬁcat)
1211 5062 1411 5108 manet.
1455 5053 1589 5110 Nam
1619 5060 1710 5127 qui
1751 5060 2022 5120 discordat
2055 5081 2086 5122 a

490 5210 494 5214 Δ
525 5131 769 5200 Christo,
800 5150 901 5191 nec
927 5153 1146 5195 carnem
1175 5140 1372 5199 Christi
1402 5146 1707 5216 manducat,
1741 5164 1841 5207 nec
1865 5156 2085 5226 sangui-

524 5239 647 5277 nem
690 5224 855 5292 bibit,
882 5230 981 5284 etsi
1011 5238 1168 5288 tanta:
1207 5235 1283 5289 rei
1316 5245 1712 5292 sacramentum
1736 5241 1802 5297 ad
1822 5224 2082 5313 judicium

522 5312 763 5382 quotidie
789 5328 983 5374 sumat.

595 5402 755 5463 Vens.
789 5407 877 5465 30.
900 5442 969 5452 -—
998 5411 1126 5469 Ideo
1162 5415 1297 5471 inter
1328 5434 1434 5474 vos.
1464 5419 1577 5478 Hoc
1601 5422 1662 5478 lit
1693 5424 1760 5481 ad
1788 5428 2083 5483 correctio-

523 5510 643 5549 nem
678 5495 927 5557 aliorum.

594 5584 755 5644 Vsus.
792 5589 880 5644 52.
910 5619 977 5632 -—
1001 5591 1139 5647 Dum
1158 5595 1479 5666 iudicamur,
1502 5609 1605 5657 etc.
1633 5602 1850 5661 Eisdem
1876 5608 1969 5679 qui
1992 5622 2087 5680 pa-

527 5678 731 5733 tiuntur
749 5681 911 5736 etiam
939 5696 1096 5753 pmna
1124 5687 1361 5756 propria,
1394 5699 1478 5745 est
1504 5690 1791 5763 aliqUando
1816 5678 2084 5770 purgatio,

529 5781 581 5823 ut
614 5772 886 5841 prophctm
913 5771 1095 5841 Addo,
1126 5775 1214 5845 qui
1257 5779 1559 5849 prohibitus
1588 5785 1818 5842 comedit
1848 5805 1859 5840 :
1886 5790 1976 5859 qui
2004 5789 2084 5845 vi-

2113 4561 2163 4622 D

2254 3299 2376 3354 Nisi
2418 3302 2474 3355 in
2514 3300 2718 3371 Spiritu
2753 3312 2956 3358 sancto.
3005 3303 3210 3371 Quasi:
3251 3305 3398 3363 Bene
3443 3310 3659 3379 operari
3706 3321 3759 3367 et

2181 3408 2341 3450 omne
2364 3394 2563 3449 bonum
2592 3393 2675 3449 est
2698 3410 2796 3466 per
2825 3394 3085 3467 Spiritum
3110 3407 3354 3455 sanctum
3372 3442 3387 3466 ,
3410 3410 3473 3456 et
3500 3402 3623 3457 ideo
3638 3419 3757 3458 ma-

2177 3484 2266 3554 jor
2294 3500 2402 3541 non
2427 3485 2686 3557 despiciat
2714 3488 2974 3544 minorem
2994 3529 3011 3556 ,
3041 3490 3167 3561 quia
3213 3492 3349 3548 nihil
3388 3494 3556 3551 habet
3592 3498 3694 3553 nisi
3725 3513 3754 3552 a

2186 3574 2388 3646 Spiritu
2411 3586 2619 3634 saneto.

2259 3676 2419 3731 Vens.
2449 3676 2502 3730 4.
2538 3705 2609 3719 --
2645 3675 2955 3733 Divisiones.
2999 3678 3113 3736 Hoc
3150 3695 3434 3737 commune
3461 3686 3716 3741 omnibus
3739 3705 3759 3741 :

2185 3770 2279 3824 sed
2293 3770 2478 3840 gratia:
2499 3778 2624 3825 sunt
2644 3769 2850 3836 divism,
2876 3784 2945 3825 ne
2959 3772 3139 3846 minor
3155 3772 3410 3843 desperet
3428 3793 3442 3829 :
3469 3790 3537 3831 ne
3558 3775 3752 3846 major,

2185 3857 2311 3913 dum
2339 3858 2489 3914 audit
2516 3859 2739 3929 gratias,
2772 3842 3067 3929 superbiat.

2253 3956 2417 4012 Vsus.
2448 3956 2501 4011 6.
2520 3988 2586 3997 —
2612 3956 2762 4012 Idem
2786 3974 2902 4013 vero
2923 3957 3081 4014 Deus.
3112 3959 3361 4029 Hoc'ait,
3393 3954 3465 4019 ne
3508 3964 3674 4021 Pater
3699 3975 3754 4021 et

2184 4044 2357 4100 Filius
2384 4052 2439 4101 et
2477 4043 2710 4117 Spiritus
2738 4055 2957 4104 sanctus
2983 4048 3086 4103 alia
3116 4052 3403 4120 separatim
3432 4056 3647 4124 operari
3679 4058 3756 4111 vi.

2184 4138 2443 4204 deantur,
2465 4152 2532 4193 ex
2557 4153 2624 4194 eo
2650 4141 2794 4209 quod
2820 4138 3044 4211 Spiritui
3067 4144 3302 4215 gratias,
3327 4155 3384 4201 et
3408 4147 3641 4204 Domino
3656 4151 3755 4205 mi.

2184 4227 2552 4294 nistrationes,
2578 4236 2633 4283 et
2658 4229 2769 4284 Deo
2792 4232 3134 4301 operationes
3158 4246 3548 4306 supposuerat,
3574 4241 3753 4295 omnia

2185 4318 2426 4374 referens
2464 4319 2533 4373 ad
2581 4336 2747 4375 unum
2794 4322 2963 4377 Deum
2999 4324 3230 4382 subdit:
3260 4327 3397 4394 Quia
3445 4330 3589 4387 Deus
3638 4350 3757 4404 ops-

2185 4418 2353 4463 ratur.
2380 4407 2571 4463 Omnia
2598 4409 2653 4464 in
2677 4411 2935 4467 omnibus.
2963 4413 3082 4470 Non
3109 4432 3203 4471 um
3221 4418 3401 4474 omnia
3424 4421 3639 4489 tribuit,
3659 4424 3751 4478 sed

2186 4500 2239 4556 in
2269 4501 2519 4557 omnibus
2542 4503 2724 4558 omnia
2750 4513 3029 4575 operatur,
3055 4516 3116 4563 ut
3144 4512 3284 4578 quod
3308 4526 3415 4567 non
3442 4513 3609 4568 habet
3634 4517 3749 4584 quis

2187 4593 2241 4649 in
2267 4608 2326 4649 se
2343 4633 2357 4659 ,
2390 4593 2585 4650 habeat
2609 4595 2665 4650 in
2692 4595 2799 4652 alio
2816 4636 2832 4663 ,
2880 4607 2935 4653 et
2959 4599 3039 4655 sic
3059 4612 3275 4659 maneat
3304 4605 3542 4661 charitas
3574 4616 3631 4663 et
3657 4610 3749 4664 hu.

2186 4683 2409 4739 militas.

2256 4781 2421 4839 Vens.
2450 4784 2504 4839 7.
2527 4815 2600 4826 ——
2623 4784 2931 4858 Unicuique.
2960 4788 3144 4847 Divisa
3180 4802 3309 4849 sunt
3328 4793 3467 4850 bona
3492 4838 3511 4863 ,
3562 4808 3620 4854 et
3650 4817 3747 4856 non

2186 4874 2253 4930 ad
2281 4876 2533 4932 meritum
2559 4876 2786 4948 alicujus
2816 4880 3162 4950 singulariter
3189 4885 3401 4953 dantur,
3432 4890 3529 4944 sed
3553 4892 3624 4946 ad
3652 4891 3750 4946 uti-

2187 4964 2391 5022 litatem
2427 4968 2754 5025 aediﬁcandae
2778 4971 3048 5029 Ecclesire.
3078 4974 3396 5047 Accepimus
3425 4991 3484 5037 et
3515 4999 3618 5039 nos
3641 4983 3749 5055 Spi-

2184 5056 2351 5111 ritum
2380 5066 2623 5114 sanctum
2643 5100 2658 5126 ,
2694 5060 2739 5116 si
2780 5077 3024 5119 amamus
3063 5065 3387 5136 Ecclesium,
3416 5071 3462 5126 si
3490 5075 3749 5130 charitate

2186 5149 2657 5219 compaginamur,
2691 5151 2736 5208 si
2777 5154 3042 5211 catholico
3079 5160 3297 5216 nomine
3324 5169 3379 5217 et
3410 5164 3515 5220 ﬁde
3558 5170 3749 5238 gaude-

2186 5255 2326 5296 mus.
2361 5240 2674 5309 Credamus,
2703 5243 2927 5314 fratres,
2957 5257 3218 5319 quantum
3236 5254 3465 5326 quisque
3487 5269 3636 5315 amat
3656 5260 3746 5316 Ec-

2185 5329 2405 5387 clesium
2431 5331 2653 5399 Christi,
2678 5342 2883 5392 tantum
2910 5339 3073 5396 habet
3097 5340 3353 5414 Spiritum
3376 5358 3649 5407 sanetum.

2258 5428 2420 5484 Vens.
2446 5430 2497 5486 8.
2519 5462 2588 5471 ——
2614 5431 2912 5503 Sapientiae.
2937 5437 3211 5510 Sapientia
3237 5452 3319 5498 est
3348 5444 3402 5500 in
3425 5450 3745 5520 contemplao

2186 5520 2332 5577 tione
2360 5531 2705 5580 retentorum.
2743 5525 2981 5585 Scientia
3011 5531 3064 5586 in
3107 5534 3319 5591 actione
3354 5540 3743 5610 temporalium.

2190 5610 2340 5667 Unde
2369 5611 2423 5667 in
2462 5610 2564 5668 Job
2589 5630 2604 5668 ε
2638 5612 2775 5671 Ecce
2805 5619 2991 5688 pietas.
3019 5620 3075 5676 id
3093 5630 3197 5689 est,
3222 5626 3418 5693 cultus,
3446 5628 3542 5686 Dei
3571 5641 3648 5687 est
3669 5649 3743 5686 sa-

2185 5700 2403 5773 pientia,
2430 5703 2521 5772 qui
2551 5703 2737 5761 Graece
2762 5709 3044 5767 thcoscbt'a.
3067 5712 3135 5769 Et
3152 5715 3273 5784 quis
3294 5717 3385 5774 hic
3408 5720 3585 5777 cultus
3614 5722 3740 5791 ejus.

2190 5792 2292 5848 nisi
2327 5809 2478 5849 amor
2504 5803 2557 5850 et
2590 5797 2825 5868 cognitio
2849 5798 2998 5869 ejus?
3027 5803 3294 5863 abstinere
3332 5817 3513 5867 autem
3543 5828 3574 5868 a
3602 5811 3741 5868 malis
