3958 6314
193 349 300 406 5M

1094 345 1362 404 GLOSSA
1399 341 1796 403 ORDINARIA.
1832 369 1900 382 -—
1940 340 2155 396 EPIST.
2195 341 2212 395 1
2253 343 2343 397 AD
2383 343 2540 400 COR.

3323 344 3435 401 54?.

124 477 128 479 ’
191 459 422 518 scientia
451 467 574 514 est:
621 457 762 513 mala
807 464 987 514 autem
1034 458 1088 514 in
1117 457 1500 526 temporalibus
1534 465 1680 521 sunt,
1712 454 1764 508 in
1792 454 1844 513 Α
1867 462 2018 507 nesta
2041 493 2055 516 ,
2087 454 2212 523 quia
2238 468 2344 507 non
2381 455 2580 508 habent
2616 469 2733 509 eam
2779 455 3012 525 speciem
3041 455 3250 510 decoris
3274 470 3437 524 quam

194 550 392 620 quibus
427 558 584 606 caute
615 561 670 604 et
687 550 980 620 prudenter
997 548 1324 604 versandum
1353 556 1455 602 est.
1483 546 1582 601 Cui
1610 546 1767 600 datur

1865 542 2066 598 habent
2104 557 2168 598 ea
2193 557 2312 612 quae
2350 543 2402 596 in
2441 553 2691 612 promptu
2719 554 2860 598 sunt.
2890 545 2987 599 Vel
3023 557 3239 615 propter
3263 545 3435 617 legem

191 639 487 710 sapientia,
517 646 601 694 est
627 639 783 708 quasi
809 639 921 704 sol;
955 639 1041 694 cui
1083 639 1305 694 scientia
1325 678 1344 703 ,
1370 638 1495 692 luna
1525 637 1580 691 in
1610 644 1768 692 nocte
1863 633 2227 688 membrorum
2253 649 2373 703 quae
2388 635 2453 689 de
2474 643 2693 704 peccato
2711 639 2892 703 venit;
2917 653 3047 692 usus
3069 639 3435 693 membrorum

194 730 412 795 saeculi;
441 729 637 800 quibus
670 737 866 785 cratera
889 730 1103 797 dantur,
1127 729 1294 785 stella
1319 737 1444 784 sunt
1467 745 1482 783 :
1510 729 1635 799 quia
1654 728 1768 783 haec

193 823 253 880 in
291 829 454 878 nocte
480 829 606 877 sunt
632 820 960 876 necessaria.

265 913 432 968 Vens.
464 913 517 969 9.
539 911 973 981 ——Alteri'ﬁdes.
1001 911 1068 966 Et
1096 909 1229 966 ﬁdes
1255 910 1400 965 inter
1423 909 1560 964 dona
1589 907 1684 963 Dei
1714 915 1770 962 et

190 1017 423 1060 munera
458 1013 562 1060 est.
611 1003 730 1059 Non
769 1018 897 1074 ergo
936 1002 1050 1059 sola
1076 1002 1312 1059 Charitas
1336 1042 1353 1068 ,
1397 1001 1490 1058 sed
1533 1000 1775 1056 eharitas

193 1109 320 1150 cum
343 1093 451 1148 ﬁde
469 1108 500 1146 a
523 1091 636 1148 Deo
656 1093 813 1148 nobis
831 1102 935 1148 est.

263 1181 435 1238 Vsus.
471 1183 652 1238 10.-
693 1180 1024 1238 Sermonum.
1073 1181 1364 1237 Sermones
1409 1188 1535 1236 sunt
1574 1178 1773 1250 allegm

191 1272 324 1330 rica:
344 1272 816 1345 pronuntiationes
834 1286 953 1344 qua
975 1271 1032 1326 in
1057 1270 1340 1344 prophetis
1355 1278 1411 1327 et
1438 1269 1494 1325 in
1524 1269 1772 1341 Evange-

189 1364 288 1421 liis
313 1371 594 1434 apparent.
905 1357 908 1360 ’

268 1454 436 1510 Vens.
472 1454 560 1510 11.
597 1483 671 1496 --
693 1451 842 1508 Unus
883 1461 1038 1525 atque
1063 1452 1199 1507 idem
1229 1451 1463 1522 spiritus.
1496 1449 1646 1516 Quod
1675 1463 1774 1502 su-

191 1559 295 1615 pra
325 1541 462 1599 dixit
500 1552 614 1599 tres
646 1544 892 1614 operari,
921 1543 1011 1598 hic
1045 1541 1289 1597 nominat
1319 1540 1570 1610 spiritum
1601 1553 1616 1593 :
1646 1537 1772 1608 quia

193 1637 344 1691 enim
381 1635 539 1690 unius
568 1643 695 1691 sunt
729 1644 962 1702 naturae,
1006 1635 1148 1706 quod
1169 1650 1308 1690 unus
1345 1641 1620 1705 operatur,
1660 1641 1778 1697 tres

193 1736 512 1800 operantur.
563 1727 715 1784 Unus
743 1737 798 1784 et
843 1727 1007 1804 idem,
1035 1729 1233 1799 inquit,
1278 1743 1348 1784 ne
1395 1736 1473 1782 tot
1520 1734 1774 1798 putentur

1866 725 2082 781 illicitus
2118 726 2291 796 turpis
2327 733 2441 792 est,
2469 742 2575 781 non
2607 731 2850 783 membra
2893 730 3030 800 ipsa.
3060 731 3437 802 [intelliguntur

1867 818 2029 872 etiam
2054 819 2270 886 quidam
2300 817 2495 873 fratres
2521 820 2610 888 qui
2637 835 2758 875 cum
2801 822 3014 877 honesti
3047 832 3171 878 sunt
3199 832 3437 892 egestate

1867 916 1923 962 et
1947 907 2150 973 habitu,
2181 907 2466 977 aliquando
2489 916 2669 963 tamen
2691 910 2816 965 vitae
2843 913 3142 966 mundioris
3173 921 3314 967 sunt.
3342 913 3438 968 Vel

1867 1000 2238 1071 intelliguntur
2257 999 2331 1055 illi
2351 1002 2442 1071 qui
2464 1001 2516 1055 in
2545 1000 2782 1056 Ecclesia
2806 1018 2903 1071 per
2924 1004 3135 1075 aliquod
3159 1014 3436 1074 peccatum

1869 1089 2172 1156 inhonesti,
2219 1090 2582 1145 abundantius
2632 1089 2951 1158 adjuvantur
2983 1093 3441 1149 consolationibus

1867 1190 1923 1238 et
1950 1182 2303 1251 orationibus,
2340 1191 2401 1237 ut
2427 1183 2639 1238 honesti
2668 1185 2821 1238 ﬁant.

1938 1273 2214 1329 Vens.24.
2239 1273 2567 1329 ——Hanesta
2607 1285 2802 1328 autem.
2844 1274 3007 1342 Quasi
3051 1269 3234 1332 dicat:
3270 1276 3347 1332 lta
3388 1288 3444 1332 et

1869 1359 2126 1418 fratribus
2163 1363 2219 1417 in
2261 1364 2456 1434 quibus
2482 1363 2714 1418 studium
2744 1365 2982 1436 peritiae,
3015 1366 3444 1423 conversationis

1870 1452 2083 1507 ornavit
2102 1452 2383 1520 honestas,
2402 1452 2535 1508 nihil
2559 1462 2641 1508 est
2663 1455 2805 1524 quod
2836 1455 3064 1510 addatur
3089 1472 3117 1509 a
3144 1457 3319 1510 nobis.
3343 1453 3444 1510 Sed

1869 1542 2010 1601 Deus
2039 1546 2357 1615 temperavit.
2388 1546 2612 1602 Remoto
2636 1545 2727 1601 illo
2750 1547 2894 1615 quod
2925 1546 3076 1602 obest
3100 1587 3114 1613 ,
3142 1546 3294 1616 ponit
3317 1545 3445 1600 illud

1873 1641 2015 1711 quod
2038 1641 2280 1710 prodest,
2308 1641 2516 1696 scilicet
2542 1641 3118 1711 contemperationem.

1943 1729 2108 1785 Vens.
2139 1731 2321 1785 25.—
2365 1729 2469 1786 Sed
2514 1731 2570 1785 in
2613 1731 2840 1802 idipsum
2876 1748 2968 1802 pro
3014 1732 3251 1786 invicem.
3282 1729 3446 1797 Quasi

195 1826 334 1888 quot
355 1826 480 1874 sunt
498 1833 660 1889 opera
683 1836 696 1874 :
724 1835 828 1875 non
842 1819 983 1889 quod
1004 1819 1120 1875 sine
1135 1819 1294 1873 Patre
1317 1817 1518 1873 etFilio
1538 1816 1772 1886 Spiritus
1801 1806 1850 1867 Β
1878 1822 2054 1879 dicat:
2087 1821 2326 1878 Sollicita
2357 1822 2467 1876 sint
2489 1823 2752 1887 membra,
2772 1833 2833 1877 ut
2860 1822 3082 1878 tendant
3111 1821 3162 1874 in
3193 1821 3446 1890 idipsum,

193 1919 475 1980 operetur.
501 1910 880 1981 lnseparabilis
915 1919 999 1968 est
1024 1912 1166 1966 enim
1191 1911 1436 1981 operatio
1469 1909 1771 1967 Trinitatis.

191 1998 450 2054 Diuidens
470 2000 708 2070 singulis.
742 1999 892 2056 Unde
917 2016 1017 2056 nec
1048 2002 1176 2056 huic
1209 1999 1520 2068 dolendum,
1571 2015 1671 2056 nec
1699 1998 1775 2055 illi

194 2090 639 2159 superbiendum.
671 2090 741 2145 Ut
759 2091 887 2147 vult.
921 2091 1022 2158 Qui
1055 2092 1200 2148 solus
1234 2092 1385 2147 novit.
1409 2091 1553 2162 quod
1575 2106 1774 2148 conve-

193 2180 337 2246 niat,
363 2188 418 2235 et
436 2181 623 2252 gratis,
647 2196 753 2236 non
781 2182 847 2238 ad
870 2183 1126 2238 meritum
1157 2183 1458 2238 hominum.

274 2269 436 2325 Vens.
473 2272 559 2328 l2.
589 2301 660 2314 -τ
683 2271 771 2325 Ita
813 2281 861 2326 et
889 2270 1148 2326 Christus.
1173 2273 1348 2342 Caput
1383 2279 1439 2326 et
1465 2287 1660 2343 corpus
1697 2272 1778 2327 di-

192 2361 346 2416 citur
373 2359 653 2427 Christus,
680 2370 901 2431 propter
937 2360 1263 2416 inell‘abilem
1289 2360 1552 2415 unitatem
1584 2360 1779 2430 capitis

191 2458 260 2506 et
287 2449 670 2504 membrorum.
701 2448 849 2506 Unus
887 2451 1109 2520 spiritus
1128 2449 1294 2507 faciet
1323 2449 1575 2506 omniain
1604 2465 1779 2505 mem-

192 2542 320 2599 bris
341 2541 583 2611 corporis
605 2540 829 2606 Christi,
857 2541 996 2596 sicut
1022 2557 1128 2595 una
1153 2541 1332 2595 anima
1352 2541 1498 2595 videt
1523 2541 1578 2594 in
1599 2540 1778 2606 oculo,

192 2635 356 2690 audit
385 2635 438 2689 in
461 2648 608 2702 aure,
639 2643 694 2690 et
720 2636 776 2690 in
805 2635 1014 2691 caeteris
1038 2636 1289 2692 omnibus
1309 2635 1490 2691 omnia
1521 2633 1671 2691 facit.

277 2726 442 2781 Vens.
487 2727 572 2782 15.
598 2756 669 2772 -υ-
714 2723 942 2782 Etenim.
984 2724 1232 2782 Ostendit
1273 2726 1540 2797 quomodo
1584 2741 1786 2796 corpus

189 2814 406 2871 Christi
435 2815 508 2871 sit
535 2832 700 2871 unum
736 2817 860 2887 quia
895 2832 1086 2873 omnes
1108 2816 1364 2888 baptizati
1385 2855 1402 2884 ,
1427 2818 1481 2873 id
1502 2827 1586 2874 est
1612 2818 1781 2875 abluti

188 2916 262 2963 et
290 2907 343 2961 in
365 2923 470 2963 uno
494 2908 685 2978 spiritu
711 2909 854 2963 ducti
878 2924 1062 2964 sumus
1093 2909 1148 2963 in
1170 2909 1293 2976 hoc,
1325 2916 1386 2965 ut
1419 2909 1588 2966 simus
1616 2925 1778 2965 unum

189 3013 426 3068 corpus,
451 2998 507 3052 id
529 3007 612 3052 est
637 2998 918 3052 unanimes
946 3013 1042 3068 per
1069 2999 1218 3052 illum
1243 3014 1409 3053 unum
1431 2999 1705 3070 spiritum,
1721 3009 1783 3056 ut

189 3098 382 3144 totum
411 3103 608 3158 corpus
632 3089 870 3144 hominis
888 3105 994 3143 una
1019 3091 1202 3146 anima
1224 3098 1523 3161 vegetatur.
1557 3093 1623 3146 Et
1652 3093 1777 3162 quia

185 3193 402 3236 omnes
424 3179 597 3246 potati
628 3193 813 3234 smnus
842 3178 896 3232 in
923 3180 1234 3250 acceptione
1256 3180 1588 3235 diversorum
1614 3181 1781 3236 dono-

192 3284 331 3327 rum
361 3267 594 3339 Spiritus
623 3270 816 3336 sancti,
842 3270 894 3324 in
918 3286 1020 3323 uno
1048 3270 1234 3340 spiritu
1259 3271 1420 3341 :quia
1441 3272 1621 3326 omnia
1648 3273 1786 3328 dona

192 3361 277 3420 ad
305 3375 470 3414 unum
495 3359 830 3415 efﬁciendum
855 3361 1058 3433 dirigit.
1083 3361 1199 3416 Non
1228 3362 1370 3418 illius
1395 3377 1622 3433 persona
1653 3380 1786 3419 con-

197 3455 501 3510 temnenda
533 3453 615 3508 vel
640 3452 1004 3525 praeferenda,
1037 3469 1139 3510 nec
1161 3455 1470 3510 hominibus
1493 3455 1659 3526 gloria
1694 3456 1789 3511 Del

199 3549 389 3606 danda
415 3565 429 3601 :
457 3548 580 3617 quia
604 3562 742 3602 unus
763 3554 817 3601 et
837 3547 976 3602 idem
1003 3549 1057 3602 in
1077 3549 1328 3603 omnibus
1352 3557 1622 3619 operatur.

283 3639 448 3695 Vsus.
478 3639 566 3695 14.
594 3669 668 3683 -ς
697 3639 838 3693 Nam
873 3648 920 3694 et
951 3657 1159 3711 corpus.
1201 3639 1445 3696 Ostendit
1475 3656 1570 3711 per
1597 3640 1786 3695 simili-

204 3731 453 3786 tudinem
477 3730 696 3784 humani
729 3731 971 3800 eorporis
994 3731 1258 3787 unitatem
1285 3731 1528 3800 corporis
1559 3731 1781 3796 Christi,

207 3820 268 3874 id
304 3826 389 3874 est
417 3818 700 3883 Ecclesiae,
729 3819 929 3874 habere
959 3820 1277 3876 varietatem
1305 3820 1599 3875 olliciorum
1627 3829 1682 3874 et
1706 3820 1777 3874 di-

205 3910 525 3966 versitatem
549 3910 690 3965 hanc
720 3925 824 3965 non
855 3911 1040 3966 tollere
1069 3905 1330 3971 unitatem
1357 3929 1370 3966 :
1403 3912 1541 3967 sicut
1563 3910 1786 3966 humani

209 4002 462 4072 corporis
493 4003 672 4058 unitas
711 4017 816 4058 non
852 4003 906 4060 in
932 4003 1301 4074 singularitate
1319 4003 1584 4069 consistit,
1611 4003 1704 4057 sed
1730 4003 1785 4058 in

210 4096 401 4155 multis
447 4095 735 4162 membris,
783 4105 841 4150 ut
889 4096 1121 4154 invicem
1169 4095 1272 4150 sibi
1331 4102 1588 4165 praestent
1643 4095 1785 4166 quod

212 4190 436 4246 debenL

292 4279 452 4334 Vens.
481 4280 565 4333 l7.
588 4309 655 4320 —-
677 4278 740 4335 Si
764 4288 948 4333 totum.
971 4277 1138 4345 Quasi
1160 4278 1300 4334 dicat
1330 4294 1343 4332 :
1371 4278 1428 4333 Si
1466 4279 1518 4332 in
1545 4277 1786 4334 Ecclesia

214 4385 408 4427 omnes
445 4378 630 4425 essent
685 4368 846 4424 unius
892 4368 1092 4434 ofﬁcii,
1145 4367 1413 4438 quomodo
1477 4368 1789 4439 impleretur

213 4463 516 4519 necessitas
561 4460 842 4531 corporis,
903 4459 1056 4529 cujus
1120 4459 1495 4531 gubernationi
1560 4459 1788 4514 diversis

214 4569 356 4624 opus
380 4553 509 4608 est?.

289 4642 454 4696 Vnus.
497 4641 583 4695 18.
627 4671 698 4681 ——
728 4640 994 4704 Memora,
1035 4639 1434 4710 unumquodque
1456 4655 1633 4693 eorum
1656 4640 1790 4692 sicut

215 4733 402 4790 voluit.
434 4732 505 4787 Ut
533 4732 666 4787 nihil
687 4732 825 4788 desit
851 4732 925 4786 illi
960 4751 973 4786 :
1009 4731 1082 4786 ita
1108 4741 1162 4786 et
1198 4733 1249 4785 in
1281 4732 1520 4786 Ecclesia
1549 4732 1789 4788 diversas

215 4840 481 4900 personas
511 4825 704 4894 quibus
732 4823 925 4879 tribuit
953 4837 1175 4878 munera
1201 4823 1432 4877 diversa.

290 4917 458 4972 Vens.
512 4915 598 4970 l9.
628 4945 672 4955 -—
741 4913 894 4980 Quod
937 4915 982 4969 si
1015 4923 1182 4968 essent
1231 4914 1404 4968 omnia
1451 4930 1634 4982 unum,
1681 4929 1788 4970 non

217 5008 384 5064 modo
409 5005 695 5062 multitudo
727 5021 979 5061 sensuum
1013 5005 1231 5076 periret,
1262 5007 1354 5060 sed
1388 5006 1548 5060 etiam
1572 5022 1785 5078 corpus.

219 5099 299 5154 ita
326 5097 374 5153 si
413 5098 469 5152 in
498 5097 734 5157 Ecclesia
759 5111 948 5152 omnes
965 5105 1148 5151 essent
1170 5097 1329 5150 unius
1355 5094 1513 5150 ofﬁcii
1538 5106 1590 5152 et
1609 5098 1790 5169 digni-

221 5191 352 5245 tatis
377 5231 392 5255 ,
428 5205 534 5244 non
566 5189 1001 5243 discernerentur
1022 5186 1260 5240 membra
1282 5200 1457 5256 neque
1485 5201 1698 5257 corpus.

295 5281 460 5336 Vnus.
488 5281 579 5334 21.
604 5310 673 5320 —
692 5280 793 5332 Aut
823 5279 1009 5333 iterum
1036 5286 1189 5346 caput
1213 5275 1446 5344 pedibus.
1476 5275 1591 5346 Ipsa
1621 5277 1792 5348 digni-

221 5381 310 5430 tas
334 5370 758 5440 contemptibilis
797 5377 882 5424 est
919 5367 1034 5423 sine
1063 5366 1333 5435 subjectis.
1371 5363 1611 5422 Oliicium
1645 5369 1790 5424 enim

222 5471 307 5519 est
325 5476 425 5532 per
449 5461 591 5531 quod
619 5461 850 5531 dignitas
869 5466 1099 5515 constat.
1126 5457 1346 5528 Magnus
1375 5458 1668 5528 imperator
1696 5475 1790 5515 ne-

223 5553 526 5612 cessarium
559 5554 722 5610 habet
745 5553 1064 5607 exercitum.

296 5649 446 5703 Vens
480 5647 570 5702 25.
601 5677 670 5687 -—-
699 5646 980 5702 Inhonesta
1007 5655 1146 5700 sunt.
1172 5644 1325 5699 Absit
1352 5652 1413 5698 ut
1450 5643 1501 5698 in
1537 5643 1791 5699 membris

228 5751 538 5800 sanctorum
572 5739 748 5799 alioua
785 5740 851 5795 sit
884 5738 1154 5806 turpitudo
1187 5755 1198 5791 :
1232 5736 1324 5793 sed
1355 5737 1602 5794 dicuntur
1637 5736 1787 5792 inho-

1815 4503 1866 4563 ἶ)

1876 1914 1930 1970 id
1950 1925 2034 1969 est
2059 1913 2112 1967 in
2133 1914 2186 1968 id
2208 1913 2580 1969 sollicitudinis
2617 1913 2758 1982 quod
2780 1912 2848 1967 sit
2876 1913 3072 1980 ipsum,
3104 1910 3156 1964 id
3186 1919 3268 1964 est
3290 1908 3449 1963 indii-

1875 2003 2078 2070 ferens,
2102 2013 2160 2058 ut
2182 2020 2286 2059 non
2313 2005 2494 2060 minus
2515 2019 2614 2073 pro
2639 2002 2745 2058 alio
2769 2017 2929 2073 quam
2953 2016 3052 2072 pro
3075 2016 3152 2056 se.

1947 2093 2112 2150 Vens.
2151 2093 2241 2149 26.
2269 2093 2427 2146 —Et
2454 2095 2500 2147 si
2529 2093 2654 2164 quid
2691 2094 2908 2164 patitur.
2937 2090 3048 2146 Hoc
3089 2093 3156 2146 de
3195 2088 3451 2144 membris

1876 2187 2119 2256 corporis
2145 2186 2452 2256 ambiguum
2479 2199 2586 2240 non
2635 2193 2742 2250 est,
2769 2183 2896 2254 quia
2927 2181 2974 2238 si
3013 2181 3201 2237 oculus
3235 2180 3319 2235 vel
3355 2195 3452 2249 pes

1876 2277 2121 2346 capiatur
2147 2265 2326 2345 aliqua
2352 2274 2700 2344 aegritudine,
2747 2281 2918 2327 totum
2952 2287 3148 2341 corpus
3178 2270 3450 2326 eondolet.

1876 2369 1954 2424 Ita
1990 2375 2046 2423 et
2083 2382 2182 2421 nos
2211 2368 2364 2421 decet
2391 2364 2674 2421 condolere
2719 2362 2979 2418 fratribus
3013 2362 3057 2416 si
3096 2361 3226 2432 quid
3262 2361 3454 2416 adver-

1877 2458 2054 2515 sitatis
2077 2456 2379 2519 emerserit,
2409 2464 2459 2510 et
2488 2454 2660 2509 lzetari
2699 2454 2745 2508 si
2769 2455 2906 2508 bene
2928 2450 3171 2507 cesserit.

1949 2549 2116 2604 Vsus.
2143 2547 2233 2602 27.
2255 2577 2325 2590 -—-
2352 2546 2431 2601 De
2471 2545 2721 2600 membro.
2749 2543 2848 2599 Vel
2873 2542 3118 2607 Christo,
3163 2539 3249 2596 vel
3296 2555 3327 2595 a
3367 2555 3454 2595 me

1879 2643 2034 2713 cujus
2056 2637 2680 2712 praedicationeinstituti
2701 2636 2854 2691 estis.
3172 2712 3176 2713 ί
3384 2691 3395 2702 ι

1950 2712 2116 2789 Vens.
2151 2731 2240 2786 28.
2269 2761 2340 2774 -—
2363 2729 2430 2783 Et
2471 2727 2724 2800 quosdam
2751 2727 2977 2798 quidem.
3005 2712 3339 2780 Deterininat
3365 2722 3456 2778 hic

1879 2826 1947 2882 de
1982 2823 2139 2881 donis
2165 2823 2296 2890 Dei,
2324 2836 2444 2892 qua:
2470 2819 2660 2874 altiora
2680 2858 2694 2884 ,
2719 2826 2773 2873 et
2802 2832 2920 2886 quae
2944 2816 3052 2870 sint
3077 2812 3352 2868 inferiora.
3378 2811 3458 2866 De

1878 2917 1965 2973 his
1990 2915 2132 2970 enim
2153 2912 2413 2983 putabant
2431 2909 2716 2974 Corinthii,
2735 2907 2876 2978 quod
2900 2905 3074 2960 minus
3098 2911 3239 2958 esset
3261 2898 3456 2968 majus,

1879 3019 1936 3066 et
1974 3009 2116 3079 quod
2155 3007 2328 3076 majus
2368 3011 2512 3059 esset
2554 2992 2752 3056 minus.
2796 2997 3056 3052 Primum.
3097 2995 3364 3067 Dignitate
3403 3001 3459 3046 et

1882 3111 2123 3170 tempore
2143 3097 2398 3169 apostolos
2421 3096 2540 3149 vice
2556 3093 2750 3149 Christi
2771 3090 3125 3162 praedicantes
3145 3096 3198 3142 et
3217 3085 3457 3142 omnium

1834 3193 1853 3216 ⁴
1883 3190 2112 3262 judices.

1961 3280 2202 3338 Secundo
2227 3277 2520 3350 prophetas.
2550 3275 2608 3330 1d
2633 3281 2718 3329 est
2761 3271 3015 3344 mysteria
3055 3267 3458 3338 Scripturarum

1886 3372 1971 3428 vel
2012 3371 2193 3426 futura
2239 3367 2560 3423 rerelantes.
2595 3362 2769 3419 Tertio
2795 3362 3057 3415 doctores.
3085 3359 3352 3427 Prteccpta
3379 3355 3461 3409 vi-

1885 3462 2046 3518 vendi
2073 3462 2284 3524 dantes,
2308 3457 2394 3512 vel
2421 3456 2513 3525 qui
2537 3468 2731 3526 pueros
2763 3450 2958 3506 litteris
2984 3447 3246 3502 imlmunt.

1958 3555 2160 3611 Genera
2191 3553 2509 3623 linguarum.
2543 3547 2781 3620 (Came)
2822 3545 2960 3598 Ecce
2990 3542 3186 3596 donum
3223 3538 3322 3592 Dei
3355 3545 3457 3600 est,

1885 3647 2082 3703 multas
2129 3645 2269 3700 scire
2315 3642 2544 3708 linguas.
2574 3639 2640 3694 Et
2673 3645 2800 3694 nota
2837 3634 2978 3705 quod
3021 3631 3268 3687 ultimum
3310 3627 3458 3700 ponit

1886 3740 2035 3804 illud,
2065 3737 2206 3809 quod
2234 3737 2307 3791 illi
2331 3735 2562 3806 primum
2587 3730 2874 3802 ponebant.

1956 3831 2121 3886 Vens.
2157 3831 2248 3885 29.
2277 3859 2349 3870 —-—
2378 3825 2632 3897 Nunquid
2677 3839 2852 3877 omnes
2898 3836 3017 3891 pro,
3052 3825 3159 3873 etc.
3204 3815 3303 3883 Qui
3342 3814 3460 3869 haec

1884 3938 1994 3979 non
2025 3921 2186 3976 habet
2215 3919 2268 3974 in
2296 3932 2353 3973 se
2378 3925 2522 3971 amet
2562 3906 2613 3968 in
2642 3913 2760 3968 aliis
2783 3927 2847 3967 ea
2872 3930 2884 3965 :
2911 3919 2967 3965 et
2989 3910 3044 3964 in
3081 3908 3160 3964 eis
3190 3904 3306 3975 jam
3345 3903 3462 3959 bace

1884 4015 2069 4078 habet,
2094 4025 2214 4081 qua:
2237 4008 2290 4062 In
2313 4023 2369 4062 se
2395 4023 2500 4061 non
2531 4005 2712 4060 habet.

1955 4101 2118 4157 Vens.
2174 4099 2266 4152 51.
2307 4127 2378 4138 ——-
2425 4093 2858 4149 Eacellentiorem
2907 4089 3065 4144 viam.
3101 4085 3459 4146 Charitatem,

1887 4191 2012 4262 quia
2053 4196 2134 4244 est
2181 4185 2356 4256 majus
2383 4184 2633 4239 omnibus
2657 4179 2925 4252 praedictis
2955 4178 3191 4243 donum;
3231 4175 3369 4229 unde
3405 4174 3458 4227 in

1888 4283 1994 4337 fine
2012 4321 2026 4345 ,
2054 4279 2140 4334 his
2167 4277 2257 4348 qui
2285 4277 2500 4340 dicunt,
2529 4273 2785 4335 Domine,
2810 4272 2864 4323 in
2895 4268 3100 4323 nomine
3126 4276 3214 4320 tuo
3242 4263 3465 4335 prop/tes

1887 4372 2108 4426 tavimus
2130 4410 2148 4434 ,
2179 4367 2437 4422 dtemonia
2471 4362 2714 4436 ejecimus
2734 4403 2748 4428 ,
2785 4361 2995 4416 virtutes
3044 4357 3261 4428 fecimus
3281 4396 3294 4421 ,
3327 4355 3459 4407 dicet

1891 4462 2145 4516 Dominus
2164 4473 2184 4513 :
2214 4459 2451 4513 Recedite
2480 4475 2512 4512 a
2534 4473 2647 4522 me,
2677 4471 2779 4509 non
2815 4453 2929 4508 novi
2956 4467 3065 4518 vos,
3107 4447 3333 4521 aperarii
3361 4447 3462 4500 ini-

1892 4551 2106 4624 quitatis
2138 4547 2350 4621 (Matth.
2379 4545 2498 4617 vn).

2479 4675 2703 4733 CAPUT
2742 4645 2878 4730 xm.

1960 4819 2125 4874 Vens.
2159 4814 2345 4871 l.—Si
2371 4813 2592 4883 linguis,
2608 4818 2712 4865 etc.
2729 4806 3032 4863 Probathic
3056 4803 3198 4875 quod
3219 4801 3468 4858 charitas

1889 4908 2238 4968 excellentior
2258 4913 2377 4960 est:
2402 4904 2529 4973 quia
2558 4901 2659 4955 alia
2690 4900 2806 4955 sine
2833 4897 2920 4951 illa
2945 4909 3052 4950 non
3075 4893 3278 4957 valent,
3294 4899 3347 4945 et
3369 4891 3466 4946 illa

1893 5005 2010 5060 sine
2031 5001 2148 5057 istis
2172 4999 2390 5070 prodest
2405 4995 2714 5066 plurimum.
2753 4991 3070 5046 Cltaritatem
3098 4996 3292 5042 autem.
3321 4985 3462 5042 Cha-

1892 5083 2024 5150 ritas
2043 5101 2126 5148 est
2147 5089 2264 5146 fons
2285 5087 2535 5158 proprius
2559 5093 2613 5140 et
2643 5081 2927 5153 singularis
2945 5081 3207 5134 bonorum
3227 5077 3313 5133 cui
3333 5076 3464 5132 alie-

1891 5203 1993 5243 nus
2014 5201 2120 5240 non
2150 5180 2530 5238 communicat.
2556 5176 2684 5243 Quae
2710 5183 2770 5227 ut
2795 5173 2972 5228 oleum
2999 5185 3103 5226 non
3139 5176 3319 5240 potest
3339 5183 3457 5239 [που

1894 5279 1966 5334 mi
1997 5278 2049 5331 in
2091 5277 2198 5330 imo
2218 5315 2233 5340 ,
2260 5273 2352 5328 sed
2379 5261 2936 5340 superexcellitfqum
2977 5263 3023 5318 si
3059 5262 3234 5326 desit,
3262 5260 3464 5316 frustra

1892 5372 2164 5426 habentur
2183 5374 2376 5421 caetera
2405 5382 2418 5420 :
2437 5364 2481 5418 si
2505 5362 2665 5431 adsit,
2690 5358 2956 5414 habentur
2971 5353 3189 5412 omnia?
3220 5349 3367 5408 Velut
3389 5368 3468 5405 trs

1894 5478 2107 5525 sonans,
2131 5467 2238 5513 etc.
2273 5456 2425 5511 Sicut
2466 5451 2693 5524 impulsu
2737 5450 2914 5520 aliquo
2956 5455 3012 5503 et
3045 5461 3149 5500 non
3179 5457 3275 5514 per
3301 5453 3360 5496 se
3388 5455 3470 5495 aes

1897 5561 2141 5616 resonat,
2173 5550 2252 5604 sic
2280 5549 2504 5616 loquens
2534 5543 2755 5615 linguis,
2788 5556 2894 5595 non
2923 5554 3017 5609 per
3043 5552 3132 5601 se,
3156 5534 3246 5604 qui
3291 5530 3468 5616 nescit

1899 5642 2040 5714 quod
2067 5613 2322 5709 loquitur,
2351 5613 2446 5692 sed
2477 5613 2672 5692 virtute
2699 5633 2920 5704 spiritus
2944 5629 3146 5702 profert
3167 5641 3231 5681 ea
3269 5613 3470 5693 quibus

1901 5732 2178 5790 au'dientes
2207 5731 2455 5788 mulceat.
