3958 6314
497 362 605 419 545

989 358 1379 414 WALAFRIDI
1419 357 1665 414 STRABI
1702 344 1908 411 ιτυιῖῡ.
1949 352 2114 409 MON.
2157 352 2309 411 OPP.
2350 355 2531 413 PARS
2566 355 2609 411 Ι.
2645 386 2717 399 --
2750 353 3203 414 THEOLOGICA.

3670 354 3795 413 546

572 471 737 526 Vens.
766 473 822 524 Ξ.
844 498 914 511 --
943 467 1012 523 Et
1041 469 1087 523 si
1106 469 1336 523 habuero
1365 468 1708 539 prophetiam,
1733 465 1804 522 Ut
1828 464 2067 530 Balaam,
2096 469 2145 530 Α
2171 467 2478 537 prophetat,
2500 483 2670 538 quam
2691 469 2791 538 qui
2818 469 3056 539 loquitur
3079 470 3277 541 lingua.
3307 468 3365 524 In
3409 470 3636 542 taeipeo
3682 486 3795 527 au-

499 572 554 617 et
581 562 833 632 Caiphas,
866 569 921 619 et
949 560 1098 615 Saul.
1133 560 1385 614 Norerim
1418 557 1792 637 mysteriagUt
1815 567 1871 613 et
1905 555 2074 612 Judas

499 668 623 708 cum
668 651 954 720 apostolis,
982 658 1037 706 et
1080 648 1325 705 diabolus
1372 650 1465 719 qui
1513 650 1595 719 (ut
1633 646 1884 711 Ezechiel
1921 646 2072 718 dicit)

499 744 755 815 mysteria
786 743 966 797 divina
995 742 1164 796 novit.
1191 740 1495 795 Scientiatn.
1528 740 1598 796 Ut
1618 739 1810 796 scribta
1843 748 1898 796 et
1930 738 2075 794 Pha-

501 835 663 897 risa2i,
696 836 837 889 unde
866 851 880 887 :
920 829 1017 887 V03
1040 833 1241 893 habetis
1267 830 1465 887 clavem
1486 831 1732 896 scientiae,
1760 830 1850 885 sed
1876 847 1968 884 nec
1996 830 2076 883 in-

499 931 674 989 tratis,
702 940 793 978 nec
818 923 951 978 alios
981 924 1183 977 intrare
1216 923 1390 978 sinitis
1417 921 1631 992 (Matth.
1662 921 1842 991 xxiii).
1866 919 2075 974 Habent

500 1016 615 1071 lucc
638 1015 824 1083 utique
847 1022 902 1069 et
930 1013 1087 1076 mali,
1118 1014 1211 1083 qui
1251 1020 1307 1067 et
1345 1011 1743 1067 conﬁtebuntur
1766 1012 1820 1064 in
1838 1010 2070 1080 judicio,

500 1106 589 1160 ubi
614 1121 716 1160 non
741 1105 1015 1171 audebunt
1039 1105 1254 1159 mentiri
1286 1122 1303 1159 ζ
1327 1104 1524 1173 quibus
1549 1118 1657 1158 non
1686 1104 1896 1158 dicetur
1920 1121 1933 1156 :
1957 1102 2073 1157 Non

503 1194 799 1259 habuistis,
840 1194 934 1250 sed
976 1210 1080 1248 non
1115 1194 1230 1249 nari
1260 1210 1347 1248 ros
1368 1205 1388 1245 :
1417 1192 1544 1263 quia
1577 1207 1640 1247 ea
1668 1192 1786 1247 sine
1812 1192 2074 1253 chariutte

503 1284 831 1339 habuerunt.

573 1373 729 1429 Vens.
764 1374 817 1429 4.
846 1405 919 1414 -
946 1373 1188 1428 Charitas
1215 1373 1416 1442 patiens
1441 1382 1551 1438 est,
1600 1382 1708 1427 etc.
1766 1371 1894 1439 Haec
1948 1377 2078 1426 sunt

495 1481 649 1519 arma
675 1466 870 1536 quibus
904 1465 1059 1520 miles
1084 1463 1283 1520 Christi
1306 1471 1570 1518 armatur.
1595 1464 1759 1533 Cujus
1788 1473 2076 1517 armaturae

496 1557 652 1627 quasi
680 1557 947 1629 przecipua
975 1572 1127 1611 arma
1161 1556 1453 1627 prtemisit,
1474 1554 1798 1627 patientiam
1836 1562 1891 1610 et
1920 1553 2073 1610 beni-

499 1645 782 1716 gnitatem.

570 1737 772 1811 (Οκιο.)
808 1738 1075 1796 Patientia
1110 1739 1258 1795 illata
1297 1755 1327 1795 a
1369 1741 1640 1811 proximis.
1667 1738 1809 1794 mala
1839 1734 2079 1807 aequani-

2176 569 2284 617 tem
2309 559 2492 615 videre
2516 561 2772 630 potestis,
2820 561 2963 628 quod
2989 560 3169 630 lingua
3200 575 3309 615 non
3334 563 3555 629 prodest
3577 601 3601 627 ,
3638 576 3792 633 pro—

2173 648 2353 719 phetia
2381 659 2561 704 autem
2591 650 2830 718 prodest.
2859 649 3017 704 Nunc
3050 659 3245 705 autem.
3281 649 3336 705 Si
3377 666 3584 705 venero
3620 665 3792 705 nunc

2174 738 2242 793 ad
2267 753 2362 795 vos
2384 778 2400 804 ,
2443 739 2667 809 quando.
2705 738 2887 795 ﬁdeles
2915 741 3070 805 estis,
3096 740 3290 810 linguis
3326 740 3543 810 loquens
3560 780 3584 805 ,
3636 740 3791 808 quid

2172 829 2326 883 vobis
2354 829 2618 900 prodere?
2655 830 2809 900 quasi
2857 830 3002 885 dicat
3046 830 3220 896 nihil,
3267 830 3395 899 quid
3439 846 3577 899 ergo
3639 839 3813 884 tune'

2174 919 2351 990 lingua
2381 920 2665 988 proderat,
2693 922 2909 990 quando
2932 920 3175 976 infideles
3204 921 3408 976 eratis?
3429 922 3587 990 quasi
3594 920 3790 986 ,dicat

2173 1009 2326 1064 nihil.
2351 1009 2454 1062 Aut
2478 1010 2544 1064 in.
2566 1008 2895 1065 reuelatione.
2937 1009 3000 1066 Ut
3032 1025 3301 1082 exponam
3342 1011 3786 1067 revelationetn.

2173 1098 2447 1156 Rcvelatio
2492 1108 2576 1156 est
2614 1101 2830 1171 quando
2861 1098 3187 1171 perliguras
3221 1102 3584 1156 ostenduntur
3616 1117 3790 1171 qua:-

2174 1193 2297 1247 datn
2327 1193 2605 1265 mysteria,
2634 1200 2697 1246 ut
2732 1192 2786 1246 in
2808 1190 3150 1262 Apocalypsi.
3192 1192 3294 1246 Aut
3322 1193 3377 1245 in
3406 1193 3672 1246 scientia.
3709 1192 3785 1246 Ut

2174 1298 2435 1352 exponam
2456 1300 2519 1340 ea
2541 1299 2660 1353 quae
2674 1284 2744 1338 ad
2765 1282 3041 1338 sciendum
3069 1283 3362 1353 pertinent.
3389 1283 3465 1337 Ea
3481 1292 3618 1337 sunt
3645 1298 3783 1351 qua

2177 1375 2334 1430 ﬁdem
2363 1375 2684 1439 illuminant,
2719 1381 2778 1428 ut
2809 1374 2875 1428 de
2902 1382 3097 1428 natura
3123 1373 3369 1429 Deitatis.
3402 1374 3505 1426 Aut
3547 1373 3609 1427 in
3646 1390 3784 1442 pro,

2174 1466 2367 1534 phetia.
2383 1463 2454 1519 Ut
2476 1479 2738 1534 exponam
2766 1463 3077 1533 Scripturas
3099 1478 3218 1532 qua:
3243 1462 3311 1518 de
3335 1462 3545 1517 futuris
3563 1472 3775 1533 agunt.

2245 1555 2350 1609 Aut
2373 1555 2427 1609 in
2455 1555 2717 1609 doctrina.
2750 1553 2817 1610 Ut
2845 1569 3109 1624 exponam
3148 1553 3454 1625 Scriptunas
3477 1569 3606 1624 qua:
3645 1569 3777 1608 mo-

2177 1659 2266 1699 res
2293 1644 2601 1701 informant.

2249 1734 2411 1791 Vtzns.
2442 1736 2494 1790 '1.
2521 1767 2593 1777 —
2620 1735 2819 1792 Tamen
2851 1754 2966 1809 qua:
2994 1737 3125 1801 sine,
3158 1744 3263 1791 etc.
3295 1734 3399 1790 Per
3428 1750 3517 1790 me
3541 1735 3775 1791 ostendi

429 1904 434 1913 .
499 1827 660 1882 initer
687 1838 897 1899 portat,
928 1830 1233 1901 benignitas
1268 1846 1365 1886 sua
1402 1831 1540 1885 bona
1568 1827 1829 1899 proximis
1858 1826 2069 1880 deside~
2102 1813 2146 1873 Β
2174 1823 2408 1896 linguam
2454 1841 2561 1881 non
2606 1826 2783 1881 valere
2824 1826 2942 1882 sine
2988 1826 3303 1894 interprete.
3350 1824 3454 1879 l’er
3493 1839 3583 1878 me
3616 1825 3770 1889 dico,

499 1921 745 1977 rabiliter
782 1923 1063 1992 impendit.
1109 1920 1232 1977 Non
1280 1922 1578 1977 inmutatur.
1616 1922 1750 1990 Quia
1795 1936 1901 1976 non
1953 1934 2072 1974 eam

496 2011 672 2066 aliena
724 2010 959 2067 felicitas
1001 2012 1311 2067 contristat.
1361 2011 1749 2082 Noninﬂatur.
1781 2010 1919 2076 Quia
1965 2025 2075 2065 non

494 2114 619 2158 eam
651 2119 748 2159 sua
772 2104 999 2158 felicitas
1028 2105 1241 2159 attollit

577 2196 733 2250 Vens.
765 2195 819 2250 5.
847 2225 922 2237 —-
963 2193 1086 2249 Non
1135 2196 1351 2268 qttterit,
1404 2203 1507 2251 etc.
1548 2194 1668 2249 Non
1713 2200 1798 2249 est
1841 2191 2074 2247 amatrix

495 2285 759 2356 pecuniae.

572 2375 737 2430 Vens.
768 2375 821 2430 7.
846 2405 917 2416 —-
947 2374 1139 2431 Omnia
1160 2376 1338 2430 credit.
1370 2374 1491 2430 Non
1524 2374 1657 2431 dicit
1679 2374 1930 2430 omnibus
1956 2387 2077 2428 cre-

499 2466 578 2522 dit
597 2507 612 2533 ,
639 2467 762 2537 quia
799 2467 898 2523 soli
932 2468 1057 2522 Deo.
1088 2465 1279 2521 Omnia
1305 2476 1498 2536 sperat.
1530 2466 1619 2521 Sic
1648 2467 1701 2520 in
1730 2468 1995 2536 patribus,
2023 2466 2075 2521 id

496 2564 580 2612 est
612 2557 663 2611 in
702 2557 899 2628 populo
933 2557 1097 2612 Israel
1124 2557 1403 2627 apparuit,
1425 2557 1517 2627 qui
1558 2558 1845 2627 sperabant
1875 2558 2075 2611 habere

495 2649 639 2719 quod
666 2650 1013 2719 promittebat
1035 2650 1193 2705 Deus.
1220 2647 1411 2704 Omnia
1429 2649 1668 2702 sustinet.
1708 2646 1765 2701 In
1789 2648 1989 2717 capite,
2021 2646 2075 2701 id

496 2750 583 2797 est
611 2742 666 2795 in
692 2740 939 2808 Christo,
965 2743 1059 2811 qui
1082 2743 1353 2813 patienter
1372 2741 1705 2812 exspectavit
1728 2740 1954 2811 gloriam
1986 2754 2075 2794 re-

498 2834 853 2890 surrectionis
881 2844 935 2890 et
954 2836 1309 2892 ascensionis.

570 2922 731 2977 Vens.
759 2924 813 2979 8.
842 2951 911 2963 -—
937 2923 1205 2995 Charitas.
1230 2924 1362 2979 Item
1395 2923 1448 2979 in
1477 2938 1580 2980 noc
1609 2930 1693 2978 cst
1720 2922 1927 2994 dignior
1950 2923 2077 2993 quia

498 3027 600 3068 nec
627 3013 679 3066 in
700 3013 804 3068 hoc
826 3013 1044 3079 saeculo,
1069 3028 1171 3070 nec
1198 3014 1251 3067 in
1279 3013 1461 3068 futuro
1489 3013 1691 3076 linitur,
1708 3013 1806 3067 etsi
1834 3014 2076 3083 (lumdam

497 3116 663 3172 opera
693 3099 810 3170 ejus
830 3110 1063 3160 cessent.
1095 3102 1381 3175 Nunquam
1410 3104 1621 3157 euidit.
1648 3102 1704 3158 Si
1730 3104 2000 3159 credendo
2022 3112 2077 3158 et

2171 1918 2413 1983 ostendi,
2445 1918 2537 1988 qui
2580 1934 2699 1974 sum
2742 1918 3040 1985 rationalis,
3086 1926 3267 1974 tamen
3310 1933 3410 1989 per
3456 1918 3770 1973 inanimata

2171 2008 2313 2065 idem
2342 2024 2561 2079 possum
2589 2011 2896 2065 ostendere.

2246 2099 2406 2155 Vens.
2436 2099 2490 2154 8.
2525 2131 2597 2141 —
2622 2100 2829 2155 Etenim
2875 2102 2921 2156 si
2959 2102 3233 2156 incertam.
3278 2101 3411 2157 Item
3462 2117 3567 2171 per
3598 2084 3777 2156 aliam.

2171 2190 2596 2247 similitudinem.
2630 2189 2836 2246 Etenim
2864 2193 2909 2246 si
2949 2193 3234 2258 incertam,
3268 2200 3376 2248 etc.
3405 2192 3611 2248 ludatis
3641 2203 3767 2248 erat

2172 2296 2302 2336 usus
2329 2282 2469 2337 tubze
2489 2281 2545 2336 in
2569 2281 2722 2338 festis
2743 2291 2792 2338 et
2818 2282 2871 2337 in
2898 2283 3055 2338 bellis
3084 2282 3314 2336 diversis
3345 2283 3515 2336 sonis.

2245 2375 2409 2431 Vens.
2428 2375 2545 2429 10-
2568 2374 2633 2429 Et
2655 2375 2767 2429 sine
2789 2390 2928 2430 voce.
2954 2373 3135 2429 Multte
3152 2381 3279 2429 sunt
3309 2373 3646 2441 linguae,sed
3676 2374 3767 2428 ha-

2172 2467 2296 2520 bent
2312 2465 2558 2535 proprias
2576 2464 2998 2535 signiﬁcationes
3018 2480 3207 2520 vocum
3230 2505 3246 2531 ,
3278 2465 3759 2535 utintelligantur.

2247 2553 2407 2609 Vens.
2439 2556 2524 2609 11.
2552 2585 2623 2597 --
2654 2553 2712 2609 Si
2733 2572 2862 2626 erga
2878 2555 3219 2609 nesciero..Et
3245 2554 3507 2624 quiaalii-
3521 2556 3643 2609 sine
3675 2555 3758 2609 ine-

2176 2654 2412 2715 terpretc
2436 2662 2543 2702 non
2570 2647 2955 2718 intelligerent,
2981 2664 3081 2718 ego
3103 2662 3201 2702 ero
3228 2648 3536 2702 barbarus..

2246 2733 2407 2792 Vens.
2434 2736 2520 2791 12.
2543 2767 2615 2777 -
2642 2735 2802 2792 Sicet
2841 2754 2951 2792 eos.
2987 2736 3084 2791 Vel
3121 2738 3221 2792 sub
3249 2754 3356 2792 una
3384 2739 3755 2804 distinctione,

2176 2829 2273 2886 sic.
2307 2829 2379 2885 Et
2412 2838 2634 2900 propter
2673 2831 2776 2886 hoc
2818 2845 2887 2886 ne
2925 2830 3044 2886 sitis
3073 2830 3325 2898 barbari,
3361 2839 3420 2887 et
3445 2846 3546 2887 vos
3574 2841 3634 2887 ut
3660 2848 3757 2904 ego

2175 2922 2400 2992 quierite
2428 2933 2489 2976 ut
2515 2921 2817 2978 abundetis.

2248 3011 2410 3067 Vens.
2450 3011 2535 3065 14.
2562 3036 2634 3051 —-
2660 3010 2887 3082 Spiritus
2917 3027 3058 3067 mens
3083 3022 3217 3067 orat.
3257 3012 3492 3082 Spiritus
3527 3022 3756 3070 vocatur

2177 3100 2258 3156 vis
2291 3100 2486 3156 animm
2523 3099 2749 3156 inferior
2795 3110 3012 3166 mente,
3054 3103 3141 3157 ubi
3179 3103 3543 3172 corporalium
3575 3118 3752 3160 rerum

495 3170 762 3263 sperando
806 3194 1075 3266 diligimus
1121 3170 1267 3265 quod
1309 3194 1548 3249 nondum
1589 3192 1822 3259 videtur,
1874 3203 2075 3265 quanto
2103 3170 2146 3231 C
2178 3192 2553 3251 similitudines
2576 3193 2975 3264 imprimuntur.
3006 3193 3175 3258 ﬂens,
3208 3170 3379 3249 altera
3404 3196 3755 3273 superiorvis

498 3283 668 3355 magis
700 3300 823 3339 cum
854 3285 1149 3341 videbitur?

506 3426 511 3431 .
572 3378 734 3434 Vens.
761 3381 848 3435 10.
868 3410 942 3421 —
962 3378 1318 3435 Evacuabitur
1336 3378 1496 3451 quod.
1531 3376 1838 3433 Destruetio
1870 3376 2073 3447 imper-

499 3472 748 3528 fectiouis
783 3483 887 3539 est,
920 3474 1137 3543 quando
1178 3473 1235 3529 id
1275 3472 1419 3543 quod
1455 3470 1828 3542 imperfectum
1859 3478 1946 3526 est
1971 3470 2074 3524 im-

500 3565 679 3634 pletur
710 3564 764 3617 in
800 3572 994 3619 totum.

569 3655 735 3711 Vens.
766 3655 853 3711 12.
892 3686 963 3696 -—
996 3654 1177 3710 Nunc.
1218 3653 1485 3726 Imagines
1523 3652 1766 3708 veritatis
1795 3667 1891 3723 per
1915 3651 2074 3707 ﬁdem

498 3744 769 3799 videntur.
800 3744 943 3799 Tunc
966 3755 1139 3799 autem
1162 3744 1298 3814 facie
1317 3746 1386 3799 ad
1408 3744 1616 3813 faciem.
1649 3743 1704 3798 Id
1723 3752 1808 3798 cst
1837 3759 1925 3798 res
1947 3744 2076 3815 ipsa:

498 3834 784 3890 manifeste
813 3835 1155 3892 videbuntur.
1176 3834 1321 3890 Tunc
1342 3849 1665 3905 cognoscam.
1698 3833 1756 3888 ld
1779 3841 1862 3889 est
1883 3833 2074 3889 videbo

497 3928 782 3999 promissa,
810 3929 949 3991 sicut
966 3929 1073 3999 ipse
1097 3937 1191 3993 est,
1220 3929 1323 3984 hoc
1349 3935 1428 3983 est
1455 3934 1771 3998 praesentem
1804 3925 1873 3980 ad
1904 3924 2073 3981 Deum

499 4033 641 4084 esse,
664 4018 753 4073 ubi
782 4017 1027 4075 Christus
1048 4020 1249 4075 est.Vcl
1271 4019 1411 4074 sicut
1433 4018 1715 4088 praescitus
1734 4032 1851 4071 sum
1875 4032 2074 4090 cogno-

496 4122 652 4163 scere
678 4108 823 4179 quod
856 4108 1015 4165 modo
1049 4117 1136 4164 est
1161 4117 1449 4165 secretum.
1493 4106 1792 4178 Speculum.
1823 4106 1919 4162 Est
1959 4107 2095 4161 ani-‘

498 4211 615 4250 tua:
641 4195 916 4265 speculum
943 4196 995 4251 vi
1022 4196 1174 4266 cujus
1193 4195 1373 4266 aliquo
1395 4195 1555 4251 modo
1583 4194 1751 4250 Deum
1778 4195 2072 4269 noscimus,

496 4286 595 4342 sed
613 4286 861 4342 obscure.
882 4287 1153 4358 AEnigma.
1175 4288 1267 4342 Est
1291 4296 1481 4355 autem
1495 4286 1721 4357 mnigma
1745 4301 1850 4349 non
1868 4287 2072 4359 omnis,

496 4377 596 4432 sed
627 4376 858 4433 obscura
888 4378 1160 4448 allegoria.
1208 4376 1357 4432 Unde
1383 4377 1524 4432 sicut
1558 4391 1655 4447 per
1690 4369 1965 4448 speculum
1995 4377 2075 4432 si:

499 4465 777 4536 gniﬁcavit
802 4468 1114 4537 imaginem,
1142 4467 1215 4521 ita
1243 4466 1460 4521 nomine
1491 4466 1799 4537 mnigmatis
1820 4468 2072 4523 similitu-

497 4559 681 4614 dinem
721 4559 983 4630 quamvis,
1031 4560 1124 4615 sed
1163 4560 1447 4616 obscuram
1489 4567 1543 4615 et
1572 4559 1639 4614 ad
1662 4559 2067 4631 percipiendum

497 4652 765 4710 diﬁicilem
799 4653 1068 4725 intelligit.
1126 4714 1131 4723 ,

570 4746 737 4801 Vens.
767 4747 850 4801 15.
882 4775 955 4787 -
983 4745 1165 4811 Fides,
1209 4761 1356 4817 spes,
1392 4752 1498 4801 etc.
1529 4733 1736 4812 Quibus
1761 4743 1982 4800 scientia
2014 4752 2069 4799 et

498 4835 778 4906 prophetia
807 4836 1002 4891 militat
1042 4836 1159 4891 sine
1190 4836 1385 4905 quibus
1429 4835 1628 4890 nullius
1656 4834 1805 4903 justi'
1830 4843 1909 4889 est
1960 4835 2067 4888 vita

502 4927 605 4980 ista
636 4924 894 4993 perfecta.
926 4925 1107 4995 Major
1129 4935 1302 4980 autent
1326 4926 1514 4981 horum
1539 4935 1613 4981 est
1642 4926 1893 4980 Charitas.
1923 4923 2067 4979 Cha-

501 5019 634 5073 ritas
657 5026 742 5074 est
766 5019 854 5074 cui
876 5019 965 5075 hic
989 5019 1122 5076 ﬁdes
1147 5030 1201 5076 et
1226 5038 1350 5091 spes
1373 5038 1476 5077 non
1505 5029 1685 5091 potest
1713 5022 1921 5087 deesse,
1975 5020 2071 5077 sed

502 5104 636 5161 ﬁdes
668 5114 726 5161 et
750 5121 874 5178 spes
896 5107 1013 5162 sine
1039 5109 1301 5165 charitate
1323 5116 1545 5179 possunt
1575 5122 1717 5164 esse.

1080 5240 1304 5301 CAPUT
1338 5238 1473 5297 XIV.

574 5373 739 5431 Vens.
767 5376 822 5431 2.
847 5406 916 5418 -—
947 5376 1052 5444 Qui
1091 5380 1226 5435 enim
1264 5378 1490 5449 loquitur
1534 5379 1714 5450 lingua
1738 5418 1754 5445 ,
1807 5387 1914 5435 etc.
1955 5379 2070 5437 Hoc

502 5474 682 5525 autem
709 5467 870 5525 ﬁebat
893 5470 1108 5539 quando
1129 5469 1308 5540 lingua
1328 5470 1553 5540 loquens
1583 5486 1642 5525 se
1672 5486 1780 5524 non
1804 5470 2070 5542 intelligo-

502 5561 626 5626 bat,
667 5568 725 5615 ut
756 5561 799 5618 si
826 5562 947 5632 quis
976 5561 1199 5631 alicujus
1236 5562 1427 5633 lingua:
1465 5562 1816 5634 prolationem
1855 5572 1911 5620 ct
1959 5580 2067 5619 non

502 5650 738 5718 signiﬁca
747 5651 947 5708 tionem
976 5651 1142 5706 sciret

577 5744 731 5799 Vens.
766 5743 817 5799 6.
846 5775 916 5785 —
945 5743 1101 5800 Nunc
1131 5752 1318 5800 autem.
1353 5744 1470 5801 Dixi
1493 5746 1633 5817 quod
1664 5743 1833 5816 major
1859 5755 1941 5802 est
1971 5744 2062 5815 qu‘i

2175 3285 2391 3350 animae,
2421 3291 2482 3339 ut
2506 3294 2689 3353 supra.
2717 3283 2953 3355 Spiritus
2981 3283 3282 3340 Pharaonis
3301 3284 3632 3341 informatus
3651 3294 3750 3349 est,

2174 3385 2235 3432 ut
2255 3376 2463 3432 videret
2485 3376 2748 3448 imagines
2803 3393 2954 3435 mens
2977 3376 3179 3449 Joseph
3208 3377 3510 3433 illuminata
3541 3387 3631 3433 est
3649 3419 3666 3443 ,
3696 3389 3757 3432 us

2175 3465 2518 3537 intelligeret.
2561 3466 2688 3523 Sine
2722 3467 2919 3537 fructu.
2965 3468 3042 3523 Ita
3073 3476 3159 3524 cst
3196 3470 3243 3523 si
3267 3468 3449 3537 lingua
3480 3469 3752 3540 incognita

2174 3558 2296 3627 quis
2323 3558 2592 3628 loquatur,
2615 3560 2700 3615 vel
2720 3561 2873 3632 signa
2899 3561 3203 3631 aliquarum
3229 3574 3410 3614 rerum
3441 3560 3564 3614 sine
3601 3559 3753 3613 intel-

2175 3647 2314 3705 lectu
2355 3649 2626 3720 proferat,
2665 3652 2807 3708 sicut
2852 3652 3026 3708 solent
3060 3651 3238 3706 Latini
3285 3651 3533 3706 homines
3565 3649 3750 3705 Grmee

2175 3748 2417 3805 cantare,
2443 3740 2700 3796 obiectari
2730 3756 2864 3797 sono
2884 3742 3191 3809 verborum,
3234 3742 3540 3797 nescientes
3577 3751 3749 3796 tamen

2174 3829 2303 3898 quid
2333 3829 2531 3884 dicant.

2251 3917 2410 3975 Vens.
2442 3919 2778 3975 15.—0rabo
2799 3921 3005 3992 spiritu.
3029 3922 3086 3978 ιιι
3108 3923 3302 3988 est-,ila
3323 3923 3470 3992 loqui
3495 3924 3749 3994 approbo,

2175 4019 2237 4066 ut
2263 4012 2413 4083 signa
2453 4026 2631 4067 rerum
2661 4012 2964 4068 formentur
2986 4013 3038 4069 in
3062 4014 3276 4084 spiritu,
3306 4023 3578 4069 eteorum
3597 4015 3748 4069 intel-

2176 4105 2346 4161 lectus
2380 4105 2639 4184 refulgeat
2664 4106 2726 4160 in
2740 4115 2939 4161 mente.
2967 4106 3097 4171 Vel,
3121 4106 3305 4162 Orabo-
3330 4123 3426 4163 ore
3465 4118 3523 4163 et
3557 4119 3744 4163 mente.

2250 4198 2410 4253 Vens.
2440 4197 2527 4252 16.
2553 4227 2624 4237 —
2645 4198 2826 4251 Amen.
2854 4196 2986 4252 Nota
3015 4199 3156 4266 quod
3188 4198 3292 4253 hoc
3312 4198 3539 4253 verbum
3566 4216 3711 4252 amen
3730 4239 3745 4262 ,

2177 4306 2277 4357 nec
2320 4290 2596 4356 Graecum,
2644 4306 2745 4345 nec
2778 4289 3028 4345 Latinum
3062 4301 3165 4356 est,
3200 4292 3294 4346 sed
3336 4290 3654 4355 Hebraeum,
3696 4301 3746 4343 et

2179 4384 2564 4452 interpretatur
2588 4398 2782 4437 verum.
2811 4373 3051 4453 Cumque
3069 4392 3249 4453 posset
3271 4384 3399 4449 dici,
3422 4401 3623 4447 verum,
3644 4400 3741 4438 non

2180 4483 2359 4530 tamen
2398 4473 2576 4540 dixit,
2612 4474 2708 4528 sed
2747 4489 2918 4527 amen.
2947 4474 3057 4528 Nec
3084 4474 3335 4539 Graecus,
3382 4489 3485 4530 nec
3532 4474 3746 4528 Latinus

2177 4567 2444 4636 interpres
2467 4581 2627 4621 ausus
2652 4572 2735 4620 est
2754 4565 2806 4619 id
2835 4564 3012 4621 facere
3033 4606 3047 4631 ,
3072 4581 3140 4621 ne
3166 4567 3452 4621 vilesceret
3473 4568 3744 4626 nudatum.

2176 4659 2270 4714 sed
2300 4659 2555 4713 honorem
2584 4656 2808 4712 haberet
2835 4656 3139 4713 velamento
3164 4659 3380 4714 secreti.

2246 4748 2408 4805 Vens.
2438 4749 2523 4804 18.
2553 4780 2624 4789 -
2646 4747 2856 4803 Gratias
2880 4765 2976 4819 ago
3017 4748 3145 4803 Deo.
3175 4749 3439 4820 Proponit
3480 4765 3543 4805 se
3577 4765 3745 4806 exem-

2173 4838 2343 4909 plum,
2382 4838 2522 4910 quod
2548 4854 2656 4895 non
2680 4840 2878 4894 debent
2902 4839 3048 4908 loqui
3075 4840 3272 4910 linguis
3296 4841 3401 4897 nisi
3426 4843 3499 4897 ad
3525 4844 3745 4898 aediﬁca-

2175 4928 2396 4994 tionem,
2425 4928 2564 4983 sicut
2594 4928 2706 4997 ipse
2728 4928 2821 4996 qui
2857 4943 3049 4983 omnes
3078 4930 3249 4984 novit.

2248 5020 2388 5075 Vens
2410 5020 2497 5074 20.
2516 5050 2588 5060 —
2612 5018 2715 5074 Sed
2743 5021 2945 5075 malitia
2966 5021 3171 5092 parvuli
3196 5031 3374 5076 estote.
3404 5022 3543 5078 Sitis
3565 5023 3740 5078 remoti

2174 5126 2205 5165 a
2232 5110 2468 5174 malitia,
2496 5117 2557 5163 ut
2599 5110 2829 5180 parvuli,
2876 5112 3154 5166 studentes
3198 5112 3282 5167 his
3323 5128 3445 5180 qua:
3490 5126 3739 5183 prosunt,

2178 5200 2314 5271 quod
2338 5208 2422 5255 est
2446 5199 2703 5270 perfectio
2726 5215 2939 5256 sensus.

2246 5290 2406 5345 Vens.
2442 5290 2532 5344 21.
2558 5320 2628 5331 —-
2651 5288 2719 5344 In
2746 5288 2871 5361 lege.
2907 5291 3067 5348 Ratio
3095 5308 3263 5362 quare
3284 5308 3390 5347 non
3421 5293 3584 5349 debet
3609 5310 3738 5363 quaa-

2173 5397 2295 5436 rere
2317 5381 2523 5451 linguas
2548 5389 2631 5436 est
2649 5381 2772 5451 quia
2796 5382 2849 5436 in
2875 5383 3084 5452 signum
3109 5393 3235 5438 sunt
3260 5384 3569 5441 inﬁdelibus
3587 5384 3737 5457 (quod

2171 5472 2273 5542 ipsi
2294 5470 2404 5539 jam
2436 5488 2541 5526 non
2567 5472 2715 5542 sunt)
2742 5481 2797 5528 et
2825 5489 2929 5527 non
2957 5475 3025 5528 ad
3050 5474 3465 5531 aediﬁcationem
3506 5471 3629 5546 qua
3654 5490 3738 5530 ne-

2168 5562 2401 5617 cessaria
2430 5572 2511 5617 est
2533 5560 2645 5630 jam
2680 5561 2942 5618 ﬁdelibus.
2968 5562 3098 5617 Aliis
3122 5563 3334 5633 linguis.
3383 5564 3504 5621 Non
3524 5567 3591 5622 de
3625 5566 3734 5621 sab-

2168 5653 2314 5717 bato,
2345 5663 2400 5707 et
2422 5653 2755 5719 neomeniis,’
2779 5662 2834 5710 et
2864 5655 3274 5712 circumcisione
3312 5667 3369 5713 et
3407 5658 3729 5730 hujusmodi,

2169 5744 2260 5800 sed
2293 5742 2498 5798 Novum
2528 5743 2949 5801 Testamentum.
2993 5745 3115 5813 Vel,
3147 5760 3265 5817 non
3296 5747 3351 5803 in
3383 5750 3728 5807 revelationev
