3958 6314
200 368 307 427 515

1137 367 1404 425 GLOSSA
1444 367 1838 424 ORDlNARlA.
1877 401 1949 411 —
1981 367 2198 425 EPlS'I‘.
2236 369 2259 426 Ι
2294 369 2388 426 AD
2422 370 2578 428 COR.

3367 383 3474 440 546

202 493 309 549 qua
332 475 546 547 indigni
570 484 715 540 sunt,
739 476 832 532 sed
854 477 907 532 in
930 478 1208 548 parabolis
1229 478 1428 533 dicitur
1444 480 1524 535 eis
1548 480 1789 552 Evange-
1821 486 1864 546 Α
1896 497 2001 536 non
2051 484 2244 540 tenetis
2292 487 2741 543 resurrectionem
2789 497 3146 548 mortuorum.
3196 493 3474 553 Incassum

201 568 359 622 lium.
394 565 468 620 Et
492 581 587 621 nec
605 566 998 622 sic-eaaudient.
1030 568 1141 624 Hoc
1177 568 1243 623 de
1266 569 1350 624 his
1376 570 1627 640 praedixit
1656 584 1792 639 quos

203 656 448 726 praesciit
477 671 583 712 non
612 656 913 713 credituros
930 698 946 724 ,
975 652 1170 728 quibus
1190 668 1411 731 propter
1432 669 1657 731 peccata
1679 675 1790 715 non

203 757 357 817 patet
381 747 471 803 vel
496 745 675 817 placet
709 736 927 804 veritas.

274 847 448 903 Vens.
481 847 570 902 22.
606 879 675 888 —
702 848 891 920 Itaque
919 849 1111 921 lingua:
1137 851 1191 904 in
1217 852 1443 922 signum.
1469 851 1526 907 id
1552 860 1635 907 est
1676 867 1791 908 ser-

201 953 398 993 mones
452 936 544 991 Dei
599 938 874 1008 incognita
920 936 1105 1010 lingua
1152 950 1208 995 et
1248 943 1533 1011 peregrina
1574 941 1787 998 obscuri

205 1035 331 1083 sunt
377 1041 451 1081 ne
494 1026 780 1082 videantur
823 1043 853 1082 a
897 1028 1157 1098 perﬁdis,
1201 1038 1261 1084 ut
1308 1046 1430 1097 cum
1474 1031 1785 1098 audiuntur,

205 1119 418 1193 signum
451 1119 524 1175 sit
551 1121 675 1190 quia
706 1128 923 1191 propter
951 1121 1228 1191 perﬁdiam
1253 1120 1454 1177 factum
1483 1131 1565 1178 est
1591 1138 1657 1179 ne
1694 1139 1787 1177 au-

205 1212 421 1268 dientes
447 1211 751 1282 intelligant
777 1226 792 1265 :
827 1213 929 1268 hoc
957 1214 1139 1283 utique
1168 1214 1228 1268 ﬁt
1261 1214 1564 1270 inﬁdelibus
1593 1217 1787 1285 quibus

201 1310 464 1375 teguntur
494 1319 716 1369 sensus,
749 1303 996 1361 ﬁdelibus
1021 1313 1201 1361 autem
1230 1306 1481 1362 convenit
1506 1309 1786 1378 prophetia

201 1402 259 1449 et
281 1409 392 1448 non
422 1392 607 1466 lingua
633 1395 925 1466 incognita.

266 1491 439 1548 Vsus.
471 1492 561 1547 εδ.
592 1523 666 1533 —
691 1491 754 1548 Si
799 1510 920 1564 ergo
949 1496 1240 1550 conveniat.
1287 1495 1407 1553 Alia
1448 1497 1586 1552 ratio
1628 1497 1789 1553 datur

190 1586 286 1642 ‘bic
311 1597 412 1642 cur
440 1601 552 1641 non
582 1586 811 1643 debeant
838 1586 982 1658 loqui
1008 1588 1224 1660 linguis,
1254 1588 1406 1659 quasi
1443 1589 1620 1657 dicat,
1661 1588 1785 1659 quia

199 1677 394 1749 lingua:
418 1687 546 1733 sunt
576 1679 631 1732 in
657 1679 862 1748 signum
878 1720 892 1742 ,
918 1695 1026 1733 non
1053 1680 1119 1734 ad
1143 1680 1573 1735 aediﬁcationem.

266 1766 437 1823 Vsus.
468 1767 563 1822 26.
590 1796 662 1811 -
691 1768 831 1834 Quid
858 1785 1000 1839 ergo.
1043 1767 1163 1823 iam
1187 1769 1385 1841 incipit
1422 1770 1785 1826 determinare

1892 584 1976 631 est
2000 576 2131 632 ﬁdes
2157 593 2277 647 quae
2300 590 2406 659 non
2434 580 2699 652 accipitur
2722 583 2821 637 sub
2846 599 2940 654 spe
2960 590 3394 645 resurrectionis.

1962 669 2127 724 Vens.
2167 669 2221 723 4.
2253 702 2324 712 —-
2350 671 2654 729 Resurrexit
2682 677 2834 730 tertia
2873 677 2975 734 die.
3007 679 3075 735 Et
3110 681 3213 737 hoc
3243 683 3353 738 dixi
3383 700 3469 740 se-

1891 760 2122 815 cundum
2158 760 2486 831 Scripturas.
2513 765 2690 836 lnquit
2716 768 2860 822 enim
2886 767 3024 825 Osee
3048 788 3063 824 :
3092 769 3223 827 Post
3249 772 3464 829 biduum

1888 850 2166 919 vivi/icabit
2195 868 2310 917 nos,
2330 862 2378 906 et
2400 853 2454 908 in
2477 854 2561 909 die
2587 858 2736 911 tertio
2763 874 3088 930 resurgemus
3111 863 3166 916 in
3191 876 3465 936 conspectu

1888 939 2000 1008 ejus
2026 939 2169 1012 (Ose.
2202 942 2300 1014 γι).
2334 942 2389 998 Si
2414 954 2658 1002 mortuus
2685 955 2738 1002 et
2763 948 3003 1018 sepultus
3025 955 3356 1022 resurrexit,
3396 970 3467 1010 no

1888 1037 2144 1094 dubitetis
2173 1050 2414 1096 mortuos
2438 1050 2495 1097 et
2522 1043 2757 1112 sepultos
2784 1060 3087 1118 resurgere.

1923 1168 1931 1176 .
1957 1125 2123 1183 Vsus.
2154 1128 2293 1183 5.-
2317 1128 2469 1185 Visus
2490 1141 2563 1185 est
2592 1130 2796 1203 (Iephte.
2821 1133 2980 1189 Prius
3008 1151 3171 1205 quam
3193 1136 3317 1194 aliis
3333 1139 3467 1195 viris

1887 1220 2083 1290 quibus
2105 1222 2419 1291 apparuisse
2441 1221 2638 1294 legitur
2659 1224 2711 1278 in
2739 1224 3046 1295 Evangelia,
3069 1227 3226 1282 aliter
3245 1240 3466 1285 contra-

1888 1310 1968 1365 riu
1976 1309 2183 1366 m'esset
2192 1310 2243 1366 ei
2255 1312 2397 1381 quod
2411 1312 2586 1383 primo
2600 1313 2915 1369 mulieribus
2928 1316 3235 1387 apparuisse
3247 1317 3461 1389 legitur.

1902 1454 1919 1468 ,
1957 1401 2119 1459 Vsus.
2166 1402 2222 1468 8,
2257 1403 2311 1459 9.
2345 1432 2416 1445 -
2444 1405 2711 1459 Abortivo.
2755 1404 3044 1461 Abortivus
3091 1406 3289 1464 dicitur
3333 1409 3462 1480 quia

1888 1499 2043 1549 extra
2074 1500 2284 1562 tempus
2305 1492 2601 1562 legitimum
2629 1502 2815 1561 natus,
2846 1495 2900 1551 id
2929 1503 3013 1550 est
3050 1481 3337 1567 antequam
3367 1498 3461 1553 de-

1887 1584 2028 1648 beat,
2058 1584 2142 1638 vel
2166 1592 2285 1652 post
2299 1593 2353 1639 et
2381 1585 2586 1639 tardius
2607 1590 2826 1641 rena‘tus
2851 1584 3206 1656 apostolatum
3234 1588 3465 1658 accepit,

1881 1673 1997 1744 jam
2018 1673 2235 1730 Christo
2259 1687 2555 1746 assumpto.
2571 1676 2666 1732 Vel
2691 1676 2882 1732 similis
2905 1678 3172 1743 abortivo,
3194 1680 3320 1747 quia
3344 1694 3463 1733 sum

1890 1765 2180 1832 minimus,
2210 1764 2297 1820 vel
2329 1772 2570 1836 tempore
2603 1774 2658 1822 et
2685 1766 2995 1832 vocatione,
3025 1782 3133 1821 non
3170 1768 3428 1838 dignitate
3448 1808 3463 1835 ,

198 1866 304 1926 quo
331 1855 503 1910 modo
527 1855 724 1928 linguis
748 1856 819 1911 sit
857 1837 1154 1924 utendum;
1188 1837 1343 1928 quasi
1379 1859 1524 1914 dicat
1553 1877 1565 1913 :
1597 1858 1785 1928 Quan-
1813 1837 1861 1898 Β
1889 1855 2072 1911 labore
2098 1864 2153 1912 et
2180 1857 2580 1928 prmdicatione.
2626 1855 2742 1912 Hoc
2785 1872 2945 1912 causa
2985 1837 3305 1923 humilitatis
3332 1874 3463 1915 vere

198 1946 494 2016 doquidem
524 1946 641 2002 haec
667 1947 887 2002 veniunt
910 1947 976 2002 de
1003 1947 1271 2003 locutione
1299 1948 1632 2019 linguarum;
1657 1964 1786 2018 ergo

198 2036 325 2106 quid
351 2037 629 2110 agendum
658 2038 723 2093 de
752 2038 837 2093 his
865 2038 985 2093 est?
1015 2039 1169 2107 quasi
1198 2038 1344 2093 dicat
1372 2053 1387 2090 :
1418 2037 1653 2093 Utamini
1685 2039 1788 2094 lin-

197 2127 315 2196 guis
360 2124 431 2182 ad
479 2127 891 2182 :ediﬁcatiouem
916 2167 931 2193 ,
983 2128 1123 2182 sicut
1161 2137 1358 2183 caetera
1395 2128 1596 2198 agenda
1639 2135 1782 2184 sunt.

168 2238 171 2239 ν
201 2215 596 2288 Unusquisque,
634 2224 740 2271 etc.
780 2216 905 2272 Ideo
931 2216 1109 2271 nullus
1145 2232 1202 2272 se
1242 2225 1480 2272 excuset.
1512 2214 1786 2272 Psalmum

198 2305 369 2360 habet.
405 2305 649 2361 Laudem
674 2304 794 2371 Dei,
827 2321 924 2376 per
968 2306 1264 2360 canticum.
1296 2304 1622 2360 Doctrinam.
1656 2304 1788 2361 Sen-

190 2411 315 2451 sum
344 2397 687 2468 Spiritualem
710 2413 813 2468 per
839 2398 1203 2468 prudentiam.

267 2487 440 2545 Vsus.
469 2487 564 2543 27.
588 2493 661 2529 -‘-
685 2488 788 2541 Aut
813 2497 869 2541 ut
906 2486 1129 2540 multum
1163 2495 1287 2540 tres.
1315 2484 1434 2540 Non
1471 2485 1592 2557 plus
1625 2500 1785 2555 quam

192 2586 347 2646 tres,
389 2594 464 2635 ne
496 2578 736 2649 loquens
777 2578 977 2649 linguis
1018 2586 1247 2648 occupet
1288 2578 1461 2645 diem,
1494 2586 1550 2632 et
1584 2593 1690 2633 non
1717 2578 1789 2633 sit

196 2666 349 2726 locus
372 2670 659 2741 prophetis
682 2668 991 2740 Scripturas
1017 2668 1428 2725 disserentibus.

190 2801 196 2806 -
264 2767 438 2828 Vsus.
473 2770 564 2827 28.
599 2800 671 2810 -—
700 2770 816 2826 Sibi
857 2779 1032 2825 autem
1072 2769 1336 2841 loquatur.
1386 2767 1501 2822 Sibi
1548 2756 1788 2840 loquitur

194 2861 288 2929 qui
309 2862 703 2932 compungitur
728 2878 796 2918 ex
822 2863 909 2917 his
946 2876 1067 2932 quae
1089 2860 1241 2917 dicit.
1276 2861 1342 2916 Et
1372 2860 1494 2915 ideo
1518 2861 1593 2915 ad
1613 2861 1787 2919 hono-

195 2965 312 3007 rem
334 2954 439 3008 Dei
457 2950 484 3019 ,‘
502 2968 663 3024 quem
690 2953 873 3008 laudat
894 2953 979 3007 vel
1004 2962 1145 3007 orat.

265 3052 441 3109 Vsus.
478 3051 569 3106 29.
598 3080 671 3091 —-
697 3049 976 3120 Propheta:
1004 3051 1129 3105 duo.
1182 3050 1317 3118 Quia
1364 3050 1560 3106 suﬁicit
1605 3066 1784 3107 sermo

192 3150 276 3198 tot
301 3141 615 3208 hominum,
644 3147 699 3196 et
726 3140 782 3194 in
809 3154 904 3195 ore
932 3139 1158 3195 duorum
1188 3140 1272 3195 vel
1298 3140 1462 3194 trium
1497 3148 1603 3195 stat
1626 3156 1787 3196 omne
1814 3187 1855 3208 ,,

1813 3193 1857 3248 (λ
1886 3193 2323 3286 pseudoapostoli
2374 3215 2648 3271 Christum
2698 3230 2822 3270 vere
2867 3228 3085 3284 passum
3138 3193 3328 3282 fuisse,
3369 3221 3467 3269 aut

191 3234 450 3290 verbum.

264 3323 439 3380 Vsus.
469 3323 560 3379 50.
590 3350 664 3364 --
689 3320 841 3388 Quod
880 3320 926 3375 si
965 3319 1079 3374 alii.
1115 3320 1285 3375 Datur
1325 3318 1597 3385 inleriOri,
1643 3319 1787 3391 quod

195 3430 303 3472 non
333 3414 625 3485 superiori.

268 3503 437 3559 Vens.
467 3503 557 3557 55.
580 3532 653 3542 —
674 3499 798 3555 Non
821 3501 959 3554 enim
981 3506 1055 3554 est
1076 3498 1416 3553 dissensionis
1437 3497 1596 3551 Deus.
1628 3498 1785 3553 Esset

198 3602 380 3647 autem
408 3591 554 3647 Deus
597 3588 950 3646 dissensionis
978 3586 1024 3642 si
1059 3600 1155 3642 eos
1196 3601 1333 3657 quos
1379 3586 1580 3656 replet,
1623 3586 1784 3641 simul

199 3681 345 3754 loqui
367 3681 741 3754 compelleret.

268 3775 418 3831 Sicut
441 3778 501 3832 in
521 3777 759 3831 omnibus
777 3816 792 3842 ,
822 3785 930 3831 etc.
961 3773 1213 3829 Mulieres
1240 3777 1487 3838 taceant,
1513 3769 1655 3826 sicut
1682 3784 1783 3842 ego

200 3868 361 3926 doceo
384 3870 446 3927 in
481 3870 732 3925 omnibus
756 3869 1020 3925 ecclesiis.

268 3962 433 4016 Vsus.
464 3962 557 4017 55.
597 3991 668 4001 -
695 3960 867 4030 Turpe
894 3971 989 4014 est.
1027 3960 1161 4027 Quia
1204 3965 1396 4013 contra
1442 3956 1782 4027 disciplinam

199 4052 629 4109 ecclesiasticam
656 4054 761 4108 hoc
783 4061 887 4107 est.

267 4148 430 4204 Vsus.
459 4146 553 4203 57.
578 4176 652 4189 -—
675 4145 734 4202 Si
751 4147 867 4218 quis
891 4147 1091 4225 videtur
1110 4144 1380 4216 propheta.
1420 4142 1574 4210 Quod
1596 4143 1782 4213 utique

199 4252 303 4293 non
321 4247 428 4307 est,
454 4239 504 4295 si
532 4252 638 4293 non
667 4238 743 4292 ita
763 4252 884 4293 esse
907 4236 1212 4307 cognoscit:
1232 4234 1324 4305 qui
1350 4234 1495 4289 enim
1522 4249 1650 4290 vere
1677 4244 1781 4302 εει,
1870 4278 1873 4279 ν

202 4326 274 4384 ita
301 4328 605 4401 cognoscit,
633 4337 688 4383 et
718 4328 811 4398 qui
842 4328 957 4383 haec
985 4328 1212 4396 ignorat,
1242 4324 1594 4394 ignorabitur,
1621 4325 1674 4379 id
1700 4332 1787 4380 est

202 4418 613 4491 improbabitur.
674 4419 859 4474 Pusilli
910 4419 964 4473 in
1009 4432 1171 4473 cruce
1228 4416 1522 4486 gloriantes
1570 4415 1783 4471 etiamsi

202 4509 446 4582 ignorent
489 4527 610 4581 quae
650 4510 1001 4567 subtilissime
1040 4510 1414 4571 disseruntur,
1450 4504 1519 4560 ad
1555 4504 1782 4576 gloriam
1815 4531 1862 4591 υ

205 4610 376 4660 tamen
425 4603 770 4676 perveniunt,
800 4603 924 4674 quia
969 4616 1077 4656 non
1113 4600 1253 4671 perit
1293 4613 1434 4653 unus
1459 4598 1525 4653 de
1573 4596 1781 4672 pusillis

202 4709 295 4764 pro
330 4697 533 4766 quibus
578 4695 827 4751 Christus
876 4701 1122 4749 mortuus
1154 4698 1257 4747 est.
1301 4688 1612 4762 Cognoscat.
1643 4688 1778 4745 Cum

205 4788 300 4844 hoc
326 4792 498 4857 dicit,
543 4790 722 4846 innuit
765 4788 1005 4845 diﬁicilia
1034 4803 1154 4844 esse
1191 4786 1358 4842 verba
1386 4784 1737 4856 epistolarum
1758 4822 1778 4850 μ,

204 4892 321 4936 cum
348 4897 380 4937 a
411 4883 676 4954 propheta
701 4880 787 4937 vel
813 4880 1081 4951 spirituali
1108 4879 1264 4950 jubet
1292 4877 1566 4949 cognosci.

273 4970 431 5028 Vens.
461 4972 654 5029 58.‘—
694 4969 753 5027 Si
799 4971 915 5043 quis
958 4980 1132 5025 autem
1174 4971 1403 5040 ignorat.
1436 4968 1544 5024 Sed
1581 4968 1626 5023 si
1657 4967 1780 5039 quis

208 5058 316 5118 tunc
345 5063 579 5135 ignorat,
608 5072 664 5119 et
690 5062 937 5129 nonqvult
959 5062 1180 5118 credere
1208 5076 1329 5117 esse
1355 5061 1607 5115 mandata
1648 5060 1776 5126 Dei,

210 5149 561 5222 ignorabitur,
590 5165 651 5211 ut
676 5156 728 5210 in
757 5154 1046 5226 Evangelio
1070 5168 1085 5208 :
1116 5151 1307 5208 Nescio
1336 5169 1445 5217 eos,
1473 5152 1527 5205 id
1551 5160 1636 5207 est
1673 5166 1778 5206 non

211 5245 324 5300 novi
350 5262 446 5305 vos
472 5262 594 5304 esse
614 5256 788 5315 meos,
815 5247 901 5302 vel
931 5246 1073 5301 inter
1095 5245 1524 5317 przedestinatos.

794 5370 1020 5429 CAPUT
1053 5361 1178 5428 XV.‘

282 5489 445 5550 Vsus.
485 5495 541 5551 2.
587 5524 660 5537 --
700 5495 806 5552 Per
843 5497 983 5568 quod
1015 5504 1064 5551 et
1096 5493 1394 5551 salvamini.
1436 5491 1494 5547 bi
1537 5480 1786 5547 retinetis

220 5577 340 5636 illud
366 5575 732 5660 Evangelium,
757 5586 809 5643 id
838 5596 924 5643 est
948 5587 1402 5645 resurrectionem
1424 5591 1782 5648 mortuorum,

222 5679 279 5721 ea
307 5673 506 5732 ratione
531 5691 636 5747 qua
662 5675 976 5733 conﬁrmavi
1002 5676 1176 5742 vobis,
1202 5676 1256 5732 id
1283 5682 1367 5729 est
1390 5688 1490 5744 per
1513 5686 1784 5728 resurrec-

225 5756 410 5820 tionem
440 5764 657 5825 Christi.
691 5756 811 5825 Nisi
833 5768 1033 5839 {rustra
1061 5766 1374 5823 credidistis.
1406 5763 1560 5833 Quod
1588 5773 1705 5831 est:
1736 5761 1783 5820 εί

1887 1946 2052 2014 dixit,
2094 1954 2149 2002 et
2179 1948 2370 2017 prohat
2402 1948 2588 2004 dicens
2613 1961 2628 2000 :
2659 1945 2783 2001 Non
2813 1964 2929 2002 sum
2955 1948 3163 2019 dignus.
3202 1947 3312 2004 Cur
3335 1964 3465 2020 ergo

1884 2036 2205 2108 Apostolus?
2245 2035 2428 2092 Gratia
2459 2047 2633 2093 autem
2670 2037 2769 2092 Dei
2817 2037 3056 2092 Primum
3106 2038 3217 2094 sola
3265 2040 3461 2110 gratia,

1886 2132 2009 2181 cum
2047 2130 2153 2180 non
2189 2126 2554 2197 praecederent
2601 2126 2704 2180 nisi
2750 2123 2891 2179 mala
2929 2125 3143 2180 merita.
3186 2123 3294 2182 Sed
3339 2138 3501 2197 post,

1883 2231 1981 2289 per
2002 2217 2235 2289 gratiam
2257 2216 2521 2287 incipiunt
2547 2217 2758 2271 merita.

1956 2305 2119 2361 Vens.
2150 2307 2236 2362 10.
2272 2337 2349 2347 —
2382 2307 2769 2361 Abundantius.
2807 2306 2921 2363 Hoc
2963 2307 3136 2379 magis
3185 2307 3463 2379 impletum

1886 2409 1966 2457 est
1982 2440 1998 2467 ,
2027 2400 2150 2470 quia
2172 2400 2239 2455 de
2262 2415 2426 2471 opere
2450 2415 2706 2456 manuum
2729 2400 2883 2465 vixit,
2918 2415 3018 2456 nec
3044 2400 3335 2472 Evangelio
3363 2399 3466 2455 mi-

1887 2505 1988 2545 nus
2017 2489 2162 2546 fecit.
2204 2491 2272 2545 Et
2313 2505 2380 2545 ne
2422 2490 2671 2545 voluntas
2697 2491 2812 2547 sine
2839 2490 3012 2560 gratia
3050 2490 3145 2545 Dei
3179 2499 3465 2560 putaretur

1886 2582 2087 2653 aliquid
2117 2597 2298 2653 posse,
2322 2583 2504 2638 subdit
2534 2600 2547 2637 :
2582 2582 2708 2638 Non
2734 2600 2845 2653 ego,
2879 2582 2969 2638 sed
2993 2584 3187 2655 gratia,
3211 2593 3299 2638 etc

1957 2671 2122 2728 Vens.
2166 2673 2253 2727 11.
2291 2702 2362 2712 -
2388 2669 2456 2726 Et
2480 2674 2560 2726 sic
2599 2672 2916 2727 credidistis.
2955 2671 3147 2743 Arguit
3174 2686 3269 2728 eos
3294 2690 3307 2726 :
3331 2671 3460 2742 quia

1887 2765 2149 2842 cumineo
2174 2763 2459 2818 manifesta
2483 2763 2615 2819 ﬁdes
2643 2772 2788 2819 esset
2806 2764 2945 2835 apud
2970 2778 3158 2819 omnes
3180 2763 3460 2828 ecclesias,

1886 2855 1962 2910 illi
1996 2864 2170 2911 tamen
2199 2855 2324 2911 inde
2349 2855 2710 2911 desciverant.

1958 2946 2124 3001 Vens.
2152 2944 2239 2999 14.
2273 2975 2344 2986 -—
2367 2944 2425 3001 Si
2455 2955 2631 3000 autem
2671 2945 2931 3000 Christus.
2975 2944 3265 3014 Hucusque
3304 2943 3462 3001 Chri-

1886 3044 2028 3092 stum
2055 3034 2417 3113 resurrexisse
2435 3035 2860 3092 ostendit.Nunc
2886 3051 2983 3107 per
3004 3037 3456 3092 resurrectionem

1886 3127 2003 3196 ejus
2051 3126 2246 3195 probat
2287 3126 2739 3182 resurrectionem
2780 3134 3135 3181 mortuorum.
3183 3124 3462 3197 Negabant

1886 3303 2185 3374 sepultum,
2226 3312 2312 3358 aut
2360 3304 2722 3359 resurrexisse
2761 3304 2846 3357 vel
2887 3304 2942 3357 in
2972 3317 3191 3358 carnem
3223 3304 3457 3359 venisse.

1957 3393 2119 3447 Vens.
2149 3391 2236 3446 15.
2264 3422 2335 3432 -
2360 3390 2670 3446 Ιηυεηίιηιιν
2707 3399 2900 3445 autem.
2942 3390 3068 3445 Hazc
3106 3397 3163 3445 et
3197 3390 3301 3444 alia
3340 3392 3463 3447 ideo

1883 3480 2211 3546 tnferuntur,
2239 3488 2299 3536 ut
2322 3482 2644 3536 erubescant
2674 3479 2938 3537 Corinthii
2980 3489 3266 3551 sequentes
3303 3496 3460 3538 erro-

1883 3586 1996 3626 rem
2022 3571 2594 3642 pseudoapostolorum
2616 3613 2632 3638 ,
2660 3572 2819 3642 quem
2849 3571 3083 3627 absurda
3122 3572 3237 3628 huic
3273 3587 3465 3630 conse-

1892 3670 2165 3731 quuntur,
2206 3677 2326 3731 qua:
2362 3662 2527 3717 etiam
2567 3663 2681 3732 ipse
2719 3663 2955 3718 damnat.
2993 3662 3072 3717 Ne
3105 3677 3235 3735 ergo
3271 3664 3325 3719 in
3364 3665 3470 3720 hoc

1889 3769 2078 3810 errore
2095 3762 2430 3819 remaneant,
2449 3754 2610 3811 dicit:
2641 3753 2842 3820 Inveni,
2863 3765 2970 3810 etc.
2996 3754 3253 3809 Adversus
3275 3754 3465 3809 Deum.

1882 3842 2000 3900 Non
2039 3845 2151 3901 min
2193 3860 2286 3910 re,
2326 3845 2420 3901 sed
2458 3845 2663 3915 majore
2710 3844 2956 3900 fortassis
3001 3844 3207 3901 scelere
3252 3845 3310 3901 in
3355 3844 3468 3901 Deo

1884 3934 2139 3990 laudatur
2163 3934 2391 4001 falsitas,
2415 3951 2577 4009 quam
2596 3937 2945 4006 'vituperatur
2970 3937 3193 3994 veritas.

1953 4022 2122 4079 Vens.
2154 4024 2233 4076 l7.
2259 4054 2318 4063 —
2355 4022 2507 4089 Quod
2520 4022 2824 4077 siC/tristus
2849 4038 2973 4089 non,
2999 4033 3106 4078 etc.
3134 4022 3191 4078 Si
3217 4021 3468 4083 Christus

1884 4129 1990 4169 non
2026 4113 2352 4177 resurrexit;
2380 4111 2627 4167 Christus
2649 4113 2701 4166 in
2734 4121 2906 4167 morte
2931 4112 3212 4167 retinetur.
3238 4111 3306 4166 Et
3332 4112 3379 4166 si
3417 4116 3474 4169 in

1885 4213 2079 4270 morte,
2109 4213 2235 4258 tunc
2262 4212 2318 4259 et
2348 4203 2400 4257 in
2427 4210 2671 4274 peccato,
2701 4202 2841 4274 quod
2863 4211 2947 4258 est
2972 4217 3135 4257 causa
3161 4202 3353 4257 mortis
3406 4204 3475 4257 Et

1886 4296 1933 4351 si
1964 4296 2018 4350 in
2044 4303 2264 4366 peccato
2303 4302 2534 4360 tenetur,
2568 4304 2790 4364 peccata
2831 4306 3013 4352 vestra
3050 4294 3329 4349 remittere
3367 4310 3476 4349 non

1886 4387 2081 4458 potuit.
2099 4386 2164 4440 Et
2192 4386 2267 4441 ita
2291 4386 2468 4442 adhuc
2493 4387 2625 4442 estis
2651 4387 2704 4442 in
2736 4387 2975 4458 peccatis
3000 4387 3219 4452 vestris,
3233 4401 3357 4458 quae
3393 4402 3478 4442 re-

1890 4480 2056 4534 missa
2094 4479 2248 4534 vobis
2275 4480 2580 4534 credebatis
2603 4519 2618 4544 ,
2647 4487 2702 4534 et
2729 4480 2809 4534 sic
2830 4488 2912 4534 est
2934 4493 3071 4535 vana
3093 4478 3228 4534 ﬁdes
3258 4487 3476 4534 vestra.

1958 4568 2122 4625 Vens.
2160 4570 2252 4624 2i.
2285 4600 2357 4610 —
2387 4568 2647 4635 Quoniam
2671 4570 2878 4641 quidem
2905 4587 2996 4640 per
3020 4570 3299 4623 hominem.
3339 4569 3481 4625 Ecce

1882 4655 2157 4730 primitus,
2201 4659 2362 4714 homo
2393 4667 2447 4714 et
2487 4659 2669 4724 homo,
2709 4659 2871 4713 homo
2906 4658 3188 4723 ad'vitam,
3212 4657 3386 4714 homo
3412 4659 3479 4714 ad

1883 4760 2135 4816 mortem,
2161 4750 2253 4805 sed
2284 4749 2371 4803 ille
2385 4764 2501 4803 non
2541 4750 2641 4805 nisi
2682 4750 2863 4815 homo,
2892 4750 2993 4803 iste
3030 4749 3173 4803 Deus
3196 4757 3251 4802 et
3281 4749 3471 4803 homo.

1955 4840 2118 4896 Vnus.
2143 4841 2234 4895 22.
2257 4856 2327 4881 —‘-
2346 4838 2411 4893 Et
2432 4841 2588 4895 sicut.
2618 4838 2721 4894 Per
2745 4840 2901 4905 sicut,
2925 4846 3143 4893 notatur
3169 4839 3473 4900 similitudo

1882 4942 1939 4989 et
1957 4948 2118 4989 causa
2137 4973 2151 4998 ,
2184 4931 2309 5002 quia
2334 4932 2473 4987 sicut
2501 4948 2567 4987 ex
2593 4932 2940 5001 corruptione
2965 4930 3094 4986 Ada:
3120 4931 3188 4985 ad
3214 4942 3474 4994 mortem,

1885 5024 1958 5080 ita
1989 5039 2055 5079 ex
2082 5022 2276 5093 spiritu
2307 5021 2509 5078 Christi
2533 5021 2599 5075 ad
2632 5020 2819 5075 vitam.

1955 5096 2119 5168 “ius.
2161 5112 2252 5166 25.
2286 5141 2357 5151 --
2399 5108 2787 5179 Unusquisque.
2836 5106 3066 5164 Ordines
3108 5108 3369 5179 exponit,
3410 5115 3477 5160 ut

1885 5204 1953 5260 de
1970 5198 2032 5275 re
2052 5211 2198 5259 certa
2219 5221 2232 5256 :
2251 5209 2306 5257 et
2328 5209 2569 5272 tempora
2592 5200 2806 5269 quando
2830 5197 3029 5254 factum
3057 5198 3148 5264 sit,
3176 5208 3231 5253 et
3251 5198 3470 5268 quando

1890 5290 2128 5353 futurum
2167 5296 2273 5361 sit,
2322 5302 2382 5349 ut
2411 5300 2700 5364 resurgant
2730 5291 2948 5347 mortui.
2981 5290 3181 5346 Deinde
3208 5290 3299 5362 qui
3325 5297 3465 5343 sunt.

1892 5380 2005 5446 Alia
2034 5392 2215 5445 littera
2244 5406 2257 5443 :
2297 5386 2500 5450 Deinde
2535 5387 2588 5441 hi
2622 5386 2713 5458 qui
2751 5394 2872 5440 sunt
2923 5382 3119 5439 Christi
3149 5384 3206 5436 in
3243 5381 3468 5436 aduentu

1886 5484 2020 5555 ejus,
2045 5481 2253 5537 scilicet
2272 5485 2575 5550 resurgent.
2605 5477 2791 5550 itaque
2812 5476 2903 5547 qui
2940 5477 2996 5531 in
3031 5474 3306 5531 Christum
3350 5482 3469 5525 ere-

1888 5576 2049 5639 dunt,
2081 5581 2138 5630 et
2178 5573 2359 5629 minus
2385 5571 2636 5646 eodigni
2664 5578 2810 5635 sunt,
2835 5574 3121 5638 resurgent
3140 5562 3471 5632 posteriores

1889 5677 2150 5740 tempore,
2165 5673 2221 5724 et
2248 5664 2506 5737 dignitate
2520 5663 2778 5719 minores.
2792 5661 2861 5716 Et
2883 5660 2976 5732 qui
2997 5658 3107 5714 sint
3125 5653 3351 5716 Christi,
3378 5665 3470 5707 ex-

1888 5761 2044 5835 ponit
2068 5758 2342 5819 subdens:
2373 5756 2479 5825 Qui
2507 5758 2563 5812 in
2590 5757 2813 5813 adventu
2836 5754 2948 5824 ejus
2977 5748 3331 5811 crediderunt,
3358 5751 3466 5799 etc.
