3958 6314
554 215 658 269 5ιῖ

1055 224 1446 322 WALAFRID!
1483 234 1729 296 STRABI
1766 243 1967 301 FULD.
2010 249 2176 306 MON.
2218 253 2368 310 OPP.
2411 257 2588 314 PARS
2627 263 2667 317 l.
2705 297 2774 308 —
2809 271 3258 336 THEOLOGICA.

3702 298 3802 356 548

3051 331 3067 334 '
3095 331 3113 334 ν
3131 331 3258 336 “”“’
3702 331 3802 356 (1⁵90

629 331 789 387 Vsus.
814 333 909 388 ³24.
939 367 1011 376 -
1034 337 1230 395 Deinde
1256 343 1399 410 ﬁnis.
1433 345 1544 402 Hoc
1572 352 1722 419 ponit
1749 355 1816 409 ad
1845 372 2118 415 commen-
2143 367 2190 426 Α
2219 365 2466 425 ducemus
2495 382 2544 428 et
2573 375 2838 446 bibamus,
2865 402 2983 441 cras
3017 392 3152 446 enim
3189 412 3492 456 moriemur.
3533 405 3652 464 Hoc
3677 427 3803 481 pm.

629 423 820 478 tionem
849 430 1273 481 resurrectionis.
1298 450 1400 481 nua
1435 437 1648 481 ἰηιηιριςι
1672 443 1790 481 ίῖηἷο
1811 449 1910 481 ονε.
1934 453 2115 481 mu...“
2221 464 2342 481 ...η
2376 474 2465 481 --_
2517 478 2559 481 _,
2588 465 2599 476 .
2780 470 2791 481 .
2863 473 2895 481 ..
2923 473 2955 481 .-
2997 475 3013 481 -

2143 420 2190 426 “’“
2325 420 2337 422 “
2371 420 2462 425 ""'
2496 420 2540 428 "
2573 420 2838 446 ""'"'“"9
2865 420 2983 441 νιυο
3017 420 3152 446 ωυιιι
3189 420 3492 456 ηιοηεῃιιιν,

551 420 820 478 dationem
849 430 1273 498 resurrectionis,
1298 450 1403 505 qua
1434 437 1652 509 impleta
1672 443 1793 500 ﬁnis
1811 449 2119 507 eritmundi
2218 464 2342 524 pter
2373 474 2467 515 eos
2510 465 2601 533 qui
2640 470 2794 537 quasi
2823 473 2959 528 nihil
2988 475 3231 537 futurum
3283 487 3352 542 sit
3387 500 3510 558 post
3543 506 3781 556 mortem

551 519 604 558 Pl
657 516 1046 558 cnnsnmmnlin
1099 523 1336 558 nmninm
1416 525 1545 558 tu...
1593 537 1910 558 -..--..--.-..3.
1980 541 2054 558 n,,
2082 557 2104 558 η
2328 554 2337 558 -
2379 548 2391 558 .
2452 557 2455 558 ,

549 519 604 565 et
657 516 1046 572 consummatio
1099 523 1357 578 omnium.
1416 525 1548 582 Cum
1589 537 1930 591 evacuaverit.
1979 541 2115 596 Dum

547 597 706 651 durat
753 602 1012 669 mundus,
1058 608 1231 678 angeli
1276 614 1480 684 angelis
1524 629 1795 687 praesunt,
1846 623 2113 684 daemones

518 687 520 689 ’
544 685 896 754 dzemonihus,
925 695 1166 751 homines
1188 698 1493 759 hominibus
1512 685 1606 762 {ad
1628 710 1910 768 utilitatem
1931 716 2115 774 viven-

543 773 711 841 tium,
741 778 826 833 vcl
857 780 924 834 ad
963 782 1348 853 deceptionem.
1383 790 1487 848 Sed
1528 796 1831 855 hominibus
1873 804 2110 863 collectis

539 864 594 918 in
626 869 830 938 angelis
858 880 913 926 et
935 874 1242 933 hominibus
1266 884 1443 938 omnis
1468 888 1708 955 praelatio
1730 894 1984 962 cessabit,
2001 913 2107 953 non

535 956 639 1010 erit
659 957 796 1013 inter
822 965 1170 1030 praesidentes
1197 979 1243 1024 et
1278 974 1517 1032 subditos
1540 978 1630 1032 illa
1652 982 1936 1039 dissensio.
1956 986 2105 1044 Tunc

534 1053 716 1101 autem
742 1059 927 1106 notum
954 1054 1060 1108 erit
1090 1060 1358 1128 omnibus,
1385 1066 1518 1120 nihil
1545 1069 1733 1124 horum
1762 1072 1972 1143 aliquos
2000 1086 2106 1133 ter-

532 1149 693 1193 renos
734 1140 818 1195 vel
848 1143 1101 1201 caelestes
1145 1147 1400 1209 habuisse
1425 1169 1491 1211 ex
1529 1174 1619 1226 se,
1666 1164 1760 1218 sed
1789 1165 2001 1234 abillo,
2033 1185 2101 1225 ex

504 1243 506 1246 ν
529 1237 636 1291 quo
665 1234 791 1281 sunt
810 1231 1010 1287 omnia.

603 1312 762 1370 Vens.
791 1316 882 1371 25.
905 1351 974 1360 —
1003 1320 1215 1393 Oportet
1247 1340 1419 1386 autem
1455 1333 1604 1390 illum
1633 1354 1866 1410 regnare.
1899 1354 2098 1403 Sensus

523 1411 610 1457 est
637 1420 651 1458 :
678 1403 902 1474 Oportet
923 1425 1144 1483 regnum
1165 1416 1279 1485 ejus
1305 1421 1521 1479 interim
1548 1429 1900 1499 manifestari,
1927 1436 2096 1493 donec

521 1511 710 1554 omnes
734 1501 937 1558 inimici
960 1521 1081 1561 eum
1110 1525 1337 1581 regnare
1358 1514 1660 1574 fateantur:
1686 1522 1910 1582 dicendo
1933 1527 2094 1582 donec

520 1589 756 1645 excludit
783 1593 1036 1662 majorem
1069 1603 1556 1663 manifestationem
1579 1650 1594 1676 ,
1638 1627 1742 1667 non
1776 1617 2090 1686 ampliorem

520 1680 672 1751 regni
719 1689 1164 1752 permanentiam.
1219 1693 1370 1750 Unde
1411 1696 1536 1754 alibi
1570 1718 1584 1754 :
1620 1699 1774 1757 Oculi
1817 1680 1980 1763 nostri
2021 1712 2090 1764 ad
2117 1707 2164 1768 B

514 1767 798 1825 Dominum
823 1773 990 1830 Deum
1014 1791 1266 1850 nostrum,
1299 1785 1461 1841 donec
1489 1790 1815 1861 misereatur,
1838 1805 1941 1852 etc.
1970 1797 2086 1856 Non

513 1865 573 1911 ut
609 1868 732 1915 tunc
763 1871 1094 1933 avertantur,
1136 1874 1230 1926 sed
1265 1883 1322 1928 ut
1353 1877 1485 1932 nihil
1515 1881 1744 1950 amplius
1783 1887 2081 1956 requirant.

583 1950 744 2007 Vnus.
767 1953 857 2008 26.
887 1986 958 1996 --
989 1955 1287 2016 Novissima
1318 1975 1512 2021 autem.
1558 1968 1703 2025 Inter
1740 1973 1840 2027 alia
1877 1987 2086 2034 constat

509 2040 651 2106 quod
693 2049 748 2096 et
782 2052 1100 2111 potestatem
1142 2052 1434 2108 suscitandi
1473 2057 1635 2141 habet
1677 2060 1922 2121 Christus
1960 2083 2081 2123 cum

507 2127 730 2183 subdit:
776 2129 1067 2190 Novissime
1104 2148 1279 2194 autem
1321 2135 1533 2200 inimica
1580 2149 1876 2207 destruetur
1916 2173 2076 2213 mors.

505 2206 660 2271 Modo
687 2216 934 2277 Christus
957 2236 1253 2296 regnat,~et
1294 2239 1419 2288 tunc
1455 2239 1704 2307 regnabit
1728 2258 1743 2296 :
1776 2245 1870 2299 sed
1893 2249 2076 2304 novis-

503 2305 663 2374 sime,
696 2309 749 2365 id
775 2320 859 2367 est
885 2324 1006 2384 post
1033 2321 1213 2375 omnia
1249 2322 1560 2382 destruetur
1589 2345 1754 2399 mors,
1792 2337 1916 2405 quia
1954 2355 2071 2394 am-

499 2395 639 2465 plius
667 2416 773 2456 non
802 2404 1162 2465 dissolventur
1196 2413 1444 2473 homines
1481 2421 1621 2476 sicut
1657 2425 1895 2484 haeretici
1931 2434 2074 2488 arbi-

499 2494 730 2545 trantur.
779 2491 1089 2554 Novissime.
1157 2502 1291 2570 Quia
1338 2522 1447 2564 non
1505 2513 1610 2567 erit
1666 2516 1870 2587 aliquid
1927 2525 2072 2592 quod

495 2573 772 2647 destruat;
802 2594 1087 2657 postquam
1128 2593 1230 2650 hoc
1264 2600 1490 2655 mortale
1528 2603 1715 2660 induat
1751 2573 2068 2670 immoriali-

493 2671 678 2722 tatem.
729 2671 975 2730 Inimica.
1020 2678 1119 2735 Cui
1166 2683 1558 2747 inimicamur:
1599 2695 1684 2751 vel
1731 2698 1846 2769 ipsa
1890 2705 2062 2762 nobis.

490 2752 690 2812 lterum
720 2767 1112 2824 commendatio
1140 2779 1573 2838 resurrectionis.

562 2847 725 2904 Vens.
755 2852 844 2906 27.
871 2884 943 2895 —-
976 2856 1182 2916 Prwter
1215 2881 1333 2920 eum
1379 2873 1470 2940 qui
1513 2874 1729 2945 subjecit
1775 2883 1823 2934 ei
1866 2888 2060 2943 omnia.

487 2933 588 3002 Qui
615 2939 753 2994 sicut
781 2957 847 2996 ex
872 2947 1017 3004 nullo
1045 2959 1148 3018 est,
1179 2954 1253 3009 ita
1285 2933 1429 3013 nulla
1457 2933 1663 3022 ratione
1692 2977 1870 3038 potest
1901 2977 2059 3034 alicui

483 3041 604 3083 esse
633 3032 903 3103 subjectus
932 3055 944 3090 :
969 3038 1086 3110 Ipse
1105 3045 1245 3099 enim
1272 3049 1590 3122 principium
1619 3067 1703 3113 est
1725 3064 1986 3121 omnium.

553 3119 622 3173 Ut
644 3123 712 3176 sit
737 3123 878 3181 Deus
904 3132 1097 3186 omnia.
1125 3134 1259 3202 Quia
1283 3154 1405 3194 cum
1438 3143 1580 3201 dicet
1607 3152 1782 3208 omnis
1811 3167 2058 3218 creatura

477 3204 749 3266 Christum
787 3229 907 3271 esse
942 3233 1099 3274 suum
1146 3238 1307 3295 caput
1331 3268 1345 3293 ,
1387 3229 1590 3289 Christi
1637 3247 1817 3296 autem
1856 3257 2057 3317 caput,

479 3295 640 3317 ,λη--
711 3300 724 3317 ,
874 3313 883 3317 _
971 3316 974 3317 ν
1126 3311 1138 3317 -

1804 3295 1816 3296 νί
1862 3295 2018 3316 “””ι’“·’
2041 3295 2056 3317 Ι

479 3295 679 3364 Deum,
711 3300 830 3356 'non
869 3313 1075 3362 tantum
1124 3311 1180 3365 in
1221 3318 1500 3387 omnibus,
1539 3324 1596 3378 id
1631 3336 1714 3381 est
1749 3329 1802 3384 in
1841 3336 2056 3392 confes-

475 3384 626 3440 sione
649 3391 907 3459 omnium,
936 3411 1074 3452 unus
1099 3401 1204 3454 erit
1225 3403 1386 3473 Deus,
1419 3411 1514 3465 sed
1535 3421 1589 3467 ct
1610 3417 1785 3474 omnis
1809 3434 2052 3483 creatura

471 3473 730 3533 fatebitur
759 3482 930 3550 ipsum
956 3501 1167 3545 esse'ex
1192 3508 1299 3562 quo
1321 3508 1449 3554 sunt
1477 3505 1677 3561 omnia.

543 3567 708 3623 Vens.
737 3570 829 3626 28.
852 3603 923 3612 —
945 3574 1011 3630 Ut
1030 3580 1097 3632 sit
1122 3579 1282 3639 Deus.
1313 3586 1430 3658 [pse
1452 3601 1535 3646 est
1559 3593 1682 3652 linis
1702 3614 1861 3668 quem
1888 3619 2049 3676 supra

470 3655 634 3712 toties
660 3662 983 3721 concludens
1008 3672 1190 3736 posuit
1226 3691 1238 3727 :
1278 3655 1401 3746 post
1432 3655 1777 3744 membratim
1813 3655 2047 3764 explicat

467 3765 588 3818 quae
616 3753 686 3807 sit
710 3765 1099 3820 consummatio
1125 3765 1323 3826 futura.
1354 3772 1565 3832 Omnia.
1593 3781 1720 3848 Qum
1745 3787 2045 3851 desiderari

465 3851 710 3907 possunt.
741 3844 808 3900 In
833 3851 1091 3920 omnibus,
1126 3859 1382 3918 membris
1410 3867 1522 3922 suis
1551 3886 1564 3923 :
1594 3874 1718 3942 quia
1763 3882 2041 3947 praemium

461 3931 678 3988 virtutis
704 3935 806 3991 erit
849 3939 963 4009 ipse
989 3945 1080 4014 qui
1111 3948 1256 4006 dedit
1283 3954 1534 4014 virtutem
1553 4001 1568 4029 ,
1600 3931 1724 4034 quia
1763 3931 1906 4028 Deus
1936 3976 2040 4033 erit

459 4022 600 4077 unde
630 4025 912 4084 satientur.

529 4111 692 4169 Vens.
725 4117 810 4173 29.
839 4151 909 4161 —
939 4112 1048 4180 Pro
1085 4135 1324 4189 mortuis.

454 4203 644 4259 lendis.
664 4207 778 4274 Vel,
802 4225 898 4278 pro
915 4228 972 4269 se
1000 4223 1226 4277 mortuis
1248 4224 1509 4286 faciendis
1535 4236 1603 4289 ad
1625 4239 2029 4304 similitudinem

452 4299 644 4353 mortis
664 4301 896 4372 Christi,
927 4311 1054 4378 quid
1084 4311 1284 4372 facient
1314 4335 1436 4378 cum
1465 4341 1570 4382 non
1601 4331 1709 4387 sint
1732 4337 1897 4394 vitam
1931 4342 2028 4396 ha-

448 4383 651 4440 hituri?
674 4387 732 4443 Si
752 4395 984 4462 omnino,
1002 4407 1105 4454 etc.
1125 4401 1202 4457 Ita
1224 4414 1400 4464 utnec
1419 4411 1668 4474 Christus
1694 4430 2024 4485 surrexerit?

450 4481 510 4526 ut
536 4477 663 4545 quid
688 4479 1034 4550 haptizantur
1057 4505 1178 4546 cum
1209 4507 1429 4564 peccata
1460 4519 1566 4560 non
1592 4508 1951 4586 dimittantur,
1975 4521 2021 4576 si

447 4565 694 4627 Christus
719 4591 824 4630 non
861 4587 1254 4643 resurrexerit?

514 4657 676 4717 Vsus.
704 4665 792 4720 3i.
819 4699 891 4709 —
933 4669 1156 4745 Pr0pter
1195 4692 1436 4739 uestram.
1476 4687 1612 4746 Vel:
1648 4693 1754 4750 Per
1797 4711 2015 4761 vestram

442 4745 684 4816 gloriam.
727 4755 863 4814 Ecce
899 4762 1190 4832 Apostolus
1217 4771 1364 4842 jurat
1397 4784 1456 4831 ut
1492 4782 1726 4843 sciamus
1764 4793 1887 4860 quia
1928 4812 2015 4852 ve-

1217 4836 1231 4842 -
1581 4836 1726 4843 ην-ν-τ-
1766 4836 1887 4860 Ί¹⁸⁸⁵⁵
1937 4836 2004 4852 ’ν

439 4849 560 4888 rum
601 4836 785 4905 jurare
825 4863 929 4904 non
980 4862 1064 4909 est
1107 4870 1415 4932 peccatum,
1469 4871 1562 4925 sed
1619 4889 1725 4930 non
1775 4879 1896 4936 ideo
1949 4884 2004 4941 in

437 4923 613 4981 dubiis
633 4928 919 4997 iurandum
955 4954 1067 5011 eSt;
1099 4956 1153 5001 et
1185 4952 1348 5009 tutius
1378 4965 1459 5011 est
1483 4975 1588 5016 non
1613 4963 1797 5032 jurare
1843 4988 2004 5042 quam

437 5022 808 5042 -A--..-.-__..,,,
851 5026 863 5038 .
1021 5034 1055 5042 .-
1165 5038 1176 5042 _

1689 5110 1696 5111 ί
1745 5110 1761 5113 -
1793 5110 1999 5136 σπη’-ν’

431 5110 806 5176 gravissimum
844 5131 926 5176 est
962 5139 1258 5193 peccatum.
1299 5137 1495 5196 Contra
1532 5160 1857 5219 praeceptum
1891 5174 1999 5214 non

1532 5197 1857 5219 r__---,-.....
1891 5197 1996 5214 ..νη

413 5205 512 5249 'est
534 5197 735 5266 juratio
765 5223 777 5259 :
802 5225 921 5278 qua:
951 5229 1056 5269 non
1083 5229 1166 5274 est
1193 5237 1222 5275 a
1253 5226 1392 5282 malo
1408 5227 1672 5297 jurantis.
1701 5242 1792 5296 sed
1819 5243 1996 5303 incre-

425 5287 532 5343 duli
573 5293 654 5346 vel
683 5294 902 5367 infirmi,
929 5305 1018 5372 qui
1049 5307 1202 5364 aliter
1229 5329 1334 5370 non
1360 5287 1550 5376 credit.

493 5375 654 5435 Vens.
689 5381 777 5440 32.
807 5417 877 5428 —
903 5389 962 5444 Si
989 5399 1272 5455 secundum
1311 5375 1589 5468 hominem.
1629 5416 1686 5473 id
1715 5428 1799 5476 est
1825 5439 1988 5495 agens

421 5467 814 5531 rationabiliter
849 5481 974 5548 quia
1013 5484 1248 5546 hominis
1287 5506 1369 5551 est
1395 5503 1644 5573 credere,
1694 5525 1801 5566 non
1850 5467 1985 5573 mori

421 5553 480 5573 ,η
549 5559 560 5569 ο
793 5568 807 5573 -
919 5571 929 5573 -

418 5553 685 5618 hominem
711 5576 768 5621 ut
793 5568 1041 5641 bestiam,
1069 5585 1309 5651 pugnavi,
1342 5587 1394 5643 id
1414 5600 1494 5646 est
1514 5553 1800 5666 disp'utavi.
1829 5604 1984 5663 Man-

2119 4703 2361 4762 coelestia
2387 4727 2404 4776 ;
2434 4719 2713 4773 terrestria
2741 4733 3032 4798 antequam
3078 4740 3400 4814 moriantur,

2125 4790 2278 4814 1.1-.“
2331 4797 2390 4814 '-‘-
2493 4803 2504 4814 '
2596 4804 2647 4814 Α·
2704 4810 2715 4814 ⁸

2113 4790 2303 4849 Adam.
2328 4797 2397 4853 Et
2415 4803 2540 4871 quia
2588 4804 2836 4869 Christus
2861 4790 3100 4880 caelestis
3123 4835 3224 4894 est,
3251 4846 3318 4887 ex
3367 4790 3434 4892 eo
3457 4790 3684 4914 (tm-pora

2113 4885 2348 4914 nmln-n:-
2380 4892 2491 4914 J2-”
2518 4906 2552 4914 ,.
2736 4913 2739 4914 ,
2938 4912 2946 4914 _

2107 4885 2350 4944 coelestia
2374 4892 2647 4968 dicuntur,

2104 4972 2278 5031 Adam
2302 4995 2449 5048 vero,
2477 4989 2606 5056 quia

1613 5022 1631 5032 -
1779 5022 1788 5023 κ
1849 5022 2004 5042 των-η
2104 5022 2278 5031 —-—---
2313 5022 2449 5048 ’νινν
2477 5022 2545 5056 qu

435 5022 819 5080 consuetudine
843 5026 1058 5095 jurandi
1093 5038 1356 5107 peierare.
1389 5045 1607 5107 Falsum
1643 5071 1770 5113 vero
1793 5061 2000 5136 jurare,
2107 5065 2545 5134 denominantur.

2217 548 2392 602 ventri
2441 557 2649 608 tantum
2698 559 2918 618 student
2960 572 3019 619 ut
3062 584 3290 638 pecora,
3339 541 3588 638 dircentes
3619 601 3633 637 :

3062 631 3082 638 -
3276 631 3287 638 ι
3414 631 3585 638 νί-ννντ
3619 631 3633 637 ν
3673 631 3801 654 ιιι-⁸⁸

2215 631 2340 690 inde
2367 640 2547 693 venit?
2576 642 2692 699 Non
2721 650 2899 705 audivi
2936 669 3122 712 vocem
3166 661 3484 735 cujusquam
3536 670 3669 729 inde
3714 691 3801 733 ve-

2213 720 2428 782 nientis.
2461 727 2664 796 Quibus
2699 735 2933 795 dicitur:
2968 743 3162 815 Stulte,
3188 720 3418 822 si'paier
3457 766 3580 816 tuus
3611 779 3795 836 surge

2212 824 2317 882 ret,
2362 822 2648 879 crederes?
2693 827 2952 890 Dominus
2993 841 3230 897 omnium
3280 850 3550 917 surrexit,
3594 865 3655 908 et
3690 873 3794 914 non

2207 907 2400 962 credis.
2434 908 2534 977 Qui
2562 915 2729 971 voluit
2753 921 2890 976 mori
2913 931 2967 979 et
2986 941 3223 998 surgere,
3255 943 3313 988 ut
3337 951 3526 994 omnes
3547 944 3651 996 uni
3676 961 3794 1000 cre-

2206 995 2455 1054 deremus
2480 1042 2494 1066 ,
2526 1018 2594 1057 ne
2627 1020 2656 1059 a
2689 1009 2870 1066 multis
2905 1015 3294 1087 deciperentur.
3339 1026 3612 1088 Crederes
3653 1041 3792 1107 patri

3024 1084 3039 1087 ἡ
3553 1084 3606 1088 η
3653 1084 3790 1107 Γ-..

2203 1084 2394 1142 iterum
2427 1094 2710 1165 morituro,
2737 1109 2790 1155 et
2825 1118 2932 1159 non
2965 1110 3142 1166 credis
3169 1111 3282 1180 jam
3312 1116 3678 1190 immortalis,
3705 1132 3790 1198 qui

2206 1173 2426 1198 .1..-.!.__--
2458 1183 2577 1198 ..,.o
2712 1189 2725 1198 ι
2857 1192 2870 1198 -
2932 1197 2939 1198 ,

2202 1173 2432 1246 denique
2455 1183 2821 1244 testimonium
2854 1192 3018 1251 habet
3054 1199 3106 1253 in
3138 1173 3293 1270 cmlo,
3328 1173 3786 1273 testimoniumiin

2199 1269 2377 1332 terra,
2437 1272 2804 1334 testimonium
2864 1285 2933 1340 ab
2987 1290 3230 1360 angelis,
3282 1269 3672 1361 testimonium
3728 1311 3786 1366 ab

2197 1351 2401 1412 inferis.

2267 1464 2431 1523 Vsus.
2465 1469 2553 1530 53.
2586 1507 2656 1516 —
2686 1473 2866 1538 Nolite
2886 1488 3081 1555 seduci,
3106 1503 3235 1561 etc.-,
3265 1511 3293 1551 a
3320 1503 3556 1576 pseudo;
3595 1508 3701 1578 qui
3729 1513 3785 1568 de

3223 1555 3232 1561 υ
3320 1555 3336 1570 ι
3368 1555 3556 1576 κάκ-εν
3601 1555 3699 1578 ἰν--
3730 1555 3778 1568 νυ

2194 1555 2455 1614 medicina
2485 1577 2732 1632 quaerunt
2763 1575 2954 1632 vulnus
2995 1589 3050 1636 et
3079 1585 3143 1639 de
3171 1586 3463 1658 Scripturis
3494 1611 3778 1657 conantur

2196 1651 2445 1716 torquere
2476 1654 2770 1728 vinculum,
2807 1666 2947 1724 unde
2992 1670 3240 1744 laqueum
3281 1687 3470 1741 mortis
3502 1688 3777 1759 injiciant.

2196 1732 2406 1759 ρμμηη
2535 1754 2544 1759 _
2579 1749 2591 1759 .

3059 1732 3078 1744 .
3227 1732 3239 1734 ἡ
3282 1732 3470 1741 --ν---ν
3502 1732 3777 1759 ...δινιιιιῑι-

2191 1732 2545 1811 Corrumpunt
2574 1749 2731 1806 bonos
2762 1771 2950 1826 mores,
2978 1771 3083 1819 etc.
3114 1765 3434 1847 (Τιιεοοοιι.)
3464 1775 3660 1838 Bonos
3696 1786 3778 1841 hic

2191 1824 2333 1847 ΙΑ--Α-
2373 1846 2403 1847 κν
2543 1836 2575 1847 Ἀ
2687 1841 2698 1847 ⁸
2735 1842 2755 1847 -
2838 1846 2844 1847 '

2188 1824 2336 1882 leves
2373 1836 2582 1891 vocavit
2608 1841 2699 1910 qui
2727 1842 2883 1902 facile
2913 1824 3269 1922 decipiuntur.

2257 1919 2422 1977 Vens.
2454 1925 2542 1980 54.
2579 1961 2648 1971 —
2676 1931 2946 2007 Evigilate.
2976 1919 3088 2001 nec
3115 1950 3310 2019 nolite,
3351 1959 3443 2014 sed
3467 1963 3721 2032 euigilate
3749 1985 3774 2022 ε

2184 2023 2408 2080 corpore
2439 2031 2452 2081 ;
2495 2025 2548 2072 et
2585 2020 2662 2076 sic
2699 2025 2850 2082 eritis
2866 2030 3037 2097 justi;
3061 2046 3116 2090 et
3144 2049 3266 2108 post
3296 2056 3310 2096 :
3344 2044 3525 2104 Nolite
3544 2020 3771 2122 peccare

2184 2099 2287 2122 2112-
2323 2119 2366 2122 -Α
2429 2121 2433 2122 ν
2520 2109 2553 2122 Α·
2651 2113 2663 2122 ⁸
2828 2120 2836 2122 “

2182 2099 2288 2157 illis
2314 2109 2720 2180 consentiendo,
2748 2120 2875 2188 quia
2904 2099 3161 2193 ignorant
3182 2131 3371 2190 Deum.

2249 2218 2412 2277 Vens.
2441 2223 2528 2280 55.
2558 2259 2628 2268 -—-
2664 2230 2768 2288 Sed
2809 2236 2944 2293 dicet
2981 2243 3189 2315 aliquis.
3231 2249 3504 2323 Hactenus
3539 2273 3650 2329 per
3681 2280 3764 2318 ra-

3066 2309 3077 2315 _
3382 2309 3415 2323 ,_
3450 2309 3499 2312 η
3539 2309 3638 2329 τ--
3682 2309 3736 2318 ...

2179 2309 2352 2366 tiones
2396 2318 2643 2385 probavit
2691 2333 3152 2392 resurrectionem
3188 2353 3763 2416 mortuorummio

2172 2412 2270 2465 per
2292 2400 2460 2470 ipsam
2488 2423 2666 2465 rerum
2693 2427 2939 2474 naturam
2960 2439 3118 2492 posse
3148 2428 3266 2485 ﬁeri
3297 2439 3563 2506 ostendit;
3597 2447 3758 2513 quasi

2175 2489 2313 2513 At--a
2334 2509 2362 2513 μ
2379 2511 2393 2513 -
2407 2511 2426 2513 υ
2461 2498 2472 2513 ¹
2703 2504 2717 2513 ‘

2172 2489 2317 2546 dicat
2334 2509 2430 2562 per
2458 2498 2572 2556 haec
2600 2504 2860 2572 probatur
2887 2527 2902 2566 :
2928 2489 3021 2571 sed
3047 2524 3227 2576 tamen
3255 2489 3447 2596 aliquis
3457 2489 3757 2602 depila-

2171 2590 2257 2639 tus
2295 2585 2374 2641 sic
2402 2587 2549 2660 loqui
2594 2607 2814 2666 posset,
2858 2608 3010 2674 quasi
3046 2621 3380 2674 mortuorum
3417 2631 3753 2686 resurrectio

2167 2687 2266 2741 per
2294 2686 2542 2748 naturam
2567 2683 2682 2741 ﬁeri
2718 2705 2824 2746 non
2849 2697 3020 2762 possit
3045 2717 3058 2752 :
3087 2701 3156 2757 Et
3181 2706 3225 2759 si
3254 2720 3523 2781 resurgent
3551 2730 3570 2766 :
3605 2735 3750 2787 qua-

2171 2761 2264 2787 "___
2739 2781 2751 2787 _
2819 2783 2852 2787 __

2166 2761 2264 2818 live
2307 2783 2552 2838 corpore,
2599 2781 2754 2846 quasi
2801 2761 2988 2841 dicat:
3025 2789 3144 2846 Non
3189 2761 3578 2863 poteritvaliud

2166 2866 2326 2920 quam
2352 2860 2530 2927 modo,
2564 2863 2615 2917 id
2647 2877 2730 2921 est
2766 2874 3021 2940 passibile
3050 2889 3106 2935 et
3146 2860 3390 2943 mortale.
3436 2860 3745 2962 Respondet

2161 2940 2450 3012 Apostolus
2480 2967 2492 3002 :
2521 2950 2782 3024 Insipiens
2801 2999 2816 3026 ,
2861 2962 2915 3016 id
2957 2975 3042 3022 est
3076 2970 3166 3039 qui
3197 2988 3303 3028 non
3334 2940 3578 3038 attendi;~
3599 2988 3745 3054 quod

2087 3056 2132 3120 ρ
2164 3034 2398 3100 quotidie
2427 3039 2575 3096 vides
2599 3042 2653 3097 in
2674 3061 2862 3116 grano.

3119 3702 3172 3706 ν,
3190 3702 3278 3709 __--
3346 3702 3684 3726 "meum...
3710 3713 3726 3738 ,

2145 3702 2220 3758 ita
2255 3721 2500 3770 mortuus
2523 3718 2617 3774 Dei
2653 3722 2853 3783 virtute
2896 3737 3096 3801 poterit
3133 3741 3340 3812 vivere,
3396 3765 3453 3807 et
3509 3759 3726 3820 meliori

2145 3811 2375 3868 corpore
2407 3822 2714 3882 resurgere.
2749 3816 3043 3897 Unicuique
3063 3837 3339 3895 seminum.
3363 3841 3441 3900 lta
3478 3856 3532 3903 et
3563 3853 3726 3911 nobis

2145 3889 2454 3911 _-,A_u-r..-

2141 3889 2461 3952 relormabit
2508 3916 2736 3974 corpora
2785 3889 2973 3972 nostra
3030 3924 3273 3995 antiqua,
3326 3940 3384 3987 ut
3436 3935 3539 3993 Job
3588 3942 3715 3998 ait:

3132 3977 3273 3995 ,,1_._,
3330 3977 3384 3987 ...-
3436 3977 3539 3993 ννυ
3588 3977 3669 3998 uno
3701 3988 3715 3998 .

2141 3977 2307 4044 Quem
2331 3987 2538 4046 visurus
2563 4011 2678 4049 sum
2700 4015 2793 4070 ego
2835 4005 2962 4074 ipse,
2993 4020 3045 4065 et
3093 4030 3199 4070 non
3244 4019 3400 4077 alius.
3457 4012 3566 4085 sed
3609 4036 3722 4089 erit

2141 4065 2314 4089 .IIIILm-
2367 4075 2400 4089 -'
2469 4077 2481 4089 ⁸
2586 4081 2600 4089 “
2673 4085 2683 4089 ⁸

2949 4065 2961 4073 ,
3244 4065 3400 4077 _....-.
3457 4065 3566 4085 υυυ
3649 4065 3717 4089 ι..

2135 4065 2436 4129 differentia
2466 4077 2519 4132 in
2551 4065 2807 4151 gloriavet
2829 4065 3116 4168 dignitate,
3143 4111 3389 4174 quamvis
3430 4115 3498 4169 de
3519 4065 3717 4178 eadem

2133 4160 2241 4215 sint
2261 4173 2474 4222 natura.
2503 4169 2781 4234 Sicutnon
2809 4189 2986 4243 omnis
3025 4205 3161 4248 caro
3202 4206 3286 4252 est
3337 4200 3583 4270 ejusdem
3627 4213 3716 4266 di-

2129 4251 2367 4322 gnitatis,
2393 4256 2523 4315 licet
2543 4263 2609 4318 de
2631 4267 2834 4329 eisdem
2861 4276 3169 4343 elementis.
3208 4296 3266 4344 et
3297 4251 3400 4350 hoc
3447 4305 3534 4354 est
3562 4305 3710 4373 quod

2130 4341 2242 4397 ait:

3443 4753 3574 4820 quia
3620 4773 3686 4811 ex

2691 4913 2747 4960 et
2781 4923 2890 4965 non
2926 4912 3040 4983 jam
3087 4936 3214 4979 caro
3267 4912 3561 4989 dicitntur.
3599 4939 3678 4994 Ex

2658 4999 2931 5057 terrestris
2972 5013 3078 5075 est,
3124 5017 3404 5076 terrestria
3451 5039 3678 5097 corpora

2178 5159 2340 5271 Veni.
2371 5165 2546 5222 H.—
2578 5172 2744 5234 Stella
2767 5185 2904 5239 enim
2931 5205 2964 5243 a
2991 5181 3144 5248 stella
3198 5199 3398 5271 Λίθον-ι,
3449 5216 3554 5264 etc.
3603 5211 3671 5265 In

3201 5247 3398 5271 η-,,-..,
3450 5247 3554 5264 νη.
3603 5247 3669 5265 ,η

2102 5247 2256 5305 domo
2283 5251 2464 5314 Patris
2491 5265 2592 5318 mei
2614 5274 2907 5334 mansiones
2928 5283 3107 5340 multa:
3124 5301 3266 5356 sunt,
3291 5297 3393 5350 etsi
3417 5298 3556 5354 idem
3578 5303 3669 5357 de-

2099 5345 2302 5414 narius,
2335 5351 2386 5405 id
2421 5359 2634 5415 estvita
2677 5374 2880 5426 aeterna
2921 5381 3190 5437 omnibus.
3219 5384 3336 5442 Una
3389 5401 3473 5446 est
3523 5396 3659 5448 enim

2095 5432 2393 5510 beatitudo,
2423 5461 2582 5514 quam
2604 5450 2738 5521 justi
2769 5465 3073 5536 percipiunt
3098 5489 3112 5538 ;
3145 5475 3238 5532 sed
3289 5479 3476 5552 dispar
3502 5486 3655 5540 retri-

2095 5525 2328 5552 L..|:-_:-
2360 5536 2518 5552 manu-
2638 5541 2672 5552 Α

2087 5525 2331 5585 Μιξοηίε
2353 5536 2605 5603 qualitas.
2632 5541 2766 5602 Cum
2809 5553 2917 5608 sint
2955 5567 3134 5616 autem
3175 5525 3520 5639 resurgentes
3558 5575 3653 5628 ἰηι-

3178 5617 3520 5639 ,,-__O_---v-

2084 5617 2237 5684 ‘paris
2263 5619 2543 5697 claritatis,
2578 5640 2758 5693 tamen
2783 5639 2923 5699 Deus
2950 5656 3031 5702 est
3054 5652 3233 5707 omnia
3279 5655 3331 5710 in
3380 5661 3643 5730 omnibus,

2204 5889 2235 5904 Μ
