3958 6314
237 401 342 456 559

227 516 363 585 quia
393 513 538 566 Deus
579 507 817 564 charitas
835 512 922 559 est
946 541 961 568 ,
1005 507 1062 556 et
1095 511 1192 569 per
1225 493 1545 551 charitatem
1581 486 1702 550 ﬁet;

229 579 380 675 quod
401 601 603 658 habent
628 595 846 666 singuli,
875 589 1235 648 communiter
1256 585 1329 640 sit
1347 579 1622 639 omnium.
1655 620 1663 630 .

308 715 474 769 Vens.
504 710 594 765 42.
624 740 695 750 —
717 706 1038 763 Seminatur.
1063 701 1125 755 id
1158 706 1258 762 est,
1281 693 1527 764 quamvis
1551 691 1713 744 homo
1736 699 1803 738 ex

231 820 347 875 quo
372 801 674 871 concipitur
703 811 872 866 usque
910 794 976 848 ad
1014 789 1420 846 dissolutionem
1464 782 1533 836 sit
1561 780 1631 848 in
1684 791 1805 832 cor-

232 867 491 965 ruptione
529 867 597 946 et
619 899 742 961 post
765 886 1036 942 vermibus
1064 887 1300 944 scateat,
1333 885 1511 931 tamen
1535 867 1718 941 surget
1749 867 1807 922 in

236 985 667 1056 incorruptione.

314 1095 478 1150 Vens.
506 1093 688 1148 44.-—
739 1089 939 1160 Corpus
965 1081 1209 1140 animale.
1249 1080 1310 1136 Id
1359 1085 1444 1136 est
1487 1073 1630 1146 quod
1672 1068 1809 1127 nihil

239 1187 410 1241 habet
438 1184 506 1239 ab
526 1183 726 1245 anima,
757 1180 861 1234 nisi
881 1176 1023 1248 quod
1054 1171 1394 1228 sensilicetur
1414 1183 1512 1238 per
1539 1179 1682 1231 eam,
1737 1161 1809 1218 si-

245 1284 343 1332 cut
368 1273 645 1331 animalia.
677 1271 862 1341 Surget
889 1264 1178 1338 spirituale.
1210 1260 1503 1318 Transiens
1542 1258 1596 1312 in
1651 1263 1811 1309 natu.

242 1383 366 1422 ram
415 1365 670 1436 spiritus,
718 1362 772 1416 id
809 1365 894 1415 εει
940 1357 1147 1412 habens
1194 1352 1436 1423 quaedam
1489 1345 1808 1419 spiritualia,

243 1461 376 1529 quia
397 1457 552 1528 agile,
579 1457 719 1521 leve,
747 1453 881 1508 cibis
907 1464 1014 1504 non
1047 1447 1318 1516 indigens.
1357 1442 1491 1498 Cum
1522 1439 1660 1496 dixit
1685 1451 1811 1492 cor-

244 1563 354 1619 pus
397 1525 750 1601 transiturum
810 1541 877 1596 ad
926 1535 1401 1604 incorruptionem,
1454 1525 1814 1597 corruptionis

250 1637 590 1694 mentionem
623 1634 774 1698 facit,
805 1628 1199 1686 utostendatur
1227 1624 1400 1694 major
1450 1620 1681 1690 dignitas
1724 1631 1814 1670 re-

247 1726 625 1785 surrectionis.
658 1723 714 1779 Si
743 1732 816 1778 est
840 1737 1048 1792 corpus.
1076 1716 1212 1772 Vere
1238 1721 1422 1786 surget
1463 1725 1658 1780 corpus
1707 1706 1815 1776 spi-

248 1819 420 1882 tuale,
441 1818 566 1888 quia
587 1817 631 1870 si
656 1812 814 1869 modo
841 1821 942 1875 est,
996 1807 1224 1863 animale
1257 1816 1351 1869 est,
1383 1804 1436 1859 id
1469 1809 1554 1858 est
1604 1803 1814 1855 constat

245 1923 406 1974 esse;
433 1905 752 1977 quandoque
773 1903 872 1956 erit
897 1896 1188 1971 spirituale.
1226 1895 1378 1950 Sicut
1416 1893 1558 1948 enim
1602 1892 1813 1946 anima~

249 1999 335 2056 les
361 2012 545 2054 sumus
571 1996 698 2066 quia
740 2001 893 2065 pater
918 1999 1098 2046 noster
1119 1987 1354 2044 carnalis
1405 1986 1581 2041 factus
1630 1992 1718 2040 est
1764 1983 1816 2038 in

250 2091 491 2146 animam
519 2088 786 2142 viventem
819 2104 832 2139 :
863 2084 941 2140 sic
964 2083 1165 2138 erimus
1201 2081 1255 2135 iu
1284 2078 1679 2134 resurrectione
1706 2076 1818 2146 spi-

247 2179 481 2235 rituaies
530 2195 544 2232 :
597 2176 723 2248 quia
757 2175 916 2231 Pater
953 2181 1136 2228 noster
1177 2169 1474 2241 spiritualis
1524 2169 1699 2223 factus
1739 2172 1821 2222 est

252 2272 310 2326 in
335 2285 434 2325 sua
458 2266 856 2324 resurrectione
881 2265 934 2319 in
958 2262 1208 2333 spiritum
1237 2259 1625 2315 vivificantem.

327 2378 494 2434 Vens.
549 2376 636 2431 45.
686 2405 758 2417 —-
806 2375 998 2430 Homo.
1067 2374 1260 2429 Totum
1310 2388 1480 2444 genus
1528 2372 1821 2427 humanum

254 2477 385 2525 sunt
419 2467 810 2538 quodammodo
843 2466 919 2521 illi
952 2467 1057 2521 duo
1095 2465 1340 2519 homines
1361 2504 1378 2530 ,
1414 2463 1622 2533 primus
1651 2469 1704 2516 et
1733 2473 1821 2514 se-

256 2561 467 2616 cundus
491 2577 505 2614 :
531 2575 597 2615 ex
623 2558 714 2614 illo
737 2558 880 2624 nati,
909 2573 975 2612 ex
1003 2556 1107 2640 hqc
1137 2555 1328 2610 renati.
1385 2553 1632 2609 Christus
1685 2550 1821 2606 dici-

255 2662 351 2706 tur
403 2650 592 2716 Adam,
641 2651 769 2720 quia
821 2649 886 2705 de
931 2648 1116 2704 eadem
1173 2646 1430 2710 materia;
1476 2645 1820 2708 novissimus,

257 2741 387 2811 quia
408 2749 528 2811 post
567 2754 690 2795 eum
726 2754 829 2794 non
860 2738 1102 2793 succedit
1137 2737 1299 2792 homo
1329 2735 1488 2802 alius,
1513 2735 1605 2806 qui
1628 2735 1701 2791 sit
1727 2749 1820 2790 ca-

254 2839 358 2902 put
377 2831 461 2885 vel
489 2839 678 2886 auctor
701 2830 922 2884 humani
949 2829 1210 2900 corporis.

332 2919 438 2975 Sed
474 2937 598 2974 non.
638 2919 781 2974 Dixit
815 2935 1039 2990 corpora
1067 2927 1248 2974 nostra
1274 2917 1451 2972 futura
1491 2916 1822 2986 spiritualia;

257 3008 356 3065 sed
379 3025 446 3064 ne
467 3011 589 3079 quis
607 3009 811 3090 dubitet
832 3025 897 3064 an
917 3010 1147 3064 animale
1169 3009 1338 3079 possit
1372 3008 1486 3062 ﬁeri
1515 3007 1824 3079 spirituale,

253 3097 455 3170 probat
505 3112 602 3166 per
654 3098 1060 3153 similitudinem
1105 3098 1356 3163 Christi;
1426 3098 1581 3167 quasi
1632 3098 1825 3160 dicat,

253 3192 442 3245 factus
477 3189 634 3244 estin
667 3189 916 3259 spiritum
957 3160 1350 3244 vivificantem.
1377 3160 1482 3241 Sed
1537 3204 1640 3241 non
1681 3188 1826 3257 prius
1855 3160 1899 3222 Ο

255 3281 366 3337 fuit
388 3281 440 3335 in
463 3295 527 3335 eo
557 3280 684 3335 illud
719 3281 857 3351 quod
879 3289 953 3334 est
975 3279 1263 3348 spirituale,
1297 3278 1387 3332 sed
1427 3279 1564 3349 quod
1599 3287 1672 3332 est
1712 3277 1829 3330 ani—

257 3370 422 3436 male,
453 3369 636 3424 deinde
668 3369 955 3425 snirituale.
993 3368 1086 3424 Sic
1123 3376 1179 3423 et
1205 3369 1270 3422 de
1295 3368 1449 3423 nobis
1476 3367 1672 3438 poterit
1692 3365 1830 3419 fieri.

1149 374 1415 437 GLOSSA
1453 367 1854 430 ORDINARIA.
1891 395 1962 406 —
1999 363 2216 418 EPIST.
2255 362 2276 416 Ι
2310 360 2400 415 AD
2433 356 2584 413 (ΞΟΠ.

1753 489 1814 536 ιιι
1837 481 1886 542 Α
1915 477 2040 546 quia
2068 473 2344 544 corruptio
2369 465 2738 530 mortalitatis,
2768 478 2885 532 qum
2909 461 3128 517 nomine
3157 457 3338 516 carnis
3384 457 3477 514 hic

3369 345 3476 402 550

1904 567 2227 630 ostenditur,
2256 578 2361 617 non
2386 556 2677 631 possidebit
2706 552 3283 621 incorruptibilitatem.

1974 657 2140 713 Vens.
2175 654 2264 710 51.
2291 683 2362 694 —-
2387 651 2577 706 Omnes
2598 646 2824 717 quidem.
2856 642 2955 698 Vel
2998 641 3312 712 (secundum
3351 636 3478 693 Hie-

1905 761 2187 816 ronymum
2216 743 2308 812 qui
2335 741 2486 795 vivos
2518 745 2760 806 repertos
2795 749 2902 787 non
2934 732 3225 786 morituros
3257 729 3474 795 asserit,

1907 840 1975 893 ad
2005 833 2310 891 Marcellam
2339 826 2602 896 scribens)
2630 839 2818 880 omnes
2849 821 3045 876 mortui
3077 826 3360 890 resurgeut
3379 857 3392 881 ,
3422 826 3478 870 et

1905 943 2014 1014 non
2067 939 2254 980 omnes
2312 919 2420 977 vivi
2468 916 2668 987 reperti
2725 913 3184 976 immutabuntur,
3234 910 3328 964 sed
3379 907 3479 962 soli

1907 1019 2104 1078 sancti.

1981 1131 2143 1188 Vens.
2169 1125 2258 1183 52.
2286 1157 2359 1168 —
2397 1123 2466 1179 In
2512 1120 2812 1179 novissimo.
2863 1117 2922 1172 ld
2958 1123 3044 1172 est
3081 1114 3137 1169 in
3188 1110 3481 1168 novissimo

1909 1220 2080 1291 signo,
2113 1216 2257 1287 quod
2299 1215 2535 1278 dabitur,
2565 1219 2626 1266 ut
2671 1211 2772 1264 ista
2800 1205 3141 1276 impleantur.
3184 1201 3309 1256 Haec
3352 1201 3479 1253 tuba

1911 1319 1994 1365 est
2019 1308 2224 1364 clamor
2254 1307 2321 1360 de
2347 1320 2454 1374 quo
2488 1297 2909 1358 diciturzﬂedia
2930 1305 3074 1351 nocte
3091 1293 3288 1348 clamor
3308 1293 3479 1362 [actus

1910 1406 1985 1452 est
2018 1413 2036 1452 :
2075 1412 2188 1450 ecce
2216 1409 2436 1466 sponsus
2458 1389 2608 1445 venit.
2638 1387 2801 1442 Tuba:
2845 1383 3059 1438 nomine
3104 1381 3319 1449 aliquod
3362 1377 3478 1433 cvi--

1911 1488 2045 1544 dens
2073 1496 2128 1542 et
2146 1479 2463 1556 prmelarum
2489 1481 2697 1551 signum
2724 1469 3105 1543 dicitur,iquod
3132 1488 3233 1526 vox
3261 1471 3485 1524 archan-

1913 1578 2016 1648 geli
2045 1585 2099 1632 ct
2137 1577 2263 1630 tuba
2295 1573 2388 1628 Dei
2413 1571 2538 1626 alibi
2563 1569 2788 1632 dicitur,
2817 1573 2872 1620 et
2899 1565 2949 1619 in
2983 1563 3274 1633 Evangelio
3303 1561 3482 1629 appel-

1914 1667 2056 1720 latur
2083 1681 2185 1719 vox
2207 1677 2366 1734 quam
2397 1659 2616 1715 audient
2652 1655 2849 1712 mortui
2893 1654 2984 1724 qui
3026 1655 3079 1709 in
3119 1653 3483 1706 monumentis

1916 1764 2042 1812 sunt
2067 1763 2121 1810 et
2149 1753 2462 1825 precedent,
2492 1759 2596 1804 etc.

1844 1821 1890 1880 Β
1942 1881 1948 1886 -
1987 1821 2408 1902 Ινηηιιίιαὺὶηιαν.
2439 1835 2671 1910 Exponit
2691 1836 2956 1908 quomodo
2977 1836 3078 1890 hoc
3108 1833 3220 1901 fiat,
3248 1833 3331 1888 vel
3352 1846 3485 1902 qua-

1916 1939 1983 1994 lis
2017 1937 2087 1992 sit
2119 1932 2444 1990 immutatio.

1988 2049 2150 2104 Vens.
2202 2045 2291 2100 54.
2333 2074 2404 2085 -
2445 2042 2704 2112 Absorpta
2749 2046 2843 2093 est.
2887 2037 2943 2092 Id
2987 2043 3072 2092 est
3119 2035 3393 2090 destructa
3431 2031 3487 2085 in

1917 2141 2143 2197 victoria
2169 2137 2403 2202 Christi;
2449 2134 2534 2190 vel
2572 2134 2624 2187 in
2674 2132 2778 2186 hoc
2815 2129 2955 2199 quod
2995 2127 3214 2182 modum
3238 2123 3489 2179 vincendi

1919 2231 2172 2295 excessit,
2199 2228 2475 2284 Christum
2509 2223 2834 2286 invadendo;
2872 2217 2955 2274 vel
2983 2231 3131 2273 mors
3163 2224 3246 2270 est
3282 2212 3490 2284 peccati

1921 2321 2206 2378 delectatio
2230 2333 2352 2375 cum
2379 2329 2662 2379 consensu,
2691 2327 2810 2381 qua:
2847 2309 2988 2364 victa
3015 2316 3099 2362 est
3129 2304 3183 2360 in
3216 2305 3320 2360 hoc
3347 2301 3490 2372 quod

1921 2411 2062 2468 servi
2090 2409 2184 2466 Dei
2210 2409 2428 2463 vincent
2446 2385 2908 2474 concupisceniias
2929 2398 3109 2454 carnis
3135 2412 3266 2452 SlltB.

1991 2503 2153 2557 Vens.
2181 2500 2269 2555 55.
2297 2529 2370 2540 --
2397 2497 2497 2552 Ubi
2525 2507 2624 2560 est,
2645 2508 2804 2557 mors,
2830 2488 3046 2544 vfctoria
3071 2487 3202 2541 tua?
3224 2484 3350 2540 Htec
3365 2492 3492 2539 sunt

1921 2595 2083 2650 verba
2107 2591 2400 2663 prophetae,
2432 2587 2517 2642 vel
2544 2583 2783 2655 Apostoli
2808 2579 3036 2636 laetantis
3062 2590 3116 2634 et
3136 2576 3295 2632 morti
3327 2574 3493 2629 insul-

1922 2687 2089 2742 tantis
2121 2685 2176 2738 in
2206 2695 2436 2753 persona
2459 2663 2874 2748 resurgentium,
2898 2679 2956 2725 ut
2985 2669 3184 2725 certior
3207 2667 3277 2722 sit
3313 2681 3492 2721 resur-

1922 2779 2094 2833 rectio
2121 2793 2134 2829 :
2168 2773 2320 2844 quasi
2339 2772 2482 2827 dicat
2505 2784 2522 2824 :
2546 2767 2736 2822 Vicisti
2777 2765 2831 2820 in
2857 2760 3236 2825 morientibus,
3266 2758 3406 2813 victa
3436 2771 3496 2810 es

1921 2869 1980 2924 in
2008 2863 2433 2936 resurgentibus.
2463 2858 2701 2916 Victoria
2733 2864 2822 2910 tua
2862 2869 2966 2924 qua
3000 2849 3356 2905 absorbueras
3377 2860 3498 2901 cor-

1924 2973 2060 3030 pora
2082 2953 2448 3018 morientium,
2471 2945 2780 3019 temporalis
2805 2943 2906 2998 fuit
2936 2959 2950 2995 :
2982 2955 3086 3011 qua
3103 2939 3156 2992 in
3181 2936 3499 3008 corporibus

1926 3027 2324 3119 resurgentium
2366 3042 2619 3110 absorpta
2657 3051 2747 3102 es;
2775 3043 2976 3089 aeterna
3004 3027 3292 3084 constabit.

2510 3165 2737 3224 CAPUT
2774 3163 2914 3219 XVI.

2000 3307 2165 3362 Vens.
2297 3331 2356 3341 —
2396 3299 2472 3353 De
2511 3295 2758 3351 collectis.
2801 3292 2929 3347 Post
2977 3291 3110 3356 alia,
3153 3290 3220 3345 de
3264 3288 3502 3344 collectis

1930 3395 2190 3452 faciendis
2229 3393 2284 3448 in
2318 3399 2534 3448 sanctos
2564 3387 2654 3458 qui
2697 3392 2852 3439 erant
2891 3385 2943 3439 in
2963 3381 3349 3453 Hierosolymis
3369 3382 3494 3435 bre-

337 3481 499 3584 Ῠεῐίδο
525 3481 615 3582 ’ίῖο
640 3511 711 3584 ’ἦ
758 3479 805 3532 Ρ
811 3482 972 3582 νίηιυξ
1016 3480 1188 3584 Ῑιὶοηιοο
1206 3478 1362 3584 ’ναῖε
1390 3479 1596 3584 Ρτῖῐηυξ
1647 3485 1731 3533 εει
1777 3477 1833 3530 in
1928 3488 2070 3542 viter
2096 3490 2301 3539 monet.
2326 3480 2478 3548 Quod
2508 3493 2612 3533 non
2635 3483 2717 3532 est
2743 3482 2928 3531 contra
2963 3473 3092 3527 illud
3119 3491 3132 3527 :
3160 3471 3337 3527 Nolite
3361 3471 3502 3541 cogi-

263 3571 502 3675 animam
533 3570 834 3675 viventem;
1028 3569 1096 3623 de
1133 3569 1352 3639 ΡυῙνθτθ
1370 3577 1535 3675 ἔειπε
1570 3567 1835 3622 Γοΐῐηδῑιιε
1932 3589 2046 3633 tare
2066 3577 2131 3631 de
2158 3576 2409 3630 crastino.
2438 3571 2554 3626 Non
2584 3578 2667 3624 est
2704 3569 2846 3624 enim
2872 3567 3109 3639 cogitare
3134 3565 3201 3622 de
3225 3565 3460 3620 crastino
3486 3604 3501 3630 ,

263 3671 358 3765 05':
383 3663 634 3765 animalis.
653 3671 705 3718 et
730 3662 998 3765 passibilis
1029 3677 1095 3765 εχ
1125 3670 1335 3764 natura.
1363 3660 1635 3717 Secundus
1657 3661 1833 3724 homo,
1933 3668 1976 3724 si
2001 3668 2123 3738 quis
2152 3667 2390 3720 humano
2428 3675 2580 3716 more
2608 3659 2712 3715 ista
2739 3657 2935 3728 cogitet
2961 3671 2975 3710 ε
3001 3656 3094 3712 sed
3141 3655 3185 3710 si
3217 3655 3338 3725 quis
3375 3668 3504 3724 pro-

263 3753 416 3832 quia.
437 3753 499 3808 de
541 3753 666 3808 caelo
689 3793 705 3819 ,
754 3753 807 3808 id
844 3761 928 3808 est
970 3753 1094 3822 quia
1142 3753 1322 3808 divina
1363 3759 1560 3807 natura
1601 3751 1703 3806 fuit
1738 3752 1839 3805 hu-
1934 3765 2054 3827 pter
2075 3755 2176 3811 ista
2204 3755 2316 3808 Deo
2346 3751 2558 3816 militet,
2584 3749 2714 3804 utin
2737 3747 2989 3818 operibus
3010 3746 3124 3801 suis
3153 3761 3258 3802 non
3281 3757 3506 3816 regnum

266 3858 443 3898 mante
467 3843 642 3906 unita.
688 3843 808 3899 ideo
847 3843 1087 3910 caelestis,
1117 3843 1170 3897 id
1201 3851 1282 3898 est
1307 3843 1601 3914 spiritualis
1651 3843 1704 3898 in
1763 3853 1842 3894 re-
1938 3846 2057 3911 Dei,
2092 3845 2186 3900 sed
2215 3843 2439 3898 istorum
2474 3838 2882 3910 acquisitionem
2910 3837 3204 3892 intueatur.

268 3934 708 4000 surrectione';et
734 3935 857 4004 quia
872 3936 1080 4004 primus
1106 3943 1260 4004 pater
1284 3933 1386 3988 fuit
1406 3942 1669 3998 terrenus,
1702 3931 1841 3986 tales
2009 3937 2096 3991 Ita
2124 3945 2170 3990 et
2200 3952 2308 3990 vos.
2356 3929 2638 4005 (Annos)
2686 3928 2936 3998 Praecipit
2979 3927 3264 3997 Apostolus
3291 3940 3508 3981 omnem

269 4032 401 4079 sunt
419 4038 622 4078 omnes.
642 4023 890 4078 Caelestis.
920 4024 1128 4079 Dicitur
1156 4038 1275 4078 esse
1288 4022 1557 4086 Christus,
1593 4021 1717 4091 quia
1736 4034 1842 4075 non
1939 4029 2149 4100 plebem
2172 4025 2257 4080 die
2290 4022 2568 4078 Dominieo
2612 4020 2919 4086 convenire,
2945 4027 3076 4083 etc.,
3112 4035 3272 4089 usque
3302 4017 3371 4070 ad
3406 4031 3508 4072 nec

270 4118 510 4172 humano
525 4117 650 4182 ritu,
676 4115 770 4172 sed
797 4115 978 4171 divino
1006 4125 1137 4170 nutu
1163 4124 1452 4184 conceptus
1472 4123 1556 4169 est
1583 4123 1638 4167 et
1662 4121 1840 4167 natus.
1943 4136 2106 4194 grave
2130 4125 2232 4184 est,
2263 4125 2320 4173 et
2344 4115 2567 4170 multum
2590 4112 2882 4167 invenitur.

346 4210 508 4266 Vens.
552 4210 640 4265 50.
693 4239 764 4250 —
811 4209 924 4264 Hoc
954 4219 1127 4264 autem
1156 4209 1293 4264 dico.
1341 4207 1510 4264 Judaei
1554 4207 1846 4263 credebant
2011 4211 2177 4267 γεκε,
2213 4210 2270 4264 2.
2307 4203 2526 4271 —-Per,
2565 4212 2670 4259 etc.
2700 4202 2758 4257 Id
2783 4209 2866 4257 est
2908 4198 3187 4255 Dominica
3227 4197 3331 4252 die.
3374 4194 3510 4263 Quia

274 4307 512 4364 futuram
554 4305 1024 4368 resurrectionem,
1077 4302 1170 4358 sed
1215 4315 1364 4357 more
1409 4298 1572 4369 hujus
1610 4300 1758 4364 vitae,
1785 4315 1819 4352 ιι

1944 4320 2052 4361 una
2098 4303 2213 4358 dies
2245 4297 2453 4355 sabbati
2495 4295 2579 4350 vel
2627 4309 2732 4349 una
2781 4293 3125 4348 sabbatorum
3150 4329 3165 4355 ,
3215 4286 3300 4343 vel
3332 4287 3507 4358 prima

271 4395 540 4450 nuberent
582 4401 637 4446 et
673 4401 990 4463 generarent
1032 4411 1047 4446 :
1095 4391 1237 4446 unde
1285 4390 1585 4447 sadducaais
1625 4389 1819 4459 quidan

1948 4391 2153 4450 sabbati
2179 4397 2405 4444 vocatur
2437 4385 2576 4455 apud
2605 4383 2815 4439 Judzeos
2856 4382 2970 4437 dies
3010 4379 3128 4445 iste,
3159 4391 3318 4448 quem
3357 4374 3514 4432 Chri-

271 4498 386 4540 non
443 4490 692 4553 poterant
732 4482 1055 4553 respondere
1093 4482 1159 4537 de
1206 4481 1527 4551 septemvira
1572 4480 1798 4535 muliere
1825 4519 1841 4545 ,
1870 4502 1922 4561 D
1949 4484 2112 4543 διίειηὶ
2144 4479 2481 4538 Dominicum
2508 4475 2858 4547 appellamus.

271 4573 343 4630 de
372 4573 762 4628 resurrectione
782 4572 924 4628 enim
941 4579 1094 4627 erant
1114 4572 1166 4626 hi
1194 4571 1484 4625 carnaliter
1502 4571 1838 4642 cogitantes:
1875 4554 1913 4561 —
2014 4574 2180 4629 Vens.
2223 4570 2274 4626 6.
2316 4596 2395 4613 --
2419 4567 2640 4622 Manebo
2675 4564 2752 4619 vel
2779 4565 2937 4619 etiam
2977 4560 3233 4625 Itiemabo,
3283 4563 3390 4612 etc.
3431 4554 3512 4612 lbi

274 4663 376 4718 sed
404 4664 503 4718 hoc
538 4661 826 4734 ΑΡοδιοῙυδ
854 4671 1113 4728 removet:
1140 4661 1321 4717 dicens
1348 4675 1364 4714 ε
1947 4678 2201 4737 tanquam
2237 4661 2478 4718 medicus
2501 4699 2516 4724 ,
2557 4671 2764 4712 moram
2805 4655 3013 4720 habuit,
3044 4652 3135 4708 ubi
3166 4647 3320 4704 multi
3344 4661 3516 4718 :egro-

352 4751 491 4854 ‘Qiiia
518 4770 662 4807 caro.
695 4755 796 4810 Per
821 4769 1038 4809 carnem
1064 4765 1118 4811 et
1149 4757 1480 4828 sanguinem,
1512 4766 1757 4814 ventrem
1791 4768 1846 4815 et
1947 4760 2135 4814 tabant

275 4842 556 4947 ",bidjfen}
587 4884 604 4913 ν
651 4845 706 4900 id
744 4851 827 4900 ⁸³⁸
851 4859 1012 4916 opera
1040 4848 1219 4903 carnis
1241 4848 1382 4919 (‘lua‘3
1420 4848 1494 4903 ibi
1533 4865 1640 4904 n0“
1666 4850 1842 4922 θΐυῐη)
2016 4858 2180 4913 Vens.
2222 4853 2308 4909 l5.
2345 4882 2417 4893 —-
2451 4849 2673 4905 Obsecro
2702 4853 2878 4899 autem
2911 4858 3031 4906 vos,
3077 4840 3267 4911 fratres
3295 4877 3312 4902 ,
3352 4812 3515 4890 nostis

277 4932 570 5005 signiﬁcat.
1929 4931 2159 5001 domum
2183 4943 2463 5012 Stephano?
2483 4948 2529 4992 et
2551 4935 2962 4998 Fortunati,etc.
2981 4929 3124 4986 Ordo
3143 4927 3301 4997 hujus
3322 4926 3515 4981 litterae

1951 5036 2170 5108 respicit
2195 5041 2249 5089 et
2275 5031 2472 5104 pendet
2503 5041 2672 5097 usque
2697 5024 2844 5090 illuc,
2876 5033 2929 5076 ut
2956 5030 3001 5076 ει
3031 5037 3119 5075 vos
3145 5016 3336 5075 subditi
3378 5015 3513 5068 sitis.

2022 5106 2184 5182 Vens.
2201 5119 2638 5190 18.—Spiritum
2661 5131 2831 5169 meum
2853 5123 2898 5168 ει
2925 5121 3167 5177 vestrum,
3189 5117 3294 5190 εις.
3316 5106 3514 5173 Meum,

1953 5215 2138 5273 ltetitia
2171 5233 2184 5268 :
2210 5183 2468 5276 vestrum,
2500 5207 2784 5264 charitate.
3233 5183 3262 5204 ⁸

356 5022 538 5094 Neque
574 5027 836 5096 corruptio
861 5027 1262 5098 incorruptelam
1287 5031 1583 5101 possidebit.
1622 5029 1701 5085 Ne
1751 5048 1846 5102 pu-

282 5124 434 5170 tares
459 5116 748 5172 secundum
767 5118 1121 5174 substantiam
1141 5123 1320 5177 carnis
1340 5124 1441 5178 hoc
1466 5123 1588 5188 dici,
1616 5125 1845 5194 aperuit.

280 5205 413 5262 Ideo
441 5207 574 5263 dixit
611 5211 766 5284 quod.
800 5225 928 5268 caro
977 5227 1081 5268 non
1121 5214 1412 5282 possidebit
1457 5231 1675 5286 regnum
1703 5216 1797 5271 Dei
1831 5237 1844 5274 :
