3958 6314
562 254 668 308 547

1062 261 1456 356 WALAFRIDl
1491 268 1737 329 STRABI
1774 275 1976 332 FULD.
2018 280 2087 334 Μ(

2227 283 2377 340 ΟΡΡ.
2419 286 2596 343 PARS
2635 290 2676 345 l.
2713 325 2783 335 —
2818 297 3267 361 THEOLOGICA.

3709 322 3796 380 548

638 370 798 425 Vsus.
823 372 919 426 ‘24.
949 404 1020 414 —
1042 374 1239 430 Deinde
1265 379 1407 446 ﬁnis.
1442 380 1552 436 Hoc
1581 385 1730 453 ponit
1758 387 1826 441 ad
1854 404 2127 447 commen-
2151 398 2200 457 Α
2229 395 2475 454 ducemus
2504 411 2552 456 et
2582 403 2847 474 bibamus,
2874 429 2991 478 cras
3026 417 3163 471 enim
3199 436 3502 479 moriemur.
3543 429 3667 487 Hoc
3693 450 3799 504 pm.

638 461 828 504 linnnm
860 466 1262 504 rpcnrrnnlinnic
1307 485 1408 504 ,νε-ιη
1445 471 1657 504 :mnlnln
1680 476 1799 504 ant-
1823 481 1921 504 ,...ει
1943 485 2124 504 ...--..νιε
2229 493 2347 504 _.-,,
2396 503 2403 504 ,
2597 493 2609 504 .
2789 498 2801 504 -
2874 500 2904 504 _-
2934 499 2964 504 .,
3010 502 3020 504 μ

561 459 829 516 dationem
859 466 1282 534 resurrectionis,
1307 485 1412 540 qua
1444 471 1660 543 impleta
1680 476 1802 532 finis
1821 481 1925 534 erit
1943 485 2128 538 mundi

559 557 615 603 et
667 553 1056 609 consummatio
1109 558 1368 613 omnium.
1426 559 1557 615 Cum
1599 569 1939 622 evacuaverit.
1990 572 2126 627 Dum

557 636 717 690 durat
763 639 1022 706 mundus,
1068 644 1241 714 angeli
1287 648 1490 718 angelis
1534 662 1806 721 praesunt,
1856 656 2124 715 daemones

556 724 907 792 daamonibus,
936 731 1178 787 homines
1199 734 1504 794 hominibus
1522 756 1536 794 :
1552 742 1616 795 ad
1638 743 1921 802 utilitatem
1943 748 2126 805 viven-

555 812 722 879 tium,
753 815 836 871 vcl
869 817 935 870 ad
974 819 1360 889 deceptionem.
1394 825 1499 882 Sed
1539 830 1842 888 hominibus
1885 835 2122 894 collectis

552 903 607 956 in
639 907 842 975 angelis
870 917 925 963 et
946 910 1254 968 hominibus
1278 918 1454 973 omnis
1479 922 1719 989 praelatio
1741 927 1996 993 cessabit,
2014 945 2120 985 non

547 995 651 1048 erit
673 995 809 1050 inter
835 1001 1182 1067 pnesidentes
1208 1015 1255 1059 et
1290 1009 1529 1066 subditos
1553 1012 1642 1066 illa
1664 1015 1948 1071 dissensio.
1968 1017 2117 1076 Tunc

546 1091 728 1138 autem
754 1096 940 1142 notum
967 1091 1072 1144 erit
1103 1096 1371 1163 omnibus,
1396 1100 1531 1154 nihil
1557 1103 1745 1158 horum
1775 1105 1984 1176 aliquos
2012 1118 2118 1164 ter-

545 1187 707 1230 renos
747 1177 832 1232 vel
861 1179 1115 1238 cmicstes
1158 1183 1412 1244 habuisse
1438 1204 1505 1246 ex
1543 1208 1632 1259 se,
1679 1197 1773 1251 sed
1802 1198 1869 1252 ab
1897 1198 2014 1265 illo,
2047 1217 2115 1257 ex

543 1275 650 1330 quo
679 1273 805 1318 sunt
824 1269 1025 1323 omnia.

617 1350 777 1407 Vens.
806 1353 896 1408 25.
919 1387 988 1397 --
1017 1356 1228 1429 Oportet
1261 1374 1434 1421 autem
1469 1367 1618 1424 illum
1646 1388 1880 1443 regnare.
1913 1387 2112 1434 Densus

538 1450 625 1496 est
652 1459 666 1496 :
693 1442 917 1512 Oportet
938 1463 1158 1519 regnum
1179 1452 1293 1521 ejus
1320 1456 1536 1513 interim
1562 1442 1914 1532 manifestari,
1941 1468 2111 1524 donec

537 1549 726 1592 onmes
749 1539 952 1595 inimici
975 1558 1096 1597 eum
1126 1561 1352 1617 regnare
1373 1549 1674 1608 fateantur:
1701 1556 1924 1614 dicendo
1947 1560 2108 1614 donec

536 1628 772 1684 excludit
799 1631 1052 1701 majorem
1085 1639 1572 1697 manifestationem
1595 1684 1610 1710 ,
1653 1660 1758 1700 non
1791 1650 2104 1718 ampliorem

536 1719 688 1790 regni
734 1725 1181 1790 permanentiam.
1235 1729 1386 1784 Unde
1427 1731 1551 1788 alibi
1586 1750 1600 1788 :
1636 1733 1790 1790 Oculi
1832 1741 1996 1794 nostri
2037 1743 2106 1796 ad
2133 1738 2180 1798 B

531 1807 814 1863 Dominum
841 1811 1006 1866 Deum
1029 1827 1282 1885 nostrum,
1315 1820 1477 1875 donec
1505 1824 1831 1892 misereatur,
1854 1837 1957 1884 etc.
1986 1828 2103 1887 Non

529 1904 590 1950 ut
625 1906 750 1953 tunc
780 1909 1111 1969 avertantur,
1153 1909 1246 1961 sed
1282 1917 1338 1963 ut
1369 1911 1502 1965 nihil
1532 1914 1761 1983 amplius
1799 1919 2098 1988 requirant.

601 1988 761 2044 Vens.
784 1991 874 2046 26.
905 2023 976 2032 —-
1007 1991 1305 2050 Novissima
1335 2009 1530 2054 autem.
1576 2002 1720 2058 Inter
1757 2005 1857 2059 alia
1894 2017 2102 2064 constat

527 2078 670 2145 quod
711 2087 766 2134 et
799 2089 1119 2148 potestatem
1160 2087 1452 2142 suscitandi
1492 2091 1653 2146 habet
1694 2093 1939 2153 Christus
1978 2114 2098 2155 cum

525 2165 748 2221 subdit:
794 2167 1086 2226 Novissime
1123 2183 1297 2229 autem
1338 2169 1552 2233 inimica
1599 2181 1895 2238 destruetur
1934 2205 2094 2244 mors.

524 2245 680 2309 Modo
706 2254 953 2314 Christus
977 2271 1186 2332 regnat,
1217 2272 1271 2319 et
1313 2274 1437 2322 tunc
1474 2272 1722 2341 regnabit
1747 2290 1761 2328 :
1794 2277 1889 2330 sed
1913 2281 2095 2336 novis-

522 2343 682 2412 sime,
716 2347 769 2402 id
795 2357 879 2404 est
904 2360 1026 2421 post
1053 2355 1232 2410 omnia
1268 2357 1579 2415 destruetur
1608 2379 1773 2431 mors,
1811 2369 1935 2438 quia
1973 2385 2090 2426 am-

518 2434 658 2504 plius
687 2454 793 2494 non
822 2441 1182 2500 dissolventur
1216 2449 1463 2507 homines
1501 2455 1640 2510 sicut
1676 2458 1915 2516 haeretici
1950 2465 2094 2519 arbi-

519 2532 750 2582 trantur.
799 2528 1109 2590 Novissime.
1177 2537 1311 2605 Quia
1357 2557 1466 2598 non
1525 2546 1630 2600 erit
1686 2549 1889 2618 aliquid
1947 2555 2091 2624 quod

516 2612 793 2684 destruat;
822 2630 1107 2693 postquam
1147 2628 1250 2684 hoc
1284 2633 1511 2689 mortale
1549 2636 1734 2693 induat
1772 2612 2089 2701 immoriali-

513 2710 700 2760 tatem.
751 2708 996 2766 Inimica.
1041 2714 1139 2770 Cui
1186 2718 1579 2780 inimicamur:
1619 2728 1705 2784 vel
1753 2731 1867 2802 ipsa
1912 2737 2083 2793 nobis.

512 2791 712 2850 lterum
742 2803 1134 2859 commendatio
1161 2814 1594 2871 resurrectionis.

583 2885 747 2941 Vnus.
777 2889 866 2942 27.
893 2921 966 2931 —-
998 2892 1203 2951 Prwter
1237 2916 1356 2955 eum
1401 2906 1490 2975 qui
1534 2908 1751 2979 subjecit
1797 2915 1845 2967 ei
1888 2919 2082 2974 omnia.

509 2972 611 3040 Qui
637 2977 776 3032 sicut
803 2994 868 3034 ex
895 2983 1039 3039 nullo
1067 2995 1170 3054 est,
1201 2989 1275 3044 ita
1307 2972 1451 3048 nulla
1479 2972 1686 3055 ratione
1715 3011 1893 3070 potest
1924 3008 2081 3064 alicui

506 3080 627 3122 esse
655 3070 926 3140 subjectus
955 3091 966 3126 :
992 3073 1109 3146 ipse
1127 3079 1269 3134 enim
1295 3083 1613 3156 principium
1642 3100 1726 3146 est
1747 3096 2009 3153 omnium.

576 3157 646 3211 Ut
667 3161 735 3213 sit
760 3161 902 3218 Deus
927 3167 1120 3222 omnia.
1148 3169 1282 3238 Quia
1307 3189 1428 3229 cum
1461 3177 1603 3234 dicet
1630 3185 1806 3240 omnis
1835 3199 2083 3248 creatura

501 3243 773 3304 Christum
811 3266 930 3308 esse
965 3270 1122 3310 suum
1170 3272 1331 3330 caput
1355 3302 1369 3328 ,
1409 3263 1613 3322 Christi
1660 3280 1841 3328 autem
1880 3289 2080 3348 caput,

2227 493 2352 554 pter
2383 503 2477 545 eos
2520 493 2611 562 qui
2649 498 2803 564 quasi
2832 499 2969 554 nihil
2997 502 3241 562 futurum
3293 511 3363 566 sit
3397 523 3521 582 post
3553 493 3797 591 mortem,

2227 577 2402 632 ventri
2453 587 2659 637 tantum
2708 586 2928 644 student
2970 599 3029 646 ut
3073 610 3300 664 pecora,
3349 577 3649 662 dicentes:
3685 577 3798 678 Qui;

2225 662 2350 720 inde
2377 669 2558 722 venit?
2586 671 2701 727 Non
2732 677 2910 732 audivi
2949 662 3132 738 vocem
3177 686 3495 760 cujusquam
3546 694 3686 752 inde
3722 714 3799 756 ve.

2224 751 2439 812 nientis.
2472 757 2676 824 Quibus
2711 763 2945 822 dicitur:
2979 769 3172 840 Stulte,
3199 751 3429 847 si'paler
3468 789 3594 839 tuus
3627 801 3795 860 surge-

2224 854 2328 912 ret,
2373 851 2659 908 crederes?
2704 855 2964 916 Dominus
3004 867 3242 923 omuium
3292 874 3561 940 surrexit,
3608 887 3672 932 et
3705 896 3795 936 non

2219 937 2412 992 credis.
2446 939 2546 1006 Qui
2574 943 2742 999 voluit
2766 948 2904 1002 mori
2925 958 3234 1024 etsurgere,
3268 967 3325 1013 ut
3349 975 3538 1017 omnes
3559 967 3668 1019 uni
3692 984 3796 1024 cre-

2219 1025 2468 1084 deremus
2492 1071 2507 1096 ,
2538 1047 2606 1086 ne
2639 1049 2669 1087 a
2701 1037 2883 1094 multis
2917 1041 3307 1113 deciperentur.
3352 1050 3628 1112 Crederes
3669 1065 3794 1130 patri

2215 1115 2407 1172 iterum
2439 1123 2723 1193 morituro,
2750 1137 2802 1182 et
2838 1146 2944 1185 non
2977 1137 3155 1191 credis
3183 1137 3295 1206 jam
3325 1141 3693 1215 immortalis,
3716 1155 3794 1222 qui

2215 1204 2446 1276 denique
2468 1211 2834 1272 testimonium
2868 1220 3032 1278 habet
3067 1225 3120 1280 in
3152 1204 3307 1295 cmlo,
3341 1204 3789 1296 testimonium'in

2211 1300 2392 1362 terra,
2451 1300 2817 1362 testimonium
2879 1311 2947 1367 ab
3001 1316 3244 1386 angelis,
3299 1324 3690 1384 testimonium
3736 1335 3790 1389 ab

2211 1382 2415 1441 inferis.

2207 1763 2561 1840 Corrumpunt
2589 1778 2747 1834 bonos
2778 1799 2966 1851 mores,
2995 1797 3098 1845 etc.
3129 1791 3449 1872 (Τιιεουοιι.)
3482 1800 3683 1862 Bonos
3713 1809 3785 1864 hic

2205 1854 2352 1912 leves
2389 1865 2598 1919 vocavit
2625 1870 2717 1938 qui
2743 1870 2900 1930 facile
2929 1854 3286 1948 decipiuntur.

2274 1949 2438 2007 Vens.
2470 1955 2559 2010 54.
2596 1989 2664 2000 -
2691 1960 2964 2035 Evigilate.
2993 1970 3106 2028 l-loc
3132 1976 3327 2044 nolite,
3369 1983 3461 2038 sed
3485 1988 3734 2056 evigilat:
3760 2007 3782 2045 a

2201 2053 2425 2110 corpore
2456 2060 2470 2110 ;
2511 2054 2565 2101 et
2602 2049 2679 2104 sic
2716 2053 2867 2110 eritis
2884 2057 3054 2125 justi;
3079 2073 3133 2116 et
3162 2075 3284 2134 post
3313 2081 3328 2121 :
3362 2069 3547 2128 Nolite
3567 2049 3780 2146 peccare

2200 2129 2306 2187 illis
2331 2138 2738 2209 consentiendo,
2767 2147 2892 2216 quia
2923 2129 3179 2220 ignorant
3199 2157 3390 2215 Deum.

2268 2248 2430 2306 Vens.
2459 2252 2548 2310 55.
2575 2286 2646 2298 —--
2683 2258 2787 2316 Sed
2827 2264 2962 2320 dicet
3001 2269 3208 2341 aliquis.
3249 2275 3527 2348 Hactenus
3564 2297 3672 2353 per
3701 2303 3774 2341 ra-

2197 2338 2370 2396 tiones
2415 2347 2662 2414 probavit
2710 2360 3174 2418 resurrectionem
3209 2378 3772 2440 mortuorummio

2191 2442 2289 2496 per
2311 2430 2479 2500 ipsam
2507 2451 2686 2493 rerum
2711 2454 2958 2502 naturam
2979 2465 3138 2518 posse
3168 2453 3286 2510 fieri
3317 2463 3590 2528 ostendit;
3625 2470 3771 2537 quasi

2191 2519 2336 2576 dicat
2354 2539 2450 2592 per
2478 2527 2592 2584 haec
2621 2531 2880 2600 probatur
2907 2555 2921 2592 :
2948 2543 3041 2597 sed
3066 2551 3247 2602 tamen
3274 2549 3468 2621 aliquis
3511 2519 3769 2626 depr‘ava:

2191 2620 2277 2669 tus
2315 2615 2394 2670 sic
2423 2616 2568 2689 loqui
2614 2635 2834 2694 posset,
2878 2635 3030 2700 quasi
3066 2645 3402 2698 mortuorum
3441 2654 3765 2708 resurrectio

2187 2717 2286 2772 per
2315 2715 2562 2778 naturam
2589 2712 2702 2769 fieri
2739 2733 2844 2774 non
2869 2723 3041 2790 possit
3066 2743 3079 2778 :
3108 2726 3176 2782 Et
3201 2731 3246 2784 si
3273 2745 3550 2805 resurgant
3578 2753 3598 2790 :
3634 2757 3762 2810 qua-

2187 2792 2286 2848 live
2329 2812 2574 2868 corpore,
2620 2807 2776 2873 quasi
2823 2810 3008 2868 dicat:
3046 2815 3165 2872 Non
3211 2792 3605 2888 poterit'aliud

2187 2896 2348 2951 quam
2374 2889 2552 2956 modo,
2585 2891 2637 2945 id
2669 2905 2751 2949 est
2787 2901 3042 2967 passibile
3071 2915 3127 2960 et
3167 2912 3415 2968 mortale.
3459 2914 3761 2987 Respondet

2183 2971 2471 3043 Apostolus
2502 2996 2514 3032 :
2543 2979 2804 3053 Insipiens
2823 3026 2838 3053 ,
2883 2989 2938 3043 id
2979 3001 3063 3048 est
3097 2996 3189 3064 qui
3220 3013 3326 3054 non
3357 2971 3597 3061 attendi;

2110 3087 2155 3150 ρ
2186 3064 2421 3130 quotidie
2449 3067 2597 3124 vides
2622 3071 2675 3126 in
2696 3090 2885 3144 grano.

2262 3169 2422 3230 Vens.
2452 3175 2543 3230 36.
2587 3209 2656 3220 --
2701 3182 2962 3253 [nsipiens
3014 3201 3070 3247 tu
3111 3213 3130 3249 ι
3171 3199 3311 3268 quod
3359 3205 3613 3262 seminus.
3678 3211 3748 3265 Ita

2184 3271 2433 3320 mortuus
2459 3272 2660 3337 poterit
2685 3276 2884 3347 vivere,
2917 3292 2972 3338 et
3008 3287 3217 3345 meliori
3237 3307 3506 3366 corpore:
3534 3311 3593 3357 ut
3614 3307 3755 3376 quod

503 3333 702 3402 Deum,
733 3337 854 3393 'non
894 3349 1099 3398 tantum
1148 3347 1203 3401 in
1245 3352 1523 3421 omnibus,
1564 3357 1619 3411 id
1655 3369 1737 3414 est
1773 3361 1826 3416 in
1865 3367 2080 3424 confes-

500 3423 651 3478 sione
673 3427 932 3495 omnium,
961 3447 1099 3488 unus
1124 3436 1228 3490 erit
1250 3438 1411 3507 Deus,
1444 3444 1538 3498 sed
1559 3454 1613 3500 et
1634 3450 1809 3507 omnis
1833 3465 2078 3514 creatura

496 3511 754 3570 fatebitur
783 3519 956 3587 ipsum
981 3538 1099 3579 esse
1126 3539 1192 3580 ex
1217 3544 1324 3598 quo
1347 3542 1475 3588 sunt
1502 3539 1702 3593 omnia.

2180 3355 2444 3424 seminas,
2472 3362 2666 3420 melius
2687 3371 2878 3441 surgit.

493 3803 614 3858 qua:
643 3791 713 3846 sit
737 3801 1125 3856 consummatio
1151 3801 1350 3860 futura.
1380 3806 1592 3866 Omnia.
1619 3814 1747 3881 Qua:
1772 3819 2070 3882 desiderari

492 3889 737 3947 possunt.
769 3881 835 3937 In
861 3888 1118 3956 omnibus,
1152 3895 1409 3952 membris
1437 3901 1549 3956 suis
1578 3919 1591 3956 :
1621 3907 1745 3974 quia
1789 3913 2067 3979 prmmium

489 3970 706 4026 virtutis
731 3973 834 4029 erit
877 3976 991 4046 ipse
1016 3981 1108 4051 qui
1138 3984 1283 4041 dedit
1311 3988 1561 4048 virtutem
1580 4035 1594 4062 ,
1627 3970 1751 4066 quia
1789 3970 1933 4060 Deus
1964 4007 2067 4064 erit

1581 4061 1586 4062 ⁷
1642 4061 1660 4066 “
2050 4061 2064 4064 ⁷
2172 4061 2332 4074 ’“’”””
2360 4061 2564 4074 ⁷“”“’“⁹
2589 4061 2705 4077 ⁹“”⁸⁹
2727 4061 2820 4098 ‘9"
2863 4061 2990 4101 Ψδσι
3020 4061 3066 4090 σε
3120 4061 3225 4095 non
3269 4061 3428 4101 atrus.
3484 4061 3595 4107 δρα
3637 4061 3737 4111 eri]

486 4061 627 4116 unde
657 4063 940 4122 satiemun
1013 4149 1023 4156 ,
2163 4096 2463 4159 differentia
2493 4106 2547 4160 in
2578 4109 2748 4179 gloria
2780 4125 2834 4171 et
2856 4119 3142 4193 dignitate,
3170 4135 3417 4198 quamvis
3458 4139 3528 4194 de
3549 4144 3737 4200 eadem

555 4150 720 4200 Vnus-
752 4155 837 4200 99:
867 4187 937 4198 ..-
973 4158 1076 4200 Dm
1113 4169 1331 4200 mnum.
1393 4171 1450 4200 η
1485 4183 1564 4200 ..-.
1590 4193 1680 4200 -.μ
1713 4197 1736 4200 _-
1759 4198 1800 4200 η
1881 4187 1918 4200 -.
1985 4188 2000 4200 .
2193 4190 2203 4200 .
2258 4199 2261 4200 ,
2540 4198 2553 4200 -

1013 4150 1023 4156 “
2174 4150 2182 4151 “
2243 4150 2306 4154 “”
2324 4150 2463 4159 ””““’
2493 4150 2547 4160 ⁵⁵⁸
2578 4150 2684 4179 δ’νι
2698 4150 2748 4168 ⁸⁸³
2780 4150 2834 4171 σε·
2856 4150 3142 4193 υιδιηιειιυ,
3170 4150 3417 4198 (μιίπῃνιε
3458 4150 3528 4194 de
3549 4150 3736 4200 eadem

555 4150 720 4208 VERS-
752 4155 838 4211 99-
867 4187 937 4198 --
966 4158 1076 4216 Pro
1113 4169 1351 4224 mortuis.
1393 4171 1451 4229 ld
1483 4183 1566 4231 est
1590 4193 1688 4249 pro
1713 4187 1947 4252 peccatis
1969 4188 2062 4243 de—
2161 4190 2269 4245 sint
2289 4203 2501 4251 natura.
2531 4198 2683 4258 Sicut
2705 4221 2810 4262 non
2838 4214 3014 4269 omnis
3052 4231 3187 4273 caro
3228 4231 3314 4277 est
3365 4225 3612 4295 ejusdem
3657 4235 3736 4289 di-

555 4243 673 4295 Idis.
692 4245 806 4295 Vel.
830 4263 927 4295 nm
943 4265 1000 4295 sn.
1030 4259 1254 4295 mnnnic
1277 4258 1535 4295 ρηηεοηιηι.
1565 4269 1630 4295 ..Α
1655 4272 1870 4295 Αεμειε--
1891 4278 1929 4295 γ..
2232 4281 2265 4295 .-
2334 4283 2344 4294 .
2422 4286 2455 4295 ..
2591 4291 2602 4295 -

1591 4241 1607 4249 _
1713 4241 1728 4252 _
1932 4241 1941 4242 κ
2162 4241 2501 4251 -------ω-..η
2531 4241 2810 4262 meum...
2838 4241 3014 4269 munus
3052 4241 3187 4273 caro
3228 4241 3314 4277 ess
3365 4241 3612 4295 ejusdem
3657 4241 3730 4289 di-

483 4241 673 4298 lendis.
692 4245 806 4312 Vel,
830 4263 927 4316 pro
943 4265 1000 4306 sc
1029 4259 1255 4313 mortuis
1277 4258 1538 4321 faciendis
1563 4269 1631 4323 ad
1654 4272 2057 4336 similitudinem
2157 4281 2395 4352 gnilaLiS,
2421 4286 2551 4344 licet
2571 4291 2638 4348 de
2660 4296 2862 4356 eisdem
2889 4303 3196 4368 elementis.
3235 4321 3292 4368 et
3325 4315 3432 4374 hoc
3477 4330 3566 4378 est
3593 4327 3730 4396 quod

483 4338 673 4391 mortis
693 4339 925 4396 Christi.
957 4347 1083 4396 σι]ὶά
1116 4347 1312 4396 Cupiunt
1344 4369 1463 4396 mm.
1495 4376 1599 4396 nnn
1631 4364 1733 4396 ατη.
1761 4369 1925 4396 ..ειμκ
1961 4374 2023 4396 ιμ-
2161 4372 2230 4396 -ε-
2258 4390 2272 4396 -

481 4338 673 4391 mortis
693 4339 925 4409 Christi,
957 4347 1083 4414 quid
1114 4347 1313 4407 facient
1344 4369 1466 4412 cum
1495 4376 1600 4415 non
1631 4364 1738 4420 sint
1761 4369 1926 4426 vitam
1960 4374 2056 4428 ha-
2082 4421 2123 4428 _
2159 4372 2272 4427 ait:

477 4422 680 4478 hituri?
704 4425 761 4481 Si
781 4432 1014 4499 omnino,
1032 4443 1135 4491 etc.
1155 4437 1232 4492 Ita
1253 4449 1312 4494 ut
1332 4458 1429 4499 nec
1449 4445 1699 4507 Christus
1723 4461 2053 4516 surrexerit?

479 4521 539 4566 ut
565 4515 694 4584 quid
718 4517 1064 4588 baptizantur
1087 4541 1208 4581 cum
1240 4541 1459 4599 peccata
1490 4553 1596 4593 non
1622 4541 1980 4618 dimittantur,
2004 4553 2051 4607 si

1964 4605 1978 4618 ’
2008 4605 2050 4607 “⁷
2155 4605 2248 4608 “““
2278 4605 2384 4614 ’⁵⁷⁵⁸
2414 4605 2443 4615 "'
2471 4605 2732 4626 V""'\’|°V
2763 4612 2776 4625 ο
2823 4605 2880 4628 υι
2906 4605 3133 4647 ιιδιιιιιιι.

477 4605 724 4665 Christus
749 4627 854 4668 non
892 4623 1284 4678 resurrexerit?
2223 4641 2387 4700 VERE.
2417 4649 2864 4714 ‘0._Cwlema.
2898 4664 3311 4741 Resurgemium
3343 4693 3578 4752 corpora
3603 4697 3715 4743 sum

544 4696 707 4752 VERS.
735 4703 822 4752 5‘.
851 4736 922 4746 -ο
969 4706 1187 4752 Prnmpr
1225 4727 1444 4752 itﬂllrnm
1506 4721 1600 4752 ΪΤΛΙ
1632 4745 1642 4752 .
1687 4726 1784 4752 n-_
1832 4750 1839 4752 _
1871 4750 1880 4752 _
1918 4744 1929 4752 .
2158 4733 2250 4752 ---ι
2270 4751 2277 4752 ,
2322 4737 2356 4752 ,ο
2470 4749 2478 4752 ,
2697 4748 2707 4752 -

544 4696 707 4756 Vsus.
735 4703 822 4758 5i.
851 4736 922 4746 -ο
964 4706 1187 4781 Pr0pler
1225 4727 1466 4774 vestram.
1506 4721 1602 4779 Vel
1631 4745 1643 4780 :
1679 4726 1784 4784 Per
1827 4744 2046 4793 υεειναιη

544 4789 716 4843 ariam.
758 4793 894 4845 Ecce
931 4798 1221 4845 Annetnlnc
1255 4806 1390 4845 inm:
1428 4819 1482 4845 ..ι
1524 4816 1756 4845 οηξηη..-
1801 4825 1912 4845 ---9-
1961 4844 1970 4845 ,

2269 4696 2386 4700 __e--
2427 4696 2505 4704 --.
2609 4696 2864 4714 νυν-νοιιισο
2898 4696 3311 4741 ιισδυινδυιιιιυηι
3343 4696 3578 4752 corpora
3603 4697 3708 4743 snnl

2200 4733 2392 4791 elestia
2419 4757 2434 4806 ;
2465 4748 2743 4802 terrestria
2771 4761 3063 4825 antequam
3109 4765 3433 4838 moriantur,
3477 4778 3606 4845 quia
3652 4797 3708 4835 er

2200 4824 2310 4845 ηιμ-Α
2362 4826 2422 4845 πμ
2524 4831 2535 4843 ⁸
2625 4833 2678 4845 Α·
2735 4838 2746 4845 ⁸

473 4785 716 4855 gloriam.
758 4793 894 4851 Ecce
930 4798 1221 4869 Apostolus
1248 4806 1395 4876 jurat
1428 4819 1486 4866 ut
1523 4816 1758 4877 sciamus
1795 4825 1918 4893 quia
1959 4844 2046 4884 ve.

473 4887 592 4927 rum
633 4875 817 4938 iurare
857 4900 960 4938 non
1012 4898 1096 4938 est
1141 4905 1415 4938 ηρρρηιηηι
1501 4905 1592 4938 coll
1651 4923 1754 4938 nl...
1807 4912 1925 4938 ειμι..
1983 4915 2030 4938 ε..

2200 4785 2392 4791 ,-_------
2419 4785 2434 4806 ,
2465 4785 2743 4802 “nouum
2771 4785 3063 4825 alucqlﬂllll
3109 4785 3433 4838 moriantur,
3477 4785 3606 4845 quia
3652 4797 3706 4835 es

2200 4824 2334 4880 dam.
2359 4826 2428 4883 Et
2445 4831 2571 4900 quia
2619 4833 2867 4897 Christus
2891 4846 3130 4906 caelestis
3155 4862 3254 4920 est,
3280 4871 3348 4912 ex
3397 4875 3468 4918 eo
3490 4879 3706 4938 corpora

1252 4875 1257 4876 ⁷
1741 4875 1753 4877 ⁷
1802 4875 1918 4893 Ἷ’““”
1970 4875 1979 4880 '
1996 4875 2023 4884 ν
2202 4875 2334 4880 v"_'
2359 4875 2428 4883 ""'
2448 4875 2571 4900 *1⁸⁸⁸*
2623 4875 2867 4897 ν¹⁸⁸¹³ιυθ
2891 4875 3130 4906 υυσιῠδιιδ
3155 4875 3254 4920 εει,
3280 4875 3348 4912 εχ
3397 4875 3468 4918 eo
3490 4879 3702 4938 Com”

471 4887 592 4927 Tum
633 4875 817 4944 iurare
857 4900 960 4940 non
1012 4898 1096 4944 est
1139 4905 1446 4966 peccatum,
1500 4905 1594 4959 sed
1651 4923 1756 4964 non
1806 4912 1928 4969 ideo
1981 4915 2036 4972 in
2139 4916 2382 4974 cmlestia
2405 4922 2679 4997 dicuntur,
2723 4942 2779 4989 et
2813 4951 2920 4993 non
2957 4939 3072 5010 jam
3118 4962 3244 5005 caro
3297 4952 3581 5013 dicuntur.
3634 4963 3702 5017 Er

471 4961 646 5017 dubiis
673 4965 951 5017 iurandum
987 4991 1099 5017 an.
1131 4992 1180 5017 nl
1217 4987 1378 5017 επις...
1412 5000 1488 5017 ,.-.
1515 5010 1616 5017 ..-μ
1815 5016 1820 5017 ,
2152 5003 2166 5017 .
2204 5007 2218 5017 .

1139 4961 1155 4963 ν
1432 4961 1442 4966 ,
1654 4961 1659 4962 ,
1806 4961 1924 4969 ηπ
1981 4961 2036 4972 ...
2144 4961 2679 4997 -.ν-νυηι-υ-υυιιιυι,
2723 4961 2779 4989 ει
2813 4961 2920 4993 ιιυιι
2957 4961 3072 5010 jam
3118 4962 3244 5005 caro
3297 4961 3581 5013 dicuntur.
3634 4963 3701 5017 Et

470 4961 646 5019 dubiis
667 4965 951 5034 jurandum
987 4991 1099 5046 est;
1131 4992 1185 5036 et
1217 4987 1380 5044 tutius
1409 5000 1491 5046 est
1515 5010 1620 5051 non
1644 4997 1829 5066 jurare
1875 5021 2035 5075 quam
2136 5003 2311 5062 Adam
2334 5024 2482 5079 vero.
2509 5017 2637 5085 quia
2690 5027 2962 5084 leﬂ‘eSll’is
3003 5039 3110 5101 est,
3156 5043 3436 5101 terrestria
3484 5063 3701 5121 corpora

470 5060 852 5116 consuetudine
877 5062 1090 5121 iurandi
1127 5073 1386 5121 Deianira
1422 5080 1637 5121 hic...“
1674 5104 1801 5121 an-..
1833 5095 2009 5121 :.._:_-
2143 5096 2414 5121 αιΑ-ηλ-εμ
2475 5115 2486 5121 -

1645 5060 1662 5066 -
1891 5060 1907 5075 ι
1989 5060 2035 5063 νη
2303 5060 2310 5062 “
2347 5060 2482 5079 -ν--ῖ
2512 5060 2577 5085 ἰ’-

467 5060 852 5116 consuetudine
876 5062 1090 5131 jurandi
1127 5073 1388 5143 peierare.
1422 5080 1640 5141 Falsum
1674 5104 1802 5146 vero
1825 5095 2033 5168 jurare,
2139 5096 2577 5162 denominantur.

463 5148 838 5215 graViSSimum
878 5167 959 5212 est
995 5175 1292 5229 peccatum
1331 5172 1528 5230 Comm
1564 5148 1889 5252 Pmceplucm
1924 5148 2033 5246 non
2210 5189 2373 5247 Vens.
2403 5195 2579 5251 H.-—
2611 5201 2776 5262 Stella
2799 5212 2937 5267 enim
2964 5233 2997 5269 a
3025 5207 3176 5274 stella
3231 5224 3429 5296 differt,
3482 5240 3589 5288 etc.
3638 5234 3696 5288 1η

463 5244 545 5289 εει
567 5235 770 5296 iuratio
799 5260 810 5296 :
837 5260 955 5296 (tum
985 5265 1089 5296 nnn
1117 5264 1254 5296 pug
1286 5261 1426 5296 main
1449 5261 1673 5296 :.........:-
1734 5275 1824 5296 Α--.
1856 5277 1900 5296 ευ
2150 5279 2172 5296 ν.
2328 5281 2364 5296 η
2459 5290 2470 5296 -
2616 5294 2623 5296 _

447 5244 545 5289 εει
567 5235 770 5304 infimo
799 5260 810 5296 ε
837 5260 955 5314 (tute
985 5265 1090 5305 non
1117 5264 1256 5310 est‘a
1286 5261 1426 5316 malo
1441 5261 1705 5331 jurantis.
1734 5275 1825 5328 sed
1853 5277 2030 5334 incre-

607 5330 689 5382 vel
717 5331 934 5382 infirmi-
963 5342 1051 5382 nni
1084 5343 1237 5382 niilnr
1263 5364 1367 5382 nnn
1395 5355 1559 5382 Α-ηιιε.

2230 5235 2373 5247 ......η
2403 5235 2579 5251 -..-
2611 5235 2776 5262 mutu
2799 5235 2937 5267 enim
2964 5235 2997 5269 a
3025 5235 3176 5274 steua
3231 5235 3429 5296 cli/fert,
3482 5240 3589 5288 etc.
3638 5235 3693 5288 In

2200 5298 2290 5336 »mo
2316 5281 2496 5344 Patris
2524 5294 2626 5347 mei
2647 5302 2940 5360 mansiones
2962 5309 3140 5366 mulae
3158 5326 3299 5382 sunt,
3323 5322 3424 5375 etsi
3449 5323 3592 5380 idem
3613 5328 3693 5381 de-

1443 5327 1456 5331 '
1744 5327 1747 5328 ν
1772 5327 1782 5328 ί
1803 5327 1823 5328 η
1975 5327 2001 5334 ν
2137 5327 2287 5336 κη’*
2316 5327 2340 5336 -
2367 5327 2437 5341 ὀη
2453 5327 2496 5344 ιν
2525 5327 2624 5347 ηις·
2648 5327 2940 5360 ιιωηδιυηεδ
2962 5327 3140 5366 mutue
3158 5327 3299 5382 ειιηι,
3323 5327 3423 5375 etsi
3449 5327 3592 5380 idem
3613 5328 3686 5381 de.

460 5327 566 5382 du"
607 5330 689 5384 vel
717 5331 936 5404 inmmi’
963 5342 1052 5408 qni
1083 5343 1237 5399 aliter
1263 5364 1368 5404 non
1394 5355 1584 5411 credi"
2133 5376 2337 5445 ηθτίυεν
2369 5381 2421 5435 id
2455 5394 2537 5440 est
2561 5389 2668 5443 vita
2711 5403 2912 5453 :eterna
2954 5406 3224 5463 omnibus.
3252 5410 3369 5468 Una
3420 5425 3506 5471 est
3557 5421 3686 5473 enim

527 5415 689 5473 VEBS.
724 5419 812 5473 52.
843 5453 912 5464 ——
939 5425 996 5473 Si
1024 5433 1306 5473 ,πρηηηΑυηι
1350 5440 1601 5473 Ιωηεκμ..
1662 5449 1719 5473 L-
1755 5461 1829 5473 μ.
1865 5471 1910 5473 __
2130 5463 2145 5473 .
2260 5468 2270 5473 -
2358 5471 2369 5473 _

2130 5463 2427 5538 beatitudo,
2457 5491 2617 5544 quam
2638 5479 2771 5549 justi
2803 5492 3146 5564 percipiunt;
3181 5499 3274 5556 sed
3323 5504 3508 5576 dispar
3534 5511 3683 5564 retri-

2122 5557 2365 5614 butionis
2387 5565 2640 5632 qualitas.
2667 5568 2800 5630 Cum
2843 5557 3170 5641 sint-autem
3210 5557 3553 5664 resurgEntes
3591 5599 3681 5651 im-

2121 5649 2272 5716 paris
2297 5650 2579 5725 claritatis,
2613 5668 2793 5720 tamen
2818 5666 2958 5726 Deus
2985 5683 3066 5728 est
3089 5678 3269 5733 omnia
3313 5649 3398 5736 inv
3414 5685 3672 5751 omnibus,

2171 3842 2401 3898 corpore
2433 3851 2741 3910 resurgere.
2775 3844 3069 3924 Unicuique
3088 3862 3364 3918 seminum.
3388 3865 3468 3922 ita
3505 3879 3560 3925 et
3592 3876 3747 3932 nobis

2167 3919 2487 3980 reformabit
2535 3944 2763 4001 corpora
2812 3919 2999 3998 nostra
3056 3950 3297 4020 antiqua,
3352 3965 3411 4010 ut
3463 3958 3568 4016 Job
3615 3965 3737 4021 ait:

2169 4008 2335 4074 Quem
2358 4017 2565 4074 visurus
2589 4039 2705 4077 sum
2727 4043 2820 4098 ego
2862 4032 2990 4101 ipse,
3020 4047 3070 4090 et
3120 4056 3225 4095 non
3269 4043 3428 4101 alius.
3484 4049 3595 4107 Sed
3637 4059 3743 4111 erit

2227 4463 2390 4580 JVisus.
2425 4471 2514 4526 59.
2543 4503 2612 4515 -
2642 4477 2712 4532 Et
2751 4483 2930 4539 eadem
2953 4504 3096 4545 caro.
3133 4491 3322 4552 Omnis
3350 4511 3484 4558 cam
3506 4519 3721 4580 corpus,

2154 4553 2248 4608 sed
2278 4572 2384 4614 non
2412 4574 2444 4615 e
2469 4578 2732 4626 converso
2763 4589 2777 4625 :
2820 4583 2880 4628 ut
2906 4576 3133 4647 lignum.

527 5415 689 5473 Vens.
724 5419 812 5477 52.
843 5453 912 5464 —-
938 5425 996 5480 Si
1024 5433 1307 5490 secundum
1346 5440 1623 5501 hominem.
1662 5449 1720 5506 Id
1749 5461 1833 5508 est
1858 5471 2022 5527 agens

454 5505 850 5568 rationabiliter
884 5517 1010 5586 quia
1049 5519 1283 5581 hominis
1323 5541 1404 5585 est
1429 5537 1679 5607 credere,
1729 5558 1836 5599 non
1884 5505 2020 5605 mori

453 5593 721 5656 hominem
747 5613 804 5658 ut
828 5605 1077 5676 bestiam,
1105 5619 1345 5686 pugnavi,
1377 5621 1428 5678 id
1449 5634 1530 5681 est
1549 5593 1835 5699 disputavi.
1864 5637 2019 5696 Man-

2241 5919 2271 5934 Μ
