3958 6314
182 407 271 462 διο

186 520 303 590 quia
326 515 467 568 Deus
511 506 746 564 Charitas
765 511 851 558 est
875 540 890 566 ,
935 505 992 554 et
1024 509 1121 567 per
1155 490 1474 548 charitatem
1509 483 1631 546 fiet;

187 576 318 679 quod
338 601 534 659 habent
559 594 776 664 singuli,
805 586 1164 646 communiter
1185 583 1258 637 sit
1290 576 1552 633 omnium.
1584 617 1592 626 .

251 717 408 771 Vens.
436 709 524 764 42.
554 738 625 748 —
647 705 967 760 Seminalur.
992 699 1054 753 id
1087 703 1188 759 est,
1211 689 1456 762 quamvis
1480 687 1643 741 homo
1666 695 1733 735 ex

187 821 286 878 quo
310 799 604 870 concipitur
632 809 802 865 usque
840 792 906 846 ad
944 786 1350 844 dissolutionem
1393 780 1462 833 sit
1491 777 1560 845 in
1613 788 1734 829 cor—

188 897 424 966 ruptione
474 897 528 944 et
549 897 672 960 post
695 864 966 940 vermibus
993 884 1230 942 scateat,
1262 883 1442 928 tamen
1464 864 1648 938 surget
1679 864 1737 918 in

189 984 598 1054 incorruptione.

253 1095 409 1151 Vens.
436 1092 619 1146 H.——
669 1087 870 1158 Corpus
895 1079 1139 1139 animale.
1180 1077 1240 1134 ld
1289 1081 1374 1134 est
1417 1071 1560 1143 quod
1602 1065 1740 1124 nihil

188 1187 342 1242 habet
369 1183 437 1238 ab
457 1182 657 1243 anima,
688 1178 792 1232 nisi
812 1174 954 1246 quod
985 1169 1324 1226 sensillcetur
1344 1180 1441 1236 per
1469 1176 1612 1228 eam,
1667 1158 1740 1215 si-

193 1285 276 1332 cut
301 1272 576 1330 animalia.
608 1270 793 1339 Surget
820 1262 1109 1337 spirituale.
1141 1257 1434 1316 Transiens
1471 1255 1526 1309 in
1581 1259 1742 1306 natu-

190 1383 298 1422 ram
331 1363 601 1436 spiritus,
649 1360 702 1415 id
741 1364 825 1413 est
871 1355 1078 1410 habens
1125 1350 1367 1421 quaedam
1420 1341 1738 1416 Spiritualia,

190 1461 306 1529 quia
326 1457 480 1528 agile,
511 1456 650 1520 leve,
679 1451 813 1508 cibis
838 1463 946 1502 non
978 1444 1249 1514 indigens.
1288 1440 1422 1495 Cum
1452 1436 1590 1492 dixit
1616 1448 1742 1488 cor-

189 1563 284 1619 pus
325 1544 681 1600 transiturum
741 1539 808 1594 ad
857 1533 1333 1602 incorruptionem,
1385 1521 1744 1594 corruptionis

194 1617 521 1693 mentionem
553 1633 706 1696 facit,
735 1626 1130 1684 utostendatur
1158 1622 1331 1691 major
1381 1617 1612 1688 dignitas
1654 1627 1744 1667 re-

190 1725 556 1784 surrectionis.
589 1721 645 1778 Si
675 1731 748 1776 est
771 1734 980 1789 corpus.
1009 1714 1144 1770 Vere
1169 1718 1353 1783 surget
1395 1722 1589 1777 corpus
1638 1704 1746 1774 spi-

192 1818 347 1881 tuale,
367 1817 496 1887 quia
519 1816 563 1868 si
588 1810 745 1867 modo
773 1818 873 1873 est,
927 1805 1156 1860 animale
1189 1813 1283 1866 est,
1314 1801 1368 1856 id
1401 1807 1485 1855 est
1535 1799 1745 1852 constat

189 1922 332 1972 esse;
359 1904 684 1976 quandoque
705 1901 802 1954 erit
829 1894 1120 1968 spirituale.
1157 1892 1310 1948 Sicut
1347 1891 1488 1946 enim
1533 1889 1744 1942 anima~

191 1997 264 2055 les
289 2011 472 2053 sumus
500 1994 629 2064 quia
672 2000 824 2064 pater
850 1997 1031 2045 noster
1051 1985 1286 2042 carnalis
1336 1983 1513 2038 factus
1561 1989 1649 2036 est
1694 1980 1748 2035 in

192 2090 416 2144 animam
444 2086 718 2142 viventem
751 2102 763 2136 :
795 2082 873 2138 sic
896 2081 1097 2136 erimus
1133 2079 1187 2132 in
1216 2076 1611 2132 resurrectione
1637 2072 1750 2142 spi-

189 2178 407 2234 rituales
457 2195 471 2230 :
529 2174 654 2246 quia
689 2173 848 2228 Pater
886 2180 1068 2226 noster
1110 2167 1405 2239 spiritualis
1456 2165 1631 2220 factus
1671 2169 1752 2218 est

191 2270 242 2324 in
265 2283 359 2323 sua
384 2264 788 2323 resurrectione
813 2263 866 2317 in
891 2259 1141 2331 spiritum
1170 2257 1558 2312 viviﬁcantem.

256 2377 421 2432 Vens.
478 2375 569 2430 45.
619 2403 690 2415 --
737 2373 931 2428 Homo.
999 2371 1194 2427 Totum
1243 2385 1412 2441 genus
1459 2369 1754 2424 humanum

193 2476 312 2523 sunt
346 2465 743 2537 quodammodo
777 2464 852 2518 illi
885 2464 990 2518 duo
1027 2462 1272 2517 homines
1294 2501 1311 2527 ,
1349 2460 1555 2530 primus
1583 2466 1636 2512 et
1666 2469 1753 2511 se-

192 2559 394 2614 cundus
419 2576 434 2612 :
460 2573 530 2614 ex
556 2556 647 2612 illo
669 2555 813 2622 nati,
842 2570 908 2610 ex
935 2553 1040 2638 hqc
1069 2553 1261 2607 renati.
1317 2550 1565 2606 Christus
1617 2547 1754 2602 dici-

193 2660 278 2703 tur
329 2649 524 2714 Adam,
574 2648 701 2718 quia
754 2647 819 2702 de
864 2646 1049 2702 eadem
1105 2643 1363 2708 materia;
1408 2641 1753 2704 novissimus,

192 2739 314 2808 quia
335 2747 458 2810 post
500 2753 623 2793 eum
659 2753 764 2792 non
793 2735 1035 2791 succedit
1070 2735 1232 2790 homo
1261 2733 1421 2798 alius,
1447 2731 1538 2802 qui
1561 2733 1634 2788 sit
1661 2746 1753 2786 ca-

191 2837 284 2898 put
305 2829 390 2884 vel
419 2837 612 2884 auctor
635 2827 855 2883 humani
882 2826 1144 2898 corporis.

259 2917 368 2973 Sed
404 2935 530 2972 non.
570 2918 714 2972 Dixit
749 2933 972 2988 corpora
1001 2925 1181 2972 nostra
1208 2914 1384 2969 futura
1425 2912 1754 2983 spiritualia;

191 3006 283 3063 sed
306 3023 376 3063 ne
397 3008 522 3076 quis
541 3007 745 3063 dubitet
766 3024 830 3062 an
851 3007 1080 3062 animale
1101 3005 1272 3076 possit
1306 3005 1420 3059 ﬁeri
1449 3003 1758 3075 spirituale,

186 3095 385 3167 probat
437 3111 535 3165 per
588 3095 993 3151 similitudinem
1039 3095 1290 3160 Christi;
1360 3094 1515 3164 quasi
1566 3094 1758 3156 dicat,

188 3190 371 3243 factus
409 3187 568 3242 estin
600 3188 850 3257 spiritum
889 3156 1285 3241 viviﬁcantem.
1311 3156 1416 3238 Sed
1471 3200 1575 3238 non
1615 3184 1760 3254 prius
1788 3156 1833 3218 (ἶ

189 3280 293 3334 fuit
316 3280 370 3334 in
393 3293 462 3334 eo
492 3278 618 3334 illud
654 3279 791 3348 quod
813 3287 886 3332 est
909 3275 1197 3346 spirituale,
1231 3276 1321 3329 sed
1361 3275 1498 3346 quod
1533 3284 1606 3328 est
1645 3273 1763 3326 ani—

190 3369 352 3434 male,
383 3368 571 3423 deinde
602 3366 889 3423 sm’rituale.
927 3365 1020 3421 Sic
1057 3375 1114 3420 et
1139 3366 1204 3420 de
1229 3365 1383 3420 nobis
1411 3364 1606 3434 poterit
1626 3361 1764 3415 ﬁeri.

1078 371 1345 435 GLOSSA
1381 364 1783 427 ORDINARIA.
1821 391 1891 403 -—
1929 359 2144 414 EPIST.
2184 358 2205 412 Ι
2239 351 2513 411 ΑΒΕΟΒ.

1681 485 1744 533 ut
1767 477 1816 538 Α
1844 473 1968 542 quia
1997 469 2272 539 corruptio
2298 460 2667 524 mortalitatis,
2697 472 2814 527 qua:
2838 455 3056 512 nomine
3085 450 3267 509 carnis
3314 451 3407 508 hic

3297 338 3405 396 550

1834 563 2156 626 ostenditur,
2185 574 2291 613 non
2315 552 2607 626 possidebit
2635 545 3212 615 incorruptibilitatem.

1903 653 2070 709 Vens.
2105 650 2194 706 51.
2220 679 2292 689 --
2316 647 2507 702 Omnes
2528 640 2753 712 quidem.
2785 636 2884 693 Vel
2927 635 3241 706 (secundum
3281 629 3408 686 Hie-

1834 756 2116 812 ronymum
2146 738 2237 808 qui
2265 737 2415 790 vivos
2447 739 2690 801 repertos
2725 743 2831 782 non
2863 727 3154 780 morituros
3187 722 3405 789 asserit,

1837 837 1905 890 ad
1935 829 2239 887 Marcellam
2269 822 2531 891 scribens)
2559 833 2747 875 omnes
2778 816 2974 871 mortui
3008 820 3322 884 resurgent,
3353 819 3409 864 et

1835 940 1944 1008 non
1997 934 2184 977 omnes
2243 915 2350 972 vivi
2397 910 2598 982 reperti
2656 907 3114 970 immutabuntur,
3165 904 3258 957 sed
3308 901 3408 956 soli

1837 1015 2034 1074 sancn.

1911 1127 2074 1183 Vens.
2100 1121 2189 1179 52.
2216 1151 2289 1164 —
2327 1118 2394 1174 In
2442 1115 2742 1174 novissimo.
2793 1111 2852 1166 ω
2889 1117 2974 1166 est
3012 1108 3068 1162 in
3117 1104 3412 1162 novissimo

1840 1216 2011 1287 signo,
2043 1212 2188 1283 quod
2230 1210 2466 1274 dabitur,
2495 1214 2556 1260 ut
2601 1205 2702 1259 ista
2731 1199 3072 1270 impleantur.
3113 1195 3239 1250 litee
3283 1193 3410 1247 tuba

1842 1286 1924 1360 est
1949 1303 2155 1360 clamor
2185 1303 2252 1356 de
2278 1315 2384 1370 quo
2419 1297 2644 1354 dicitur:
2663 1291 2839 1348 Media
2861 1299 3004 1345 nocte
3020 1287 3219 1342 clamor
3238 1286 3409 1355 factus

1841 1403 1917 1449 est
1949 1409 1967 1448 :
2006 1408 2118 1446 ecce
2147 1405 2367 1462 sponsus
2389 1385 2539 1441 venit.
2569 1382 2732 1438 Tuba:
2776 1377 2990 1433 nomine
3035 1374 3250 1443 aliquod
3293 1371 3409 1427 cvi--

1843 1484 1976 1541 dens
2003 1492 2059 1538 et
2078 1473 2394 1552 praeclarum
2420 1477 2628 1546 signum
2655 1463 3036 1537 dicitur,iquod
3063 1481 3164 1520 vox
3191 1464 3416 1518 archan-

1843 1574 1946 1644 geli
1976 1581 2030 1628 et
2068 1572 2194 1626 tuba
2227 1569 2320 1624 Dei
2344 1565 2470 1621 alibi
2494 1563 2719 1627 dicitur,
2748 1569 2803 1615 et
2829 1560 2880 1613 in
2913 1556 3205 1627 Evangelio
3234 1555 3414 1623 appel-

1845 1663 1988 1717 latur
2013 1677 2117 1716 vox
2138 1673 2298 1729 quam
2329 1655 2547 1711 audient
2583 1650 2781 1707 mortui
2824 1648 2915 1718 qui
2957 1648 3010 1703 in
3050 1646 3414 1700 monumentis

1847 1761 1974 1809 sunt
1999 1759 2052 1806 et
2080 1749 2393 1821 procedent,
2423 1753 2528 1799 etc.

1776 1817 1821 1876 Β
1874 1877 1879 1883 -
1919 1817 2340 1898 Immdtabimur.
2371 1829 2603 1906 Exponit
2622 1830 2887 1903 quomodo
2908 1830 3010 1885 hoc
3039 1827 3151 1895 ﬁat,
3180 1827 3262 1882 vel
3283 1839 3417 1896 qua-

1847 1935 1915 1990 lis
1948 1934 2018 1988 sit
2051 1928 2376 1986 immutatio.

1920 2046 2082 2101 Vens.
2133 2041 2224 2096 54.
2265 2070 2336 2081 -—
2377 2038 2635 2107 Absorpta
2681 2041 2776 2088 est.
2819 2031 2875 2086 ld
2919 2037 3004 2086 est
3051 2029 3325 2084 destructa
3363 2025 3419 2078 in

1849 2137 2076 2194 victoria
2101 2132 2335 2198 Christi;
2381 2129 2466 2185 vel
2504 2129 2556 2182 in
2606 2127 2710 2181 hoc
2747 2124 2887 2194 quod
2927 2122 3145 2177 modum
3170 2116 3421 2173 vincendi

1851 2227 2104 2291 excessit,
2132 2223 2406 2280 Christum
2441 2217 2767 2280 invadendo;
2805 2212 2888 2268 vel
2915 2226 3063 2267 mors
3095 2218 3179 2264 est
3215 2206 3422 2278 peccati

1853 2316 2138 2374 delectatio
2162 2329 2284 2370 eum
2312 2324 2594 2374 consensu,
2623 2321 2743 2376 quae
2779 2304 2921 2358 victa
2948 2310 3032 2356 est
3061 2299 3116 2354 in
3149 2299 3252 2354 hoc
3279 2294 3422 2366 quod

1854 2407 1996 2464 servi
2022 2405 2117 2461 Dei
2143 2405 2360 2459 vincent
2379 2379 2841 2469 concupiscentias
2862 2393 3042 2448 carnis
3068 2407 3199 2446 suae.

1924 2499 2086 2553 Vnus.
2113 2497 2202 2551 55.
2230 2524 2302 2536 --
2331 2492 2431 2548 Ubi
2458 2502 2557 2556 est,
2578 2503 2737 2552 more,
2763 2482 2978 2539 victoria
3003 2481 3134 2535 tua?
3157 2478 3283 2534 Eax:
3298 2485 3425 2533 sunt

1853 2591 2016 2646 verba
2041 2587 2334 2658 prOphetee,
2365 2581 2450 2638 vel
2476 2577 2716 2650 Apostoli
2741 2573 2969 2631 laetantis
2995 2585 3049 2628 et
3069 2569 3228 2626 morti
3261 2568 3426 2623 insul-

1855 2682 2022 2738 tantis
2054 2681 2109 2734 in
2139 2691 2369 2749 persona
2392 2659 2808 2742 resurgentium,
2831 2673 2890 2720 ut
2919 2663 3118 2719 certior
3139 2661 3210 2716 sit
3246 2674 3425 2715 resur-

1856 2774 2027 2829 rectio
2054 2790 2068 2825 :
2101 2769 2253 2840 quasi
2272 2768 2416 2822 dicat
2439 2779 2454 2818 :
2479 2761 2669 2817 Vicisti
2710 2760 2764 2814 in
2790 2755 3169 2818 morientibus,
3199 2752 3339 2807 victa
3369 2765 3428 2803 es

1855 2865 1914 2921 in
1942 2859 2366 2931 resurgentibns.
2396 2853 2634 2912 Victoria
2666 2859 2755 2904 tua
2795 2863 2899 2918 qua
2933 2843 3290 2899 absorbucras
3310 2853 3431 2894 cor-

1858 2969 1994 3026 pora
2015 2929 2380 3013 morientium,
2405 2939 2713 3014 temporalis
2738 2938 2839 2992 fuit
2869 2954 2883 2990 :
2916 2933 3090 3004 quain
3114 2929 3432 3002 corporibus

1859 3022 2258 3114 resurgentium
2299 3037 2552 3105 absorpta
2590 3046 2680 3096 es;
2709 3037 2909 3084 aeterna
2937 3022 3226 3079 constabit.

2444 3160 2671 3218 CAPUT
2708 3157 2847 3214 XVI.

1934 3303 2100 3357 Vens.
2231 3327 2291 3336 -—
2330 3294 2406 3348 De
2445 3290 2692 3345 collectis.
2735 3287 2863 3342 Post
2911 3285 3045 3349 alia,
3087 3284 3155 3339 de
3198 3281 3436 3337 collectis

1866 3391 2125 3448 faciendis
2165 3388 2218 3443 in
2252 3393 2468 3443 sanctos
2498 3382 2590 3452 qui
2631 3386 2788 3434 erant
2826 3379 2877 3433 in
2897 3375 3283 3446 Hierosolymis
3303 3375 3428 3428 bre-

265 3480 432 3535 Vsns.
460 3479 550 3534 47.
575 3509 645 3519 —-
691 3477 906 3533 Primus
950 3478 1122 3532 homo.
1156 3475 1296 3532 Vere
1324 3477 1530 3545 primus
1581 3481 1665 3530 est
1712 3473 1748 3527 it

1862 3483 2004 3538 viter
2031 3486 2236 3534 monet.
2261 3475 2413 3543 Quod
2443 3487 2548 3528 non
2569 3477 2652 3527 est
2677 3477 2862 3525 contra
2898 3467 3027 3521 illud
3054 3485 3066 3520 :
3095 3465 3272 3520 Nolite
3296 3464 3437 3534 cogi-

196 3571 436 3625 animam
467 3569 769 3635 viventem;
809 3568 932 3636 quia
963 3567 1030 3621 de
1067 3566 1286 3636 pulvere
1313 3574 1469 3620 terrae
1504 3563 1748 3618 formatur:

1867 3585 1980 3629 tare
2001 3573 2065 3627 de
2092 3571 2344 3625 crastino.
2373 3565 2488 3621 Non
2519 3573 2601 3619 est
2639 3563 2782 3618 enim
2807 3561 3044 3633 cogitare
3069 3559 3136 3615 de
3160 3558 3394 3614 crastino
3420 3597 3436 3622 ,

1897 3665 1908 3674 .
2012 3663 2024 3674 .
2088 3663 2101 3674 1
2305 3673 2311 3674 ,
2398 3673 2407 3674 κ
2430 3670 2509 3674 -u-
2543 3654 2641 3674 !-A-
2679 3652 2864 3674 --_!a..n
2896 3665 2910 3674 .
2937 3649 3027 3674 ..ι-,Ι
3076 3649 3116 3674 ’.ἓ
3153 3647 3270 3674 ηυξ.»
3309 3661 3433 3674 n-A,

197 3671 284 3765 est
309 3661 569 3765 ani-malis.
587 3669 640 3717 et
664 3661 934 3732 passibilis
963 3675 1030 3715 ex
1059 3667 1270 3714 natura.
1298 3656 1570 3714 Secundus
1592 3657 1768 3720 homo,
1868 3665 1912 3720 si
1936 3663 2058 3734 quis
2088 3663 2325 3716 humano
2363 3670 2514 3712 more
2542 3654 2647 3709 ista
2674 3652 2870 3722 εοεῑιει
2896 3665 2910 3704 ε
2935 3649 3029 3706 sed
3076 3649 3120 3704 si
3151 3647 3272 3718 quis
3309 3661 3438 3717 pro-

1094 3751 1126 3765 ιο
1169 3750 1181 3762 α
1375 3756 1388 3765 .
1537 3748 1560 3765 ι-
1596 3748 1632 3765 ι.
1673 3748 1687 3765 ι
1712 3761 1744 3765 -_
1911 3761 1921 3765 _
2010 3751 2022 3763 ο
2060 3759 2071 3765 -
2139 3750 2206 3765 ne
2229 3763 2240 3765 _
2283 3746 2471 3765 ,4-n-.-.
2519 3752 2571 3765 --ι
2596 3745 2645 3765 2..
2677 3741 2921 3765 -..η-ειη.-
2946 3740 3056 3765 Au!“
3089 3754 3189 3765 ...Α-ιι
3216 3750 3438 3765 unum“...

197 3753 342 3832 quia.
364 3753 431 3808 de
476 3751 601 3854 crzlo
625 3792 640 3854 τ
663 3752 742 3854 .ἰά
779 3759 874 3854 (εει.
904 3751 1029 3851 quia
1053 3750 1257 3854 .divina
1297 3756 1494 3854 natura
1536 3748 1637 3802 fuit
1673 3748 1773 3802 liu-
1868 3761 1989 3823 pter
2009 3751 2110 3807 ista
2139 3750 2250 3804 Deo
2281 3746 2494 3812 militet,
2519 3745 2649 3799 utin
2672 3741 2924 3812 operibus
2945 3740 3058 3795 suis
3087 3754 3193 3794 non
3216 3750 3440 3809 regnum

199 3857 369 3896 mante
396 3841 578 3904 unita,
624 3841 744 3897 ideo
782 3841 1022 3908 caelestis,
1052 3841 1106 3895 id
1135 3849 1218 3895 est
1242 3839 1536 3911 spiritualis
1584 3839 1639 3894 in
1697 3849 1777 3891 re-
1872 3842 1992 3907 Dei,
2027 3839 2121 3896 sed
2150 3839 2374 3894 istorum
2409 3833 2818 3905 acquisitionem
2845 3831 3138 3885 intueatur.

199 3933 571 3998 snrrectione';
587 3940 643 3988 et
669 3933 792 4002 quia
808 3933 1016 4002 primus
1040 3940 1194 4001 pater
1219 3931 1321 3985 fuit
1341 3939 1604 3995 terrenus,
1637 3929 1776 3983 tales
1944 3933 2031 3987 Ita
2059 3941 2106 3986 et
2136 3947 2244 3985 vos.
2291 3923 2574 4000 (Annos)
2621 3921 2871 3992 Praecipit
2914 3920 3199 3991 Apostolus
3227 3933 3442 3975 omnem

201 4031 325 4078 sunt
344 4037 559 4078 omnes.
578 4021 825 4076 Caelestis.
857 4021 1063 4076 Dicitur
1091 4035 1211 4076 esse
1224 4019 1493 4083 Christus,
1528 4018 1652 4088 quia
1672 4031 1777 4072 non
1874 4025 2084 4097 plebem
2107 4021 2193 4076 die
2225 4017 2504 4074 Dominica
2547 4014 2854 4080 convenire,
2881 4021 3012 4076 etc.,
3047 4027 3207 4082 usque
3237 4010 3306 4064 ad
3341 4023 3443 4064 nec

201 4116 438 4172 humano
457 4115 586 4180 ritu,
612 4114 705 4170 sed
734 4114 914 4169 divino
942 4122 1072 4168 nutu
1098 4121 1389 4182 conceptus
1408 4120 1491 4166 est
1518 4119 1574 4164 et
1597 4117 1776 4163 natus.
1879 4132 2041 4190 grave
2065 4121 2168 4180 est,
2199 4121 2256 4168 et
2279 4111 2503 4165 multum
2527 4106 2817 4162 invenitur.

271 4211 436 4266 Vens.
489 4209 576 4264 50.
629 4237 700 4248 ——
748 4207 860 4262 Hoc
890 4217 1062 4262 autem
1092 4207 1229 4262 dico.
1277 4204 1446 4261 Judaei
1490 4203 1783 4260 credebant
1884 4187 1904 4190 F
1948 4207 2112 4263 Vgns.
2149 4206 2206 4259 2.
2244 4233 2315 4243 --
2339 4198 2462 4265 Per,
2502 4207 2606 4254 etc.
2636 4196 2693 4251 1d
2718 4203 2802 4251 est
2844 4191 3123 4249 Dominica
3163 4191 3268 4246 die.
3310 4187 3445 4255 Quia

205 4305 441 4362 futuram
489 4302 960 4366 resurrectionem,
1013 4299 1107 4354 sed
1152 4313 1300 4354 more
1346 4295 1508 4366 huius
1547 4296 1694 4360 Vitae,
1722 4303 1783 4349 ιη
1881 4316 1989 4356 una
2034 4299 2149 4354 dies
2181 4292 2388 4350 sabbati
2431 4289 2516 4345 vel
2564 4303 2668 4344 una
2717 4287 3060 4342 sabbatorum
3086 4322 3101 4349 ,
3151 4280 3236 4336 vel
3268 4280 3443 4351 prima

204 4395 476 4449 "liberem
518 4399 574 4445 el
609 4399 926 4462 generarent
969 4408 983 4444 ε
1031 4389 1174 4444 unde
1222 4386 1522 4443 sadducwis
1561 4386 1780 4455 quidam
1884 4386 2091 4446 sabbati
2115 4391 2341 4441 vocatur
2373 4379 2513 4450 apud
2541 4377 2751 4433 Iudaeos
2792 4375 2906 4431 dies
2946 4373 3064 4439 iste,
3095 4384 3254 4441 quem
3293 4367 3449 4424 Chri-

203 4499 310 4538 non
369 4489 629 4554 poterant
668 4480 992 4551 respondere
1030 4479 1096 4535 de
1143 4477 1465 4548 septemvira
1508 4477 1734 4532 muliere
1761 4515 1778 4539 ,
1807 4497 1859 4556 D
1885 4479 2049 4538 sliani
2080 4473 2418 4533 Dominicum
2444 4470 2794 4542 appellamus.

206 4572 270 4628 de
297 4571 698 4629 resurrectione
719 4570 861 4626 enim
878 4577 1030 4625 erant
1050 4569 1103 4624 hi
1131 4568 1421 4623 carnaliter
1439 4568 1775 4638 cogitantes:
1811 4547 1852 4556 ”
1951 4569 2117 4624 νεεδ,
2159 4565 2211 4621 6.
2253 4591 2331 4607 —
2357 4560 2576 4616 Manebo
2612 4557 2688 4613 νει
2715 4559 2873 4613 etiam
2913 4554 3169 4619 hiemabo,
3220 4556 3326 4605 etc.
3367 4547 3448 4604 lbi

208 4663 300 4718 sed
330 4664 434 4719 hoc
475 4660 762 4733 ΑΡοεῑοίυδ
791 4669 1050 4724 removet:
1077 4659 1258 4714 dicens
1285 4671 1300 4710 ε
1882 4673 2138 4732 tanquam
2173 4656 2415 4712 medicus
2439 4693 2453 4718 ,
2494 4665 2701 4706 moram
2742 4649 2950 4714 habuit,
2981 4646 3072 4701 ubi
3102 4641 3256 4698 multi
3280 4654 3452 4710 regre-

234 4752 422 4857 "Q‘nia
453 4769 599 4807 caro.
632 4753 733 4808 Per
758 4767 974 4807 carnem
1001 4762 1054 4808 et
1086 4754 1418 4826 sanguinem,
1449 4763 1694 4810 ventrem
1727 4763 1783 4810 et
1883 4756 2072 4810 tabant

210 4842 494 4948 “,bidjfeu}
525 4883 542 4911 ’
589 4843 642 4899 id
682 4850 764 4898 ⁸⁵⁸
789 4857 950 4914 opera
977 4845 1319 4916 caruimus:
1358 4845 1431 4900 ibi
1470 4861 1578 4901 "0“
1603 4845 1779 4918 θωηι)
1867 4925 1872 4929 ἡ
1954 4853 2117 4908 Vens.
2159 4849 2245 4905 15.
2283 4877 2354 4888 —-
2387 4844 2610 4900 Obsecro
2639 4847 2815 4894 autem
2848 4851 2968 4900 vos,
3014 4833 3204 4904 fratres
3232 4869 3248 4895 ,
3289 4807 3452 4882 nostri

1908 4943 1919 4948 ‘
2128 4937 2160 4948 "
2256 4937 2267 4948 '
2456 4942 2466 4948 -
2493 4930 2531 4948 τ’
2600 4928 2764 4948 Ldus
2802 4933 2880 4948 μα-
2918 4922 3058 4948 Λ-Αλ
3080 4920 3234 4948 μυξη..
3259 4918 3452 4948 num...

214 4933 508 5005 signiﬁcat.

1867 4925 2097 4997 domum
2121 4937 2400 5007 Stephano:
2421 4942 2466 4986 et
2488 4928 2899 4991 Fortunati,etc.
2918 4922 3061 4979 Ordo
3080 4920 3238 4990 hujus
3259 4918 3453 4973 littera:

2015 5033 2026 5037 λ
2066 5031 2078 5037 ·
2332 5025 2348 5037 ·
2391 5032 2402 5037 -
2588 5035 2599 5037 ς
2636 5018 2755 5037 HL-
2815 5027 2866 5037 -.ι
2903 5024 2938 5037 -ι
2969 5030 3056 5037 -.η
3087 5009 3273 5037 -..μκή
3319 5007 3430 5037 .:.:.

286 5022 476 5095 Neque
513 5025 774 5095 εονηιριίο
799 5025 1200 5096 incorruptelam
1225 5028 1520 5098 possidebit.
1560 5025 1639 5082 Ne
1688 5044 1784 5098 pu-
1888 5031 2108 5103 respicit
2132 5037 2186 5084 et
2213 5025 2410 5098 pendet
2439 5035 2609 5091 usque
2634 5018 2781 5082 illuc,
2813 5027 2866 5070 ut
2893 5024 2938 5069 et
2967 5030 3056 5068 vos
3081 5009 3273 5068 subditi
3315 5007 3450 5062 sitia.

219 5121 366 5220 tares
392 5115 690 5220 secundum
705 5116 1058 5172 substantiam
1079 5120 1258 5174 carnis
1278 5121 1379 5175 hoc
1403 5120 1527 5184 dici,
1555 5121 1782 5191 aperuit.
1961 5098 2575 5184 Vens.18.-—Spiritum
2599 5124 2769 5162 meum
2791 5117 2836 5161 ει
2862 5114 3104 5170 vestrum.
3126 5110 3230 5197 ξιξ·
3253 5098 3452 5166 meum:

217 5201 346 5260 Ideo
373 5206 512 5262 dixit
549 5209 704 5283 quod.
739 5223 865 5265 caro
915 5225 1019 5265 non
1058 5211 1351 5280 possidebit
1394 5175 1613 5283 regnum
1641 5212 1735 5267 Dei
1769 5232 1781 5269 :
1891 5175 2076 5268 laetitia
2109 5175 2406 5270 :vestrum,
2438 5199 2722 5258 charitate.
3169 5175 3199 5197 ⁸
