3958 6314
532 329 636 385 5‘5!
1033 327 1419 383 WALAFRIDI
1454 326 1701 383 STRABl
1737 327 1941 384 FULD.
1979 327 2146 384 ΜΟΝ.
2187 328 2337 384 ΟΡΡ.
2375 326 2554 383 PARS
2589 327 2629 382 l.
2664 357 2735 372 —-
2772 328 3223 387 THEOLOGICA.

1363 565 1865 698 EPISTULA
1930 621 2011 697 II
2081 621 2211 696 AD
2275 621 2935 702 CORINTHIOS.

3676 336 3779 392 552

1057 892 1566 950 ARGUMENTUM.
2124 907 2174 967 Α
2204 898 2449 966 scientia,
2483 900 2556 954 ita
2600 901 2704 971 piis
2728 902 3000 971 gaudium.
3049 904 3164 960 Non
3195 908 3345 976 quasi
3375 909 3500 968 inde
3543 917 3776 986 superbe

605 1009 727 1063 Post
750 1014 924 1060 actam
954 1021 985 1059 a
1013 1005 1308 1061 Corinthiis
1349 1007 1724 1076 ptenitentiam
1754 1047 1769 1072 ,
1801 1008 2100 1063 consolati»

530 1101 670 1153 riam
701 1099 892 1154 scribit
932 1098 1010 1152 eis
1038 1097 1334 1166 Epistolam
1368 1098 1650 1167 Apostolus
1679 1113 1710 1151 a
1753 1098 1963 1151 Troade
2002 1115 2099 1168 per

529 1190 710 1243 Titum
733 1203 746 1254 ;
771 1196 824 1242 et
846 1187 1155 1242 collaudaus
1176 1203 1269 1242 eos
1297 1190 1546 1242 hortatur
1581 1189 1649 1244 ad
1696 1188 1939 1254 meliora,
1971 1206 2098 1244 con-

529 1279 775 1333 tristatos
803 1277 1019 1348 quidem
1049 1291 1172 1341 eos,
1214 1279 1307 1331 sed
1336 1277 1650 1333 emendatos
1679 1279 1989 1334 ostendens.

1031 1408 1253 1464 CAPUT
1305 1408 1591 1463 PRIMUM.

600 1521 771 1576 Vsus.
801 1523 852 1575 1.
882 1551 950 1560 ——
973 1517 1176 1572 Paulus
1203 1518 1486 1588 apostolus.
1513 1519 1899 1575 Salutationem
1921 1523 2097 1590 primo

527 1628 679 1666 more
719 1611 874 1667 solito
913 1610 1210 1679 prmmittit.
1258 1609 1384 1662 lude
1420 1610 1486 1662 de
1534 1612 1689 1665 bonis
1721 1628 1815 1681 per
1866 1614 2097 1683 gratiam

527 1705 736 1759 collatis
777 1702 977 1773 gratias
1004 1701 1114 1755 Deo
1160 1702 1268 1770 agit
1296 1699 1516 1768 loquens
1545 1703 1796 1768 perlectis
1825 1722 1838 1756 :
1865 1713 1983 1773 post
2030 1705 2097 1765 ad

531 1793 796 1862 passionis
845 1790 1185 1845 tolerantiam
1236 1789 1317 1844 sui
1365 1791 1611 1860 exemplo
1646 1793 1863 1858 invitat;
1912 1804 2096 1863 postea

525 1884 998 1955 pseudoapostolos
1024 1882 1370 1951 deprimendo
1402 1883 1673 1954 redarguit
1702 1885 1953 1954 detegens
1978 1902 2092 1940 ver-

524 1975 694 2030 sutias
752 1989 958 2028 eorum.
1024 1973 1092 2024 Et
1145 1987 1214 2034 se,
1257 1971 1438 2026 multis
1498 1973 1670 2028 modis
1733 1977 2091 2029 commendat.

523 2065 760 2120 Tandem
787 2061 1005 2118 moralis
1027 2061 1319 2117 admonitio
1339 2077 1457 2115 cum
1476 2062 1757 2117 iteratione
1774 2065 2096 2120 benedictio-

525 2155 613 2208 nis
635 2154 898 2208 subditur.
931 2150 1320 2206 Salutationem
1346 2151 1512 2222 igitur
1535 2153 1889 2221 prtemittens,
1907 2164 2094 2208 eontra

2201 988 2572 1059 gloriantihus,
2598 994 2690 1047 sed
2718 993 3012 1065 Deqtotum
3031 997 3313 1065 dantibus;
3342 1002 3457 1057 ideo
3490 1016 3642 1060 recte
3669 1025 3775 1065 non

2200 1078 2274 1132 ait
2307 1095 2319 1130 :
2351 1079 2531 1134 Gloria
2573 1089 2754 1135 nostra
2799 1091 2881 1136 est
2928 1077 3290 1141 testimonium
3322 1090 3513 1147 aliena:
3555 1097 3777 1151 malitia:

2199 1169 2282 1222 vel
2328 1170 2550 1224 minoris
2596 1173 2780 1241 gratim
2807 1214 2820 1238 ,
2851 1175 2942 1228 sed
2991 1177 3334 1233 conscientia:
3378 1193 3599 1238 nostrm.
3648 1186 3776 1252 Quae

2199 1258 2320 1326 quia
2346 1258 2573 1323 occulta,
2603 1269 2812 1315 nonest
2848 1261 3087 1330 subiecta
3117 1265 3291 1321 alieno
3314 1267 3541 1336 judicio,
3567 1283 3627 1327 et
3657 1276 3773 1330 ideo

2197 1348 2374 1403 nullus
2385 1359 2872 1418 praesumatcontra
2899 1368 3014 1406 eam
3037 1355 3120 1408 vel
3136 1357 3392 1426 cogitare,
3415 1363 3502 1416 vel
3525 1365 3772 1432 proferre

2199 1439 2542 1493 sententiam.
2586 1439 2709 1494 Non
2749 1442 2802 1495 in
2831 1443 3036 1495 carnali
3058 1445 3331 1514 sapientia.
3387 1449 3640 1506 Carnalis
3689 1471 3772 1508 sa-

2196 1528 2413 1596 pientiae
2449 1537 2531 1584 est
2567 1529 2868 1598 voluptates
2915 1532 3135 1602 diligere
3166 1574 3180 1598 ,
3206 1535 3420 1592 labores
3465 1540 3661 1606 vitare,
3690 1546 3770 1599 vel

2201 1620 2492 1673 secundum
2521 1629 2742 1674 naturas
2769 1635 2946 1675 rerum
2975 1631 3030 1676 et
3075 1638 3179 1676 non
3212 1636 3421 1693 contra,
3452 1633 3768 1700 prmdicare,

2197 1716 2258 1760 ut
2281 1709 2481 1776 pseudo
2501 1708 2768 1764 faciebant
2798 1725 3025 1781 quorum
3053 1711 3286 1769 fucatam
3316 1718 3767 1786 przedicatiouem

2197 1800 2375 1868 arguit

2269 1889 2434 1945 Vsus.
2486 1892 2572 1947 15.
2602 1925 2672 1933 -
2701 1893 2862 1964 Spero
2888 1906 3078 1952 autem.
3110 1895 3375 1957 Proﬁcere
3403 1901 3526 1959 illos
3568 1900 3764 1975 spei-at,

2198 1983 2322 2052 quia
2354 1994 2630 2054 coeperant
2675 1987 2925 2043 meliores
2954 1989 3087 2045 cllici
3119 1995 3333 2063 cognito
3360 1995 3610 2064 Apostoli
3638 1998 3764 2056 alle-

2195 2081 2287 2127 ctu
2315 2074 2457 2128 circa
2484 2090 2562 2140 se,
2589 2083 2644 2130 et
2671 2077 3037 2147 gloriabantur
3063 2079 3115 2134 in
3147 2097 3230 2136 eo.

2269 2161 2432 2216 Vitas.
2465 2163 2549 2218 14.
2575 2195 2645 2204 -
2673 2164 2810 2230 Quia
2835 2166 3002 2236 gloria
3025 2181 3194 2224 vestra
3225 2187 3427 2228 sumus.
3457 2174 3763 2247 Cognosce-

521 2244 1068 2315 Ρδθυάοευρθνδίθων
1106 2241 1366 2307 Paulum;
1407 2251 1460 2297 ει
1489 2252 1676 2298 contra
1721 2245 1904 2299 εοτιίίε
1956 2261 2092 2314 Ρτίθ·
2119 2255 2166 2314 Β
2198 2253 2266 2307 tis
2316 2253 2439 2322 quia
2481 2254 2645 2324 gloria
2675 2296 2689 2321 ,
2729 2257 2783 2310 id
2827 2266 2909 2312 est
2942 2273 3038 2328 per
3085 2279 3184 2317 nos
3229 2268 3488 2336 consequi
3543 2241 3760 2340 gloriam

527 2338 884 2407 sumptionem
910 2375 924 2403 ,
951 2334 1244 2407 apostolum
1286 2349 1343 2389 se
1388 2335 1632 2391 nominat
1674 2336 1857 2392 dicens
1891 2355 1903 2390 :
1944 2335 2090 2393 Pau-

522 2429 627 2492 lus,
654 2436 758 2482 etc.

602 2519 763 2574 V'Eas.
814 2519 868 2573 2.
898 2548 968 2557 —
993 2515 1323 2574 Benedictus.
1367 2515 1606 2572 Primum
1636 2516 1892 2586 perfectis
1915 2517 2090 2587 loqui-

529 2618 616 2664 tur
643 2609 709 2663 de
737 2608 1096 2672 tribulatione,
1129 2621 1433 2676 proponens
1463 2621 1520 2660 se
1543 2606 1844 2676 exemplum
1872 2610 2085 2678 patien-

521 2700 610 2752 tia:
654 2708 708 2753 et
757 2696 1135 2752 consolationis
1178 2712 1208 2749 a
1262 2697 1366 2750 Deo
1415 2707 1668 2765 acceptae,
1702 2699 1900 2753 ducens
1944 2699 2087 2754 laudi

521 2786 663 2854 quod
691 2785 780 2838 alii
813 2784 1136 2854 ignominim.
1165 2783 1324 2837 Deus.
1354 2784 1577 2840 Crcalor
1613 2787 1874 2840 omnium.
1928 2786 2089 2841 Pater

520 2873 755 2927 Domini.
785 2873 890 2926 Per
912 2888 1068 2941 quem
1093 2881 1174 2926 est
1200 2882 1253 2926 et
1283 2873 1456 2927 nobis.
1503 2873 1664 2927 Pater
1707 2877 2088 2930 misericordia-

520 2978 657 3014 rum.
711 2961 939 3015 Paterne
987 2962 1118 3016 dans
1167 2963 1374 3015 veniam
1424 2972 1766 3032 peccatorum
1795 3004 1810 3029 ,
1842 2974 1896 3019 et
1949 2967 2087 3021 bona

518 3067 704 3121 opera,
734 3061 788 3105 et
815 3051 867 3105 in
909 3051 1253 3106 tribulatione
1281 3055 1660 3108 constantiam.
1694 3054 1764 3108 Et
1790 3055 1950 3109 Deus.
1986 3057 2088 3110 Da-

521 3151 606 3194 tor
646 3141 802 3193 totius
849 3140 1099 3208 perfectae
1144 3141 1510 3196 consolationis
1557 3157 1576 3195 :
1621 3153 1878 3213 quantam
1933 3147 2086 3200 decet

517 3232 648 3286 dare
691 3231 858 3287 Deum
897 3233 1016 3298 his,
1044 3233 1134 3302 qui
1175 3248 1273 3302 pro
1322 3232 1534 3290 Christo
1580 3236 1879 3305 patiuntur.
1929 3236 2083 3303 Quod

516 3323 656 3378 Deus
691 3325 761 3378 sit
797 3324 1179 3380 consolationis
1204 3363 1219 3389 ,
1249 3339 1315 3378 ex
1359 3325 1461 3379 hoc
1498 3334 1648 3395 patet
1692 3327 1838 3396 quod
1887 3342 2084 3383 conso-

522 3411 685 3466 latur.

584 3503 750 3557 Vens.
789 3503 843 3557 4.
868 3534 938 3542 -
967 3501 1084 3568 Qua
1112 3502 1461 3559 exhortamur.
1491 3504 1549 3558 Id
1590 3513 1704 3570 est,
1737 3521 1898 3575 quam
1937 3504 2082 3561 Deus

2194 2349 2452 2396 aeternam
2498 2344 2739 2410 debetis,
2791 2356 2844 2400 et
2884 2363 2981 2402 nos
3028 2366 3126 2418 per
3153 2368 3248 2407 vos
3283 2355 3420 2410 bene
3450 2358 3758 2422 instructos,

2189 2433 2330 2500 quod
2359 2448 2465 2487 non
2499 2444 2662 2501 esset,
2691 2436 2736 2490 si
2766 2436 3080 2494 oll‘endicula
3109 2457 3140 2496 a
3185 2445 3337 2500 vobis
3364 2449 3759 2517 acciperemus.

2261 2522 2421 2576 Vens.
2453 2523 2538 2577 15.
2564 2551 2634 2562 -—
2662 2523 2779 2578 Hac
2816 2528 3149 2613 conﬁdentia.
3189 2533 3321 2599 Quia
3357 2536 3471 2590 vita
3503 2554 3762 2607 quorum-

2188 2611 2309 2666 dam
2346 2613 2540 2667 munda
2581 2614 2668 2670 vel
2711 2611 2994 2672 emendata
3036 2630 3172 2687 erat,
3196 2624 3363 2678 voluit
3404 2627 3594 2684 videre
3633 2647 3763 2699 quos

2188 2713 2312 2759 ante
2335 2704 2613 2776 indignum
2627 2716 2743 2762 erat
2763 2710 2963 2764 videre.
2993 2712 3048 2765 Si
3072 2727 3200 2784 ergo
3228 2731 3331 2770 non
3350 2717 3470 2781 ivit,
3495 2720 3669 2774 voluit
3691 2723 3762 2776 in-

2188 2797 2352 2867 telligi
2375 2813 2494 2852 esse
2519 2799 2726 2870 aliquos
2748 2800 2888 2854 inter
2907 2816 3000 2856 eos
3021 2815 3240 2874 propter
3268 2822 3401 2875 quos
3425 2809 3758 2866 voluntatem

2187 2901 2338 2940 suam
2365 2903 2472 2942 non
2516 2888 2754 2958 implevit
2780 2889 3086 2960 Apostolus,
3113 2895 3203 2963 qui
3247 2911 3469 2966 operam
3503 2898 3759 2957 adbibere

2187 2977 2385 3032 debent
2409 2987 2466 3032 ut
2487 2979 2643 3033 modo
2665 2994 2723 3034 se
2741 2990 2989 3051 purgent.
3028 2982 3184 3036 Volui
3201 2986 3348 3055 prius
3373 2990 3629 3042 veniread
3652 3008 3757 3056 ros,

2184 3077 2240 3120 ut
2260 3069 2540 3123 secundam
2561 3071 2808 3140 gratiam,
2832 3082 2939 3127 etc.
2986 3071 3168 3140 Prius,
3194 3077 3320 3146 quia
3345 3078 3397 3132 in
3426 3081 3597 3149 priori
3630 3083 3754 3153 Epi-

2186 3155 2321 3208 stola
2361 3157 2684 3225 promiserat
2733 3173 2792 3213 se
2829 3169 3130 3226 venturum,
3161 3171 3214 3218 et
3263 3181 3370 3220 non
3409 3179 3635 3224 venerat
3664 3189 3679 3225 :
3707 3182 3759 3226 et

2185 3244 2312 3299 ideo
2340 3246 2569 3300 mendax
2591 3256 2645 3301 et
2673 3247 2807 3303 levis
2826 3249 3130 3316 videbatur,
3155 3255 3296 3322 quod
3328 3257 3489 3310 modo
3512 3270 3753 3315 excusat.

2183 3333 2298 3387 Non
2326 3334 2469 3388 enim
2498 3334 2624 3390 fecit
2650 3337 2774 3402 hoc,
2809 3338 2914 3392 nisi
2956 3355 3053 3409 pro
3081 3356 3268 3396 eorum
3292 3345 3471 3414 culpa.
3505 3347 3624 3402 Non
3674 3361 3756 3404 est

2175 3425 2496 3495 judicaudus
2524 3428 2777 3494 mendax,
2801 3431 2890 3500 qui
2922 3430 3052 3486 dicit
3074 3431 3266 3488 falsum
3299 3437 3440 3504 quod
3463 3447 3620 3507 putat
3663 3455 3754 3494 ve-

2181 3533 2300 3571 rum
2328 3535 2340 3571 :
2371 3519 2497 3587 quia
2526 3528 2782 3588 quantum
2806 3522 2858 3575 in
2884 3537 2943 3577 se
2965 3531 3048 3578 est
3072 3540 3175 3580 non
3208 3525 3344 3580 fallit
3374 3527 3508 3596 ipse,
3543 3530 3636 3583 sed
3661 3531 3756 3585 fal-

515 3595 582 3649 ad
615 3594 716 3648 hOC
745 3594 912 3657 dedit.
943 3608 1047 3646 ηοη
1071 3592 1245 3688 ξυίιιιη
1283 3601 1340 3646 ut
1368 3593 1758 3660 εοηδοιπθῑυΐν
1791 3595 1884 3648 sed
1915 3595 2076 3648 θῑίειιη
2106 3592 2150 3654 C
2180 3607 2330 3662 litur.
2373 3609 2603 3664 Econtra
2647 3613 2904 3666 mentitur
2933 3613 3042 3677 ille,
3074 3615 3165 3684 qui
3217 3617 3348 3671 dicit
3376 3592 3565 3672 verum
3612 3622 3755 3688 quod

518 3684 937 3739 exhortaretur:
967 3692 1022 3737 et
1069 3681 1142 3736 ita
1175 3691 1360 3736 nostra
1390 3683 1682 3738 consolatio
1727 3685 1868 3740 valet
1914 3686 2078 3741 etiam

516 3775 586 3828 ad
611 3774 744 3828 alios
771 3772 1070 3838 exhortari,
1099 3783 1156 3827 ut
1185 3790 1307 3828 vere
1336 3774 1602 3845 possimus
1632 3777 1918 3832 consolari.

585 3865 747 3921 Vens.
786 3865 841 3920 9.
871 3895 938 3904 —
965 3862 1096 3934 Ipsi.
1142 3863 1257 3919 Non
1302 3866 1474 3920 solum
1519 3866 1607 3920 alii
1651 3867 1716 3922 de
1756 3868 1942 3933 nobis,
1985 3869 2080 3924 sed

513 3967 568 4013 et
599 3959 652 4011 in
702 3956 847 4010 nobis
874 3997 888 4024 ,
923 3966 1050 4022 etc.,
1077 3958 1202 4027 quia
1244 3966 1434 4012 natura
1461 3967 1643 4014 nostra
1673 3960 1747 4014 nil
1784 3961 1885 4016 nisi
1938 3978 2077 4017 mor-

514 4058 623 4105 tem
649 4049 994 4119 promittebat
1019 4047 1102 4102 vel
1143 4049 1428 4104 defectum.
1475 4049 1702 4106 Tantam
1735 4053 2074 4109 insolenliam

514 4140 802 4210 impiorum
849 4138 1114 4210 signiﬁcat
1159 4140 1514 4202 insurrexisse
1549 4151 1736 4197 contra
1785 4142 1906 4197 ﬁdei
1943 4161 2078 4214 pm-

510 4229 814 4292 dicatores,
857 4236 915 4282 ut
954 4236 1180 4282 mortem
1223 4245 1404 4283 coram
1447 4229 1618 4285 oculis
1663 4232 1938 4286 baberent.
1987 4234 2076 4290 Sic
2137 4243 2141 4246 ’

512 4320 656 4372 enim
692 4315 871 4371 alllicti
916 4315 1168 4383 fuerant,
1213 4328 1273 4372 ut
1315 4321 1662 4388 deSperarent
1709 4323 1773 4376 de
1823 4326 2074 4391 praesenti

510 4411 644 4463 vita.
690 4408 795 4464 Sed
824 4411 948 4480 quia
989 4412 1130 4465 Deus
1152 4410 1400 4481 pmsidia
1428 4427 1522 4465 sua
1551 4427 1655 4465 non
1705 4422 1862 4483 negat
1895 4414 1946 4467 in
1982 4416 2076 4469 de-

513 4499 820 4568 speratione
848 4500 1061 4570 positis,
1094 4499 1326 4554 maxime
1359 4501 1489 4563 suis,
1513 4501 1710 4569 eripuit
1743 4503 1861 4556 illos
1890 4504 2078 4571 despe-

509 4601 692 4646 rantes
727 4593 792 4647 de
821 4592 1142 4662 semetipsis,
1175 4591 1400 4646 fidentes
1431 4600 1608 4645 autem
1639 4592 1705 4645 de
1737 4593 1862 4648 Deo.
1902 4593 2076 4648 Nimia

505 4684 648 4738 enim
675 4699 927 4753 pressura
959 4685 1188 4741 deﬁcere
1213 4700 1270 4740 se
1299 4684 1693 4754 proﬁtebantur
1731 4687 1834 4742 nisi
1864 4688 2078 4743 adesset

507 4777 670 4832 Deus.
2002 4779 2004 4781 ’

579 4866 743 4922 Vsus.
777 4868 864 4923 10.
893 4899 964 4908 -
994 4869 1054 4922 Et
1082 4868 1236 4922 eruit.
1283 4868 1421 4923 Deus
1443 4868 1688 4939 praesidia
1715 4883 1810 4923 sua
1841 4883 1947 4922 non
1974 4884 2072 4925 ne-

502 4966 594 5026 gat
615 4959 728 5011 suis
761 4958 811 5012 in
835 4958 1157 5013 necessitate
1189 4959 1378 5028 positis

577 5049 733 5104 Vens.
778 5051 864 5104 12.
903 5079 946 5090 -
1004 5049 1144 5105 Nam
1189 5052 1358 5122 gloria
1391 5062 1585 5106 nostra.
1635 5052 1762 5107 Ideo
1794 5060 1846 5107 et
1880 5067 1975 5109 vos
2015 5063 2070 5110 et

501 5141 589 5194 alii
621 5141 825 5196 debetis
854 5143 1012 5197 orare
1045 5157 1144 5211 pro
1185 5143 1342 5198 nobis
1392 5142 1485 5197 Vel
1512 5145 1630 5197 ideo
1658 5143 1930 5198 orationes
1977 5160 2067 5199 ve-

499 5243 624 5288 stra:
649 5242 903 5303 poterunt
931 5251 1030 5290 nos
1053 5235 1283 5306 juvare:
1317 5235 1440 5305 quia
1473 5236 1575 5291 hoc
1609 5235 1748 5290 unde
1768 5236 2064 5306 gloriamur

497 5332 605 5378 tam
630 5325 909 5380 honestum
935 5334 1036 5390 est,
1061 5327 1268 5382 scilicet
1296 5343 1308 5378 :
1341 5325 1732 5379 Testimonium.
1758 5325 1894 5379 Sunt
1919 5327 2062 5380 bona

495 5431 679 5485 Opera,
714 5433 832 5487 qua:
862 5425 1125 5474 testantur
1166 5417 1404 5472 exterius
1431 5417 1556 5485 quid
1586 5417 1657 5471 sit
1687 5417 1740 5470 in
1782 5418 2058 5471 conscien-

496 5510 592 5573 tia,
626 5509 1016 5576 Testimonium,
1041 5511 1092 5564 id
1123 5518 1207 5564 est
1235 5509 1560 5565 conscientia
1591 5526 1694 5566 non
1724 5511 2053 5578 remordens,

493 5601 586 5656 sed
623 5601 935 5656 tcstiﬁcans.
963 5600 1106 5670 quod
1143 5601 1196 5654 in
1225 5600 1598 5670 simplicitate,
1631 5609 1739 5656 etc.

563 5692 875 5748 Sinceritate
900 5693 1018 5748 Dei.
1045 5692 1195 5750 Sicut
1225 5691 1402 5762 impiis
1423 5701 1505 5749 est
1531 5708 1721 5764 magna
1743 5707 1902 5765 paena
1929 5706 2055 5750 con-

2179 3705 2334 3766 putat
2363 3697 2576 3764 falsum,
2605 3715 2705 3754 nec
2734 3709 2817 3754 est
2836 3701 2972 3756 liber
2997 3718 3026 3756 a
3057 3703 3367 3771 mendacio;
3400 3707 3489 3775 qui
3529 3723 3623 3763 ore
3662 3725 3755 3764 ne-

2180 3789 2357 3844 sciens
2373 3803 2562 3844 verum
2584 3790 2841 3860 loquitur,
2868 3792 3045 3848 sciens
3065 3802 3247 3848 autem
3270 3810 3378 3850 non
3399 3810 3520 3851 esse
3539 3813 3752 3864 verum,

2178 3880 2455 3936 voluntate
2485 3883 2762 3937 mentitur.

2251 3971 2415 4026 Vsus.
2458 3973 2543 4026 17.
2577 4003 2646 4012 -
2677 3972 2743 4027 Ut
2787 3975 2851 4028 sit
2880 3976 3020 4044 apud
3061 3993 3162 4042 me,
3185 3988 3259 4032 est
3295 3989 3345 4033 et
3386 3995 3507 4033 non.
3553 3981 3612 4036 Id
3644 3992 3750 4048 est,

2177 4071 2238 4116 ut
2283 4078 2594 4133 prmponam
2649 4063 2980 4118 voluntatem
3045 4068 3295 4133 utilitati;
3351 4070 3504 4139 quasi
3565 4071 3747 4126 dicat:

2176 4153 2291 4208 Non
2321 4155 2420 4220 sic,
2444 4156 2572 4224 quia
2617 4156 2821 4212 utilitas
2842 4159 3202 4227 prmponcnda
3247 4169 3330 4217 est
3373 4161 3660 4230 voluntati,
3693 4176 3747 4220 et

2177 4247 2254 4301 sic
2284 4247 2408 4301 feci.

2247 4335 2411 4389 Vsus.
2445 4337 2530 4393 18.
2564 4366 2631 4377 —-
2661 4334 2865 4391 Fidelis
2891 4347 3063 4392 autem
3097 4339 3256 4408 Deus,
3289 4343 3414 4412 quia
3441 4360 3612 4398 sermo
3653 4362 3743 4398 no-

2175 4434 2301 4489 ster,
2327 4426 2416 4495 qui
2450 4427 2548 4495 fuit
2574 4427 2712 4496 apud
2750 4444 2836 4480 vos
2860 4443 2962 4480 non
3001 4438 3096 4492 est,
3120 4439 3223 4486 etc.
3267 4432 3431 4499 Quasi
3460 4433 3604 4488 dicat
3636 4454 3648 4488 :
3686 4437 3740 4490 ln

2174 4516 2278 4570 hoc
2307 4533 2413 4571 non
2460 4533 2578 4571 sum
2611 4517 2825 4571 mentiri
2851 4519 3172 4585 credendus,
3203 4523 3327 4590 quia
3359 4523 3412 4576 in
3449 4524 3599 4578 nullo
3638 4526 3740 4578 alio

2176 4621 2292 4660 sum
2326 4605 2476 4660 vobis
2505 4607 2778 4660 mentitus.
2819 4607 2888 4660 Et
2912 4607 3014 4662 hoc
3043 4610 3189 4662 credi
3224 4619 3423 4681 potest,
3447 4614 3575 4683 quia
3604 4616 3738 4670 Deus

2175 4704 2257 4750 est
2288 4697 2480 4762 fidelis,
2509 4697 2598 4764 qui
2624 4695 2870 4765 promisit
2890 4695 3138 4752 doctores
3164 4701 3429 4757 veritatis.

2249 4784 2409 4840 Vens.
2447 4785 2536 4839 20.
2567 4784 2742 4836 -Αιι
2781 4783 3006 4854 gloriam
3049 4796 3303 4843 nostram.
3337 4790 3468 4857 Quia
3498 4809 3597 4863 per
3637 4794 3735 4849 hoc

2172 4874 2465 4946 probamur
2486 4891 2611 4930 vera
2643 4875 2974 4945 praedicare.
3003 4876 3254 4932 Nostram
3284 4879 3426 4947 dico,
3457 4899 3566 4938 non
3597 4886 3732 4939 enim

2101 4937 2382 5044 Dglantum
2434 4965 2588 5020 nobis
2634 4937 2834 5031 tribuo,
2860 4965 2954 5020 sed
2995 4965 3126 5034 Deo,
3152 4969 3278 5038 quia
3321 4937 3425 5040 qui,
3458 4974 3733 5028 conﬁrmat

2144 5089 2147 5091 -
2168 5063 2251 5111 est
2271 5055 2429 5109 Deus.

2239 5147 2402 5202 Vens.
2447 5148 2536 5201 Ἦ.
2582 5179 2652 5188 —
2695 5145 2964 5202 Vobiscum
3013 5150 3068 5203 in
3113 5150 3341 5207 Christo.
3385 5152 3535 5209 Tunc
3557 5156 3602 5210 si
3641 5170 3728 5209 vos

2167 5237 2296 5292 estis
2326 5236 2467 5292 tirmi
2497 5237 2552 5292 in
2599 5237 2837 5302 Christo,
2872 5240 3041 5311 magis
3072 5251 3287 5298 constat
3335 5245 3402 5300 de
3431 5248 3608 5313 nobis,
3641 5263 3728 5318 per

2166 5341 2301 5396 quos
2326 5343 2421 5383 vos
2457 5327 2758 5382 conﬁrmati
2789 5329 2938 5383 estis.

2240 5418 2399 5473 Vens.
2431 5420 2518 5474 9.5.
2551 5450 2620 5460 —
2647 5420 2758 5490 Ego
2786 5430 2957 5474 autem
2984 5462 2998 5487 ,
3041 5432 3147 5478 etc.
3196 5423 3362 5490 Quasi
3404 5421 3549 5476 dicat
3581 5437 3595 5474 :
3629 5418 3722 5473 Pro

2166 5510 2388 5565 levitate
2422 5511 2505 5565 vel
2531 5519 2749 5566 terreno
2773 5513 3056 5569 commodo
3098 5529 3204 5569 non
3234 5513 3437 5577 dimisi,
3467 5513 3559 5567 sed
3605 5527 3716 5580 par-

2159 5617 2308 5658 cens.
2327 5603 2634 5672 Spiritualis
2660 5612 2786 5658 tunc
2813 5605 3129 5675 dispositum
3150 5621 3254 5661 non
3284 5605 3489 5676 implet,
3515 5603 3718 5676 quando

2162 5694 2530 5775 providentius
2548 5695 2749 5768 aliquid
2769 5697 2835 5753 ad
2865 5697 3091 5754 salutem
3123 5698 3435 5755 meditatur.

2251 5949 2281 5962 ς
