  <div class='ocr_page' id='page_1' title='image "/cluster/home/n/w/nwhite01/storage/ocr_20150623/114/hvd.32044018909580/284.png"; bbox 0 0 3958 6314; ppageno 0'>
   <div class='ocr_carea' id='block_1_1' title="bbox 184 337 279 394">
    <p class='ocr_par' dir='ltr' id='par_1_1' title="bbox 184 337 279 394">
     <span class='ocr_line' id='line_1_1' title="bbox 184 337 279 394; baseline -0.021 0"><span class='ocrx_word' id='word_1_1' title='bbox 184 337 279 394; x_wconf 75' lang='lat'><strong>555</strong></span> 
     </span>
    </p>
   </div>
   <div class='ocr_carea' id='block_1_2' title="bbox 1051 307 2498 378">
    <p class='ocr_par' dir='ltr' id='par_1_2' title="bbox 1051 307 2498 378">
     <span class='ocr_line' id='line_1_2' title="bbox 1051 307 2498 378; baseline -0.012 1"><span class='ocrx_word' id='word_1_2' title='bbox 1051 320 1312 378; x_wconf 74' lang='lat' dir='ltr'><strong>GLOSSA</strong></span> <span class='ocrx_word' id='word_1_3' title='bbox 1354 313 1742 375; x_wconf 68' lang='lat' dir='ltr'><strong>0RDINARIA.</strong></span> <span class='ocrx_word' id='word_1_4' title='bbox 1781 342 1851 352; x_wconf 94' lang='lat'><strong>—</strong></span> <span class='ocrx_word' id='word_1_5' title='bbox 1885 309 2100 365; x_wconf 77' lang='lat' dir='ltr'><strong>EPIST.</strong></span> <span class='ocrx_word' id='word_1_6' title='bbox 2141 309 2182 363; x_wconf 90' lang='grc'><strong>11</strong></span> <span class='ocrx_word' id='word_1_7' title='bbox 2217 310 2308 364; x_wconf 80' lang='grc' dir='ltr'><strong>ΑΙ)</strong></span> <span class='ocrx_word' id='word_1_8' title='bbox 2342 307 2498 364; x_wconf 79' lang='lat' dir='ltr'><strong>COR.</strong></span> 
     </span>
    </p>
   </div>
   <div class='ocr_carea' id='block_1_3' title="bbox 3307 303 3413 358">
    <p class='ocr_par' dir='ltr' id='par_1_3' title="bbox 3307 303 3413 358">
     <span class='ocr_line' id='line_1_3' title="bbox 3307 303 3413 358; baseline 0 0"><span class='ocrx_word' id='word_1_9' title='bbox 3307 303 3413 358; x_wconf 63' lang='lat'><strong>5315</strong></span> 
     </span>
    </p>
   </div>
   <div class='ocr_carea' id='block_1_4' title="bbox 257 416 3412 508">
    <p class='ocr_par' dir='ltr' id='par_1_4' title="bbox 257 416 3412 508">
     <span class='ocr_line' id='line_1_4' title="bbox 257 416 3412 508; baseline -0.007 -17"><span class='ocrx_word' id='word_1_10' title='bbox 257 445 409 501; x_wconf 67' lang='grc' dir='ltr'><strong>γειιε,</strong></span> <span class='ocrx_word' id='word_1_11' title='bbox 435 442 532 497; x_wconf 71' lang='lat'><strong>23.</strong></span> <span class='ocrx_word' id='word_1_12' title='bbox 560 469 626 480; x_wconf 89' lang='grc'><strong><em>-</em></strong></span> <span class='ocrx_word' id='word_1_13' title='bbox 662 437 785 493; x_wconf 83' lang='lat' dir='ltr'><strong>Non</strong></span> <span class='ocrx_word' id='word_1_14' title='bbox 807 438 930 508; x_wconf 78' lang='lat' dir='ltr'><strong>quia</strong></span> <span class='ocrx_word' id='word_1_15' title='bbox 959 436 1312 491; x_wconf 75' lang='lat' dir='ltr'><strong>dominamur.</strong></span> <span class='ocrx_word' id='word_1_16' title='bbox 1363 433 1438 488; x_wconf 79' lang='lat' dir='ltr'><strong>Ne</strong></span> <span class='ocrx_word' id='word_1_17' title='bbox 1482 431 1731 500; x_wconf 78' lang='lat' dir='ltr'><strong>indigna-</strong></span> <span class='ocrx_word' id='word_1_18' title='bbox 1761 431 1809 487; x_wconf 75' lang='grc' dir='ltr'>Α</span> <span class='ocrx_word' id='word_1_19' title='bbox 1839 424 1933 478; x_wconf 85' lang='lat' dir='ltr'><strong>Vel</strong></span> <span class='ocrx_word' id='word_1_20' title='bbox 1966 422 2223 480; x_wconf 88' lang='lat' dir='ltr'><strong>miracula</strong></span> <span class='ocrx_word' id='word_1_21' title='bbox 2252 421 2338 474; x_wconf 88' lang='lat' dir='ltr'><strong>vel</strong></span> <span class='ocrx_word' id='word_1_22' title='bbox 2360 420 2616 475; x_wconf 70' lang='lat' dir='ltr'><strong>doctrinm</strong></span> <span class='ocrx_word' id='word_1_23' title='bbox 2652 420 2810 473; x_wconf 78' lang='lat' dir='ltr'><strong>verba</strong></span> <span class='ocrx_word' id='word_1_24' title='bbox 2834 417 3028 487; x_wconf 66' lang='lat' dir='ltr'><strong>quibus</strong></span> <span class='ocrx_word' id='word_1_25' title='bbox 3060 418 3125 471; x_wconf 90' lang='lat' dir='ltr'><strong>ad</strong></span> <span class='ocrx_word' id='word_1_26' title='bbox 3167 416 3412 479; x_wconf 77' lang='lat' dir='ltr'><strong>notitiam</strong></span> 
     </span>
    </p>
   </div>
   <div class='ocr_carea' id='block_1_5' title="bbox 196 525 1740 601">
    <p class='ocr_par' dir='ltr' id='par_1_5' title="bbox 196 525 1740 601">
     <span class='ocr_line' id='line_1_5' title="bbox 196 525 1740 601; baseline -0.008 -11"><span class='ocrx_word' id='word_1_27' title='bbox 196 545 369 591; x_wconf 85' lang='lat' dir='ltr'><strong>rentur</strong></span> <span class='ocrx_word' id='word_1_28' title='bbox 410 530 561 601; x_wconf 84' lang='lat' dir='ltr'><strong>quasi</strong></span> <span class='ocrx_word' id='word_1_29' title='bbox 605 529 672 584; x_wconf 91' lang='lat' dir='ltr'><strong>de</strong></span> <span class='ocrx_word' id='word_1_30' title='bbox 699 526 957 589; x_wconf 86' lang='lat' dir='ltr'><strong>dominio,</strong></span> <span class='ocrx_word' id='word_1_31' title='bbox 984 541 1050 581; x_wconf 87' lang='lat' dir='ltr'><strong>eo</strong></span> <span class='ocrx_word' id='word_1_32' title='bbox 1079 526 1220 595; x_wconf 88' lang='lat' dir='ltr'><strong>quod</strong></span> <span class='ocrx_word' id='word_1_33' title='bbox 1265 525 1494 588; x_wconf 80' lang='lat' dir='ltr'><strong>dixerat,</strong></span> <span class='ocrx_word' id='word_1_34' title='bbox 1523 540 1740 593; x_wconf 81' lang='lat' dir='ltr'><strong>parcens</strong></span> 
     </span>
    </p>
   </div>
   <div class='ocr_carea' id='block_1_6' title="bbox 196 619 1739 690">
    <p class='ocr_par' dir='ltr' id='par_1_6' title="bbox 196 619 1739 690">
     <span class='ocr_line' id='line_1_6' title="bbox 196 619 1739 690; baseline -0.008 -8"><span class='ocrx_word' id='word_1_35' title='bbox 196 629 324 683; x_wconf 67' lang='lat' dir='ltr'><strong>nobis</strong></span> <span class='ocrx_word' id='word_1_36' title='bbox 354 642 455 679; x_wconf 84' lang='lat' dir='ltr'><strong>non</strong></span> <span class='ocrx_word' id='word_1_37' title='bbox 493 622 625 686; x_wconf 77' lang='lat' dir='ltr'><strong>veni,</strong></span> <span class='ocrx_word' id='word_1_38' title='bbox 650 622 821 677; x_wconf 83' lang='lat' dir='ltr'><strong>subdit</strong></span> <span class='ocrx_word' id='word_1_39' title='bbox 850 635 867 671; x_wconf 89' lang='lat'><em>:</em></span> <span class='ocrx_word' id='word_1_40' title='bbox 900 620 1024 675; x_wconf 88' lang='lat' dir='ltr'><strong>Non</strong></span> <span class='ocrx_word' id='word_1_41' title='bbox 1064 620 1189 690; x_wconf 83' lang='lat' dir='ltr'><strong>quia</strong></span> <span class='ocrx_word' id='word_1_42' title='bbox 1233 619 1569 674; x_wconf 82' lang='lat' dir='ltr'><strong>dominamur</strong></span> <span class='ocrx_word' id='word_1_43' title='bbox 1591 658 1607 684; x_wconf 89' lang='lat'><strong>,</strong></span> <span class='ocrx_word' id='word_1_44' title='bbox 1635 627 1739 673; x_wconf 88' lang='lat' dir='ltr'><strong>etc.</strong></span> 
     </span>
    </p>
   </div>
   <div class='ocr_carea' id='block_1_7' title="bbox 794 776 1119 833">
    <p class='ocr_par' dir='ltr' id='par_1_7' title="bbox 794 776 1119 833">
     <span class='ocr_line' id='line_1_7' title="bbox 794 776 1119 833; baseline -0.006 -2"><span class='ocrx_word' id='word_1_45' title='bbox 794 776 1021 833; x_wconf 83' lang='lat' dir='ltr'><strong>CAPUT</strong></span> <span class='ocrx_word' id='word_1_46' title='bbox 1054 776 1119 831; x_wconf 88' lang='lat' dir='ltr'><strong>ll.</strong></span> 
     </span>
    </p>
   </div>
   <div class='ocr_carea' id='block_1_8' title="bbox 255 924 1743 989">
    <p class='ocr_par' dir='ltr' id='par_1_8' title="bbox 255 924 1743 989">
     <span class='ocr_line' id='line_1_8' title="bbox 255 924 1743 989; baseline -0.003 -6"><span class='ocrx_word' id='word_1_47' title='bbox 255 929 409 983; x_wconf 86' lang='lat' dir='ltr'><strong>Vens.</strong></span> <span class='ocrx_word' id='word_1_48' title='bbox 450 928 500 981; x_wconf 84' lang='grc' dir='ltr'><strong>Ι.</strong></span> <span class='ocrx_word' id='word_1_49' title='bbox 531 956 602 966; x_wconf 95' lang='lat'><strong>—</strong></span> <span class='ocrx_word' id='word_1_50' title='bbox 631 924 805 981; x_wconf 83' lang='lat' dir='ltr'><strong>Statui</strong></span> <span class='ocrx_word' id='word_1_51' title='bbox 842 935 1036 980; x_wconf 85' lang='lat' dir='ltr'><strong>autem.</strong></span> <span class='ocrx_word' id='word_1_52' title='bbox 1082 925 1317 981; x_wconf 88' lang='lat' dir='ltr'><strong>Parcens</strong></span> <span class='ocrx_word' id='word_1_53' title='bbox 1351 941 1454 980; x_wconf 91' lang='lat' dir='ltr'><strong>non</strong></span> <span class='ocrx_word' id='word_1_54' title='bbox 1484 926 1627 989; x_wconf 90' lang='lat' dir='ltr'><strong>veni,</strong></span> <span class='ocrx_word' id='word_1_55' title='bbox 1654 926 1743 979; x_wconf 84' lang='lat' dir='ltr'><strong>sed</strong></span> 
     </span>
    </p>
   </div>
   <div class='ocr_carea' id='block_1_9' title="bbox 190 1015 1745 1085">
    <p class='ocr_par' dir='ltr' id='par_1_9' title="bbox 190 1015 1745 1085">
     <span class='ocr_line' id='line_1_9' title="bbox 190 1015 1745 1085; baseline -0.001 -14"><span class='ocrx_word' id='word_1_56' title='bbox 190 1018 341 1071; x_wconf 80' lang='lat' dir='ltr'><strong>statui</strong></span> <span class='ocrx_word' id='word_1_57' title='bbox 367 1017 463 1070; x_wconf 82' lang='lat' dir='ltr'><strong>hoc</strong></span> <span class='ocrx_word' id='word_1_58' title='bbox 502 1015 640 1070; x_wconf 77' lang='lat' dir='ltr'><strong>idem</strong></span> <span class='ocrx_word' id='word_1_59' title='bbox 670 1031 688 1069; x_wconf 91' lang='lat'><strong><em>:</em></strong></span> <span class='ocrx_word' id='word_1_60' title='bbox 715 1015 858 1084; x_wconf 90' lang='lat' dir='ltr'><strong>quod</strong></span> <span class='ocrx_word' id='word_1_61' title='bbox 899 1016 1144 1085; x_wconf 87' lang='lat' dir='ltr'><strong>promisi,</strong></span> <span class='ocrx_word' id='word_1_62' title='bbox 1176 1030 1297 1070; x_wconf 90' lang='lat' dir='ltr'><strong>cum</strong></span> <span class='ocrx_word' id='word_1_63' title='bbox 1345 1016 1574 1084; x_wconf 86' lang='lat' dir='ltr'><strong>primam</strong></span> <span class='ocrx_word' id='word_1_64' title='bbox 1621 1015 1745 1070; x_wconf 87' lang='lat' dir='ltr'><strong>misi</strong></span> 
     </span>
    </p>
   </div>
   <div class='ocr_carea' id='block_1_10' title="bbox 188 1104 1748 1179">
    <p class='ocr_par' dir='ltr' id='par_1_10' title="bbox 188 1104 1748 1179">
     <span class='ocr_line' id='line_1_10' title="bbox 188 1104 1748 1179; baseline -0.001 -17"><span class='ocrx_word' id='word_1_65' title='bbox 188 1106 479 1179; x_wconf 76' lang='lat' dir='ltr'><strong>epistolam,</strong></span> <span class='ocrx_word' id='word_1_66' title='bbox 509 1104 718 1160; x_wconf 73' lang='lat' dir='ltr'><strong>scilicet</strong></span> <span class='ocrx_word' id='word_1_67' title='bbox 739 1120 803 1159; x_wconf 85' lang='lat' dir='ltr'><strong>ne</strong></span> <span class='ocrx_word' id='word_1_68' title='bbox 825 1104 1013 1159; x_wconf 79' lang='lat' dir='ltr'><strong>iterum</strong></span> <span class='ocrx_word' id='word_1_69' title='bbox 1037 1104 1261 1159; x_wconf 81' lang='lat' dir='ltr'><strong>venirem</strong></span> <span class='ocrx_word' id='word_1_70' title='bbox 1289 1119 1308 1158; x_wconf 92' lang='lat'><strong><em>:</em></strong></span> <span class='ocrx_word' id='word_1_71' title='bbox 1336 1105 1420 1160; x_wconf 85' lang='lat' dir='ltr'><strong>vel</strong></span> <span class='ocrx_word' id='word_1_72' title='bbox 1444 1106 1643 1161; x_wconf 84' lang='lat' dir='ltr'><strong>iterum</strong></span> <span class='ocrx_word' id='word_1_73' title='bbox 1666 1120 1748 1160; x_wconf 61' lang='lat' dir='ltr'><strong>es</strong></span> 
     </span>
    </p>
   </div>
   <div class='ocr_carea' id='block_1_11' title="bbox 186 1194 1576 1265">
    <p class='ocr_par' dir='ltr' id='par_1_11' title="bbox 186 1194 1576 1265">
     <span class='ocr_line' id='line_1_11' title="bbox 186 1194 1576 1265; baseline -0.002 -13"><span class='ocrx_word' id='word_1_74' title='bbox 186 1206 264 1252; x_wconf 81' lang='lat' dir='ltr'><strong>set</strong></span> <span class='ocrx_word' id='word_1_75' title='bbox 286 1196 503 1251; x_wconf 81' lang='lat' dir='ltr'><strong>tristitia</strong></span> <span class='ocrx_word' id='word_1_76' title='bbox 534 1196 674 1251; x_wconf 87' lang='lat' dir='ltr'><strong>sicut</strong></span> <span class='ocrx_word' id='word_1_77' title='bbox 699 1195 823 1260; x_wconf 80' lang='lat' dir='ltr'><strong>fuit,</strong></span> <span class='ocrx_word' id='word_1_78' title='bbox 853 1194 1052 1250; x_wconf 83' lang='lat' dir='ltr'><strong>auditis</strong></span> <span class='ocrx_word' id='word_1_79' title='bbox 1084 1211 1272 1249; x_wconf 89' lang='lat' dir='ltr'><strong>eorum</strong></span> <span class='ocrx_word' id='word_1_80' title='bbox 1320 1196 1576 1265; x_wconf 86' lang='lat' dir='ltr'><strong>peccatis.</strong></span> 
     </span>
    </p>
   </div>
   <div class='ocr_carea' id='block_1_12' title="bbox 254 1284 1749 1357">
    <p class='ocr_par' dir='ltr' id='par_1_12' title="bbox 254 1284 1749 1357">
     <span class='ocr_line' id='line_1_12' title="bbox 254 1284 1749 1357; baseline -0.001 -15"><span class='ocrx_word' id='word_1_81' title='bbox 254 1287 410 1342; x_wconf 88' lang='lat' dir='ltr'><strong>Vens.</strong></span> <span class='ocrx_word' id='word_1_82' title='bbox 444 1285 500 1339; x_wconf 73' lang='lat'><strong>2.</strong></span> <span class='ocrx_word' id='word_1_83' title='bbox 533 1315 606 1325; x_wconf 94' lang='lat'><strong>-—-</strong></span> <span class='ocrx_word' id='word_1_84' title='bbox 634 1284 694 1340; x_wconf 97' lang='lat' dir='ltr'><strong>Si</strong></span> <span class='ocrx_word' id='word_1_85' title='bbox 722 1287 860 1339; x_wconf 85' lang='lat' dir='ltr'><strong>enim</strong></span> <span class='ocrx_word' id='word_1_86' title='bbox 887 1301 981 1355; x_wconf 88' lang='lat' dir='ltr'><strong>ego</strong></span> <span class='ocrx_word' id='word_1_87' title='bbox 1007 1287 1277 1339; x_wconf 84' lang='lat' dir='ltr'><strong>contristo.</strong></span> <span class='ocrx_word' id='word_1_88' title='bbox 1303 1284 1650 1357; x_wconf 79' lang='lat' dir='ltr'><strong>Corrigenda,</strong></span> <span class='ocrx_word' id='word_1_89' title='bbox 1672 1286 1749 1340; x_wconf 90' lang='lat' dir='ltr'><strong>in-</strong></span> 
     </span>
    </p>
   </div>
   <div class='ocr_carea' id='block_1_13' title="bbox 184 1380 1747 1452">
    <p class='ocr_par' dir='ltr' id='par_1_13' title="bbox 184 1380 1747 1452">
     <span class='ocr_line' id='line_1_13' title="bbox 184 1380 1747 1452; baseline 0 -18"><span class='ocrx_word' id='word_1_90' title='bbox 184 1382 444 1451; x_wconf 84' lang='lat' dir='ltr'><strong>crepando</strong></span> <span class='ocrx_word' id='word_1_91' title='bbox 492 1394 817 1452; x_wconf 88' lang='lat' dir='ltr'><strong>quoeunque</strong></span> <span class='ocrx_word' id='word_1_92' title='bbox 866 1381 1046 1446; x_wconf 91' lang='lat' dir='ltr'><strong>modo,</strong></span> <span class='ocrx_word' id='word_1_93' title='bbox 1090 1380 1174 1435; x_wconf 89' lang='lat' dir='ltr'><strong>vel</strong></span> <span class='ocrx_word' id='word_1_94' title='bbox 1201 1394 1298 1451; x_wconf 89' lang='lat' dir='ltr'><strong>per</strong></span> <span class='ocrx_word' id='word_1_95' title='bbox 1341 1380 1620 1450; x_wconf 85' lang='lat' dir='ltr'><strong>epistolam</strong></span> <span class='ocrx_word' id='word_1_96' title='bbox 1662 1380 1747 1435; x_wconf 85' lang='lat' dir='ltr'><strong>vel</strong></span> 
     </span>
    </p>
   </div>
   <div class='ocr_carea' id='block_1_14' title="bbox 183 1472 544 1541">
    <p class='ocr_par' dir='ltr' id='par_1_14' title="bbox 183 1472 544 1541">
     <span class='ocr_line' id='line_1_14' title="bbox 183 1472 544 1541; baseline -0.008 -13"><span class='ocrx_word' id='word_1_97' title='bbox 183 1472 544 1541; x_wconf 62' lang='lat' dir='ltr'><strong>praesentiam.</strong></span> 
     </span>
    </p>
   </div>
   <div class='ocr_carea' id='block_1_15' title="bbox 248 1581 1746 1638">
    <p class='ocr_par' dir='ltr' id='par_1_15' title="bbox 248 1581 1746 1638">
     <span class='ocr_line' id='line_1_15' title="bbox 248 1581 1746 1638; baseline 0.001 -4"><span class='ocrx_word' id='word_1_98' title='bbox 248 1581 405 1637; x_wconf 86' lang='lat' dir='ltr'><strong>Vens.</strong></span> <span class='ocrx_word' id='word_1_99' title='bbox 442 1583 498 1636; x_wconf 71' lang='grc'><strong>4.</strong></span> <span class='ocrx_word' id='word_1_100' title='bbox 534 1614 605 1623; x_wconf 92' lang='grc'><strong>-</strong></span> <span class='ocrx_word' id='word_1_101' title='bbox 631 1581 756 1637; x_wconf 84' lang='lat' dir='ltr'><strong>Non</strong></span> <span class='ocrx_word' id='word_1_102' title='bbox 798 1592 854 1637; x_wconf 87' lang='lat' dir='ltr'><strong>ut</strong></span> <span class='ocrx_word' id='word_1_103' title='bbox 898 1584 1297 1637; x_wconf 83' lang='lat' dir='ltr'><strong>contristemini.</strong></span> <span class='ocrx_word' id='word_1_104' title='bbox 1352 1583 1434 1638; x_wconf 81' lang='lat' dir='ltr'><strong>Ad</strong></span> <span class='ocrx_word' id='word_1_105' title='bbox 1469 1583 1571 1637; x_wconf 91' lang='lat' dir='ltr'><strong>hoc</strong></span> <span class='ocrx_word' id='word_1_106' title='bbox 1603 1582 1746 1637; x_wconf 88' lang='lat' dir='ltr'><strong>enim</strong></span> 
     </span>
    </p>
   </div>
   <div class='ocr_carea' id='block_1_16' title="bbox 180 1670 1746 1743">
    <p class='ocr_par' dir='ltr' id='par_1_16' title="bbox 180 1670 1746 1743">
     <span class='ocr_line' id='line_1_16' title="bbox 180 1670 1746 1743; baseline -0.002 -16"><span class='ocrx_word' id='word_1_107' title='bbox 180 1673 494 1743; x_wconf 84' lang='lat' dir='ltr'><strong>corripiebat</strong></span> <span class='ocrx_word' id='word_1_108' title='bbox 517 1673 827 1743; x_wconf 82' lang='lat' dir='ltr'><strong>Apostolus,</strong></span> <span class='ocrx_word' id='word_1_109' title='bbox 852 1682 912 1727; x_wconf 90' lang='lat' dir='ltr'><strong>ut</strong></span> <span class='ocrx_word' id='word_1_110' title='bbox 931 1674 1242 1729; x_wconf 89' lang='lat' dir='ltr'><strong>ostenderet</strong></span> <span class='ocrx_word' id='word_1_111' title='bbox 1278 1686 1388 1741; x_wconf 88' lang='lat' dir='ltr'><strong>quo</strong></span> <span class='ocrx_word' id='word_1_112' title='bbox 1416 1686 1602 1726; x_wconf 89' lang='lat' dir='ltr'><strong>amore</strong></span> <span class='ocrx_word' id='word_1_113' title='bbox 1629 1670 1746 1725; x_wconf 90' lang='lat' dir='ltr'><strong>illos</strong></span> 
     </span>
    </p>
   </div>
   <div class='ocr_carea' id='block_1_17' title="bbox 1845 508 3213 581">
    <p class='ocr_par' dir='ltr' id='par_1_17' title="bbox 1845 508 3213 581">
     <span class='ocr_line' id='line_1_17' title="bbox 1845 508 3213 581; baseline -0.006 -15"><span class='ocrx_word' id='word_1_114' title='bbox 1845 528 1962 581; x_wconf 54' lang='lat' dir='ltr'><strong>eius</strong></span> <span class='ocrx_word' id='word_1_115' title='bbox 1984 513 2194 566; x_wconf 80' lang='lat' dir='ltr'><strong>venitur</strong></span> <span class='ocrx_word' id='word_1_116' title='bbox 2220 511 2434 565; x_wconf 90' lang='lat' dir='ltr'><strong>nomine</strong></span> <span class='ocrx_word' id='word_1_117' title='bbox 2455 511 2636 564; x_wconf 87' lang='lat' dir='ltr'><strong>odoris</strong></span> <span class='ocrx_word' id='word_1_118' title='bbox 2669 508 2919 575; x_wconf 80' lang='lat' dir='ltr'><strong>intelligc.</strong></span> <span class='ocrx_word' id='word_1_119' title='bbox 3208 564 3213 569; x_wconf 32' lang='grc' dir='ltr'>η</span> 
     </span>
    </p>
   </div>
   <div class='ocr_carea' id='block_1_18' title="bbox 1920 597 3413 658">
    <p class='ocr_par' dir='ltr' id='par_1_18' title="bbox 1920 597 3413 658">
     <span class='ocr_line' id='line_1_18' title="bbox 1920 597 3413 658; baseline -0.005 -1"><span class='ocrx_word' id='word_1_120' title='bbox 1920 604 2078 658; x_wconf 85' lang='lat' dir='ltr'><strong>Vens.</strong></span> <span class='ocrx_word' id='word_1_121' title='bbox 2120 602 2206 656; x_wconf 71' lang='lat' dir='ltr'><strong>lii.</strong></span> <span class='ocrx_word' id='word_1_122' title='bbox 2233 632 2303 642; x_wconf 95' lang='lat'><strong>—</strong></span> <span class='ocrx_word' id='word_1_123' title='bbox 2326 600 2505 654; x_wconf 81' lang='lat' dir='ltr'><strong>Bonus</strong></span> <span class='ocrx_word' id='word_1_124' title='bbox 2554 601 2703 655; x_wconf 88' lang='lat' dir='ltr'><strong>odor.</strong></span> <span class='ocrx_word' id='word_1_125' title='bbox 2739 599 2958 653; x_wconf 87' lang='lat' dir='ltr'><strong>Scilicet</strong></span> <span class='ocrx_word' id='word_1_126' title='bbox 2993 610 3053 651; x_wconf 93' lang='lat' dir='ltr'><strong>ut</strong></span> <span class='ocrx_word' id='word_1_127' title='bbox 3076 597 3201 652; x_wconf 85' lang='lat' dir='ltr'><strong>olim</strong></span> <span class='ocrx_word' id='word_1_128' title='bbox 3236 598 3413 651; x_wconf 88' lang='lat' dir='ltr'><strong>hostia</strong></span> 
     </span>
    </p>
   </div>
   <div class='ocr_carea' id='block_1_19' title="bbox 1846 685 3441 771">
    <p class='ocr_par' dir='ltr' id='par_1_19' title="bbox 1846 685 3441 771">
     <span class='ocr_line' id='line_1_19' title="bbox 1846 685 3441 771; baseline -0.006 -21"><span class='ocrx_word' id='word_1_129' title='bbox 1846 696 2053 767; x_wconf 78' lang='lat' dir='ltr'><strong>legalis,</strong></span> <span class='ocrx_word' id='word_1_130' title='bbox 2085 694 2160 749; x_wconf 91' lang='lat' dir='ltr'><strong>ita</strong></span> <span class='ocrx_word' id='word_1_131' title='bbox 2201 694 2359 749; x_wconf 91' lang='lat' dir='ltr'><strong>modo</strong></span> <span class='ocrx_word' id='word_1_132' title='bbox 2387 692 2701 762; x_wconf 70' lang='lat' dir='ltr'><strong>prmdicatio</strong></span> <span class='ocrx_word' id='word_1_133' title='bbox 2747 705 2900 752; x_wconf 86' lang='lat' dir='ltr'><strong>vera,</strong></span> <span class='ocrx_word' id='word_1_134' title='bbox 2930 697 2986 743; x_wconf 92' lang='lat' dir='ltr'><strong>et</strong></span> <span class='ocrx_word' id='word_1_135' title='bbox 3015 690 3224 743; x_wconf 80' lang='lat' dir='ltr'><strong>sincera</strong></span> <span class='ocrx_word' id='word_1_136' title='bbox 3267 685 3441 771; x_wconf 64' lang='lat' dir='ltr'><strong>fama</strong></span> 
     </span>
    </p>
   </div>
   <div class='ocr_carea' id='block_1_20' title="bbox 1846 780 3414 858">
    <p class='ocr_par' dir='ltr' id='par_1_20' title="bbox 1846 780 3414 858">
     <span class='ocr_line' id='line_1_20' title="bbox 1846 780 3414 858; baseline -0.005 -17"><span class='ocrx_word' id='word_1_137' title='bbox 1846 787 2230 858; x_wconf 90' lang='lat' dir='ltr'><strong>apostolorum.</strong></span> <span class='ocrx_word' id='word_1_138' title='bbox 2264 786 2357 841; x_wconf 90' lang='lat' dir='ltr'><strong>Dei</strong></span> <span class='ocrx_word' id='word_1_139' title='bbox 2390 786 2569 839; x_wconf 87' lang='lat' dir='ltr'><strong>Patris</strong></span> <span class='ocrx_word' id='word_1_140' title='bbox 2590 786 2744 849; x_wconf 90' lang='lat' dir='ltr'><strong>odor,</strong></span> <span class='ocrx_word' id='word_1_141' title='bbox 2767 783 3014 839; x_wconf 87' lang='lat' dir='ltr'><strong>Christus</strong></span> <span class='ocrx_word' id='word_1_142' title='bbox 3047 799 3061 836; x_wconf 89' lang='lat'><strong>:</strong></span> <span class='ocrx_word' id='word_1_143' title='bbox 3093 782 3227 837; x_wconf 90' lang='lat' dir='ltr'><strong>odor</strong></span> <span class='ocrx_word' id='word_1_144' title='bbox 3260 780 3414 835; x_wconf 79' lang='lat' dir='ltr'><strong>Chri-</strong></span> 
     </span>
    </p>
   </div>
   <div class='ocr_carea' id='block_1_21' title="bbox 1847 872 3417 945">
    <p class='ocr_par' dir='ltr' id='par_1_21' title="bbox 1847 872 3417 945">
     <span class='ocr_line' id='line_1_21' title="bbox 1847 872 3417 945; baseline -0.004 -14"><span class='ocrx_word' id='word_1_145' title='bbox 1847 878 1915 932; x_wconf 90' lang='lat' dir='ltr'><strong>sti</strong></span> <span class='ocrx_word' id='word_1_146' title='bbox 1962 887 2090 932; x_wconf 92' lang='lat' dir='ltr'><strong>sunt</strong></span> <span class='ocrx_word' id='word_1_147' title='bbox 2131 876 2359 945; x_wconf 88' lang='lat' dir='ltr'><strong>apostoli</strong></span> <span class='ocrx_word' id='word_1_148' title='bbox 2411 876 2465 930; x_wconf 92' lang='lat' dir='ltr'><strong>in</strong></span> <span class='ocrx_word' id='word_1_149' title='bbox 2497 890 2727 945; x_wconf 88' lang='lat' dir='ltr'><strong>quorum</strong></span> <span class='ocrx_word' id='word_1_150' title='bbox 2770 875 2878 928; x_wconf 89' lang='lat' dir='ltr'><strong>vita</strong></span> <span class='ocrx_word' id='word_1_151' title='bbox 2933 883 2990 929; x_wconf 89' lang='lat' dir='ltr'><strong>et</strong></span> <span class='ocrx_word' id='word_1_152' title='bbox 3032 872 3417 942; x_wconf 64' lang='lat' dir='ltr'><strong>praedicatione</strong></span> 
     </span>
    </p>
   </div>
   <div class='ocr_carea' id='block_1_22' title="bbox 1847 958 3415 1032">
    <p class='ocr_par' dir='ltr' id='par_1_22' title="bbox 1847 958 3415 1032">
     <span class='ocr_line' id='line_1_22' title="bbox 1847 958 3415 1032; baseline -0.007 -10"><span class='ocrx_word' id='word_1_153' title='bbox 1847 966 2093 1022; x_wconf 89' lang='lat' dir='ltr'><strong>Christus</strong></span> <span class='ocrx_word' id='word_1_154' title='bbox 2135 966 2478 1029; x_wconf 83' lang='lat' dir='ltr'><strong>ostenditur,</strong></span> <span class='ocrx_word' id='word_1_155' title='bbox 2514 979 2619 1018; x_wconf 91' lang='lat' dir='ltr'><strong>non</strong></span> <span class='ocrx_word' id='word_1_156' title='bbox 2666 963 3087 1032; x_wconf 84' lang='lat' dir='ltr'><strong>blasphematur.</strong></span> <span class='ocrx_word' id='word_1_157' title='bbox 3139 958 3294 1015; x_wconf 90' lang='lat' dir='ltr'><strong>Sicut</strong></span> <span class='ocrx_word' id='word_1_158' title='bbox 3346 961 3415 1013; x_wconf 76' lang='lat' dir='ltr'><strong>(lt:</strong></span> 
     </span>
    </p>
   </div>
   <div class='ocr_carea' id='block_1_23' title="bbox 1847 1055 3419 1126">
    <p class='ocr_par' dir='ltr' id='par_1_23' title="bbox 1847 1055 3419 1126">
     <span class='ocr_line' id='line_1_23' title="bbox 1847 1055 3419 1126; baseline -0.006 -11"><span class='ocrx_word' id='word_1_159' title='bbox 1847 1060 2001 1115; x_wconf 87' lang='lat' dir='ltr'><strong>malis</strong></span> <span class='ocrx_word' id='word_1_160' title='bbox 2023 1060 2220 1115; x_wconf 88' lang='lat' dir='ltr'><strong>dicitur</strong></span> <span class='ocrx_word' id='word_1_161' title='bbox 2250 1078 2262 1113; x_wconf 90' lang='lat'>:</span> <span class='ocrx_word' id='word_1_162' title='bbox 2298 1059 2509 1113; x_wconf 85' lang='lat' dir='ltr'><strong>Nomen</strong></span> <span class='ocrx_word' id='word_1_163' title='bbox 2545 1057 2760 1111; x_wconf 70' lang='lat' dir='ltr'><strong>Domini</strong></span> <span class='ocrx_word' id='word_1_164' title='bbox 2784 1073 2877 1126; x_wconf 84' lang='lat' dir='ltr'><strong>per</strong></span> <span class='ocrx_word' id='word_1_165' title='bbox 2906 1073 2991 1110; x_wconf 73' lang='lat' dir='ltr'><strong>vos</strong></span> <span class='ocrx_word' id='word_1_166' title='bbox 3031 1055 3419 1126; x_wconf 71' lang='lat' dir='ltr'><strong>blasphematur</strong></span> 
     </span>
    </p>
   </div>
   <div class='ocr_carea' id='block_1_24' title="bbox 1845 1150 2197 1219">
    <p class='ocr_par' dir='ltr' id='par_1_24' title="bbox 1845 1150 2197 1219">
     <span class='ocr_line' id='line_1_24' title="bbox 1845 1150 2197 1219; baseline -0.006 -17"><span class='ocrx_word' id='word_1_167' title='bbox 1845 1150 1982 1203; x_wconf 85' lang='lat' dir='ltr'><strong>inter</strong></span> <span class='ocrx_word' id='word_1_168' title='bbox 2004 1159 2197 1219; x_wconf 81' lang='lat' dir='ltr'><strong>gentes.</strong></span> 
     </span>
    </p>
   </div>
   <div class='ocr_carea' id='block_1_25' title="bbox 1918 1237 3412 1309">
    <p class='ocr_par' dir='ltr' id='par_1_25' title="bbox 1918 1237 3412 1309">
     <span class='ocr_line' id='line_1_25' title="bbox 1918 1237 3412 1309; baseline -0.001 -15"><span class='ocrx_word' id='word_1_169' title='bbox 1918 1239 2082 1295; x_wconf 87' lang='lat' dir='ltr'><strong>Vens.</strong></span> <span class='ocrx_word' id='word_1_170' title='bbox 2135 1240 2221 1296; x_wconf 84' lang='lat' dir='ltr'><strong>l6.</strong></span> <span class='ocrx_word' id='word_1_171' title='bbox 2251 1239 2494 1296; x_wconf 87' lang='lat' dir='ltr'><strong>—0dor</strong></span> <span class='ocrx_word' id='word_1_172' title='bbox 2521 1243 2721 1296; x_wconf 82' lang='lat' dir='ltr'><strong>mortis.</strong></span> <span class='ocrx_word' id='word_1_173' title='bbox 2761 1239 2835 1295; x_wconf 91' lang='lat' dir='ltr'><strong>Ut</strong></span> <span class='ocrx_word' id='word_1_174' title='bbox 2879 1241 2949 1295; x_wconf 86' lang='lat' dir='ltr'><strong>de</strong></span> <span class='ocrx_word' id='word_1_175' title='bbox 2989 1249 3173 1295; x_wconf 89' lang='lat' dir='ltr'><strong>nostra</strong></span> <span class='ocrx_word' id='word_1_176' title='bbox 3221 1237 3412 1309; x_wconf 76' lang='lat' dir='ltr'><strong>przedi-</strong></span> 
     </span>
    </p>
   </div>
   <div class='ocr_carea' id='block_1_26' title="bbox 1847 1330 3419 1402">
    <p class='ocr_par' dir='ltr' id='par_1_26' title="bbox 1847 1330 3419 1402">
     <span class='ocr_line' id='line_1_26' title="bbox 1847 1330 3419 1402; baseline -0.001 -18"><span class='ocrx_word' id='word_1_177' title='bbox 1847 1330 2059 1385; x_wconf 88' lang='lat' dir='ltr'><strong>eatione</strong></span> <span class='ocrx_word' id='word_1_178' title='bbox 2081 1332 2336 1402; x_wconf 86' lang='lat' dir='ltr'><strong>procedat</strong></span> <span class='ocrx_word' id='word_1_179' title='bbox 2382 1347 2548 1398; x_wconf 89' lang='lat' dir='ltr'><strong>mors,</strong></span> <span class='ocrx_word' id='word_1_180' title='bbox 2583 1331 2707 1388; x_wconf 89' lang='lat' dir='ltr'><strong>inde</strong></span> <span class='ocrx_word' id='word_1_181' title='bbox 2747 1332 3026 1387; x_wconf 87' lang='lat' dir='ltr'><strong>ruentibus</strong></span> <span class='ocrx_word' id='word_1_182' title='bbox 3067 1332 3120 1385; x_wconf 82' lang='lat' dir='ltr'><strong>it.</strong></span> <span class='ocrx_word' id='word_1_183' title='bbox 3160 1340 3419 1395; x_wconf 63' lang='lat' dir='ltr'><strong>{eternam</strong></span> 
     </span>
    </p>
   </div>
   <div class='ocr_carea' id='block_1_27' title="bbox 1850 1419 2269 1474">
    <p class='ocr_par' dir='ltr' id='par_1_27' title="bbox 1850 1419 2269 1474">
     <span class='ocr_line' id='line_1_27' title="bbox 1850 1419 2269 1474; baseline 0.002 -1"><span class='ocrx_word' id='word_1_184' title='bbox 1850 1419 2269 1474; x_wconf 87' lang='lat' dir='ltr'><strong>damnationem.</strong></span> 
     </span>
    </p>
   </div>
   <div class='ocr_carea' id='block_1_28' title="bbox 1920 1482 3420 1581">
    <p class='ocr_par' dir='ltr' id='par_1_28' title="bbox 1920 1482 3420 1581">
     <span class='ocr_line' id='line_1_28' title="bbox 1920 1482 3420 1581; baseline 0.001 -21"><span class='ocrx_word' id='word_1_185' title='bbox 1920 1506 2082 1562; x_wconf 87' lang='lat' dir='ltr'><strong>Vens.</strong></span> <span class='ocrx_word' id='word_1_186' title='bbox 2115 1510 2200 1562; x_wconf 81' lang='lat' dir='ltr'><strong>l7.</strong></span> <span class='ocrx_word' id='word_1_187' title='bbox 2229 1540 2299 1549; x_wconf 89' lang='lat'><strong>-—</strong></span> <span class='ocrx_word' id='word_1_188' title='bbox 2345 1510 2493 1565; x_wconf 80' lang='lat' dir='ltr'><strong>Sicut</strong></span> <span class='ocrx_word' id='word_1_189' title='bbox 2534 1509 2766 1581; x_wconf 75' lang='lat' dir='ltr'><strong>plurimi.</strong></span> <span class='ocrx_word' id='word_1_190' title='bbox 2805 1509 2904 1565; x_wconf 80' lang='lat' dir='ltr'><strong>llic</strong></span> <span class='ocrx_word' id='word_1_191' title='bbox 2945 1482 3420 1581; x_wconf 83' lang='lat' dir='ltr'><strong>pseudoapostolos</strong></span> 
     </span>
    </p>
   </div>
   <div class='ocr_carea' id='block_1_29' title="bbox 1851 1598 3419 1677">
    <p class='ocr_par' dir='ltr' id='par_1_29' title="bbox 1851 1598 3419 1677">
     <span class='ocr_line' id='line_1_29' title="bbox 1851 1598 3419 1677; baseline 0.001 -26"><span class='ocrx_word' id='word_1_192' title='bbox 1851 1598 2037 1667; x_wconf 87' lang='lat' dir='ltr'><strong>tangit,</strong></span> <span class='ocrx_word' id='word_1_193' title='bbox 2066 1599 2157 1668; x_wconf 91' lang='lat' dir='ltr'><strong>qui</strong></span> <span class='ocrx_word' id='word_1_194' title='bbox 2210 1609 2463 1668; x_wconf 86' lang='lat' dir='ltr'><strong>corrupta</strong></span> <span class='ocrx_word' id='word_1_195' title='bbox 2510 1601 2755 1655; x_wconf 90' lang='lat' dir='ltr'><strong>doctrina</strong></span> <span class='ocrx_word' id='word_1_196' title='bbox 2804 1602 3086 1656; x_wconf 75' lang='lat' dir='ltr'><strong>veritatem</strong></span> <span class='ocrx_word' id='word_1_197' title='bbox 3125 1601 3419 1677; x_wconf 86' lang='lat' dir='ltr'><strong>violabant,</strong></span> 
     </span>
    </p>
   </div>
   <div class='ocr_carea' id='block_1_30' title="bbox 1849 1689 3423 1762">
    <p class='ocr_par' dir='ltr' id='par_1_30' title="bbox 1849 1689 3423 1762">
     <span class='ocr_line' id='line_1_30' title="bbox 1849 1689 3423 1762; baseline 0 -19"><span class='ocrx_word' id='word_1_198' title='bbox 1849 1689 1915 1743; x_wconf 89' lang='lat' dir='ltr'><strong>de</strong></span> <span class='ocrx_word' id='word_1_199' title='bbox 1937 1689 2131 1758; x_wconf 86' lang='lat' dir='ltr'><strong>quibus</strong></span> <span class='ocrx_word' id='word_1_200' title='bbox 2173 1690 2338 1746; x_wconf 79' lang='lat' dir='ltr'><strong>Isaias</strong></span> <span class='ocrx_word' id='word_1_201' title='bbox 2366 1693 2442 1746; x_wconf 89' lang='lat' dir='ltr'><strong>ait</strong></span> <span class='ocrx_word' id='word_1_202' title='bbox 2470 1710 2482 1745; x_wconf 92' lang='lat'>:</span> <span class='ocrx_word' id='word_1_203' title='bbox 2511 1692 2780 1761; x_wconf 79' lang='lat' dir='ltr'><strong>Cattponcs</strong></span> <span class='ocrx_word' id='word_1_204' title='bbox 2812 1694 2889 1746; x_wconf 82' lang='lat' dir='ltr'><strong>tui</strong></span> <span class='ocrx_word' id='word_1_205' title='bbox 2935 1693 3052 1746; x_wconf 82' lang='lat' dir='ltr'><strong>vino</strong></span> <span class='ocrx_word' id='word_1_206' title='bbox 3081 1708 3270 1762; x_wconf 80' lang='lat' dir='ltr'><strong>aquam</strong></span> <span class='ocrx_word' id='word_1_207' title='bbox 3325 1693 3423 1744; x_wconf 87' lang='lat' dir='ltr'><strong>mi-</strong></span> 
     </span>
    </p>
   </div>
   <div class='ocr_carea' id='block_1_31' title="bbox 180 1763 2011 1836">
    <p class='ocr_par' dir='ltr' id='par_1_31' title="bbox 180 1763 2011 1836">
     <span class='ocr_line' id='line_1_31' title="bbox 180 1763 2011 1836; baseline 0.001 -17"><span class='ocrx_word' id='word_1_208' title='bbox 180 1765 438 1836; x_wconf 82' lang='lat' dir='ltr'><strong>diligeret,</strong></span> <span class='ocrx_word' id='word_1_209' title='bbox 466 1767 537 1820; x_wconf 92' lang='lat' dir='ltr'><strong>de</strong></span> <span class='ocrx_word' id='word_1_210' title='bbox 574 1781 805 1836; x_wconf 88' lang='lat' dir='ltr'><strong>quorum</strong></span> <span class='ocrx_word' id='word_1_211' title='bbox 830 1766 1064 1836; x_wconf 87' lang='lat' dir='ltr'><strong>peccatis</strong></span> <span class='ocrx_word' id='word_1_212' title='bbox 1093 1765 1214 1834; x_wconf 85' lang='lat' dir='ltr'><strong>plus</strong></span> <span class='ocrx_word' id='word_1_213' title='bbox 1246 1765 1351 1820; x_wconf 87' lang='lat' dir='ltr'><strong>illis</strong></span> <span class='ocrx_word' id='word_1_214' title='bbox 1399 1763 1628 1825; x_wconf 89' lang='lat' dir='ltr'><strong>dolebat,</strong></span> <span class='ocrx_word' id='word_1_215' title='bbox 1655 1764 1747 1833; x_wconf 92' lang='lat' dir='ltr'><strong>qui</strong></span> <span class='ocrx_word' id='word_1_216' title='bbox 1775 1776 1823 1836; x_wconf 80' lang='lat' dir='ltr'><strong>B</strong></span> <span class='ocrx_word' id='word_1_217' title='bbox 1849 1790 2011 1834; x_wconf 60' lang='lat' dir='ltr'><strong>“em,</strong></span> 
     </span>
    </p>
   </div>
   <div class='ocr_carea' id='block_1_32' title="bbox 180 1853 1746 1924">
    <p class='ocr_par' dir='ltr' id='par_1_32' title="bbox 180 1853 1746 1924">
     <span class='ocr_line' id='line_1_32' title="bbox 180 1853 1746 1924; baseline 0.002 -18"><span class='ocrx_word' id='word_1_218' title='bbox 180 1869 278 1908; x_wconf 86' lang='lat' dir='ltr'><strong>non</strong></span> <span class='ocrx_word' id='word_1_219' title='bbox 312 1855 413 1910; x_wconf 91' lang='lat' dir='ltr'><strong>hoc</strong></span> <span class='ocrx_word' id='word_1_220' title='bbox 460 1854 661 1911; x_wconf 81' lang='lat' dir='ltr'><strong>atl&#39;ectu</strong></span> <span class='ocrx_word' id='word_1_221' title='bbox 702 1856 947 1924; x_wconf 88' lang='lat' dir='ltr'><strong>corripit,</strong></span> <span class='ocrx_word' id='word_1_222' title='bbox 975 1856 1281 1911; x_wconf 89' lang='lat' dir='ltr'><strong>contristat.</strong></span> <span class='ocrx_word' id='word_1_223' title='bbox 1324 1853 1553 1909; x_wconf 88' lang='lat' dir='ltr'><strong>Insultat</strong></span> <span class='ocrx_word' id='word_1_224' title='bbox 1581 1854 1746 1919; x_wconf 83' lang='lat' dir='ltr'><strong>enim,</strong></span> 
     </span>
    </p>
   </div>
   <div class='ocr_carea' id='block_1_33' title="bbox 178 1944 1561 2017">
    <p class='ocr_par' dir='ltr' id='par_1_33' title="bbox 178 1944 1561 2017">
     <span class='ocr_line' id='line_1_33' title="bbox 178 1944 1561 2017; baseline 0.004 -21"><span class='ocrx_word' id='word_1_225' title='bbox 178 1944 265 2017; x_wconf 85' lang='lat' dir='ltr'><strong>qui</strong></span> <span class='ocrx_word' id='word_1_226' title='bbox 291 1960 396 1999; x_wconf 90' lang='lat' dir='ltr'><strong>non</strong></span> <span class='ocrx_word' id='word_1_227' title='bbox 427 1945 685 2000; x_wconf 90' lang='lat' dir='ltr'><strong>condolet</strong></span> <span class='ocrx_word' id='word_1_228' title='bbox 708 1945 885 2000; x_wconf 80' lang='lat' dir='ltr'><strong>fratri.</strong></span> <span class='ocrx_word' id='word_1_229' title='bbox 1556 1962 1561 1965; x_wconf 85' lang='lat'>&#39;</span> 
     </span>
    </p>
   </div>
   <div class='ocr_carea' id='block_1_34' title="bbox 243 2050 1751 2125">
    <p class='ocr_par' dir='ltr' id='par_1_34' title="bbox 243 2050 1751 2125">
     <span class='ocr_line' id='line_1_34' title="bbox 243 2050 1751 2125; baseline 0.003 -20"><span class='ocrx_word' id='word_1_230' title='bbox 243 2052 403 2106; x_wconf 86' lang='lat' dir='ltr'><strong>Vens.</strong></span> <span class='ocrx_word' id='word_1_231' title='bbox 446 2052 500 2107; x_wconf 85' lang='lat'><strong>5.</strong></span> <span class='ocrx_word' id='word_1_232' title='bbox 552 2084 619 2094; x_wconf 89' lang='lat'><strong><em>—</em></strong></span> <span class='ocrx_word' id='word_1_233' title='bbox 656 2052 717 2109; x_wconf 85' lang='lat' dir='ltr'><strong>Si</strong></span> <span class='ocrx_word' id='word_1_234' title='bbox 742 2055 857 2125; x_wconf 84' lang='lat' dir='ltr'><strong>quis</strong></span> <span class='ocrx_word' id='word_1_235' title='bbox 905 2065 1079 2109; x_wconf 83' lang='lat' dir='ltr'><strong>autem</strong></span> <span class='ocrx_word' id='word_1_236' title='bbox 1120 2054 1461 2110; x_wconf 78' lang='lat' dir='ltr'><strong>contristavit.</strong></span> <span class='ocrx_word' id='word_1_237' title='bbox 1506 2050 1751 2125; x_wconf 74' lang='lat' dir='ltr'><strong>Prmcipit</strong></span> 
     </span>
    </p>
   </div>
   <div class='ocr_carea' id='block_1_35' title="bbox 176 2140 1748 2215">
    <p class='ocr_par' dir='ltr' id='par_1_35' title="bbox 176 2140 1748 2215">
     <span class='ocr_line' id='line_1_35' title="bbox 176 2140 1748 2215; baseline 0.002 -20"><span class='ocrx_word' id='word_1_238' title='bbox 176 2143 561 2199; x_wconf 89' lang='lat' dir='ltr'><strong>l&#39;ornicatorem</strong></span> <span class='ocrx_word' id='word_1_239' title='bbox 593 2140 763 2209; x_wconf 91' lang='lat' dir='ltr'><strong>illum,</strong></span> <span class='ocrx_word' id='word_1_240' title='bbox 800 2161 960 2215; x_wconf 87' lang='lat' dir='ltr'><strong>quem</strong></span> <span class='ocrx_word' id='word_1_241' title='bbox 997 2147 1146 2215; x_wconf 91' lang='lat' dir='ltr'><strong>prius</strong></span> <span class='ocrx_word' id='word_1_242' title='bbox 1175 2143 1391 2200; x_wconf 79' lang='lat' dir='ltr'><strong>Satana:</strong></span> <span class='ocrx_word' id='word_1_243' title='bbox 1432 2145 1748 2200; x_wconf 87' lang='lat' dir='ltr'><strong>tradendum</strong></span> 
     </span>
    </p>
   </div>
   <div class='ocr_carea' id='block_1_36' title="bbox 174 2234 1752 2307">
    <p class='ocr_par' dir='ltr' id='par_1_36' title="bbox 174 2234 1752 2307">
     <span class='ocr_line' id='line_1_36' title="bbox 174 2234 1752 2307; baseline 0.001 -20"><span class='ocrx_word' id='word_1_244' title='bbox 174 2234 545 2300; x_wconf 83' lang='lat' dir='ltr'><strong>iudicaverat,</strong></span> <span class='ocrx_word' id='word_1_245' title='bbox 607 2237 780 2306; x_wconf 88' lang='lat' dir='ltr'><strong>recipi</strong></span> <span class='ocrx_word' id='word_1_246' title='bbox 806 2277 821 2296; x_wconf 90' lang='lat'><strong>,</strong></span> <span class='ocrx_word' id='word_1_247' title='bbox 862 2237 988 2307; x_wconf 88' lang='lat' dir='ltr'><strong>quia</strong></span> <span class='ocrx_word' id='word_1_248' title='bbox 1036 2246 1313 2292; x_wconf 86' lang='lat' dir='ltr'><strong>correctus</strong></span> <span class='ocrx_word' id='word_1_249' title='bbox 1352 2246 1491 2290; x_wconf 89' lang='lat' dir='ltr'><strong>erat.</strong></span> <span class='ocrx_word' id='word_1_250' title='bbox 1542 2235 1645 2290; x_wconf 86' lang='lat' dir='ltr'><strong>Sed</strong></span> <span class='ocrx_word' id='word_1_251' title='bbox 1688 2251 1752 2289; x_wconf 80' lang='lat' dir='ltr'><strong>ex</strong></span> 
     </span>
    </p>
   </div>
   <div class='ocr_carea' id='block_1_37' title="bbox 172 2329 1753 2395">
    <p class='ocr_par' dir='ltr' id='par_1_37' title="bbox 172 2329 1753 2395">
     <span class='ocr_line' id='line_1_37' title="bbox 172 2329 1753 2395; baseline 0.002 -16"><span class='ocrx_word' id='word_1_252' title='bbox 172 2337 335 2394; x_wconf 79' lang='lat' dir='ltr'><strong>parte,</strong></span> <span class='ocrx_word' id='word_1_253' title='bbox 367 2338 424 2381; x_wconf 88' lang='lat' dir='ltr'><strong>ut</strong></span> <span class='ocrx_word' id='word_1_254' title='bbox 460 2346 568 2383; x_wconf 90' lang='lat' dir='ltr'><strong>non</strong></span> <span class='ocrx_word' id='word_1_255' title='bbox 591 2344 823 2395; x_wconf 86' lang='lat' dir='ltr'><strong>onerent,</strong></span> <span class='ocrx_word' id='word_1_256' title='bbox 845 2338 953 2385; x_wconf 87' lang='lat' dir='ltr'><strong>etc.</strong></span> <span class='ocrx_word' id='word_1_257' title='bbox 983 2329 1100 2383; x_wconf 81' lang='lat' dir='ltr'><strong>Non</strong></span> <span class='ocrx_word' id='word_1_258' title='bbox 1123 2330 1372 2384; x_wconf 82' lang='lat' dir='ltr'><strong>omnibus</strong></span> <span class='ocrx_word' id='word_1_259' title='bbox 1405 2344 1540 2384; x_wconf 89' lang='lat' dir='ltr'><strong>onus</strong></span> <span class='ocrx_word' id='word_1_260' title='bbox 1585 2329 1753 2383; x_wconf 83' lang='lat' dir='ltr'><strong>tristi-</strong></span> 
     </span>
    </p>
   </div>
   <div class='ocr_carea' id='block_1_38' title="bbox 171 2418 1747 2492">
    <p class='ocr_par' dir='ltr' id='par_1_38' title="bbox 171 2418 1747 2492">
     <span class='ocr_line' id='line_1_38' title="bbox 171 2418 1747 2492; baseline 0.001 -21"><span class='ocrx_word' id='word_1_261' title='bbox 171 2418 258 2473; x_wconf 75' lang='lat' dir='ltr'><strong>tiae</strong></span> <span class='ocrx_word' id='word_1_262' title='bbox 287 2419 531 2489; x_wconf 91' lang='lat' dir='ltr'><strong>impono,</strong></span> <span class='ocrx_word' id='word_1_263' title='bbox 578 2432 798 2492; x_wconf 89' lang='lat' dir='ltr'><strong>pr0pter</strong></span> <span class='ocrx_word' id='word_1_264' title='bbox 822 2421 940 2477; x_wconf 90' lang='lat' dir='ltr'><strong>illos</strong></span> <span class='ocrx_word' id='word_1_265' title='bbox 969 2423 1059 2491; x_wconf 90' lang='lat' dir='ltr'><strong>qui</strong></span> <span class='ocrx_word' id='word_1_266' title='bbox 1084 2423 1151 2476; x_wconf 90' lang='lat' dir='ltr'><strong>de</strong></span> <span class='ocrx_word' id='word_1_267' title='bbox 1177 2420 1414 2491; x_wconf 90' lang='lat' dir='ltr'><strong>peccatis</strong></span> <span class='ocrx_word' id='word_1_268' title='bbox 1441 2421 1747 2476; x_wconf 89' lang='lat' dir='ltr'><strong>doluerunt.</strong></span> 
     </span>
    </p>
   </div>
   <div class='ocr_carea' id='block_1_39' title="bbox 242 2531 1750 2605">
    <p class='ocr_par' dir='ltr' id='par_1_39' title="bbox 242 2531 1750 2605">
     <span class='ocr_line' id='line_1_39' title="bbox 242 2531 1750 2605; baseline -0.002 -18"><span class='ocrx_word' id='word_1_269' title='bbox 242 2531 410 2587; x_wconf 82' lang='lat' dir='ltr'><strong>Vens.</strong></span> <span class='ocrx_word' id='word_1_270' title='bbox 457 2532 514 2587; x_wconf 87' lang='lat'><strong>6.</strong></span> <span class='ocrx_word' id='word_1_271' title='bbox 564 2563 635 2574; x_wconf 70' lang='grc' dir='ltr'><strong>υ-</strong></span> <span class='ocrx_word' id='word_1_272' title='bbox 666 2531 977 2605; x_wconf 86' lang='lat' dir='ltr'><strong>Objurgatio</strong></span> <span class='ocrx_word' id='word_1_273' title='bbox 1010 2535 1142 2600; x_wconf 77' lang='lat' dir='ltr'><strong>lucc,</strong></span> <span class='ocrx_word' id='word_1_274' title='bbox 1172 2550 1289 2605; x_wconf 74' lang='lat' dir='ltr'><strong>qua:</strong></span> <span class='ocrx_word' id='word_1_275' title='bbox 1335 2532 1393 2601; x_wconf 81' lang='lat' dir='ltr'><strong>[it</strong></span> <span class='ocrx_word' id='word_1_276' title='bbox 1437 2551 1469 2586; x_wconf 83' lang='grc' dir='ltr'><em>α</em></span> <span class='ocrx_word' id='word_1_277' title='bbox 1515 2531 1750 2603; x_wconf 81' lang='lat' dir='ltr'><strong>pluribus</strong></span> 
     </span>
    </p>
   </div>
   <div class='ocr_carea' id='block_1_40' title="bbox 169 2621 1753 2697">
    <p class='ocr_par' dir='ltr' id='par_1_40' title="bbox 169 2621 1753 2697">
     <span class='ocr_line' id='line_1_40' title="bbox 169 2621 1753 2697; baseline 0.004 -23"><span class='ocrx_word' id='word_1_278' title='bbox 169 2621 241 2676; x_wconf 81' lang='lat' dir='ltr'><strong>ita</strong></span> <span class='ocrx_word' id='word_1_279' title='bbox 270 2631 325 2675; x_wconf 84' lang='lat' dir='ltr'><strong>ut</strong></span> <span class='ocrx_word' id='word_1_280' title='bbox 350 2626 664 2678; x_wconf 83' lang='lat' dir='ltr'><strong>econtrario</strong></span> <span class='ocrx_word' id='word_1_281' title='bbox 689 2626 874 2696; x_wconf 81' lang='lat' dir='ltr'><strong>magis.</strong></span> <span class='ocrx_word' id='word_1_282' title='bbox 902 2625 1029 2693; x_wconf 70' lang='lat' dir='ltr'><strong>Quae</strong></span> <span class='ocrx_word' id='word_1_283' title='bbox 1050 2626 1151 2681; x_wconf 90' lang='lat' dir='ltr'><strong>etsi</strong></span> <span class='ocrx_word' id='word_1_284' title='bbox 1179 2638 1276 2697; x_wconf 90' lang='lat' dir='ltr'><strong>pro</strong></span> <span class='ocrx_word' id='word_1_285' title='bbox 1300 2627 1553 2695; x_wconf 89' lang='lat' dir='ltr'><strong>temporis</strong></span> <span class='ocrx_word' id='word_1_286' title='bbox 1586 2640 1753 2695; x_wconf 83' lang='lat' dir='ltr'><strong>quan-</strong></span> 
     </span>
    </p>
   </div>
   <div class='ocr_carea' id='block_1_41' title="bbox 168 2712 1747 2787">
    <p class='ocr_par' dir='ltr' id='par_1_41' title="bbox 168 2712 1747 2787">
     <span class='ocr_line' id='line_1_41' title="bbox 168 2712 1747 2787; baseline 0.003 -23"><span class='ocrx_word' id='word_1_287' title='bbox 168 2712 326 2768; x_wconf 87' lang='lat' dir='ltr'><strong>titate</strong></span> <span class='ocrx_word' id='word_1_288' title='bbox 352 2714 446 2769; x_wconf 83' lang='lat' dir='ltr'><strong>vel</strong></span> <span class='ocrx_word' id='word_1_289' title='bbox 476 2715 584 2770; x_wconf 91' lang='lat' dir='ltr'><strong>alio</strong></span> <span class='ocrx_word' id='word_1_290' title='bbox 613 2716 774 2771; x_wconf 90' lang='lat' dir='ltr'><strong>modo</strong></span> <span class='ocrx_word' id='word_1_291' title='bbox 818 2732 923 2772; x_wconf 89' lang='lat' dir='ltr'><strong>non</strong></span> <span class='ocrx_word' id='word_1_292' title='bbox 955 2717 1086 2771; x_wconf 86' lang='lat' dir='ltr'><strong>satis</strong></span> <span class='ocrx_word' id='word_1_293' title='bbox 1128 2717 1284 2787; x_wconf 85' lang='lat' dir='ltr'><strong>digna</strong></span> <span class='ocrx_word' id='word_1_294' title='bbox 1328 2731 1486 2787; x_wconf 68' lang='lat' dir='ltr'><strong>pinna</strong></span> <span class='ocrx_word' id='word_1_295' title='bbox 1516 2716 1747 2782; x_wconf 86' lang='lat' dir='ltr'><strong>videtur,</strong></span> 
     </span>
    </p>
   </div>
   <div class='ocr_carea' id='block_1_42' title="bbox 168 2801 1747 2875">
    <p class='ocr_par' dir='ltr' id='par_1_42' title="bbox 168 2801 1747 2875">
     <span class='ocr_line' id='line_1_42' title="bbox 168 2801 1747 2875; baseline 0.003 -21"><span class='ocrx_word' id='word_1_296' title='bbox 168 2801 222 2855; x_wconf 90' lang='lat' dir='ltr'><strong>in</strong></span> <span class='ocrx_word' id='word_1_297' title='bbox 253 2803 360 2857; x_wconf 90' lang='lat' dir='ltr'><strong>hoc</strong></span> <span class='ocrx_word' id='word_1_298' title='bbox 389 2811 577 2859; x_wconf 85' lang='lat' dir='ltr'><strong>tamen</strong></span> <span class='ocrx_word' id='word_1_299' title='bbox 610 2821 716 2860; x_wconf 88' lang='lat' dir='ltr'><strong>non</strong></span> <span class='ocrx_word' id='word_1_300' title='bbox 747 2813 831 2860; x_wconf 90' lang='lat' dir='ltr'><strong>est</strong></span> <span class='ocrx_word' id='word_1_301' title='bbox 876 2821 1042 2875; x_wconf 89' lang='lat' dir='ltr'><strong>parva</strong></span> <span class='ocrx_word' id='word_1_302' title='bbox 1085 2806 1426 2869; x_wconf 72' lang='lat' dir='ltr'><strong>aestimanda,</strong></span> <span class='ocrx_word' id='word_1_303' title='bbox 1454 2808 1596 2875; x_wconf 89' lang='lat' dir='ltr'><strong>quod</strong></span> <span class='ocrx_word' id='word_1_304' title='bbox 1634 2807 1692 2861; x_wconf 84' lang='lat' dir='ltr'><strong>ﬁt</strong></span> <span class='ocrx_word' id='word_1_305' title='bbox 1717 2821 1747 2859; x_wconf 91' lang='lat' dir='ltr'><strong>a</strong></span> 
     </span>
    </p>
   </div>
   <div class='ocr_carea' id='block_1_43' title="bbox 166 2892 1744 2968">
    <p class='ocr_par' dir='ltr' id='par_1_43' title="bbox 166 2892 1744 2968">
     <span class='ocr_line' id='line_1_43' title="bbox 166 2892 1744 2968; baseline 0.004 -22"><span class='ocrx_word' id='word_1_306' title='bbox 166 2892 424 2961; x_wconf 88' lang='lat' dir='ltr'><strong>pluribus</strong></span> <span class='ocrx_word' id='word_1_307' title='bbox 464 2897 660 2965; x_wconf 87' lang='lat' dir='ltr'><strong>quibus</strong></span> <span class='ocrx_word' id='word_1_308' title='bbox 717 2899 1057 2968; x_wconf 84' lang='lat' dir='ltr'><strong>congregatis</strong></span> <span class='ocrx_word' id='word_1_309' title='bbox 1108 2896 1320 2952; x_wconf 76' lang='lat' dir='ltr'><strong>Satana:</strong></span> <span class='ocrx_word' id='word_1_310' title='bbox 1369 2896 1596 2951; x_wconf 89' lang='lat' dir='ltr'><strong>traditus</strong></span> <span class='ocrx_word' id='word_1_311' title='bbox 1642 2908 1744 2953; x_wconf 92' lang='lat' dir='ltr'><strong>est.</strong></span> 
     </span>
    </p>
   </div>
   <div class='ocr_carea' id='block_1_44' title="bbox 162 2985 1748 3058">
    <p class='ocr_par' dir='ltr' id='par_1_44' title="bbox 162 2985 1748 3058">
     <span class='ocr_line' id='line_1_44' title="bbox 162 2985 1748 3058; baseline 0.003 -19"><span class='ocrx_word' id='word_1_312' title='bbox 162 2985 428 3058; x_wconf 78' lang='lat' dir='ltr'><strong>Magnum</strong></span> <span class='ocrx_word' id='word_1_313' title='bbox 461 2987 647 3056; x_wconf 88' lang='lat' dir='ltr'><strong>utique</strong></span> <span class='ocrx_word' id='word_1_314' title='bbox 684 2988 921 3043; x_wconf 89' lang='lat' dir='ltr'><strong>dolorem</strong></span> <span class='ocrx_word' id='word_1_315' title='bbox 942 2990 1163 3056; x_wconf 85' lang='lat' dir='ltr'><strong>patitur,</strong></span> <span class='ocrx_word' id='word_1_316' title='bbox 1192 2990 1282 3058; x_wconf 87' lang='lat' dir='ltr'><strong>qui</strong></span> <span class='ocrx_word' id='word_1_317' title='bbox 1312 2989 1565 3044; x_wconf 76' lang='lat' dir='ltr'><strong>delictum</strong></span> <span class='ocrx_word' id='word_1_318' title='bbox 1594 3005 1748 3044; x_wconf 89' lang='lat' dir='ltr'><strong>suum</strong></span> 
     </span>
    </p>
   </div>
   <div class='ocr_carea' id='block_1_45' title="bbox 158 3082 1823 3178">
    <p class='ocr_par' dir='ltr' id='par_1_45' title="bbox 158 3082 1823 3178">
     <span class='ocr_line' id='line_1_45' title="bbox 158 3082 1823 3178; baseline 0.001 -43"><span class='ocrx_word' id='word_1_319' title='bbox 158 3082 354 3153; x_wconf 87' lang='lat' dir='ltr'><strong>plures</strong></span> <span class='ocrx_word' id='word_1_320' title='bbox 378 3082 538 3137; x_wconf 86' lang='lat' dir='ltr'><strong>videt</strong></span> <span class='ocrx_word' id='word_1_321' title='bbox 563 3084 806 3162; x_wconf 82' lang='lat' dir='ltr'><strong>horrere.</strong></span> <span class='ocrx_word' id='word_1_322' title='bbox 842 3084 908 3138; x_wconf 85' lang='lat' dir='ltr'><strong>Et</strong></span> <span class='ocrx_word' id='word_1_323' title='bbox 935 3086 1007 3140; x_wconf 86' lang='lat' dir='ltr'><strong>ita</strong></span> <span class='ocrx_word' id='word_1_324' title='bbox 1037 3083 1250 3148; x_wconf 85' lang='lat' dir='ltr'><strong>sullieit,</strong></span> <span class='ocrx_word' id='word_1_325' title='bbox 1279 3084 1419 3153; x_wconf 87' lang='lat' dir='ltr'><strong>quod</strong></span> <span class='ocrx_word' id='word_1_326' title='bbox 1448 3099 1478 3136; x_wconf 89' lang='lat' dir='ltr'><strong>a</strong></span> <span class='ocrx_word' id='word_1_327' title='bbox 1508 3083 1749 3154; x_wconf 89' lang='lat' dir='ltr'><strong>pluribus</strong></span> <span class='ocrx_word' id='word_1_328' title='bbox 1776 3115 1823 3178; x_wconf 67' lang='grc' dir='ltr'><strong>ο</strong></span> 
     </span>
    </p>
   </div>
   <div class='ocr_carea' id='block_1_46' title="bbox 156 3175 519 3245">
    <p class='ocr_par' dir='ltr' id='par_1_46' title="bbox 156 3175 519 3245">
     <span class='ocr_line' id='line_1_46' title="bbox 156 3175 519 3245; baseline -0.003 -16"><span class='ocrx_word' id='word_1_329' title='bbox 156 3175 248 3244; x_wconf 89' lang='lat' dir='ltr'><strong>obj</strong></span> <span class='ocrx_word' id='word_1_330' title='bbox 257 3183 519 3245; x_wconf 82' lang='lat' dir='ltr'><strong>urgetur.</strong></span> 
     </span>
    </p>
   </div>
   <div class='ocr_carea' id='block_1_47' title="bbox 229 3285 1750 3344">
    <p class='ocr_par' dir='ltr' id='par_1_47' title="bbox 229 3285 1750 3344">
     <span class='ocr_line' id='line_1_47' title="bbox 229 3285 1750 3344; baseline 0.003 -5"><span class='ocrx_word' id='word_1_331' title='bbox 229 3286 411 3340; x_wconf 86' lang='lat' dir='ltr'><strong>Vens.</strong></span> <span class='ocrx_word' id='word_1_332' title='bbox 460 3285 515 3339; x_wconf 90' lang='lat'><strong>7.</strong></span> <span class='ocrx_word' id='word_1_333' title='bbox 536 3314 609 3325; x_wconf 89' lang='lat'><strong>-</strong></span> <span class='ocrx_word' id='word_1_334' title='bbox 629 3285 845 3340; x_wconf 82' lang='lat' dir='ltr'><strong>Donetis</strong></span> <span class='ocrx_word' id='word_1_335' title='bbox 863 3296 914 3340; x_wconf 84' lang='lat' dir='ltr'><strong>et</strong></span> <span class='ocrx_word' id='word_1_336' title='bbox 952 3287 1306 3341; x_wconf 72' lang='lat' dir='ltr'><strong>consulamini.</strong></span> <span class='ocrx_word' id='word_1_337' title='bbox 1356 3287 1523 3342; x_wconf 82' lang='lat' dir='ltr'><strong>Recte</strong></span> <span class='ocrx_word' id='word_1_338' title='bbox 1549 3287 1750 3344; x_wconf 89' lang='lat' dir='ltr'><strong>homini</strong></span> 
     </span>
    </p>
   </div>
   <div class='ocr_carea' id='block_1_48' title="bbox 158 3363 1749 3450">
    <p class='ocr_par' dir='ltr' id='par_1_48' title="bbox 158 3363 1749 3450">
     <span class='ocr_line' id='line_1_48' title="bbox 158 3363 1749 3450; baseline 0.002 -18"><span class='ocrx_word' id='word_1_339' title='bbox 158 3363 261 3446; x_wconf 79' lang='lat' dir='ltr'><strong>pro</strong></span> <span class='ocrx_word' id='word_1_340' title='bbox 294 3385 536 3447; x_wconf 83' lang='lat' dir='ltr'><strong>peccato</strong></span> <span class='ocrx_word' id='word_1_341' title='bbox 563 3376 761 3433; x_wconf 82' lang='lat' dir='ltr'><strong>atilicto</strong></span> <span class='ocrx_word' id='word_1_342' title='bbox 789 3378 1070 3450; x_wconf 87' lang='lat' dir='ltr'><strong>ignoscere</strong></span> <span class='ocrx_word' id='word_1_343' title='bbox 1093 3388 1150 3433; x_wconf 91' lang='lat' dir='ltr'><strong>et</strong></span> <span class='ocrx_word' id='word_1_344' title='bbox 1179 3379 1468 3434; x_wconf 87' lang='lat' dir='ltr'><strong>subvenire</strong></span> <span class='ocrx_word' id='word_1_345' title='bbox 1498 3394 1595 3449; x_wconf 85' lang='lat' dir='ltr'><strong>per</strong></span> <span class='ocrx_word' id='word_1_346' title='bbox 1618 3396 1749 3435; x_wconf 85' lang='lat' dir='ltr'><strong>eon-</strong></span> 
     </span>
    </p>
   </div>
   <div class='ocr_carea' id='block_1_49' title="bbox 160 3469 1753 3539">
    <p class='ocr_par' dir='ltr' id='par_1_49' title="bbox 160 3469 1753 3539">
     <span class='ocr_line' id='line_1_49' title="bbox 160 3469 1753 3539; baseline 0.002 -15"><span class='ocrx_word' id='word_1_347' title='bbox 160 3469 473 3524; x_wconf 84' lang='lat' dir='ltr'><strong>solationes</strong></span> <span class='ocrx_word' id='word_1_348' title='bbox 504 3470 764 3539; x_wconf 75' lang='lat' dir='ltr'><strong>praecipit.</strong></span> <span class='ocrx_word' id='word_1_349' title='bbox 808 3469 864 3524; x_wconf 92' lang='lat' dir='ltr'><strong>Si</strong></span> <span class='ocrx_word' id='word_1_350' title='bbox 893 3471 1036 3525; x_wconf 90' lang='lat' dir='ltr'><strong>enim</strong></span> <span class='ocrx_word' id='word_1_351' title='bbox 1064 3480 1339 3525; x_wconf 75' lang='lat' dir='ltr'><strong>conectas</strong></span> <span class='ocrx_word' id='word_1_352' title='bbox 1362 3472 1416 3524; x_wconf 90' lang='lat' dir='ltr'><strong>in</strong></span> <span class='ocrx_word' id='word_1_353' title='bbox 1447 3471 1628 3525; x_wconf 84' lang='lat' dir='ltr'><strong>animo</strong></span> <span class='ocrx_word' id='word_1_354' title='bbox 1659 3472 1753 3527; x_wconf 82' lang='lat' dir='ltr'><strong>do-</strong></span> 
     </span>
    </p>
   </div>
   <div class='ocr_carea' id='block_1_50' title="bbox 161 3557 1754 3629">
    <p class='ocr_par' dir='ltr' id='par_1_50' title="bbox 161 3557 1754 3629">
     <span class='ocr_line' id='line_1_50' title="bbox 161 3557 1754 3629; baseline 0.003 -19"><span class='ocrx_word' id='word_1_355' title='bbox 161 3557 257 3623; x_wconf 89' lang='lat' dir='ltr'><strong>let,</strong></span> <span class='ocrx_word' id='word_1_356' title='bbox 287 3573 426 3613; x_wconf 82' lang='lat' dir='ltr'><strong>mox</strong></span> <span class='ocrx_word' id='word_1_357' title='bbox 454 3557 623 3614; x_wconf 84' lang='lat' dir='ltr'><strong>habet</strong></span> <span class='ocrx_word' id='word_1_358' title='bbox 661 3558 917 3614; x_wconf 82' lang='lat' dir='ltr'><strong>fructum.</strong></span> <span class='ocrx_word' id='word_1_359' title='bbox 968 3557 1093 3614; x_wconf 71' lang='lat' dir='ltr'><strong>Haec</strong></span> <span class='ocrx_word' id='word_1_360' title='bbox 1123 3566 1207 3613; x_wconf 85' lang='lat' dir='ltr'><strong>est</strong></span> <span class='ocrx_word' id='word_1_361' title='bbox 1249 3559 1394 3613; x_wconf 87' lang='lat' dir='ltr'><strong>enim</strong></span> <span class='ocrx_word' id='word_1_362' title='bbox 1423 3573 1551 3613; x_wconf 90' lang='lat' dir='ltr'><strong>vera</strong></span> <span class='ocrx_word' id='word_1_363' title='bbox 1582 3561 1754 3629; x_wconf 78' lang='lat' dir='ltr'><strong>pumi-</strong></span> 
     </span>
    </p>
   </div>
   <div class='ocr_carea' id='block_1_51' title="bbox 162 3650 944 3720">
    <p class='ocr_par' dir='ltr' id='par_1_51' title="bbox 162 3650 944 3720">
     <span class='ocr_line' id='line_1_51' title="bbox 162 3650 944 3720; baseline 0.003 -17"><span class='ocrx_word' id='word_1_364' title='bbox 162 3650 362 3716; x_wconf 90' lang='lat' dir='ltr'><strong>tcntia,</strong></span> <span class='ocrx_word' id='word_1_365' title='bbox 389 3663 618 3706; x_wconf 86' lang='lat' dir='ltr'><strong>cessare</strong></span> <span class='ocrx_word' id='word_1_366' title='bbox 642 3664 673 3704; x_wconf 89' lang='lat' dir='ltr'><strong>a</strong></span> <span class='ocrx_word' id='word_1_367' title='bbox 703 3658 944 3720; x_wconf 86' lang='lat' dir='ltr'><strong>peccato.</strong></span> 
     </span>
    </p>
   </div>
   <div class='ocr_carea' id='block_1_52' title="bbox 226 3757 1754 3828">
    <p class='ocr_par' dir='ltr' id='par_1_52' title="bbox 226 3757 1754 3828">
     <span class='ocr_line' id='line_1_52' title="bbox 226 3757 1754 3828; baseline 0.001 -17"><span class='ocrx_word' id='word_1_368' title='bbox 226 3757 404 3814; x_wconf 85' lang='lat' dir='ltr'><strong>Vens.</strong></span> <span class='ocrx_word' id='word_1_369' title='bbox 434 3758 497 3814; x_wconf 91' lang='lat'><strong>9.</strong></span> <span class='ocrx_word' id='word_1_370' title='bbox 522 3788 593 3798; x_wconf 93' lang='lat'><strong><em>—</em></strong></span> <span class='ocrx_word' id='word_1_371' title='bbox 618 3757 747 3813; x_wconf 86' lang='lat' dir='ltr'><strong>Ideo</strong></span> <span class='ocrx_word' id='word_1_372' title='bbox 766 3760 903 3813; x_wconf 87' lang='lat' dir='ltr'><strong>enim</strong></span> <span class='ocrx_word' id='word_1_373' title='bbox 928 3768 976 3813; x_wconf 86' lang='lat' dir='ltr'><strong>et</strong></span> <span class='ocrx_word' id='word_1_374' title='bbox 1001 3759 1203 3828; x_wconf 77' lang='lat' dir='ltr'><strong>scripsi.</strong></span> <span class='ocrx_word' id='word_1_375' title='bbox 1230 3758 1361 3813; x_wconf 88' lang='lat' dir='ltr'><strong>Cum</strong></span> <span class='ocrx_word' id='word_1_376' title='bbox 1388 3766 1607 3828; x_wconf 82' lang='lat' dir='ltr'><strong>propter</strong></span> <span class='ocrx_word' id='word_1_377' title='bbox 1630 3772 1754 3813; x_wconf 90' lang='lat' dir='ltr'><strong>cum</strong></span> 
     </span>
    </p>
   </div>
   <div class='ocr_carea' id='block_1_53' title="bbox 156 3849 1752 3920">
    <p class='ocr_par' dir='ltr' id='par_1_53' title="bbox 156 3849 1752 3920">
     <span class='ocr_line' id='line_1_53' title="bbox 156 3849 1752 3920; baseline -0.001 -16"><span class='ocrx_word' id='word_1_378' title='bbox 156 3850 548 3920; x_wconf 87' lang='lat' dir='ltr'><strong>recipiendum</strong></span> <span class='ocrx_word' id='word_1_379' title='bbox 590 3849 922 3919; x_wconf 87' lang='lat' dir='ltr'><strong>scripserim,</strong></span> <span class='ocrx_word' id='word_1_380' title='bbox 948 3858 1169 3919; x_wconf 90' lang='lat' dir='ltr'><strong>propter</strong></span> <span class='ocrx_word' id='word_1_381' title='bbox 1208 3849 1311 3908; x_wconf 85' lang='lat' dir='ltr'><strong>hoc</strong></span> <span class='ocrx_word' id='word_1_382' title='bbox 1352 3849 1515 3904; x_wconf 90' lang='lat' dir='ltr'><strong>etiam</strong></span> <span class='ocrx_word' id='word_1_383' title='bbox 1538 3850 1752 3919; x_wconf 89' lang='lat' dir='ltr'><strong>scripsi,</strong></span> 
     </span>
    </p>
   </div>
   <div class='ocr_carea' id='block_1_54' title="bbox 158 3940 1752 4012">
    <p class='ocr_par' dir='ltr' id='par_1_54' title="bbox 158 3940 1752 4012">
     <span class='ocr_line' id='line_1_54' title="bbox 158 3940 1752 4012; baseline 0.003 -20"><span class='ocrx_word' id='word_1_384' title='bbox 158 3950 219 3995; x_wconf 89' lang='lat' dir='ltr'><strong>ut</strong></span> <span class='ocrx_word' id='word_1_385' title='bbox 242 3957 390 4012; x_wconf 89' lang='lat' dir='ltr'><strong>quos</strong></span> <span class='ocrx_word' id='word_1_386' title='bbox 422 3949 689 4009; x_wconf 78' lang='lat' dir='ltr'><strong>expertus</strong></span> <span class='ocrx_word' id='word_1_387' title='bbox 715 3955 835 3996; x_wconf 87' lang='lat' dir='ltr'><strong>sum</strong></span> <span class='ocrx_word' id='word_1_388' title='bbox 868 3940 999 3994; x_wconf 89' lang='lat' dir='ltr'><strong>mibi</strong></span> <span class='ocrx_word' id='word_1_389' title='bbox 1040 3940 1352 3996; x_wconf 88' lang='lat' dir='ltr'><strong>obedientes</strong></span> <span class='ocrx_word' id='word_1_390' title='bbox 1379 3941 1430 3995; x_wconf 88' lang='lat' dir='ltr'><strong>in</strong></span> <span class='ocrx_word' id='word_1_391' title='bbox 1465 3940 1752 4008; x_wconf 85' lang='lat' dir='ltr'><strong>ejectione,</strong></span> 
     </span>
    </p>
   </div>
   <div class='ocr_carea' id='block_1_55' title="bbox 157 4028 1646 4103">
    <p class='ocr_par' dir='ltr' id='par_1_55' title="bbox 157 4028 1646 4103">
     <span class='ocr_line' id='line_1_55' title="bbox 157 4028 1646 4103; baseline -0.001 -16"><span class='ocrx_word' id='word_1_392' title='bbox 157 4028 505 4103; x_wconf 73' lang='lat' dir='ltr'><strong>cognoscam</strong></span> <span class='ocrx_word' id='word_1_393' title='bbox 533 4046 600 4085; x_wconf 86' lang='lat' dir='ltr'><strong>an</strong></span> <span class='ocrx_word' id='word_1_394' title='bbox 632 4032 684 4085; x_wconf 90' lang='lat' dir='ltr'><strong>in</strong></span> <span class='ocrx_word' id='word_1_395' title='bbox 712 4031 962 4085; x_wconf 90' lang='lat' dir='ltr'><strong>omnibus</strong></span> <span class='ocrx_word' id='word_1_396' title='bbox 986 4031 1298 4086; x_wconf 81' lang='lat' dir='ltr'><strong>obedientes</strong></span> <span class='ocrx_word' id='word_1_397' title='bbox 1322 4032 1431 4086; x_wconf 85' lang='lat' dir='ltr'><strong>sint</strong></span> <span class='ocrx_word' id='word_1_398' title='bbox 1462 4032 1646 4086; x_wconf 81' lang='lat' dir='ltr'><strong>futuri.</strong></span> 
     </span>
    </p>
   </div>
   <div class='ocr_carea' id='block_1_56' title="bbox 230 4119 1755 4178">
    <p class='ocr_par' dir='ltr' id='par_1_56' title="bbox 230 4119 1755 4178">
     <span class='ocr_line' id='line_1_56' title="bbox 230 4119 1755 4178; baseline -0.002 0"><span class='ocrx_word' id='word_1_399' title='bbox 230 4125 405 4178; x_wconf 82' lang='lat' dir='ltr'><strong>Vens.</strong></span> <span class='ocrx_word' id='word_1_400' title='bbox 453 4123 547 4177; x_wconf 80' lang='grc'><strong>11.</strong></span> <span class='ocrx_word' id='word_1_401' title='bbox 579 4152 649 4161; x_wconf 89' lang='grc'><strong><em>-</em></strong></span> <span class='ocrx_word' id='word_1_402' title='bbox 674 4119 741 4175; x_wconf 87' lang='lat' dir='ltr'><strong>Ut</strong></span> <span class='ocrx_word' id='word_1_403' title='bbox 776 4138 878 4176; x_wconf 87' lang='lat' dir='ltr'><strong>non</strong></span> <span class='ocrx_word' id='word_1_404' title='bbox 902 4122 1385 4176; x_wconf 82' lang='lat' dir='ltr'><strong>circumveninmur.</strong></span> <span class='ocrx_word' id='word_1_405' title='bbox 1435 4121 1560 4178; x_wconf 84' lang='lat' dir='ltr'><strong>Ideo</strong></span> <span class='ocrx_word' id='word_1_406' title='bbox 1590 4124 1755 4177; x_wconf 86' lang='lat' dir='ltr'><strong>debe-</strong></span> 
     </span>
    </p>
   </div>
   <div class='ocr_carea' id='block_1_57' title="bbox 159 4210 1758 4281">
    <p class='ocr_par' dir='ltr' id='par_1_57' title="bbox 159 4210 1758 4281">
     <span class='ocr_line' id='line_1_57' title="bbox 159 4210 1758 4281; baseline 0 -14"><span class='ocrx_word' id='word_1_407' title='bbox 159 4229 281 4269; x_wconf 90' lang='lat' dir='ltr'><strong>mus</strong></span> <span class='ocrx_word' id='word_1_408' title='bbox 302 4213 650 4275; x_wconf 87' lang='lat' dir='ltr'><strong>condonare,</strong></span> <span class='ocrx_word' id='word_1_409' title='bbox 682 4226 749 4265; x_wconf 90' lang='lat' dir='ltr'><strong>ne</strong></span> <span class='ocrx_word' id='word_1_410' title='bbox 768 4211 1098 4280; x_wconf 90' lang='lat' dir='ltr'><strong>deeipiamur</strong></span> <span class='ocrx_word' id='word_1_411' title='bbox 1117 4225 1148 4263; x_wconf 91' lang='lat' dir='ltr'><strong>a</strong></span> <span class='ocrx_word' id='word_1_412' title='bbox 1177 4210 1395 4275; x_wconf 87' lang='lat' dir='ltr'><strong>Satana,</strong></span> <span class='ocrx_word' id='word_1_413' title='bbox 1419 4226 1516 4281; x_wconf 82' lang='lat' dir='ltr'><strong>per</strong></span> <span class='ocrx_word' id='word_1_414' title='bbox 1535 4213 1758 4267; x_wconf 85' lang='lat' dir='ltr'><strong>nimiam</strong></span> 
     </span>
    </p>
   </div>
   <div class='ocr_carea' id='block_1_58' title="bbox 157 4303 1757 4376">
    <p class='ocr_par' dir='ltr' id='par_1_58' title="bbox 157 4303 1757 4376">
     <span class='ocr_line' id='line_1_58' title="bbox 157 4303 1757 4376; baseline -0.001 -17"><span class='ocrx_word' id='word_1_415' title='bbox 157 4308 555 4376; x_wconf 86' lang='lat' dir='ltr'><strong>asperitatem.</strong></span> <span class='ocrx_word' id='word_1_416' title='bbox 600 4303 753 4373; x_wconf 75' lang='lat' dir='ltr'><strong>Saepe</strong></span> <span class='ocrx_word' id='word_1_417' title='bbox 795 4304 937 4359; x_wconf 90' lang='lat' dir='ltr'><strong>enim</strong></span> <span class='ocrx_word' id='word_1_418' title='bbox 987 4312 1206 4373; x_wconf 85' lang='lat' dir='ltr'><strong>propter</strong></span> <span class='ocrx_word' id='word_1_419' title='bbox 1246 4304 1547 4371; x_wconf 79' lang='lat' dir='ltr'><strong>asperiores</strong></span> <span class='ocrx_word' id='word_1_420' title='bbox 1586 4304 1757 4359; x_wconf 88' lang='lat' dir='ltr'><strong>anim-</strong></span> 
     </span>
    </p>
   </div>
   <div class='ocr_carea' id='block_1_59' title="bbox 159 4392 1752 4463">
    <p class='ocr_par' dir='ltr' id='par_1_59' title="bbox 159 4392 1752 4463">
     <span class='ocr_line' id='line_1_59' title="bbox 159 4392 1752 4463; baseline -0.002 -13"><span class='ocrx_word' id='word_1_421' title='bbox 159 4397 530 4453; x_wconf 78' lang='lat' dir='ltr'><strong>adversiones</strong></span> <span class='ocrx_word' id='word_1_422' title='bbox 563 4395 616 4448; x_wconf 92' lang='lat' dir='ltr'><strong>in</strong></span> <span class='ocrx_word' id='word_1_423' title='bbox 645 4392 1068 4463; x_wconf 83' lang='lat' dir='ltr'><strong>desperationem</strong></span> <span class='ocrx_word' id='word_1_424' title='bbox 1101 4393 1342 4447; x_wconf 91' lang='lat' dir='ltr'><strong>inﬁrmus</strong></span> <span class='ocrx_word' id='word_1_425' title='bbox 1368 4393 1752 4463; x_wconf 66' lang='lat' dir='ltr'><strong>praecipitatur.</strong></span> 
     </span>
    </p>
   </div>
   <div class='ocr_carea' id='block_1_60' title="bbox 232 4457 1836 4547">
    <p class='ocr_par' dir='ltr' id='par_1_60' title="bbox 232 4457 1836 4547">
     <span class='ocr_line' id='line_1_60' title="bbox 232 4457 1836 4547; baseline -0.001 -7"><span class='ocrx_word' id='word_1_426' title='bbox 232 4486 406 4541; x_wconf 86' lang='lat' dir='ltr'><strong>Vens.</strong></span> <span class='ocrx_word' id='word_1_427' title='bbox 454 4483 548 4539; x_wconf 71' lang='grc' dir='ltr'><strong>η.</strong></span> <span class='ocrx_word' id='word_1_428' title='bbox 580 4512 649 4523; x_wconf 68' lang='grc' dir='ltr'><strong>α-</strong></span> <span class='ocrx_word' id='word_1_429' title='bbox 674 4457 802 4537; x_wconf 69' lang='lat' dir='ltr'><strong>Cum</strong></span> <span class='ocrx_word' id='word_1_430' title='bbox 831 4484 1081 4537; x_wconf 76' lang='lat' dir='ltr'><strong>venissem</strong></span> <span class='ocrx_word' id='word_1_431' title='bbox 1120 4492 1294 4535; x_wconf 89' lang='lat' dir='ltr'><strong>autem</strong></span> <span class='ocrx_word' id='word_1_432' title='bbox 1327 4457 1611 4547; x_wconf 73' lang='lat' dir='ltr'><strong>Troadem,</strong></span> <span class='ocrx_word' id='word_1_433' title='bbox 1645 4493 1751 4538; x_wconf 90' lang='lat' dir='ltr'><strong>etc.</strong></span> 
     </span>
    </p>
   </div>
   <div class='ocr_carea' id='block_1_61' title="bbox 2458 1852 2800 1910">
    <p class='ocr_par' dir='ltr' id='par_1_61' title="bbox 2458 1852 2800 1910">
     <span class='ocr_line' id='line_1_61' title="bbox 2458 1852 2800 1910; baseline -0.009 -1"><span class='ocrx_word' id='word_1_434' title='bbox 2458 1853 2682 1910; x_wconf 80' lang='lat' dir='ltr'><strong>CAPUT</strong></span> <span class='ocrx_word' id='word_1_435' title='bbox 2718 1852 2800 1907; x_wconf 92' lang='lat' dir='ltr'><strong>Ill.</strong></span> 
     </span>
    </p>
   </div>
   <div class='ocr_carea' id='block_1_62' title="bbox 1922 1959 3422 2033">
    <p class='ocr_par' dir='ltr' id='par_1_62' title="bbox 1922 1959 3422 2033">
     <span class='ocr_line' id='line_1_62' title="bbox 1922 1959 3422 2033; baseline 0.001 -19"><span class='ocrx_word' id='word_1_436' title='bbox 1922 1959 2080 2016; x_wconf 84' lang='lat' dir='ltr'><strong>Vens.</strong></span> <span class='ocrx_word' id='word_1_437' title='bbox 2124 1962 2174 2016; x_wconf 84' lang='lat' dir='ltr'><strong>l.</strong></span> <span class='ocrx_word' id='word_1_438' title='bbox 2202 1992 2271 2002; x_wconf 90' lang='lat'>—</span> <span class='ocrx_word' id='word_1_439' title='bbox 2299 1962 2586 2033; x_wconf 80' lang='lat' dir='ltr'><strong>lncipintus</strong></span> <span class='ocrx_word' id='word_1_440' title='bbox 2629 1966 2832 2018; x_wconf 83' lang='lat' dir='ltr'><strong>iterum.</strong></span> <span class='ocrx_word' id='word_1_441' title='bbox 2880 1963 3015 2030; x_wconf 84' lang='lat' dir='ltr'><strong>Quia</strong></span> <span class='ocrx_word' id='word_1_442' title='bbox 3058 1962 3265 2018; x_wconf 86' lang='lat' dir='ltr'><strong>sciebat</strong></span> <span class='ocrx_word' id='word_1_443' title='bbox 3328 1977 3422 2016; x_wconf 79' lang='lat' dir='ltr'><strong>eos</strong></span> 
     </span>
    </p>
   </div>
   <div class='ocr_carea' id='block_1_63' title="bbox 1849 2052 3419 2125">
    <p class='ocr_par' dir='ltr' id='par_1_63' title="bbox 1849 2052 3419 2125">
     <span class='ocr_line' id='line_1_63' title="bbox 1849 2052 3419 2125; baseline 0.003 -18"><span class='ocrx_word' id='word_1_444' title='bbox 1849 2052 2067 2108; x_wconf 83' lang='lat' dir='ltr'><strong>sinistre</strong></span> <span class='ocrx_word' id='word_1_445' title='bbox 2092 2056 2340 2125; x_wconf 85' lang='lat' dir='ltr'><strong>accipere</strong></span> <span class='ocrx_word' id='word_1_446' title='bbox 2370 2072 2522 2111; x_wconf 89' lang='lat' dir='ltr'><strong>suam</strong></span> <span class='ocrx_word' id='word_1_447' title='bbox 2550 2058 3094 2123; x_wconf 81' lang='lat' dir='ltr'><strong>comntemlationent,</strong></span> <span class='ocrx_word' id='word_1_448' title='bbox 3120 2058 3259 2111; x_wconf 90' lang='lat' dir='ltr'><strong>sicut</strong></span> <span class='ocrx_word' id='word_1_449' title='bbox 3281 2067 3330 2111; x_wconf 88' lang='lat' dir='ltr'><strong>et</strong></span> <span class='ocrx_word' id='word_1_450' title='bbox 3367 2058 3419 2111; x_wconf 76' lang='lat' dir='ltr'><strong>in</strong></span> 
     </span>
    </p>
   </div>
   <div class='ocr_carea' id='block_1_64' title="bbox 1848 2144 3420 2219">
    <p class='ocr_par' dir='ltr' id='par_1_64' title="bbox 1848 2144 3420 2219">
     <span class='ocr_line' id='line_1_64' title="bbox 1848 2144 3420 2219; baseline 0.004 -23"><span class='ocrx_word' id='word_1_451' title='bbox 1848 2144 2020 2213; x_wconf 88' lang='lat' dir='ltr'><strong>prima</strong></span> <span class='ocrx_word' id='word_1_452' title='bbox 2049 2145 2311 2214; x_wconf 76' lang='lat' dir='ltr'><strong>Epistula,</strong></span> <span class='ocrx_word' id='word_1_453' title='bbox 2340 2149 2494 2216; x_wconf 83' lang='lat' dir='ltr'><strong>quasi</strong></span> <span class='ocrx_word' id='word_1_454' title='bbox 2524 2163 2677 2203; x_wconf 89' lang='lat' dir='ltr'><strong>suam</strong></span> <span class='ocrx_word' id='word_1_455' title='bbox 2700 2150 2926 2217; x_wconf 86' lang='lat' dir='ltr'><strong>gloriam</strong></span> <span class='ocrx_word' id='word_1_456' title='bbox 2953 2160 3253 2219; x_wconf 62' lang='lat' dir='ltr'><strong>quaarerct;</strong></span> <span class='ocrx_word' id='word_1_457' title='bbox 3288 2150 3420 2202; x_wconf 82' lang='lat' dir='ltr'><strong>inei—</strong></span> 
     </span>
    </p>
   </div>
   <div class='ocr_carea' id='block_1_65' title="bbox 1849 2226 3409 2306">
    <p class='ocr_par' dir='ltr' id='par_1_65' title="bbox 1849 2226 3409 2306">
     <span class='ocr_line' id='line_1_65' title="bbox 1849 2226 3409 2306; baseline 0.004 -19"><span class='ocrx_word' id='word_1_458' title='bbox 1849 2234 1927 2303; x_wconf 90' lang='lat' dir='ltr'><strong>pit</strong></span> <span class='ocrx_word' id='word_1_459' title='bbox 1952 2226 2135 2290; x_wconf 57' lang='lat' dir='ltr'><strong>contra</strong></span> <span class='ocrx_word' id='word_1_460' title='bbox 2164 2251 2349 2290; x_wconf 86' lang='lat' dir='ltr'><strong>eorum</strong></span> <span class='ocrx_word' id='word_1_461' title='bbox 2371 2239 2676 2306; x_wconf 87' lang='lat' dir='ltr'><strong>opinionem</strong></span> <span class='ocrx_word' id='word_1_462' title='bbox 2704 2241 2991 2295; x_wconf 88' lang='lat' dir='ltr'><strong>ostendere</strong></span> <span class='ocrx_word' id='word_1_463' title='bbox 3034 2255 3093 2294; x_wconf 89' lang='lat' dir='ltr'><strong>se</strong></span> <span class='ocrx_word' id='word_1_464' title='bbox 3121 2256 3226 2297; x_wconf 90' lang='lat' dir='ltr'><strong>non</strong></span> <span class='ocrx_word' id='word_1_465' title='bbox 3258 2256 3409 2295; x_wconf 84' lang='lat' dir='ltr'><strong>suam</strong></span> 
     </span>
    </p>
   </div>
   <div class='ocr_carea' id='block_1_66' title="bbox 1850 2323 2629 2397">
    <p class='ocr_par' dir='ltr' id='par_1_66' title="bbox 1850 2323 2629 2397">
     <span class='ocr_line' id='line_1_66' title="bbox 1850 2323 2629 2397; baseline 0.008 -21"><span class='ocrx_word' id='word_1_466' title='bbox 1850 2323 2094 2394; x_wconf 79' lang='lat' dir='ltr'><strong>gloriam,</strong></span> <span class='ocrx_word' id='word_1_467' title='bbox 2123 2327 2216 2380; x_wconf 90' lang='lat' dir='ltr'><strong>sed</strong></span> <span class='ocrx_word' id='word_1_468' title='bbox 2249 2328 2340 2381; x_wconf 88' lang='lat' dir='ltr'><strong>Dei</strong></span> <span class='ocrx_word' id='word_1_469' title='bbox 2369 2343 2629 2397; x_wconf 82' lang='lat' dir='ltr'><strong>qmerere.</strong></span> 
     </span>
    </p>
   </div>
   <div class='ocr_carea' id='block_1_67' title="bbox 1922 2411 3426 2490">
    <p class='ocr_par' dir='ltr' id='par_1_67' title="bbox 1922 2411 3426 2490">
     <span class='ocr_line' id='line_1_67' title="bbox 1922 2411 3426 2490; baseline 0.003 -23"><span class='ocrx_word' id='word_1_470' title='bbox 1922 2411 2082 2469; x_wconf 78' lang='lat' dir='ltr'><strong>Vens.</strong></span> <span class='ocrx_word' id='word_1_471' title='bbox 2111 2415 2163 2469; x_wconf 79' lang='grc'><strong>5.</strong></span> <span class='ocrx_word' id='word_1_472' title='bbox 2188 2447 2254 2456; x_wconf 88' lang='grc'><strong>-</strong></span> <span class='ocrx_word' id='word_1_473' title='bbox 2282 2417 2488 2487; x_wconf 81' lang='lat' dir='ltr'><strong>Scripta</strong></span> <span class='ocrx_word' id='word_1_474' title='bbox 2513 2436 2634 2473; x_wconf 83' lang='lat' dir='ltr'><strong>non.</strong></span> <span class='ocrx_word' id='word_1_475' title='bbox 2671 2420 2812 2475; x_wconf 82' lang='lat' dir='ltr'><strong>Estis</strong></span> <span class='ocrx_word' id='word_1_476' title='bbox 2839 2422 3244 2490; x_wconf 69' lang='lat' dir='ltr'><strong>reprmsenlatio</strong></span> <span class='ocrx_word' id='word_1_477' title='bbox 3266 2419 3426 2475; x_wconf 57' lang='lat' dir='ltr'><strong>Chri-</strong></span> 
     </span>
    </p>
   </div>
   <div class='ocr_carea' id='block_1_68' title="bbox 1850 2501 3424 2582">
    <p class='ocr_par' dir='ltr' id='par_1_68' title="bbox 1850 2501 3424 2582">
     <span class='ocr_line' id='line_1_68' title="bbox 1850 2501 3424 2582; baseline 0.006 -26"><span class='ocrx_word' id='word_1_478' title='bbox 1850 2504 1919 2557; x_wconf 91' lang='lat' dir='ltr'><strong>sti</strong></span> <span class='ocrx_word' id='word_1_479' title='bbox 1947 2513 2002 2558; x_wconf 91' lang='lat' dir='ltr'><strong>et</strong></span> <span class='ocrx_word' id='word_1_480' title='bbox 2034 2520 2171 2570; x_wconf 88' lang='lat' dir='ltr'><strong>mea,</strong></span> <span class='ocrx_word' id='word_1_481' title='bbox 2201 2508 2301 2562; x_wconf 88' lang='lat' dir='ltr'><strong>hoc</strong></span> <span class='ocrx_word' id='word_1_482' title='bbox 2330 2520 2509 2564; x_wconf 89' lang='lat' dir='ltr'><strong>autem</strong></span> <span class='ocrx_word' id='word_1_483' title='bbox 2535 2501 2620 2565; x_wconf 87' lang='lat' dir='ltr'><strong>est</strong></span> <span class='ocrx_word' id='word_1_484' title='bbox 2651 2512 2875 2565; x_wconf 84' lang='lat' dir='ltr'><strong>ﬁrmiter</strong></span> <span class='ocrx_word' id='word_1_485' title='bbox 2915 2513 3172 2582; x_wconf 83' lang='lat' dir='ltr'><strong>scriptum</strong></span> <span class='ocrx_word' id='word_1_486' title='bbox 3204 2514 3257 2566; x_wconf 88' lang='lat' dir='ltr'><strong>in</strong></span> <span class='ocrx_word' id='word_1_487' title='bbox 3304 2528 3424 2567; x_wconf 86' lang='lat' dir='ltr'><strong>eor-</strong></span> 
     </span>
    </p>
   </div>
   <div class='ocr_carea' id='block_1_69' title="bbox 1852 2595 3424 2672">
    <p class='ocr_par' dir='ltr' id='par_1_69' title="bbox 1852 2595 3424 2672">
     <span class='ocr_line' id='line_1_69' title="bbox 1852 2595 3424 2672; baseline 0.004 -23"><span class='ocrx_word' id='word_1_488' title='bbox 1852 2595 2007 2650; x_wconf 88' lang='lat' dir='ltr'><strong>dibus</strong></span> <span class='ocrx_word' id='word_1_489' title='bbox 2054 2599 2275 2664; x_wconf 87' lang='lat' dir='ltr'><strong>nostris,</strong></span> <span class='ocrx_word' id='word_1_490' title='bbox 2311 2616 2415 2653; x_wconf 91' lang='lat' dir='ltr'><strong>non</strong></span> <span class='ocrx_word' id='word_1_491' title='bbox 2460 2600 2779 2665; x_wconf 88' lang='lat' dir='ltr'><strong>delebiliter,</strong></span> <span class='ocrx_word' id='word_1_492' title='bbox 2841 2612 2897 2656; x_wconf 91' lang='lat' dir='ltr'><strong>ttt</strong></span> <span class='ocrx_word' id='word_1_493' title='bbox 2944 2605 3086 2672; x_wconf 89' lang='lat' dir='ltr'><strong>quod</strong></span> <span class='ocrx_word' id='word_1_494' title='bbox 3120 2614 3424 2658; x_wconf 87' lang='lat' dir='ltr'><strong>atramento</strong></span> 
     </span>
    </p>
   </div>
   <div class='ocr_carea' id='block_1_70' title="bbox 1851 2688 3425 2763">
    <p class='ocr_par' dir='ltr' id='par_1_70' title="bbox 1851 2688 3425 2763">
     <span class='ocr_line' id='line_1_70' title="bbox 1851 2688 3425 2763; baseline 0.003 -22"><span class='ocrx_word' id='word_1_495' title='bbox 1851 2688 2110 2742; x_wconf 87' lang='lat' dir='ltr'><strong>scribitur</strong></span> <span class='ocrx_word' id='word_1_496' title='bbox 2144 2703 2158 2741; x_wconf 89' lang='lat'><strong>:</strong></span> <span class='ocrx_word' id='word_1_497' title='bbox 2193 2690 2274 2743; x_wconf 86' lang='lat' dir='ltr'><strong>vel</strong></span> <span class='ocrx_word' id='word_1_498' title='bbox 2301 2705 2406 2746; x_wconf 89' lang='lat' dir='ltr'><strong>uen</strong></span> <span class='ocrx_word' id='word_1_499' title='bbox 2449 2693 2604 2747; x_wconf 90' lang='lat' dir='ltr'><strong>tetris</strong></span> <span class='ocrx_word' id='word_1_500' title='bbox 2643 2694 2783 2748; x_wconf 90' lang='lat' dir='ltr'><strong>notis</strong></span> <span class='ocrx_word' id='word_1_501' title='bbox 2830 2693 3097 2747; x_wconf 69' lang='lat' dir='ltr'><strong>hmretiea:</strong></span> <span class='ocrx_word' id='word_1_502' title='bbox 3143 2695 3425 2763; x_wconf 80' lang='lat' dir='ltr'><strong>pravitatis</strong></span> 
     </span>
    </p>
   </div>
   <div class='ocr_carea' id='block_1_71' title="bbox 1851 2779 3420 2852">
    <p class='ocr_par' dir='ltr' id='par_1_71' title="bbox 1851 2779 3420 2852">
     <span class='ocr_line' id='line_1_71' title="bbox 1851 2779 3420 2852; baseline 0.004 -21"><span class='ocrx_word' id='word_1_503' title='bbox 1851 2780 1940 2848; x_wconf 87' lang='lat' dir='ltr'><strong>qui</strong></span> <span class='ocrx_word' id='word_1_504' title='bbox 1974 2779 2208 2836; x_wconf 77' lang='lat' dir='ltr'><strong>lucreses</strong></span> <span class='ocrx_word' id='word_1_505' title='bbox 2236 2780 2586 2838; x_wconf 89' lang='lat' dir='ltr'><strong>interserunt.</strong></span> <span class='ocrx_word' id='word_1_506' title='bbox 2625 2782 2747 2837; x_wconf 86' lang='lat' dir='ltr'><strong>Non</strong></span> <span class='ocrx_word' id='word_1_507' title='bbox 2774 2783 2828 2836; x_wconf 87' lang='lat' dir='ltr'><strong>in</strong></span> <span class='ocrx_word' id='word_1_508' title='bbox 2855 2781 3066 2836; x_wconf 81' lang='lat' dir='ltr'><strong>tabulis.</strong></span> <span class='ocrx_word' id='word_1_509' title='bbox 3113 2781 3275 2852; x_wconf 83' lang='lat' dir='ltr'><strong>Lapis</strong></span> <span class='ocrx_word' id='word_1_510' title='bbox 3317 2800 3420 2837; x_wconf 86' lang='lat' dir='ltr'><strong>non</strong></span> 
     </span>
    </p>
   </div>
   <div class='ocr_carea' id='block_1_72' title="bbox 1851 2868 3424 2939">
    <p class='ocr_par' dir='ltr' id='par_1_72' title="bbox 1851 2868 3424 2939">
     <span class='ocr_line' id='line_1_72' title="bbox 1851 2868 3424 2939; baseline 0.001 -16"><span class='ocrx_word' id='word_1_511' title='bbox 1851 2868 2030 2939; x_wconf 82' lang='lat' dir='ltr'><strong>signat</strong></span> <span class='ocrx_word' id='word_1_512' title='bbox 2083 2870 2185 2924; x_wconf 89' lang='lat' dir='ltr'><strong>nisi</strong></span> <span class='ocrx_word' id='word_1_513' title='bbox 2237 2872 2580 2927; x_wconf 88' lang='lat' dir='ltr'><strong>durissimatn</strong></span> <span class='ocrx_word' id='word_1_514' title='bbox 2647 2873 3021 2929; x_wconf 82' lang='lat' dir='ltr'><strong>voluntatem.</strong></span> <span class='ocrx_word' id='word_1_515' title='bbox 3064 2881 3120 2926; x_wconf 88' lang='lat' dir='ltr'><strong>et</strong></span> <span class='ocrx_word' id='word_1_516' title='bbox 3164 2873 3424 2927; x_wconf 83' lang='lat' dir='ltr'><strong>adversus</strong></span> 
     </span>
    </p>
   </div>
   <div class='ocr_carea' id='block_1_73' title="bbox 1850 2949 3429 3025">
    <p class='ocr_par' dir='ltr' id='par_1_73' title="bbox 1850 2949 3429 3025">
     <span class='ocr_line' id='line_1_73' title="bbox 1850 2949 3429 3025; baseline 0.003 -14"><span class='ocrx_word' id='word_1_517' title='bbox 1850 2958 2017 3013; x_wconf 87' lang='lat' dir='ltr'><strong>Deum</strong></span> <span class='ocrx_word' id='word_1_518' title='bbox 2044 2960 2407 3016; x_wconf 80' lang='lat' dir='ltr'><strong>inﬂexibilem.</strong></span> <span class='ocrx_word' id='word_1_519' title='bbox 2433 2959 2763 3016; x_wconf 82' lang='lat' dir='ltr'><strong>Carnalibus.</strong></span> <span class='ocrx_word' id='word_1_520' title='bbox 2794 2962 2848 3017; x_wconf 90' lang='lat' dir='ltr'><strong>ld</strong></span> <span class='ocrx_word' id='word_1_521' title='bbox 2868 2972 2971 3025; x_wconf 89' lang='lat' dir='ltr'><strong>est,</strong></span> <span class='ocrx_word' id='word_1_522' title='bbox 2990 2949 3206 3017; x_wconf 73' lang='lat' dir='ltr'><strong>sensum</strong></span> <span class='ocrx_word' id='word_1_523' title='bbox 3229 2964 3429 3018; x_wconf 85' lang='lat' dir='ltr'><strong>haben-</strong></span> 
     </span>
    </p>
   </div>
   <div class='ocr_carea' id='block_1_74' title="bbox 1853 3049 2763 3121">
    <p class='ocr_par' dir='ltr' id='par_1_74' title="bbox 1853 3049 2763 3121">
     <span class='ocr_line' id='line_1_74' title="bbox 1853 3049 2763 3121; baseline 0.005 -21"><span class='ocrx_word' id='word_1_524' title='bbox 1853 3049 2016 3112; x_wconf 89' lang='lat' dir='ltr'><strong>tibus,</strong></span> <span class='ocrx_word' id='word_1_525' title='bbox 2050 3067 2154 3106; x_wconf 85' lang='lat' dir='ltr'><strong>non</strong></span> <span class='ocrx_word' id='word_1_526' title='bbox 2186 3052 2408 3121; x_wconf 88' lang='lat' dir='ltr'><strong>lapideis</strong></span> <span class='ocrx_word' id='word_1_527' title='bbox 2436 3054 2553 3107; x_wconf 86' lang='lat' dir='ltr'><strong>sine</strong></span> <span class='ocrx_word' id='word_1_528' title='bbox 2579 3068 2763 3108; x_wconf 89' lang='lat' dir='ltr'><strong>sensu.</strong></span> 
     </span>
    </p>
   </div>
   <div class='ocr_carea' id='block_1_75' title="bbox 1929 3140 3424 3217">
    <p class='ocr_par' dir='ltr' id='par_1_75' title="bbox 1929 3140 3424 3217">
     <span class='ocr_line' id='line_1_75' title="bbox 1929 3140 3424 3217; baseline 0.006 -24"><span class='ocrx_word' id='word_1_529' title='bbox 1929 3140 2087 3194; x_wconf 83' lang='lat' dir='ltr'><strong>Vens.</strong></span> <span class='ocrx_word' id='word_1_530' title='bbox 2129 3142 2182 3195; x_wconf 75' lang='grc'><strong>4.</strong></span> <span class='ocrx_word' id='word_1_531' title='bbox 2213 3173 2284 3182; x_wconf 90' lang='lat'><strong>-</strong></span> <span class='ocrx_word' id='word_1_532' title='bbox 2314 3143 2612 3197; x_wconf 79' lang='lat' dir='ltr'><strong>Fiduciam.</strong></span> <span class='ocrx_word' id='word_1_533' title='bbox 2642 3145 2786 3200; x_wconf 75' lang='lat' dir='ltr'><strong>Dixit</strong></span> <span class='ocrx_word' id='word_1_534' title='bbox 2814 3159 2872 3199; x_wconf 68' lang='lat' dir='ltr'><strong>se</strong></span> <span class='ocrx_word' id='word_1_535' title='bbox 2902 3161 3006 3199; x_wconf 87' lang='lat' dir='ltr'><strong>non</strong></span> <span class='ocrx_word' id='word_1_536' title='bbox 3035 3162 3194 3217; x_wconf 79' lang='lat' dir='ltr'><strong>egere</strong></span> <span class='ocrx_word' id='word_1_537' title='bbox 3227 3148 3424 3217; x_wconf 86' lang='lat' dir='ltr'><strong>episto-</strong></span> 
     </span>
    </p>
   </div>
   <div class='ocr_carea' id='block_1_76' title="bbox 1854 3232 3425 3304">
    <p class='ocr_par' dir='ltr' id='par_1_76' title="bbox 1854 3232 3425 3304">
     <span class='ocr_line' id='line_1_76' title="bbox 1854 3232 3425 3304; baseline 0.005 -19"><span class='ocrx_word' id='word_1_538' title='bbox 1854 3232 1942 3295; x_wconf 90' lang='lat' dir='ltr'><strong>lis,</strong></span> <span class='ocrx_word' id='word_1_539' title='bbox 1967 3235 2124 3288; x_wconf 90' lang='lat' dir='ltr'><strong>modo</strong></span> <span class='ocrx_word' id='word_1_540' title='bbox 2160 3234 2309 3299; x_wconf 86' lang='lat' dir='ltr'><strong>dicit,</strong></span> <span class='ocrx_word' id='word_1_541' title='bbox 2336 3242 2476 3304; x_wconf 88' lang='lat' dir='ltr'><strong>quod</strong></span> <span class='ocrx_word' id='word_1_542' title='bbox 2510 3252 2615 3289; x_wconf 89' lang='lat' dir='ltr'><strong>non</strong></span> <span class='ocrx_word' id='word_1_543' title='bbox 2645 3252 2705 3291; x_wconf 88' lang='lat' dir='ltr'><strong>se</strong></span> <span class='ocrx_word' id='word_1_544' title='bbox 2745 3240 3108 3301; x_wconf 85' lang='lat' dir='ltr'><strong>emmncndat,</strong></span> <span class='ocrx_word' id='word_1_545' title='bbox 3147 3240 3238 3293; x_wconf 89' lang='lat' dir='ltr'><strong>sed</strong></span> <span class='ocrx_word' id='word_1_546' title='bbox 3267 3240 3425 3293; x_wconf 77' lang='lat' dir='ltr'><strong>Chri-</strong></span> 
     </span>
    </p>
   </div>
   <div class='ocr_carea' id='block_1_77' title="bbox 1854 3324 3421 3395">
    <p class='ocr_par' dir='ltr' id='par_1_77' title="bbox 1854 3324 3421 3395">
     <span class='ocr_line' id='line_1_77' title="bbox 1854 3324 3421 3395; baseline 0.003 -18"><span class='ocrx_word' id='word_1_547' title='bbox 1854 3332 2027 3386; x_wconf 85' lang='lat' dir='ltr'><strong>stum;</strong></span> <span class='ocrx_word' id='word_1_548' title='bbox 2058 3324 2207 3392; x_wconf 88' lang='lat' dir='ltr'><strong>qnasi</strong></span> <span class='ocrx_word' id='word_1_549' title='bbox 2248 3325 2389 3379; x_wconf 88' lang='lat' dir='ltr'><strong>dicat</strong></span> <span class='ocrx_word' id='word_1_550' title='bbox 2415 3344 2427 3378; x_wconf 89' lang='lat'><strong>:</strong></span> <span class='ocrx_word' id='word_1_551' title='bbox 2462 3326 2697 3395; x_wconf 79' lang='lat' dir='ltr'><strong>Epistula</strong></span> <span class='ocrx_word' id='word_1_552' title='bbox 2720 3324 2940 3389; x_wconf 88' lang='lat' dir='ltr'><strong>Christi,</strong></span> <span class='ocrx_word' id='word_1_553' title='bbox 2970 3337 3024 3381; x_wconf 90' lang='lat' dir='ltr'><strong>ct</strong></span> <span class='ocrx_word' id='word_1_554' title='bbox 3051 3339 3231 3381; x_wconf 83' lang='lat' dir='ltr'><strong>nostra</strong></span> <span class='ocrx_word' id='word_1_555' title='bbox 3264 3329 3421 3392; x_wconf 86' lang='lat' dir='ltr'><strong>estis,</strong></span> 
     </span>
    </p>
   </div>
   <div class='ocr_carea' id='block_1_78' title="bbox 1855 3415 3421 3482">
    <p class='ocr_par' dir='ltr' id='par_1_78' title="bbox 1855 3415 3421 3482">
     <span class='ocr_line' id='line_1_78' title="bbox 1855 3415 3421 3482; baseline 0.003 -14"><span class='ocrx_word' id='word_1_556' title='bbox 1855 3415 1949 3469; x_wconf 88' lang='lat' dir='ltr'><strong>sed</strong></span> <span class='ocrx_word' id='word_1_557' title='bbox 1989 3415 2239 3470; x_wconf 86' lang='lat' dir='ltr'><strong>ﬁduciam</strong></span> <span class='ocrx_word' id='word_1_558' title='bbox 2263 3416 2473 3471; x_wconf 90' lang='lat' dir='ltr'><strong>dicendi</strong></span> <span class='ocrx_word' id='word_1_559' title='bbox 2505 3418 2626 3471; x_wconf 89' lang='lat' dir='ltr'><strong>talia</strong></span> <span class='ocrx_word' id='word_1_560' title='bbox 2659 3433 2760 3473; x_wconf 91' lang='lat' dir='ltr'><strong>non</strong></span> <span class='ocrx_word' id='word_1_561' title='bbox 2787 3419 2854 3473; x_wconf 86' lang='lat' dir='ltr'><strong>ad</strong></span> <span class='ocrx_word' id='word_1_562' title='bbox 2878 3434 2993 3482; x_wconf 90' lang='lat' dir='ltr'><strong>vos.</strong></span> <span class='ocrx_word' id='word_1_563' title='bbox 3019 3420 3112 3474; x_wconf 88' lang='lat' dir='ltr'><strong>sed</strong></span> <span class='ocrx_word' id='word_1_564' title='bbox 3138 3421 3204 3474; x_wconf 91' lang='lat' dir='ltr'><strong>ad</strong></span> <span class='ocrx_word' id='word_1_565' title='bbox 3255 3420 3421 3475; x_wconf 82' lang='lat' dir='ltr'><strong>Deum</strong></span> 
     </span>
    </p>
   </div>
   <div class='ocr_carea' id='block_1_79' title="bbox 1855 3507 2157 3563">
    <p class='ocr_par' dir='ltr' id='par_1_79' title="bbox 1855 3507 2157 3563">
     <span class='ocr_line' id='line_1_79' title="bbox 1855 3507 2157 3563; baseline 0.003 -3"><span class='ocrx_word' id='word_1_566' title='bbox 1855 3507 2157 3563; x_wconf 75' lang='lat' dir='ltr'><strong>referimus.</strong></span> 
     </span>
    </p>
   </div>
   <div class='ocr_carea' id='block_1_80' title="bbox 1928 3595 3416 3676">
    <p class='ocr_par' dir='ltr' id='par_1_80' title="bbox 1928 3595 3416 3676">
     <span class='ocr_line' id='line_1_80' title="bbox 1928 3595 3416 3676; baseline 0.01 -29"><span class='ocrx_word' id='word_1_567' title='bbox 1928 3595 2088 3653; x_wconf 81' lang='lat' dir='ltr'><strong>Vens.</strong></span> <span class='ocrx_word' id='word_1_568' title='bbox 2115 3598 2167 3653; x_wconf 87' lang='grc'><strong>5.</strong></span> <span class='ocrx_word' id='word_1_569' title='bbox 2204 3628 2273 3639; x_wconf 87' lang='lat'><strong>—-</strong></span> <span class='ocrx_word' id='word_1_570' title='bbox 2303 3600 2425 3654; x_wconf 82' lang='lat' dir='ltr'><strong>Non</strong></span> <span class='ocrx_word' id='word_1_571' title='bbox 2451 3603 2590 3671; x_wconf 84' lang='lat' dir='ltr'><strong>quod</strong></span> <span class='ocrx_word' id='word_1_572' title='bbox 2633 3604 2957 3674; x_wconf 63' lang='lat' dir='ltr'><strong>sufﬁcientes.</strong></span> <span class='ocrx_word' id='word_1_573' title='bbox 3005 3605 3187 3676; x_wconf 79' lang='lat' dir='ltr'><strong>(Auc.,</strong></span> <span class='ocrx_word' id='word_1_574' title='bbox 3216 3606 3308 3661; x_wconf 87' lang='lat' dir='ltr'><strong>lib.</strong></span> <span class='ocrx_word' id='word_1_575' title='bbox 3353 3624 3416 3662; x_wconf 87' lang='lat' dir='ltr'><strong>ll.</strong></span> 
     </span>
    </p>
   </div>
   <div class='ocr_carea' id='block_1_81' title="bbox 1853 3692 3419 3768">
    <p class='ocr_par' dir='ltr' id='par_1_81' title="bbox 1853 3692 3419 3768">
     <span class='ocr_line' id='line_1_81' title="bbox 1853 3692 3419 3768; baseline 0.008 -26"><span class='ocrx_word' id='word_1_576' title='bbox 1853 3700 2033 3744; x_wconf 81' lang='lat' dir='ltr'><strong>contra</strong></span> <span class='ocrx_word' id='word_1_577' title='bbox 2059 3693 2341 3761; x_wconf 84' lang='lat' dir='ltr'><strong>dttasepist.</strong></span> <span class='ocrx_word' id='word_1_578' title='bbox 2370 3692 2574 3765; x_wconf 81' lang='lat' dir='ltr'><strong>Pelag.,</strong></span> <span class='ocrx_word' id='word_1_579' title='bbox 2601 3711 2650 3750; x_wconf 88' lang='lat' dir='ltr'><strong>e.</strong></span> <span class='ocrx_word' id='word_1_580' title='bbox 2680 3697 2759 3759; x_wconf 88' lang='lat'><strong>8.)</strong></span> <span class='ocrx_word' id='word_1_581' title='bbox 2782 3697 2913 3764; x_wconf 82' lang='lat' dir='ltr'><strong>Quis</strong></span> <span class='ocrx_word' id='word_1_582' title='bbox 2935 3713 3039 3753; x_wconf 86' lang='lat' dir='ltr'><strong>non</strong></span> <span class='ocrx_word' id='word_1_583' title='bbox 3063 3700 3246 3754; x_wconf 85' lang='lat' dir='ltr'><strong>videat</strong></span> <span class='ocrx_word' id='word_1_584' title='bbox 3265 3700 3419 3768; x_wconf 87' lang='lat' dir='ltr'><strong>prius</strong></span> 
     </span>
    </p>
   </div>
   <div class='ocr_carea' id='block_1_82' title="bbox 1855 3781 3419 3858">
    <p class='ocr_par' dir='ltr' id='par_1_82' title="bbox 1855 3781 3419 3858">
     <span class='ocr_line' id='line_1_82' title="bbox 1855 3781 3419 3858; baseline 0.007 -24"><span class='ocrx_word' id='word_1_585' title='bbox 1855 3794 1974 3834; x_wconf 87' lang='lat' dir='ltr'><strong>esse</strong></span> <span class='ocrx_word' id='word_1_586' title='bbox 2001 3781 2238 3851; x_wconf 83' lang='lat' dir='ltr'><strong>cogitare</strong></span> <span class='ocrx_word' id='word_1_587' title='bbox 2259 3786 2680 3852; x_wconf 72' lang='lat' dir='ltr'><strong>quameredere?</strong></span> <span class='ocrx_word' id='word_1_588' title='bbox 2699 3786 2884 3843; x_wconf 83' lang='lat' dir='ltr'><strong>Nullus</strong></span> <span class='ocrx_word' id='word_1_589' title='bbox 2909 3789 3104 3858; x_wconf 87' lang='lat' dir='ltr'><strong>quippe</strong></span> <span class='ocrx_word' id='word_1_590' title='bbox 3124 3792 3297 3845; x_wconf 91' lang='lat' dir='ltr'><strong>credit</strong></span> <span class='ocrx_word' id='word_1_591' title='bbox 3318 3791 3419 3845; x_wconf 84' lang='lat' dir='ltr'><strong>ali-</strong></span> 
     </span>
    </p>
   </div>
   <div class='ocr_carea' id='block_1_83' title="bbox 1854 3866 3420 3947">
    <p class='ocr_par' dir='ltr' id='par_1_83' title="bbox 1854 3866 3420 3947">
     <span class='ocr_line' id='line_1_83' title="bbox 1854 3866 3420 3947; baseline 0.008 -27"><span class='ocrx_word' id='word_1_592' title='bbox 1854 3866 1981 3935; x_wconf 89' lang='lat' dir='ltr'><strong>quid</strong></span> <span class='ocrx_word' id='word_1_593' title='bbox 1996 3867 2095 3922; x_wconf 89' lang='lat' dir='ltr'><strong>nisi</strong></span> <span class='ocrx_word' id='word_1_594' title='bbox 2118 3871 2266 3938; x_wconf 88' lang='lat' dir='ltr'><strong>prius</strong></span> <span class='ocrx_word' id='word_1_595' title='bbox 2278 3872 2595 3941; x_wconf 87' lang='lat' dir='ltr'><strong>cogitaverit</strong></span> <span class='ocrx_word' id='word_1_596' title='bbox 2611 3888 2731 3929; x_wconf 88' lang='lat' dir='ltr'><strong>esse</strong></span> <span class='ocrx_word' id='word_1_597' title='bbox 2745 3878 3088 3932; x_wconf 86' lang='lat' dir='ltr'><strong>credendum.</strong></span> <span class='ocrx_word' id='word_1_598' title='bbox 3102 3877 3420 3947; x_wconf 82' lang='lat' dir='ltr'><strong>Quanquam</strong></span> 
     </span>
    </p>
   </div>
   <div class='ocr_carea' id='block_1_84' title="bbox 1854 3957 3422 4035">
    <p class='ocr_par' dir='ltr' id='par_1_84' title="bbox 1854 3957 3422 4035">
     <span class='ocr_line' id='line_1_84' title="bbox 1854 3957 3422 4035; baseline 0.008 -25"><span class='ocrx_word' id='word_1_599' title='bbox 1854 3968 1910 4011; x_wconf 89' lang='lat' dir='ltr'><strong>et</strong></span> <span class='ocrx_word' id='word_1_600' title='bbox 1938 3957 2111 4027; x_wconf 90' lang='lat' dir='ltr'><strong>ipsum</strong></span> <span class='ocrx_word' id='word_1_601' title='bbox 2153 3962 2373 4016; x_wconf 88' lang='lat' dir='ltr'><strong>credere</strong></span> <span class='ocrx_word' id='word_1_602' title='bbox 2402 3963 2532 4017; x_wconf 89' lang='lat' dir='ltr'><strong>nihil</strong></span> <span class='ocrx_word' id='word_1_603' title='bbox 2559 3974 2643 4032; x_wconf 72' lang='lat' dir='ltr'><strong>est</strong></span> <span class='ocrx_word' id='word_1_604' title='bbox 2685 3966 2852 4028; x_wconf 87' lang='lat' dir='ltr'><strong>aliud,</strong></span> <span class='ocrx_word' id='word_1_605' title='bbox 2875 3982 3036 4035; x_wconf 89' lang='lat' dir='ltr'><strong>quam</strong></span> <span class='ocrx_word' id='word_1_606' title='bbox 3068 3984 3190 4023; x_wconf 93' lang='lat' dir='ltr'><strong>cum</strong></span> <span class='ocrx_word' id='word_1_607' title='bbox 3235 3985 3422 4025; x_wconf 87' lang='lat' dir='ltr'><strong>asseu-</strong></span> 
     </span>
    </p>
   </div>
   <div class='ocr_carea' id='block_1_85' title="bbox 1856 4048 3421 4125">
    <p class='ocr_par' dir='ltr' id='par_1_85' title="bbox 1856 4048 3421 4125">
     <span class='ocr_line' id='line_1_85' title="bbox 1856 4048 3421 4125; baseline 0.008 -25"><span class='ocrx_word' id='word_1_608' title='bbox 1856 4048 2007 4102; x_wconf 88' lang='lat' dir='ltr'><strong>sione</strong></span> <span class='ocrx_word' id='word_1_609' title='bbox 2030 4050 2283 4119; x_wconf 85' lang='lat' dir='ltr'><strong>cogitare.</strong></span> <span class='ocrx_word' id='word_1_610' title='bbox 2331 4051 2386 4105; x_wconf 92' lang='lat' dir='ltr'><strong>Si</strong></span> <span class='ocrx_word' id='word_1_611' title='bbox 2414 4067 2545 4122; x_wconf 75' lang='lat' dir='ltr'><strong>ergo</strong></span> <span class='ocrx_word' id='word_1_612' title='bbox 2583 4055 2821 4125; x_wconf 87' lang='lat' dir='ltr'><strong>cogitare</strong></span> <span class='ocrx_word' id='word_1_613' title='bbox 2858 4056 3059 4110; x_wconf 88' lang='lat' dir='ltr'><strong>bonum</strong></span> <span class='ocrx_word' id='word_1_614' title='bbox 3089 4073 3195 4112; x_wconf 89' lang='lat' dir='ltr'><strong>non</strong></span> <span class='ocrx_word' id='word_1_615' title='bbox 3225 4068 3306 4114; x_wconf 88' lang='lat' dir='ltr'><strong>est</strong></span> <span class='ocrx_word' id='word_1_616' title='bbox 3351 4075 3421 4112; x_wconf 84' lang='lat' dir='ltr'><strong>ex</strong></span> 
     </span>
    </p>
   </div>
   <div class='ocr_carea' id='block_1_86' title="bbox 1856 4138 2421 4201">
    <p class='ocr_par' dir='ltr' id='par_1_86' title="bbox 1856 4138 2421 4201">
     <span class='ocr_line' id='line_1_86' title="bbox 1856 4138 2421 4201; baseline 0.004 -9"><span class='ocrx_word' id='word_1_617' title='bbox 1856 4138 2029 4201; x_wconf 88' lang='lat' dir='ltr'><strong>nobis,</strong></span> <span class='ocrx_word' id='word_1_618' title='bbox 2055 4154 2153 4193; x_wconf 85' lang='lat' dir='ltr'><strong>nec</strong></span> <span class='ocrx_word' id='word_1_619' title='bbox 2181 4140 2421 4197; x_wconf 90' lang='lat' dir='ltr'><strong>credere.</strong></span> 
     </span>
    </p>
   </div>
   <div class='ocr_carea' id='block_1_87' title="bbox 1929 4226 3420 4310">
    <p class='ocr_par' dir='ltr' id='par_1_87' title="bbox 1929 4226 3420 4310">
     <span class='ocr_line' id='line_1_87' title="bbox 1929 4226 3420 4310; baseline 0.009 -29"><span class='ocrx_word' id='word_1_620' title='bbox 1929 4226 2035 4282; x_wconf 83' lang='lat' dir='ltr'><strong>Sed</strong></span> <span class='ocrx_word' id='word_1_621' title='bbox 2064 4231 2388 4299; x_wconf 68' lang='lat' dir='ltr'><strong>sit/ﬁdentia.</strong></span> <span class='ocrx_word' id='word_1_622' title='bbox 2418 4233 2713 4290; x_wconf 78' lang='lat' dir='ltr'><strong>Attendant</strong></span> <span class='ocrx_word' id='word_1_623' title='bbox 2742 4236 2829 4292; x_wconf 92' lang='lat' dir='ltr'><strong>hic</strong></span> <span class='ocrx_word' id='word_1_624' title='bbox 2863 4246 2919 4293; x_wconf 92' lang='lat' dir='ltr'><strong>et</strong></span> <span class='ocrx_word' id='word_1_625' title='bbox 2944 4240 3107 4294; x_wconf 88' lang='lat' dir='ltr'><strong>verba</strong></span> <span class='ocrx_word' id='word_1_626' title='bbox 3153 4238 3255 4295; x_wconf 87' lang='lat' dir='ltr'><strong>ista</strong></span> <span class='ocrx_word' id='word_1_627' title='bbox 3297 4255 3420 4310; x_wconf 90' lang='lat' dir='ltr'><strong>per-</strong></span> 
     </span>
    </p>
   </div>
   <div class='ocr_carea' id='block_1_88' title="bbox 1856 4320 3423 4400">
    <p class='ocr_par' dir='ltr' id='par_1_88' title="bbox 1856 4320 3423 4400">
     <span class='ocr_line' id='line_1_88' title="bbox 1856 4320 3423 4400; baseline 0.009 -28"><span class='ocrx_word' id='word_1_628' title='bbox 1856 4320 2110 4389; x_wconf 89' lang='lat' dir='ltr'><strong>pendant,</strong></span> <span class='ocrx_word' id='word_1_629' title='bbox 2140 4323 2245 4390; x_wconf 52' lang='lat' dir='ltr'><strong>qui.</strong></span> <span class='ocrx_word' id='word_1_630' title='bbox 2262 4333 2450 4393; x_wconf 87' lang='lat' dir='ltr'><strong>putant</strong></span> <span class='ocrx_word' id='word_1_631' title='bbox 2483 4341 2551 4380; x_wconf 79' lang='lat' dir='ltr'><strong>ex</strong></span> <span class='ocrx_word' id='word_1_632' title='bbox 2582 4328 2736 4383; x_wconf 87' lang='lat' dir='ltr'><strong>nobis</strong></span> <span class='ocrx_word' id='word_1_633' title='bbox 2760 4343 2879 4383; x_wconf 90' lang='lat' dir='ltr'><strong>esse</strong></span> <span class='ocrx_word' id='word_1_634' title='bbox 2909 4330 3029 4385; x_wconf 89' lang='lat' dir='ltr'><strong>ﬁdei</strong></span> <span class='ocrx_word' id='word_1_635' title='bbox 3081 4342 3340 4400; x_wconf 70' lang='lat' dir='ltr'><strong>emptum,</strong></span> <span class='ocrx_word' id='word_1_636' title='bbox 3365 4341 3423 4389; x_wconf 86' lang='lat' dir='ltr'><strong>et</strong></span> 
     </span>
    </p>
   </div>
   <div class='ocr_carea' id='block_1_89' title="bbox 1858 4411 3422 4492">
    <p class='ocr_par' dir='ltr' id='par_1_89' title="bbox 1858 4411 3422 4492">
     <span class='ocr_line' id='line_1_89' title="bbox 1858 4411 3422 4492; baseline 0.009 -28"><span class='ocrx_word' id='word_1_637' title='bbox 1858 4425 1924 4464; x_wconf 75' lang='lat' dir='ltr'><strong>ex</strong></span> <span class='ocrx_word' id='word_1_638' title='bbox 1956 4411 2067 4466; x_wconf 89' lang='lat' dir='ltr'><strong>Deo</strong></span> <span class='ocrx_word' id='word_1_639' title='bbox 2092 4411 2210 4480; x_wconf 87' lang='lat' dir='ltr'><strong>ejus</strong></span> <span class='ocrx_word' id='word_1_640' title='bbox 2240 4416 2688 4485; x_wconf 86' lang='lat' dir='ltr'><strong>supplementum.</strong></span> <span class='ocrx_word' id='word_1_641' title='bbox 2736 4418 3089 4476; x_wconf 86' lang='lat' dir='ltr'><strong>Commendat</strong></span> <span class='ocrx_word' id='word_1_642' title='bbox 3114 4424 3256 4477; x_wconf 91' lang='lat' dir='ltr'><strong>enim</strong></span> <span class='ocrx_word' id='word_1_643' title='bbox 3297 4437 3422 4492; x_wconf 57' lang='lat' dir='ltr'><strong>grav</strong></span> 
     </span>
    </p>
   </div>
   <div class='ocr_carea' id='block_1_90' title="bbox 1862 4504 3419 4579">
    <p class='ocr_par' dir='ltr' id='par_1_90' title="bbox 1862 4504 3419 4579">
     <span class='ocr_line' id='line_1_90' title="bbox 1862 4504 3419 4579; baseline 0.011 -28"><span class='ocrx_word' id='word_1_644' title='bbox 1862 4504 2012 4560; x_wconf 86' lang='lat' dir='ltr'><strong>tiam,</strong></span> <span class='ocrx_word' id='word_1_645' title='bbox 2043 4516 2161 4570; x_wconf 77' lang='lat' dir='ltr'><strong>qua:</strong></span> <span class='ocrx_word' id='word_1_646' title='bbox 2205 4518 2312 4557; x_wconf 88' lang='lat' dir='ltr'><strong>non</strong></span> <span class='ocrx_word' id='word_1_647' title='bbox 2341 4504 2501 4561; x_wconf 89' lang='lat' dir='ltr'><strong>datur</strong></span> <span class='ocrx_word' id='word_1_648' title='bbox 2534 4510 2825 4564; x_wconf 89' lang='lat' dir='ltr'><strong>secundum</strong></span> <span class='ocrx_word' id='word_1_649' title='bbox 2858 4508 3033 4579; x_wconf 86' lang='lat' dir='ltr'><strong>aliqua</strong></span> <span class='ocrx_word' id='word_1_650' title='bbox 3082 4512 3294 4576; x_wconf 85' lang='lat' dir='ltr'><strong>merita,</strong></span> <span class='ocrx_word' id='word_1_651' title='bbox 3324 4512 3419 4568; x_wconf 84' lang='lat' dir='ltr'><strong>sed</strong></span> 
     </span>
    </p>
   </div>
   <div class='ocr_carea' id='block_1_91' title="bbox 157 4571 2615 4651">
    <p class='ocr_par' dir='ltr' id='par_1_91' title="bbox 157 4571 2615 4651">
     <span class='ocr_line' id='line_1_91' title="bbox 157 4571 2615 4651; baseline 0.001 -19"><span class='ocrx_word' id='word_1_652' title='bbox 157 4579 291 4634; x_wconf 86' lang='lat' dir='ltr'><strong>Post</strong></span> <span class='ocrx_word' id='word_1_653' title='bbox 346 4574 831 4644; x_wconf 88' lang='lat' dir='ltr'><strong>interpositionem</strong></span> <span class='ocrx_word' id='word_1_654' title='bbox 859 4574 926 4627; x_wconf 85' lang='lat' dir='ltr'><strong>de</strong></span> <span class='ocrx_word' id='word_1_655' title='bbox 955 4572 1262 4643; x_wconf 86' lang='lat' dir='ltr'><strong>recipiendo</strong></span> <span class='ocrx_word' id='word_1_656' title='bbox 1288 4571 1636 4636; x_wconf 82' lang='lat' dir='ltr'><strong>fonﬁeatore,</strong></span> <span class='ocrx_word' id='word_1_657' title='bbox 1668 4574 1754 4628; x_wconf 86' lang='lat' dir='ltr'><strong>re-</strong></span> <span class='ocrx_word' id='word_1_658' title='bbox 1853 4588 2012 4645; x_wconf 72' lang='grc' dir='ltr'><strong>ριιῖρῖι</strong></span> <span class='ocrx_word' id='word_1_659' title='bbox 2037 4593 2215 4647; x_wconf 50' lang='lat' dir='ltr'><strong>omnm</strong></span> <span class='ocrx_word' id='word_1_660' title='bbox 2237 4596 2374 4650; x_wconf 64' lang='lat' dir='ltr'><strong>bona</strong></span> <span class='ocrx_word' id='word_1_661' title='bbox 2402 4599 2615 4651; x_wconf 52' lang='lat' dir='ltr'><strong>mel-ila,</strong></span> 
     </span>
    </p>
   </div>
   <div class='ocr_carea' id='block_1_92' title="bbox 156 4662 1748 4740">
    <p class='ocr_par' dir='ltr' id='par_1_92' title="bbox 156 4662 1748 4740">
     <span class='ocr_line' id='line_1_92' title="bbox 156 4662 1748 4740; baseline -0.005 -17"><span class='ocrx_word' id='word_1_662' title='bbox 156 4671 239 4725; x_wconf 87' lang='lat' dir='ltr'><strong>dit</strong></span> <span class='ocrx_word' id='word_1_663' title='bbox 264 4671 335 4725; x_wconf 91' lang='lat' dir='ltr'><strong>ad</strong></span> <span class='ocrx_word' id='word_1_664' title='bbox 374 4672 556 4740; x_wconf 90' lang='lat' dir='ltr'><strong>ipsos,</strong></span> <span class='ocrx_word' id='word_1_665' title='bbox 578 4665 867 4720; x_wconf 84' lang='lat' dir='ltr'><strong>ostendens</strong></span> <span class='ocrx_word' id='word_1_666' title='bbox 900 4664 1043 4737; x_wconf 89' lang='lat' dir='ltr'><strong>quod</strong></span> <span class='ocrx_word' id='word_1_667' title='bbox 1069 4664 1208 4718; x_wconf 89' lang='lat' dir='ltr'><strong>sicut</strong></span> <span class='ocrx_word' id='word_1_668' title='bbox 1228 4662 1381 4733; x_wconf 92' lang='lat' dir='ltr'><strong>culpa</strong></span> <span class='ocrx_word' id='word_1_669' title='bbox 1415 4678 1602 4718; x_wconf 89' lang='lat' dir='ltr'><strong>eorum</strong></span> <span class='ocrx_word' id='word_1_670' title='bbox 1629 4662 1748 4725; x_wconf 81' lang='lat' dir='ltr'><strong>fuit,</strong></span> 
     </span>
    </p>
   </div>
   <div class='ocr_carea' id='block_1_93' title="bbox 157 4751 1749 4829">
    <p class='ocr_par' dir='ltr' id='par_1_93' title="bbox 157 4751 1749 4829">
     <span class='ocr_line' id='line_1_93' title="bbox 157 4751 1749 4829; baseline -0.004 -16"><span class='ocrx_word' id='word_1_671' title='bbox 157 4760 304 4829; x_wconf 89' lang='lat' dir='ltr'><strong>quod</strong></span> <span class='ocrx_word' id='word_1_672' title='bbox 334 4776 455 4815; x_wconf 85' lang='lat' dir='ltr'><strong>non</strong></span> <span class='ocrx_word' id='word_1_673' title='bbox 484 4756 636 4812; x_wconf 85' lang='lat' dir='ltr'><strong>venit</strong></span> <span class='ocrx_word' id='word_1_674' title='bbox 674 4755 1013 4818; x_wconf 88' lang='lat' dir='ltr'><strong>Corinthum,</strong></span> <span class='ocrx_word' id='word_1_675' title='bbox 1042 4753 1120 4808; x_wconf 90' lang='lat' dir='ltr'><strong>sic</strong></span> <span class='ocrx_word' id='word_1_676' title='bbox 1148 4752 1290 4824; x_wconf 89' lang='lat' dir='ltr'><strong>quod</strong></span> <span class='ocrx_word' id='word_1_677' title='bbox 1317 4769 1421 4808; x_wconf 88' lang='lat' dir='ltr'><strong>non</strong></span> <span class='ocrx_word' id='word_1_678' title='bbox 1446 4751 1670 4822; x_wconf 79' lang='lat' dir='ltr'><strong>profecit</strong></span> <span class='ocrx_word' id='word_1_679' title='bbox 1696 4753 1749 4807; x_wconf 91' lang='lat' dir='ltr'><strong>in</strong></span> 
     </span>
    </p>
   </div>
   <div class='ocr_carea' id='block_1_94' title="bbox 156 4841 1749 4916">
    <p class='ocr_par' dir='ltr' id='par_1_94' title="bbox 156 4841 1749 4916">
     <span class='ocr_line' id='line_1_94' title="bbox 156 4841 1749 4916; baseline -0.009 -9"><span class='ocrx_word' id='word_1_680' title='bbox 156 4851 381 4907; x_wconf 86' lang='lat' dir='ltr'><strong>Troade</strong></span> <span class='ocrx_word' id='word_1_681' title='bbox 409 4890 429 4916; x_wconf 89' lang='lat'><strong>,</strong></span> <span class='ocrx_word' id='word_1_682' title='bbox 469 4849 600 4903; x_wconf 90' lang='lat' dir='ltr'><strong>dum</strong></span> <span class='ocrx_word' id='word_1_683' title='bbox 641 4844 780 4916; x_wconf 90' lang='lat' dir='ltr'><strong>apud</strong></span> <span class='ocrx_word' id='word_1_684' title='bbox 828 4860 925 4901; x_wconf 89' lang='lat' dir='ltr'><strong>eos</strong></span> <span class='ocrx_word' id='word_1_685' title='bbox 958 4843 1244 4914; x_wconf 88' lang='lat' dir='ltr'><strong>impeditus</strong></span> <span class='ocrx_word' id='word_1_686' title='bbox 1292 4851 1534 4896; x_wconf 86' lang='lat' dir='ltr'><strong>moratur</strong></span> <span class='ocrx_word' id='word_1_687' title='bbox 1577 4841 1749 4906; x_wconf 87' lang='lat' dir='ltr'><strong>Titus,</strong></span> 
     </span>
    </p>
   </div>
   <div class='ocr_carea' id='block_1_95' title="bbox 157 4931 1749 5014">
    <p class='ocr_par' dir='ltr' id='par_1_95' title="bbox 157 4931 1749 5014">
     <span class='ocr_line' id='line_1_95' title="bbox 157 4931 1749 5014; baseline -0.008 -17"><span class='ocrx_word' id='word_1_688' title='bbox 157 4945 280 4999; x_wconf 78' lang='lat' dir='ltr'><strong>sine</strong></span> <span class='ocrx_word' id='word_1_689' title='bbox 308 4960 431 5014; x_wconf 88' lang='lat' dir='ltr'><strong>quo</strong></span> <span class='ocrx_word' id='word_1_690' title='bbox 464 4956 573 4995; x_wconf 90' lang='lat' dir='ltr'><strong>non</strong></span> <span class='ocrx_word' id='word_1_691' title='bbox 604 4944 817 5008; x_wconf 87' lang='lat' dir='ltr'><strong>poterat</strong></span> <span class='ocrx_word' id='word_1_692' title='bbox 854 4935 927 4990; x_wconf 78' lang='lat' dir='ltr'><strong>ibi</strong></span> <span class='ocrx_word' id='word_1_693' title='bbox 964 4933 1246 5003; x_wconf 87' lang='lat' dir='ltr'><strong>proﬁcere,</strong></span> <span class='ocrx_word' id='word_1_694' title='bbox 1277 4932 1402 5002; x_wconf 86' lang='lat' dir='ltr'><strong>quia</strong></span> <span class='ocrx_word' id='word_1_695' title='bbox 1439 4931 1621 4987; x_wconf 78' lang='lat' dir='ltr'><strong>forsan</strong></span> <span class='ocrx_word' id='word_1_696' title='bbox 1652 4931 1749 4986; x_wconf 87' lang='lat' dir='ltr'><strong>lin-</strong></span> 
     </span>
    </p>
   </div>
   <div class='ocr_carea' id='block_1_96' title="bbox 156 5020 1363 5104">
    <p class='ocr_par' dir='ltr' id='par_1_96' title="bbox 156 5020 1363 5104">
     <span class='ocr_line' id='line_1_96' title="bbox 156 5020 1363 5104; baseline -0.011 -15"><span class='ocrx_word' id='word_1_697' title='bbox 156 5049 263 5104; x_wconf 81' lang='lat' dir='ltr'><strong>gua</strong></span> <span class='ocrx_word' id='word_1_698' title='bbox 289 5045 501 5088; x_wconf 86' lang='lat' dir='ltr'><strong>eorum</strong></span> <span class='ocrx_word' id='word_1_699' title='bbox 525 5028 679 5082; x_wconf 87' lang='lat' dir='ltr'><strong>Titus</strong></span> <span class='ocrx_word' id='word_1_700' title='bbox 704 5020 1010 5095; x_wconf 79' lang='lat' dir='ltr'><strong>expressius</strong></span> <span class='ocrx_word' id='word_1_701' title='bbox 1040 5023 1116 5076; x_wconf 91' lang='lat' dir='ltr'><strong>uti</strong></span> <span class='ocrx_word' id='word_1_702' title='bbox 1135 5031 1363 5091; x_wconf 89' lang='lat' dir='ltr'><strong>poterat.</strong></span> 
     </span>
    </p>
   </div>
   <div class='ocr_carea' id='block_1_97' title="bbox 229 5111 1751 5185">
    <p class='ocr_par' dir='ltr' id='par_1_97' title="bbox 229 5111 1751 5185">
     <span class='ocr_line' id='line_1_97' title="bbox 229 5111 1751 5185; baseline -0.007 -8"><span class='ocrx_word' id='word_1_703' title='bbox 229 5122 413 5177; x_wconf 85' lang='lat' dir='ltr'><strong>Vens.</strong></span> <span class='ocrx_word' id='word_1_704' title='bbox 477 5117 567 5172; x_wconf 76' lang='grc'><strong>15.</strong></span> <span class='ocrx_word' id='word_1_705' title='bbox 590 5147 663 5159; x_wconf 96' lang='grc'><strong><em>-</em></strong></span> <span class='ocrx_word' id='word_1_706' title='bbox 689 5114 769 5169; x_wconf 85' lang='lat' dir='ltr'><strong>Eo</strong></span> <span class='ocrx_word' id='word_1_707' title='bbox 793 5113 931 5185; x_wconf 81' lang='lat' dir='ltr'><strong>quod</strong></span> <span class='ocrx_word' id='word_1_708' title='bbox 959 5129 1083 5167; x_wconf 88' lang='lat' dir='ltr'><strong>non.</strong></span> <span class='ocrx_word' id='word_1_709' title='bbox 1126 5111 1261 5178; x_wconf 83' lang='lat' dir='ltr'><strong>Quia</strong></span> <span class='ocrx_word' id='word_1_710' title='bbox 1291 5112 1438 5168; x_wconf 90' lang='lat' dir='ltr'><strong>solus</strong></span> <span class='ocrx_word' id='word_1_711' title='bbox 1464 5129 1570 5168; x_wconf 91' lang='lat' dir='ltr'><strong>non</strong></span> <span class='ocrx_word' id='word_1_712' title='bbox 1599 5120 1751 5182; x_wconf 90' lang='lat' dir='ltr'><strong>pote-</strong></span> 
     </span>
    </p>
   </div>
   <div class='ocr_carea' id='block_1_98' title="bbox 156 5202 1749 5272">
    <p class='ocr_par' dir='ltr' id='par_1_98' title="bbox 156 5202 1749 5272">
     <span class='ocr_line' id='line_1_98' title="bbox 156 5202 1749 5272; baseline -0.008 -4"><span class='ocrx_word' id='word_1_713' title='bbox 156 5222 245 5267; x_wconf 89' lang='lat' dir='ltr'><strong>rat</strong></span> <span class='ocrx_word' id='word_1_714' title='bbox 276 5211 487 5267; x_wconf 84' lang='lat' dir='ltr'><strong>ﬁdeles</strong></span> <span class='ocrx_word' id='word_1_715' title='bbox 513 5209 800 5271; x_wconf 86' lang='lat' dir='ltr'><strong>instruere,</strong></span> <span class='ocrx_word' id='word_1_716' title='bbox 828 5215 883 5260; x_wconf 91' lang='lat' dir='ltr'><strong>et</strong></span> <span class='ocrx_word' id='word_1_717' title='bbox 910 5202 1069 5260; x_wconf 86' lang='lat' dir='ltr'><strong>simul</strong></span> <span class='ocrx_word' id='word_1_718' title='bbox 1088 5203 1550 5272; x_wconf 88' lang='lat' dir='ltr'><strong>perstrepentibus</strong></span> <span class='ocrx_word' id='word_1_719' title='bbox 1574 5203 1749 5257; x_wconf 80' lang='lat' dir='ltr'><strong>inere-</strong></span> 
     </span>
    </p>
   </div>
   <div class='ocr_carea' id='block_1_99' title="bbox 151 5303 674 5369">
    <p class='ocr_par' dir='ltr' id='par_1_99' title="bbox 151 5303 674 5369">
     <span class='ocr_line' id='line_1_99' title="bbox 151 5303 674 5369; baseline -0.01 -13"><span class='ocrx_word' id='word_1_720' title='bbox 151 5303 305 5357; x_wconf 87' lang='lat' dir='ltr'><strong>dulis</strong></span> <span class='ocrx_word' id='word_1_721' title='bbox 336 5312 674 5369; x_wconf 80' lang='lat' dir='ltr'><strong>repugnare.</strong></span> 
     </span>
    </p>
   </div>
   <div class='ocr_carea' id='block_1_100' title="bbox 229 5407 1751 5470">
    <p class='ocr_par' dir='ltr' id='par_1_100' title="bbox 229 5407 1751 5470">
     <span class='ocr_line' id='line_1_100' title="bbox 229 5407 1751 5470; baseline -0.004 -2"><span class='ocrx_word' id='word_1_722' title='bbox 229 5412 411 5468; x_wconf 86' lang='lat' dir='ltr'><strong>Vens.</strong></span> <span class='ocrx_word' id='word_1_723' title='bbox 463 5410 549 5464; x_wconf 77' lang='grc'><strong>14.</strong></span> <span class='ocrx_word' id='word_1_724' title='bbox 587 5437 659 5450; x_wconf 74' lang='grc' dir='ltr'><strong>-ο</strong></span> <span class='ocrx_word' id='word_1_725' title='bbox 690 5407 912 5463; x_wconf 85' lang='lat' dir='ltr'><strong>Odorem</strong></span> <span class='ocrx_word' id='word_1_726' title='bbox 960 5408 1177 5470; x_wconf 78' lang='lat' dir='ltr'><strong>notititv,</strong></span> <span class='ocrx_word' id='word_1_727' title='bbox 1210 5416 1312 5462; x_wconf 92' lang='lat' dir='ltr'><strong>etc.</strong></span> <span class='ocrx_word' id='word_1_728' title='bbox 1364 5408 1420 5462; x_wconf 88' lang='lat' dir='ltr'><strong>ld</strong></span> <span class='ocrx_word' id='word_1_729' title='bbox 1463 5417 1549 5462; x_wconf 88' lang='lat' dir='ltr'><strong>est</strong></span> <span class='ocrx_word' id='word_1_730' title='bbox 1596 5408 1751 5462; x_wconf 84' lang='lat' dir='ltr'><strong>Chri-</strong></span> 
     </span>
    </p>
   </div>
   <div class='ocr_carea' id='block_1_101' title="bbox 151 5497 1747 5571">
    <p class='ocr_par' dir='ltr' id='par_1_101' title="bbox 151 5497 1747 5571">
     <span class='ocr_line' id='line_1_101' title="bbox 151 5497 1747 5571; baseline -0.004 -13"><span class='ocrx_word' id='word_1_731' title='bbox 151 5515 336 5567; x_wconf 85' lang='lat' dir='ltr'><strong>stum,</strong></span> <span class='ocrx_word' id='word_1_732' title='bbox 361 5501 468 5571; x_wconf 88' lang='lat' dir='ltr'><strong>qui</strong></span> <span class='ocrx_word' id='word_1_733' title='bbox 490 5499 636 5554; x_wconf 84' lang='lat' dir='ltr'><strong>velut</strong></span> <span class='ocrx_word' id='word_1_734' title='bbox 660 5499 794 5553; x_wconf 87' lang='lat' dir='ltr'><strong>odor</strong></span> <span class='ocrx_word' id='word_1_735' title='bbox 813 5498 1105 5566; x_wconf 86' lang='lat' dir='ltr'><strong>procedens</strong></span> <span class='ocrx_word' id='word_1_736' title='bbox 1124 5512 1153 5550; x_wconf 93' lang='lat' dir='ltr'><strong>a</strong></span> <span class='ocrx_word' id='word_1_737' title='bbox 1181 5497 1342 5552; x_wconf 87' lang='lat' dir='ltr'><strong>Patre</strong></span> <span class='ocrx_word' id='word_1_738' title='bbox 1364 5497 1608 5553; x_wconf 89' lang='lat' dir='ltr'><strong>notiﬁeat</strong></span> <span class='ocrx_word' id='word_1_739' title='bbox 1628 5512 1747 5552; x_wconf 90' lang='lat' dir='ltr'><strong>eum</strong></span> 
     </span>
    </p>
   </div>
   <div class='ocr_carea' id='block_1_102' title="bbox 152 5585 1751 5657">
    <p class='ocr_par' dir='ltr' id='par_1_102' title="bbox 152 5585 1751 5657">
     <span class='ocr_line' id='line_1_102' title="bbox 152 5585 1751 5657; baseline -0.002 -13"><span class='ocrx_word' id='word_1_740' title='bbox 152 5590 513 5646; x_wconf 78' lang='lat' dir='ltr'><strong>invisibilem</strong></span> <span class='ocrx_word' id='word_1_741' title='bbox 547 5606 559 5640; x_wconf 92' lang='lat'>:</span> <span class='ocrx_word' id='word_1_742' title='bbox 584 5588 725 5641; x_wconf 87' lang='lat' dir='ltr'><strong>sicut</strong></span> <span class='ocrx_word' id='word_1_743' title='bbox 754 5585 931 5655; x_wconf 86' lang='lat' dir='ltr'><strong>aliqua</strong></span> <span class='ocrx_word' id='word_1_744' title='bbox 961 5601 1048 5640; x_wconf 91' lang='lat' dir='ltr'><strong>res</strong></span> <span class='ocrx_word' id='word_1_745' title='bbox 1093 5598 1213 5655; x_wconf 63' lang='lat' dir='ltr'><strong>quae</strong></span> <span class='ocrx_word' id='word_1_746' title='bbox 1259 5602 1365 5641; x_wconf 92' lang='lat' dir='ltr'><strong>non</strong></span> <span class='ocrx_word' id='word_1_747' title='bbox 1396 5588 1628 5650; x_wconf 87' lang='lat' dir='ltr'><strong>videtur,</strong></span> <span class='ocrx_word' id='word_1_748' title='bbox 1654 5603 1751 5657; x_wconf 91' lang='lat' dir='ltr'><strong>per</strong></span> 
     </span>
    </p>
   </div>
   <div class='ocr_carea' id='block_1_103' title="bbox 147 5677 1743 5749">
    <p class='ocr_par' dir='ltr' id='par_1_103' title="bbox 147 5677 1743 5749">
     <span class='ocr_line' id='line_1_103' title="bbox 147 5677 1743 5749; baseline -0.002 -13"><span class='ocrx_word' id='word_1_749' title='bbox 147 5683 399 5736; x_wconf 83' lang='lat' dir='ltr'><strong>odorem</strong></span> <span class='ocrx_word' id='word_1_750' title='bbox 434 5678 801 5747; x_wconf 76' lang='lat' dir='ltr'><strong>cognoscitur,</strong></span> <span class='ocrx_word' id='word_1_751' title='bbox 825 5685 881 5730; x_wconf 91' lang='lat' dir='ltr'><strong>et</strong></span> <span class='ocrx_word' id='word_1_752' title='bbox 908 5677 959 5729; x_wconf 92' lang='lat' dir='ltr'><strong>in</strong></span> <span class='ocrx_word' id='word_1_753' title='bbox 987 5692 1093 5744; x_wconf 90' lang='lat' dir='ltr'><strong>quo</strong></span> <span class='ocrx_word' id='word_1_754' title='bbox 1123 5677 1239 5733; x_wconf 92' lang='lat' dir='ltr'><strong>loco</strong></span> <span class='ocrx_word' id='word_1_755' title='bbox 1263 5678 1332 5732; x_wconf 87' lang='lat' dir='ltr'><strong>sit</strong></span> <span class='ocrx_word' id='word_1_756' title='bbox 1357 5718 1373 5743; x_wconf 94' lang='lat'><strong>,</strong></span> <span class='ocrx_word' id='word_1_757' title='bbox 1408 5679 1743 5749; x_wconf 86' lang='lat' dir='ltr'><strong>intelligitur.</strong></span> 
     </span>
    </p>
   </div>
   <div class='ocr_carea' id='block_1_104' title="bbox 589 5768 1108 5832">
    <p class='ocr_par' dir='ltr' id='par_1_104' title="bbox 589 5768 1108 5832">
     <span class='ocr_line' id='line_1_104' title="bbox 589 5768 1108 5832; baseline -0.004 -1"><span class='ocrx_word' id='word_1_758' title='bbox 589 5773 852 5832; x_wconf 77' lang='grc' dir='ltr'><strong>ΡΑτιιοι..</strong></span> <span class='ocrx_word' id='word_1_759' title='bbox 892 5768 1108 5829; x_wconf 81' lang='lat' dir='ltr'><strong>CXIV.</strong></span> 
     </span>
    </p>
   </div>
   <div class='ocr_carea' id='block_1_105' title="bbox 1923 4680 3416 4752">
    <p class='ocr_par' dir='ltr' id='par_1_105' title="bbox 1923 4680 3416 4752">
     <span class='ocr_line' id='line_1_105' title="bbox 1923 4680 3416 4752; baseline 0.009 -18"><span class='ocrx_word' id='word_1_760' title='bbox 1923 4680 2089 4738; x_wconf 84' lang='lat' dir='ltr'><strong>Vens.</strong></span> <span class='ocrx_word' id='word_1_761' title='bbox 2127 4684 2180 4738; x_wconf 81' lang='lat'><strong>6.</strong></span> <span class='ocrx_word' id='word_1_762' title='bbox 2210 4713 2281 4727; x_wconf 86' lang='lat'><strong>--</strong></span> <span class='ocrx_word' id='word_1_763' title='bbox 2307 4685 2410 4752; x_wconf 86' lang='lat' dir='ltr'><strong>Qui</strong></span> <span class='ocrx_word' id='word_1_764' title='bbox 2454 4698 2502 4741; x_wconf 87' lang='lat' dir='ltr'><strong>et</strong></span> <span class='ocrx_word' id='word_1_765' title='bbox 2544 4689 2775 4744; x_wconf 83' lang='lat' dir='ltr'><strong>idoneos.</strong></span> <span class='ocrx_word' id='word_1_766' title='bbox 2823 4689 2922 4745; x_wconf 86' lang='lat' dir='ltr'><strong>llic.</strong></span> <span class='ocrx_word' id='word_1_767' title='bbox 2972 4692 3313 4747; x_wconf 85' lang='lat' dir='ltr'><strong>commendat</strong></span> <span class='ocrx_word' id='word_1_768' title='bbox 3356 4707 3416 4748; x_wconf 91' lang='lat' dir='ltr'><strong>se</strong></span> 
     </span>
    </p>
   </div>
   <div class='ocr_carea' id='block_1_106' title="bbox 1850 4772 3417 4850">
    <p class='ocr_par' dir='ltr' id='par_1_106' title="bbox 1850 4772 3417 4850">
     <span class='ocr_line' id='line_1_106' title="bbox 1850 4772 3417 4850; baseline 0.008 -26"><span class='ocrx_word' id='word_1_769' title='bbox 1850 4784 1947 4839; x_wconf 91' lang='lat' dir='ltr'><strong>per</strong></span> <span class='ocrx_word' id='word_1_770' title='bbox 1989 4772 2302 4843; x_wconf 81' lang='lat' dir='ltr'><strong>dignitatem</strong></span> <span class='ocrx_word' id='word_1_771' title='bbox 2347 4775 2529 4842; x_wconf 86' lang='lat' dir='ltr'><strong>oﬁicii,</strong></span> <span class='ocrx_word' id='word_1_772' title='bbox 2556 4779 2759 4834; x_wconf 90' lang='lat' dir='ltr'><strong>scilicet</strong></span> <span class='ocrx_word' id='word_1_773' title='bbox 2804 4779 3095 4850; x_wconf 69' lang='lat' dir='ltr'><strong>Evangeiii,</strong></span> <span class='ocrx_word' id='word_1_774' title='bbox 3122 4781 3417 4850; x_wconf 79' lang='lat' dir='ltr'><strong>praeferens</strong></span> 
     </span>
    </p>
   </div>
   <div class='ocr_carea' id='block_1_107' title="bbox 1850 4864 3416 4939">
    <p class='ocr_par' dir='ltr' id='par_1_107' title="bbox 1850 4864 3416 4939">
     <span class='ocr_line' id='line_1_107' title="bbox 1850 4864 3416 4939; baseline 0.009 -26"><span class='ocrx_word' id='word_1_775' title='bbox 1850 4875 1909 4914; x_wconf 90' lang='lat' dir='ltr'><strong>se</strong></span> <span class='ocrx_word' id='word_1_776' title='bbox 1930 4876 2034 4915; x_wconf 89' lang='lat' dir='ltr'><strong>non</strong></span> <span class='ocrx_word' id='word_1_777' title='bbox 2058 4864 2228 4918; x_wconf 88' lang='lat' dir='ltr'><strong>solum</strong></span> <span class='ocrx_word' id='word_1_778' title='bbox 2254 4868 2712 4937; x_wconf 75' lang='lat' dir='ltr'><strong>pseudoapostolis</strong></span> <span class='ocrx_word' id='word_1_779' title='bbox 2734 4870 2824 4939; x_wconf 87' lang='lat' dir='ltr'><strong>qui</strong></span> <span class='ocrx_word' id='word_1_780' title='bbox 2850 4870 3093 4924; x_wconf 86' lang='lat' dir='ltr'><strong>carnales</strong></span> <span class='ocrx_word' id='word_1_781' title='bbox 3117 4873 3416 4926; x_wconf 85' lang='lat' dir='ltr'><strong>observan-</strong></span> 
     </span>
    </p>
   </div>
   <div class='ocr_carea' id='block_1_108' title="bbox 1855 4949 3282 5033">
    <p class='ocr_par' dir='ltr' id='par_1_108' title="bbox 1855 4949 3282 5033">
     <span class='ocr_line' id='line_1_108' title="bbox 1855 4949 3282 5033; baseline 0.009 -30"><span class='ocrx_word' id='word_1_782' title='bbox 1855 4949 1956 5027; x_wconf 82' lang='lat' dir='ltr'><strong>tias</strong></span> <span class='ocrx_word' id='word_1_783' title='bbox 1982 4954 2295 5022; x_wconf 64' lang='lat' dir='ltr'><strong>praedicant,</strong></span> <span class='ocrx_word' id='word_1_784' title='bbox 2326 4958 2418 5011; x_wconf 91' lang='lat' dir='ltr'><strong>sed</strong></span> <span class='ocrx_word' id='word_1_785' title='bbox 2441 4968 2496 5011; x_wconf 91' lang='lat' dir='ltr'><strong>et</strong></span> <span class='ocrx_word' id='word_1_786' title='bbox 2524 4959 2622 5027; x_wconf 89' lang='lat' dir='ltr'><strong>ipsi</strong></span> <span class='ocrx_word' id='word_1_787' title='bbox 2656 4958 2820 5028; x_wconf 77' lang='lat' dir='ltr'><strong>Moysi</strong></span> <span class='ocrx_word' id='word_1_788' title='bbox 2852 4960 3099 5015; x_wconf 87' lang='lat' dir='ltr'><strong>ministro</strong></span> <span class='ocrx_word' id='word_1_789' title='bbox 3133 4961 3282 5033; x_wconf 85' lang='lat' dir='ltr'><strong>legis.</strong></span> 
     </span>
    </p>
   </div>
   <div class='ocr_carea' id='block_1_109' title="bbox 1929 5036 3416 5115">
    <p class='ocr_par' dir='ltr' id='par_1_109' title="bbox 1929 5036 3416 5115">
     <span class='ocr_line' id='line_1_109' title="bbox 1929 5036 3416 5115; baseline 0.011 -25"><span class='ocrx_word' id='word_1_790' title='bbox 1929 5036 2087 5094; x_wconf 82' lang='lat' dir='ltr'><strong>Vens.</strong></span> <span class='ocrx_word' id='word_1_791' title='bbox 2116 5042 2169 5097; x_wconf 90' lang='lat'><strong>9.</strong></span> <span class='ocrx_word' id='word_1_792' title='bbox 2205 5072 2279 5085; x_wconf 91' lang='lat'><strong><em>—</em></strong></span> <span class='ocrx_word' id='word_1_793' title='bbox 2307 5042 2476 5098; x_wconf 78' lang='lat' dir='ltr'><strong>Multo</strong></span> <span class='ocrx_word' id='word_1_794' title='bbox 2506 5047 2670 5115; x_wconf 80' lang='lat' dir='ltr'><strong>magis</strong></span> <span class='ocrx_word' id='word_1_795' title='bbox 2697 5046 2950 5101; x_wconf 79' lang='lat' dir='ltr'><strong>abundat.</strong></span> <span class='ocrx_word' id='word_1_796' title='bbox 2980 5048 3034 5102; x_wconf 89' lang='lat' dir='ltr'><strong>ld</strong></span> <span class='ocrx_word' id='word_1_797' title='bbox 3062 5059 3145 5104; x_wconf 90' lang='lat' dir='ltr'><strong>est</strong></span> <span class='ocrx_word' id='word_1_798' title='bbox 3172 5051 3223 5105; x_wconf 86' lang='lat' dir='ltr'><strong>in</strong></span> <span class='ocrx_word' id='word_1_799' title='bbox 3259 5050 3416 5108; x_wconf 86' lang='lat' dir='ltr'><strong>laude</strong></span> 
     </span>
    </p>
   </div>
   <div class='ocr_carea' id='block_1_110' title="bbox 1853 5124 3417 5206">
    <p class='ocr_par' dir='ltr' id='par_1_110' title="bbox 1853 5124 3417 5206">
     <span class='ocr_line' id='line_1_110' title="bbox 1853 5124 3417 5206; baseline 0.01 -24"><span class='ocrx_word' id='word_1_800' title='bbox 1853 5143 2014 5198; x_wconf 91' lang='lat' dir='ltr'><strong>quam</strong></span> <span class='ocrx_word' id='word_1_801' title='bbox 2060 5142 2216 5187; x_wconf 87' lang='lat' dir='ltr'><strong>vetus</strong></span> <span class='ocrx_word' id='word_1_802' title='bbox 2245 5152 2258 5186; x_wconf 91' lang='lat'><strong>:</strong></span> <span class='ocrx_word' id='word_1_803' title='bbox 2290 5134 2414 5203; x_wconf 84' lang='lat' dir='ltr'><strong>quia</strong></span> <span class='ocrx_word' id='word_1_804' title='bbox 2463 5136 2633 5206; x_wconf 84' lang='lat' dir='ltr'><strong>magis</strong></span> <span class='ocrx_word' id='word_1_805' title='bbox 2676 5136 2846 5206; x_wconf 82' lang='lat' dir='ltr'><strong>gloria</strong></span> <span class='ocrx_word' id='word_1_806' title='bbox 2880 5137 2970 5192; x_wconf 89' lang='lat' dir='ltr'><strong>Dei</strong></span> <span class='ocrx_word' id='word_1_807' title='bbox 3016 5149 3098 5194; x_wconf 86' lang='lat' dir='ltr'><strong>est</strong></span> <span class='ocrx_word' id='word_1_808' title='bbox 3137 5124 3417 5197; x_wconf 62' lang='lat' dir='ltr'><strong>in&#39;salute</strong></span> 
     </span>
    </p>
   </div>
   <div class='ocr_carea' id='block_1_111' title="bbox 1852 5222 3415 5302">
    <p class='ocr_par' dir='ltr' id='par_1_111' title="bbox 1852 5222 3415 5302">
     <span class='ocr_line' id='line_1_111' title="bbox 1852 5222 3415 5302; baseline 0.01 -29"><span class='ocrx_word' id='word_1_809' title='bbox 1852 5236 2013 5290; x_wconf 88' lang='lat' dir='ltr'><strong>quam</strong></span> <span class='ocrx_word' id='word_1_810' title='bbox 2042 5222 2096 5276; x_wconf 90' lang='lat' dir='ltr'><strong>in</strong></span> <span class='ocrx_word' id='word_1_811' title='bbox 2135 5228 2327 5302; x_wconf 71' lang='lat' dir='ltr'><strong>morte.</strong></span> <span class='ocrx_word' id='word_1_812' title='bbox 2352 5226 2618 5293; x_wconf 40' lang='lat' dir='ltr'><strong>EQuamvis</strong></span> <span class='ocrx_word' id='word_1_813' title='bbox 2657 5228 2800 5282; x_wconf 86' lang='lat' dir='ltr'><strong>enim</strong></span> <span class='ocrx_word' id='word_1_814' title='bbox 2836 5228 2980 5297; x_wconf 88' lang='lat' dir='ltr'><strong>juste</strong></span> <span class='ocrx_word' id='word_1_815' title='bbox 3019 5233 3237 5287; x_wconf 85' lang='lat' dir='ltr'><strong>damnet</strong></span> <span class='ocrx_word' id='word_1_816' title='bbox 3271 5236 3415 5302; x_wconf 86' lang='lat' dir='ltr'><strong>quod</strong></span> 
     </span>
    </p>
   </div>
   <div class='ocr_carea' id='block_1_112' title="bbox 1854 5296 3417 5392">
    <p class='ocr_par' dir='ltr' id='par_1_112' title="bbox 1854 5296 3417 5392">
     <span class='ocr_line' id='line_1_112' title="bbox 1854 5296 3417 5392; baseline 0.01 -30"><span class='ocrx_word' id='word_1_817' title='bbox 1854 5311 2109 5381; x_wconf 84' lang='lat' dir='ltr'><strong>agebatur</strong></span> <span class='ocrx_word' id='word_1_818' title='bbox 2138 5296 2238 5368; x_wconf 70' lang='lat' dir='ltr'><strong>sub</strong></span> <span class='ocrx_word' id='word_1_819' title='bbox 2271 5315 2404 5384; x_wconf 82' lang='lat' dir='ltr'><strong>lege,</strong></span> <span class='ocrx_word' id='word_1_820' title='bbox 2441 5324 2619 5370; x_wconf 86' lang='lat' dir='ltr'><strong>tamen</strong></span> <span class='ocrx_word' id='word_1_821' title='bbox 2660 5296 2921 5386; x_wconf 9' lang='lat' dir='ltr'><strong>magisrad</strong></span> <span class='ocrx_word' id='word_1_822' title='bbox 2961 5321 3169 5378; x_wconf 88' lang='lat' dir='ltr'><strong>laudem</strong></span> <span class='ocrx_word' id='word_1_823' title='bbox 3204 5325 3417 5392; x_wconf 83' lang='lat' dir='ltr'><strong>proﬁcit</strong></span> 
     </span>
    </p>
   </div>
   <div class='ocr_carea' id='block_1_113' title="bbox 1851 5403 3416 5484">
    <p class='ocr_par' dir='ltr' id='par_1_113' title="bbox 1851 5403 3416 5484">
     <span class='ocr_line' id='line_1_113' title="bbox 1851 5403 3416 5484; baseline 0.008 -28"><span class='ocrx_word' id='word_1_824' title='bbox 1851 5403 1896 5457; x_wconf 90' lang='lat' dir='ltr'><strong>si</strong></span> <span class='ocrx_word' id='word_1_825' title='bbox 1928 5404 2195 5475; x_wconf 87' lang='lat' dir='ltr'><strong>indulget,</strong></span> <span class='ocrx_word' id='word_1_826' title='bbox 2243 5413 2302 5459; x_wconf 92' lang='lat' dir='ltr'><strong>ut</strong></span> <span class='ocrx_word' id='word_1_827' title='bbox 2343 5408 2512 5476; x_wconf 86' lang='lat' dir='ltr'><strong>possit</strong></span> <span class='ocrx_word' id='word_1_828' title='bbox 2551 5422 2609 5464; x_wconf 91' lang='lat' dir='ltr'><strong>se</strong></span> <span class='ocrx_word' id='word_1_829' title='bbox 2653 5424 2775 5465; x_wconf 89' lang='lat' dir='ltr'><strong>reus</strong></span> <span class='ocrx_word' id='word_1_830' title='bbox 2799 5412 3101 5482; x_wconf 80' lang='lat' dir='ltr'><strong>corrigere;</strong></span> <span class='ocrx_word' id='word_1_831' title='bbox 3137 5415 3278 5483; x_wconf 91' lang='lat' dir='ltr'><strong>quod</strong></span> <span class='ocrx_word' id='word_1_832' title='bbox 3319 5430 3416 5484; x_wconf 88' lang='lat' dir='ltr'><strong>per</strong></span> 
     </span>
    </p>
   </div>
   <div class='ocr_carea' id='block_1_114' title="bbox 1851 5494 3019 5571">
    <p class='ocr_par' dir='ltr' id='par_1_114' title="bbox 1851 5494 3019 5571">
     <span class='ocr_line' id='line_1_114' title="bbox 1851 5494 3019 5571; baseline 0.01 -25"><span class='ocrx_word' id='word_1_833' title='bbox 1851 5495 2076 5565; x_wconf 79' lang='lat' dir='ltr'><strong>gratiam</strong></span> <span class='ocrx_word' id='word_1_834' title='bbox 2105 5496 2156 5549; x_wconf 91' lang='lat' dir='ltr'><strong>in</strong></span> <span class='ocrx_word' id='word_1_835' title='bbox 2180 5494 2329 5551; x_wconf 82' lang='lat' dir='ltr'><strong>Novo</strong></span> <span class='ocrx_word' id='word_1_836' title='bbox 2354 5497 2698 5554; x_wconf 82' lang='lat' dir='ltr'><strong>Testamento</strong></span> <span class='ocrx_word' id='word_1_837' title='bbox 2719 5512 3019 5571; x_wconf 76' lang='lat' dir='ltr'><strong>prmstatur.</strong></span> 
     </span>
    </p>
   </div>
   <div class='ocr_carea' id='block_1_115' title="bbox 1922 5585 3413 5664">
    <p class='ocr_par' dir='ltr' id='par_1_115' title="bbox 1922 5585 3413 5664">
     <span class='ocr_line' id='line_1_115' title="bbox 1922 5585 3413 5664; baseline 0.006 -24"><span class='ocrx_word' id='word_1_838' title='bbox 1922 5585 2085 5640; x_wconf 82' lang='lat' dir='ltr'><strong>Vens.</strong></span> <span class='ocrx_word' id='word_1_839' title='bbox 2136 5585 2221 5639; x_wconf 70' lang='grc'><strong>10.</strong></span> <span class='ocrx_word' id='word_1_840' title='bbox 2248 5617 2318 5626; x_wconf 94' lang='lat'><strong>—</strong></span> <span class='ocrx_word' id='word_1_841' title='bbox 2348 5587 2487 5641; x_wconf 80' lang='lat' dir='ltr'><strong>Nam</strong></span> <span class='ocrx_word' id='word_1_842' title='bbox 2516 5590 2627 5644; x_wconf 70' lang='lat' dir='ltr'><strong>nec.’</strong></span> <span class='ocrx_word' id='word_1_843' title='bbox 2664 5590 2802 5646; x_wconf 89' lang='lat' dir='ltr'><strong>Vere</strong></span> <span class='ocrx_word' id='word_1_844' title='bbox 2827 5593 3081 5659; x_wconf 84' lang='lat' dir='ltr'><strong>abundat,</strong></span> <span class='ocrx_word' id='word_1_845' title='bbox 3111 5594 3245 5648; x_wconf 90' lang='lat' dir='ltr'><strong>adeo</strong></span> <span class='ocrx_word' id='word_1_846' title='bbox 3272 5595 3413 5664; x_wconf 87' lang='lat' dir='ltr'><strong>quod</strong></span> 
     </span>
    </p>
   </div>
   <div class='ocr_carea' id='block_1_116' title="bbox 1853 5678 3413 5755">
    <p class='ocr_par' dir='ltr' id='par_1_116' title="bbox 1853 5678 3413 5755">
     <span class='ocr_line' id='line_1_116' title="bbox 1853 5678 3413 5755; baseline 0.006 -25"><span class='ocrx_word' id='word_1_847' title='bbox 1853 5678 1918 5732; x_wconf 88' lang='lat' dir='ltr'><strong>ad</strong></span> <span class='ocrx_word' id='word_1_848' title='bbox 1945 5678 2060 5747; x_wconf 81' lang='lat' dir='ltr'><strong>ejus</strong></span> <span class='ocrx_word' id='word_1_849' title='bbox 2088 5678 2538 5746; x_wconf 82' lang='lat' dir='ltr'><strong>comparationem</strong></span> <span class='ocrx_word' id='word_1_850' title='bbox 2575 5680 2659 5735; x_wconf 88' lang='lat' dir='ltr'><strong>illa</strong></span> <span class='ocrx_word' id='word_1_851' title='bbox 2702 5698 2801 5737; x_wconf 90' lang='lat' dir='ltr'><strong>nec</strong></span> <span class='ocrx_word' id='word_1_852' title='bbox 2841 5684 3063 5738; x_wconf 81' lang='lat' dir='ltr'><strong>dicenda</strong></span> <span class='ocrx_word' id='word_1_853' title='bbox 3100 5693 3184 5738; x_wconf 77' lang='lat' dir='ltr'><strong>est</strong></span> <span class='ocrx_word' id='word_1_854' title='bbox 3222 5684 3413 5755; x_wconf 83' lang='lat' dir='ltr'><strong>gloria.</strong></span> 
     </span>
    </p>
   </div>
   <div class='ocr_carea' id='block_1_117' title="bbox 2909 5774 2982 5832">
    <p class='ocr_par' dir='ltr' id='par_1_117' title="bbox 2909 5774 2982 5832">
     <span class='ocr_line' id='line_1_117' title="bbox 2909 5774 2982 5832; baseline -0.014 0"><span class='ocrx_word' id='word_1_855' title='bbox 2909 5774 2982 5832; x_wconf 82' lang='grc'><strong>18</strong></span> 
     </span>
    </p>
   </div>
  </div>
