3958 6314
534 353 639 410 555

1030 350 1422 407 WALAFRIDI
1462 350 1712 409 STRABI
1748 352 1953 412 FULD.
1994 351 2091 408 ΜΟ

2211 350 2348 406 DPP.
2389 350 2567 408 PARS
2604 353 2645 408 Ι.
2683 383 2752 396 -
2791 352 3251 412 Τιιεοιοαιοε.

3380 329 3429 362 ,ο

3696 361 3799 417 556

606 464 762 534 Quod
782 462 1452 535 claruit.ScilieetMoyses
1470 464 1522 518 in
1545 465 1643 519 hac
1662 467 1918 535 praedicta
1938 474 2111 537 parte,
2141 470 2185 528 Α
2214 463 2283 518 de
2320 462 2489 533 gloria
2535 463 2689 530 ﬁdei,
2727 466 2819 521 ubi
2866 466 2961 521 ﬁlii
3010 466 3137 531 Dei;
3186 467 3241 522 in
3285 431 3522 538 gloriam.
3553 471 3803 541 speciei,

533 558 588 613 id
608 566 693 613 εει
718 556 873 610 facie.
904 553 997 610 Vel
1011 570 1115 609 non
1131 563 1214 610 est
1238 554 1531 625 gloriosum
1547 557 1600 610 in
1630 557 1730 610 hac
1752 564 1925 627 parte,
1955 555 2008 610 id
2028 563 2111 611 est

530 654 780 717 respectu
820 643 979 714 hujus
1018 655 1218 701 nostra:
1253 644 1442 715 partis.
1488 645 1583 700 llla
1611 646 1755 700 enim
1800 654 1949 701 tanta
1989 644 2108 709 fuit,

531 746 731 810 quanta
770 751 928 793 servo
956 736 1102 792 credi
1134 738 1337 794 debuit.
1388 738 1515 794 Haec
1541 752 1674 814 vero
1712 747 1859 793 tanta
1907 747 2108 809 quanta

529 839 616 887 est
656 829 913 901 genitoris
951 828 1153 884 Christi
1198 847 1211 882 :
1257 826 1383 899 quia
1422 828 1671 885 Christus
1711 830 1764 884 in
1811 830 1980 902 gloria
2025 838 2111 884 est

530 921 625 979 Dei
656 921 852 987 Patris,
895 930 958 977 ut
993 929 1200 976 tantum
1237 921 1455 976 intersit
1497 920 1639 977 inter
1665 920 1891 991 gloriam
1937 920 2107 991 Moysi

526 1020 582 1067 et
609 1011 833 1075 Christi,
870 1019 1130 1082 quantum
1160 1012 1300 1065 inter
1327 1011 1615 1083 imaginem
1646 1021 1702 1066 et
1732 1012 2034 1067 veritatem.

595 1101 763 1157 Vsus.
812 1102 899 1157 l2.
941 1132 1012 1142 -—
1053 1101 1338 1157 Habentes.
1379 1103 1434 1158 ld
1470 1111 1553 1158 est
1585 1112 1805 1159 ostensa
1846 1104 2106 1175 dignitate

524 1195 658 1251 Novi
680 1202 734 1250 et
754 1193 965 1249 Veteris
994 1192 1329 1250 Testamenti
1359 1196 1595 1251 ostendit
1617 1211 1771 1250 usum
1802 1197 2103 1265 utriusque.

524 1284 698 1340 Multa
728 1284 946 1354 ﬁducia.
977 1281 1091 1338 Usu
1112 1297 1430 1339 exercemus
1459 1299 1558 1339 nos
1588 1285 1642 1339 in
1667 1284 1825 1339 bonis
1853 1283 2105 1354 operibus

521 1375 665 1431 unde
687 1375 888 1431 crescit
920 1373 1076 1429 nobis
1108 1372 1324 1429 ﬁducia.
1363 1374 1595 1428 Tantum
1623 1374 1768 1428 enim
1801 1372 2106 1428 videbimus

519 1465 1117 1537 quantumcredlmus,
1159 1474 1215 1518 et
1261 1464 1388 1533 quia
1424 1473 1610 1534 aperta
1647 1472 1731 1518 est
1757 1461 1949 1534 gloria,
1995 1475 2102 1515 non

520 1542 759 1613 celamus
796 1570 1015 1613 sensum
1053 1561 1321 1620 nostrum,
1358 1553 1500 1609 sicut
1532 1552 1764 1625 Moyses,
1793 1551 1887 1607 sed
1921 1558 2105 1621 aperte

520 1649 770 1705 dicimus.

593 1740 756 1796 Vens.
803 1739 892 1795 11.
917 1771 988 1782 -
1022 1738 1286 1809 Idipsum.
1318 1736 1454 1804 Quia
1497 1750 1603 1791 non
1635 1734 1793 1790 aliter
1821 1734 1982 1790 modo
2021 1734 2103 1788 in-

2215 553 2307 609 uhi
2333 554 2382 609 ei
2407 554 2611 611 similes
2627 555 2851 623 erimus,
2880 571 3003 611 cum
3029 557 3332 613 videbimus
3355 573 3480 615 eum
3502 560 3667 616 sicuti
3699 572 3801 619 est.

2812 686 3039 743 CAPUT
3077 690 3165 745 ιν.

2283 798 2447 872 Veiis.
2489 817 2544 871 2.
2572 848 2641 857 —
2667 815 3118 877 Conmendantes.
3149 819 3222 876 Ut
3263 821 3440 877 luceat
3478 821 3572 876 lux
3618 831 3799 878 vestra

2207 925 2394 966 coram
2434 913 2763 969 hominibus.
2796 910 2988 968 Coram
3018 913 3150 968 Deo.
3179 913 3298 970 Non
3327 922 3388 969 ut
3413 914 3711 971 videantur
3735 916 3799 969 ab

2208 982 2538 1058 hominibus.

2281 1095 2443 1151 Vens.
2476 1096 2531 1150 4.
2557 1127 2627 1137 -
2649 1095 2715 1152 In
2738 1098 2946 1169 quibus.
2981 1097 3125 1153 Talis
3153 1107 3335 1169 pote.t
3362 1114 3486 1156 esse
3512 1101 3657 1157 ordo
3678 1115 3799 1156 vero

2206 1187 2401 1242 borum
2428 1205 2441 1241 :
2470 1188 2527 1241 ln
2558 1187 2755 1258 quibus
2792 1190 3144 1259 pereuntibus
3177 1190 3319 1247 Deus
3342 1206 3507 1247 verus
3531 1203 3590 1247 et
3618 1191 3800 1263 justus

2208 1278 2500 1333 excaecavit
2529 1286 2737 1334 mentes
2760 1278 3057 1334 inﬁdelium
3085 1281 3248 1351 hujus
3279 1282 3483 1337 saaculi.

2278 1366 2420 1422 Deus
2450 1368 2611 1439 hujus
2646 1368 2847 1423 steculi.
2876 1370 2933 1424 ld
2959 1380 3043 1425 cst
3074 1370 3216 1427 Deus
3235 1372 3328 1442 qui
3350 1389 3458 1428 non
3495 1373 3671 1429 solum
3708 1374 3800 1428 ho-

2206 1471 2307 1512 nos
2338 1458 2494 1528 regit,
2532 1459 2627 1513 sed
2653 1465 2709 1513 et
2741 1460 2914 1515 malos
2950 1476 3051 1530 pro
3078 1461 3274 1516 merito
3298 1465 3637 1533 praecipitat,
3665 1467 3797 1520 dans

2205 1549 2285 1604 eis
2311 1550 2454 1620 quod
2490 1549 2714 1617 volunt,
2753 1551 2807 1605 id
2844 1559 2926 1605 est
2969 1561 3030 1606 ut
3077 1568 3183 1607 non
3214 1554 3481 1609 credant:
3512 1557 3662 1623 quod
3691 1571 3797 1610 non

2206 1639 2334 1695 facit
2366 1640 2589 1707 malitia,
2619 1642 2711 1696 sed
2732 1641 2965 1712 justitia.
2993 1643 3106 1709 Vel,
3139 1644 3280 1699 Deus
3309 1645 3515 1711 saeculi,
3542 1647 3798 1716 superbia

2207 1731 2290 1786 vel
2316 1731 2600 1804 ingluvies,
2631 1733 2718 1789 vel
2749 1734 2994 1790 diabolus
3020 1735 3273 1806 princeps
3311 1738 3536 1808 mundi,
3576 1741 3674 1808 qui
3701 1754 3799 1794 sa:-

517 1834 769 1904 telligunt
792 1848 953 1903 quam
977 1840 1105 1887 ante
1133 1831 1423 1885 adventum
1449 1827 1671 1883 Christi.
1698 1826 1853 1893 Quod
1880 1828 1933 1880 in
1952 1825 2103 1879 Chri-
2132 1826 2178 1886 B
2206 1825 2480 1881 cularibus
2506 1826 2858 1897 principatur.

515 1942 595 1983 sto
614 1938 918 1984 evacuatur.
948 1925 1103 1981 Unde
1129 1924 1181 1977 in
1211 1922 1461 1992 passione
1484 1918 1687 1974 Christi
1702 1916 1879 1972 velum
1910 1914 2097 1984 templi

514 2021 746 2076 scissum
784 2024 889 2082 est,
939 2022 999 2069 ut
1043 2012 1379 2085 signiﬁcetur
1409 2025 1505 2083 per
1542 2007 1745 2064 Christi
1790 2007 2098 2076 passionem

514 2111 745 2169 revelari
799 2115 1139 2165 sacramenta
1177 2104 1313 2173 legis
1364 2112 1420 2159 et
1461 2100 1784 2173 prophetiae.
1840 2097 2098 2154 Velamen

514 2205 661 2259 enim
693 2201 823 2257 dicit
852 2199 922 2254 ad
949 2197 1409 2269 comparationem
1438 2191 1735 2264 prophetia:
1764 2197 1823 2244 ut
1869 2204 1974 2243 non
2022 2188 2100 2242 in-

516 2293 868 2363 telligeretur.

584 2406 750 2461 Vens.
776 2405 863 2461 15.
886 2403 1084 2461 —Sed
1110 2419 1301 2474 usque,
1334 2411 1441 2457 etc.
1471 2401 1567 2456 llis
1596 2400 1686 2470 qui
1711 2407 1837 2454 sunt
1866 2398 1917 2452 in
1942 2396 2099 2453 Chri-

510 2508 589 2558 stt
609 2504 904 2555 evacuatur
931 2514 945 2551 :
970 2495 1061 2551 sed
1077 2512 1231 2566 super
1245 2511 1338 2548 cor
1355 2509 1533 2548 eorum
1556 2500 1630 2547 est
1657 2490 1908 2555 velamen,
1941 2490 1993 2544 id
2015 2496 2098 2544 est

511 2591 732 2647 caecitas
778 2588 1088 2659 deprimens
1136 2589 1407 2641 rationem
1445 2599 1633 2641 eorum
1668 2601 1680 2637 :
1721 2598 1859 2646 cum,
1910 2581 1962 2637 id
2013 2589 2097 2635 est

511 2679 781 2752 quamvis,
821 2678 1030 2750 legitur,
1076 2676 1129 2732 id
1168 2684 1252 2732 est
1283 2675 1600 2746 exponitur.
1643 2674 1723 2728 eis
1758 2671 1985 2741 Moyses.
2029 2671 2095 2725 Et

512 2774 588 2828 ita
621 2774 726 2828 duo
765 2772 979 2835 obsunt,
1011 2784 1108 2824 cur
1150 2783 1255 2823 non
1295 2766 1636 2838 intelligant,
1663 2773 1719 2820 et
1743 2763 2011 2828 velamen,
2041 2762 2094 2817 id

511 2870 599 2916 est
616 2860 920 2917 obscuritas
945 2868 1028 2915 est
1058 2859 1113 2914 in
1136 2858 1390 2922 lectione,
1412 2864 1467 2912 et
1486 2855 1704 2912 caecitas
1723 2858 1886 2923 super
1904 2854 2090 2919 corda,

511 2936 569 3004 et
599 2950 703 3005 hoc
730 2962 900 3018 usque
919 2946 974 3002 in
1002 2946 1323 3003 hodiernum
1359 2953 1589 3015 tempus.

584 3057 750 3113 Vnus.
795 3056 876 3111 l6.
904 3054 1129 3110 -Cum
1170 3064 1346 3109 autem
1385 3069 1663 3109 conversus
1693 3053 1873 3123 fuerit.
1916 3053 1973 3107 Id
2007 3060 2093 3108 est

510 3163 638 3205 cum
679 3162 870 3203 eorum
906 3146 1121 3201 animus
1149 3144 1390 3215 deposita
1421 3144 1600 3200 cordis
1638 3143 1835 3197 duritia
1872 3151 1926 3198 et
1961 3157 2088 3212 pro-
2119 3168 2164 3229 ο

511 3240 629 3309 pria
669 3239 913 3296 excitate
957 3236 1122 3293 fuerit
1162 3251 1457 3291 conversus
1486 3249 1578 3290 crc
1601 3234 1777 3289 'endo.
1810 3233 2092 3302 Auferetur

511 3330 768 3386 velamen.
795 3328 866 3386 Ut
892 3329 946 3383 in
973 3343 1109 3398 aqua
1139 3327 1308 3382 latere
1335 3327 1517 3381 vinum
1543 3324 1896 3396 intelligatur,
1918 3324 2094 3381 omnis

510 3422 656 3477 enim
700 3418 985 3492 prophetia
1010 3433 1119 3473 non
1169 3416 1439 3473 intellecto
1469 3415 1680 3471 Christo
1723 3416 2009 3484 insipidum
2038 3423 2096 3469 et

510 3514 719 3591 fatuum
742 3513 996 3585 quiddam
1026 3500 1136 3568 est.

582 3626 750 3682 Vens.
776 3626 863 3680 17.
877 3652 949 3665 --
969 3623 1226 3678 Dominus
1246 3632 1420 3677 autem
1441 3620 1655 3692 spiritus
1676 3629 1770 3675 est.
1797 3616 1943 3676 Ordo
1965 3634 2091 3675 ver-

512 3721 705 3775 borum
754 3722 839 3772 est
879 3713 1159 3785 :Spiritus
1188 3720 1407 3769 sanctus
1448 3720 1532 3767 est
1577 3711 1855 3776 Dominus,
1909 3710 1962 3767 id
2008 3709 2094 3767 est

510 3817 691 3882 potest
717 3805 932 3879 operari
967 3806 1109 3875 quod
1136 3803 1279 3870 vult,
1310 3813 1364 3859 et
1395 3804 1515 3859 ideo
1546 3803 1689 3873 quod
1717 3802 1850 3867 vult,
1887 3801 2090 3859 illumi-

502 3907 639 3966 nat;
683 3907 743 3954 et
777 3896 922 3968 quod
956 3894 1099 3962 vult,
1145 3896 1199 3951 in
1245 3894 1482 3949 tenebris
1529 3893 1749 3961 deserit.
1789 3891 2093 3963 Ubicunque

498 4000 686 4045 autem
701 3998 778 4045 est
797 3989 1011 4061 spiritus
1033 3986 1267 4053 Domini,
1292 3985 1345 4046 id
1363 3992 1447 4041 est
1467 3983 1609 4050 Filii,
1633 3998 1727 4054 per
1744 3999 1904 4054 quem
1933 3984 2092 4039 datur

511 4082 748 4155 Spiritus
773 4090 1015 4146 sanctus,
1043 4079 1115 4134 ibi
1151 4078 1362 4133 libertas
1393 4093 1412 4133 :
1441 4087 1497 4132 et
1526 4079 1644 4133 ideo
1668 4077 1836 4133 ιιι(ιεί
1861 4077 1953 4146 qui
1984 4093 2091 4133 non

499 4175 716 4231 habent
756 4172 1029 4244 spiritum,
1076 4185 1182 4225 non
1228 4180 1457 4240 possunt
1492 4169 1660 4223 libere
1704 4167 2005 4238 intelligere
2035 4174 2095 4222 ut

510 4279 632 4321 nos.
663 4262 797 4331 Vel,
825 4262 1088 4318 Dominus
1115 4261 1183 4316 ad
1212 4275 1369 4330 quem
1398 4264 1790 4313 convertuntur
1815 4268 1900 4314 cst
1930 4258 2089 4328 spiri-

514 4367 626 4421 tus,
659 4357 711 4411 id
737 4363 822 4411 est
848 4352 1145 4426 spiritualis
1172 4351 1431 4418 essentia,
1453 4359 1507 4406 et
1537 4352 1610 4405 ita
1648 4350 1776 4406 fa‘cit
1803 4352 2093 4423 spirituali-

513 4456 600 4504 ter
629 4444 948 4517 intelligere.

2268 1916 2435 1972 .Vsns.
2480 1917 2534 1973 5.
2570 1945 2642 1958 --
2674 1918 2799 1972 Non
2836 1920 2994 1974 enim.
3045 1917 3211 1986 Quasi
3239 1920 3384 1975 dicat
3424 1938 3436 1974 :
3476 1920 3631 1978 Bene
3680 1923 3797 1978 dico

2201 2008 2385 2080 gloriae
2429 2009 2672 2078 Christi,
2724 2011 2813 2066 vel
2857 2028 2871 2065 :
2915 2012 3430 2068 Commendavimus
3474 2028 3577 2067 nos
3617 2029 3793 2068 coram

2201 2101 2313 2156 Deo
2340 2102 2395 2156 in
2429 2101 2867 2160 manifestatione
2890 2105 3158 2172 veritatis,
3193 2113 3251 2161 et
3281 2115 3476 2162 caetera
3505 2108 3638 2163 talia
3669 2108 3796 2163 faci-

2200 2205 2354 2256 mus;
2385 2199 2441 2246 et
2468 2193 2571 2248 hoc
2598 2202 2825 2264 propter
2849 2194 3149 2250 Christum.
3186 2202 3189 2203 '

2272 2299 2435 2355 Vens.
2463 2299 2606 2355 6.—
2626 2300 2818 2357 Lucem
2840 2303 3212 2375 splendescere.
3243 2304 3398 2373 Quod
3422 2305 3531 2361 fuit
3557 2308 3617 2362 in
3647 2323 3793 2377 sepa-

2200 2389 2409 2444 ratione
2446 2389 2858 2448 elementorum.
2902 2393 3197 2466 Cmperunt
3236 2396 3381 2450 enim
3416 2397 3689 2464 tenebras,
3728 2413 3791 2452 ex

2199 2495 2308 2551 quo
2350 2481 2575 2537 confusa
2614 2483 2786 2539 moles
2814 2484 2938 2540 coeli
2974 2493 3031 2541 et
3070 2494 3230 2542 16.38
3269 2487 3438 2557 coepit
3470 2503 3601 2543 esse
3630 2507 3645 2542 :
3679 2499 3791 2560 post

2199 2569 2488 2625 accedente
2514 2570 2635 2626 luce
2662 2573 2808 2642 quod
2832 2572 3034 2631 factum
3057 2583 3173 2641 est;
3203 2575 3397 2631 melius
3428 2577 3703 2633 redditur.
3737 2577 3790 2631 In

2200 2676 2308 2731 quo
2349 2661 2679 2731 proﬁcientis
2719 2664 2955 2720 hominis
2988 2663 3203 2722 all‘cctio
3242 2666 3607 2739 signiﬁcatur,
3657 2671 3791 2725 unde

2199 2754 2373 2825 fuistis
2401 2755 2685 2827 aliquando
2709 2759 2955 2825 tenebrae,
2984 2776 3122 2815 nunc
3148 2770 3323 2814 autem
3355 2761 3450 2813 tua:
3475 2762 3533 2814 in
3564 2761 3789 2815 Domina

2199 2845 2414 2920 (Ephes.
2456 2849 2534 2920 v).
2580 2847 2650 2903 In
2687 2849 2877 2920 faciem
2923 2850 3075 2906 Iesu.
3118 2850 3272 2908 llunc
3313 2853 3481 2908 habet
3510 2868 3735 2909 sensum
3773 2868 3787 2906 :

2197 2939 2462 3007 Quoniam
2491 2940 2668 2996 divina
2708 2951 2901 2997 natura
2921 2943 3021 2998 sub
3050 2953 3330 3014 aspectum
3357 2960 3466 2999 non
3491 2946 3667 3009 cadit,
3699 2962 3791 3014 per

2195 3041 2465 3101 sumptam
2507 3032 2900 3089 humanitatem
2942 3036 3121 3091 divina
3163 3036 3283 3092 luce
3324 3037 3787 3106 resplendentern,

2196 3130 2252 3175 et
2272 3120 2483 3193 fulgura
2504 3124 2841 3180 emittentem
2863 3128 3141 3197 aspicitur,
3165 3135 3225 3183 ut
3253 3129 3398 3185 licet.
3436 3128 3579 3185 Hinc
3602 3140 3785 3184 autem

2196 3212 2359 3266 etiam
2411 3211 2760 3270 manifestum
2815 3223 2918 3282 est,
2967 3218 3111 3287 quod
3155 3217 3297 3274 Deus
3346 3220 3785 3275 incredulitatem

2194 3316 2302 3356 non
2336 3302 2591 3370 immisit,
2622 3304 2714 3375 qui
2741 3305 3092 3378 intelligentis
3124 3308 3260 3365 lucis
3289 3309 3638 3380 splendorem
3677 3330 3789 3367 om-

2195 3392 2355 3448 nibus
2397 3393 2610 3450 abunde
2636 3396 2867 3466 prtebuit
2898 3416 2911 3453 :
2943 3401 3038 3455 sed
3087 3400 3189 3471 ipsi
3220 3401 3438 3471 quidem
3474 3404 3789 3460 dilexerunt

2196 3481 2630 3541 incredulitatem
2648 3527 2663 3551 ,
2693 3486 2808 3557 ipse
2834 3500 3017 3545 autem
3047 3491 3127 3546 eis
3148 3507 3270 3547 cum
3300 3493 3507 3549 nollent
3536 3497 3788 3567 aspicere

2196 3572 2409 3627 radium
2431 3589 2539 3629 non
2561 3577 2811 3646 praebuit.
2834 3577 3081 3635 Scientiae
3101 3580 3379 3636 claritatis.
3406 3582 3656 3640 Scientia
3678 3587 3790 3657 glo-

2193 3663 2291 3718 ria:
2327 3664 2424 3721 Dei
2471 3676 2556 3722 est
2603 3682 2711 3738 qua
2758 3669 2960 3727 scimus
3004 3670 3186 3728 lumen
3223 3688 3344 3731 esse
3385 3690 3493 3745 quo
3538 3681 3789 3735 tenebit

2195 3766 2394 3813 nostrae
2426 3758 2819 3816 illuminantur.

2266 3873 2428 3930 Vens.
2482 3875 2536 3930 7.
2589 3904 2662 3917 -—-
2713 3876 3001 3934 Habemus.
3046 3881 3321 3939 Hactenus
3376 3884 3443 3940 de
3488 3885 3785 3942 altitudine

2194 3969 2432 4026 scientiae
2467 3972 2579 4042 egit
2616 3990 2629 4027 :
2671 3973 2761 4029 hic
2802 3975 2870 4029 de
2895 3974 3186 4046 fragilitate
3211 3978 3413 4045 carnis,
3442 3993 3565 4049 qua:
3598 3991 3693 4036 est
3719 3983 3783 4037 ad

2194 4061 2439 4133 gloriam,
2481 4062 2585 4118 etsi
2638 4072 2827 4119 contra
2877 4065 3137 4122 videatur.
3189 4067 3535 4125 Thesaurum.
3582 4069 3783 4128 Sacra-

2193 4161 2432 4208 mentum
2465 4155 2588 4221 Dei,
2621 4157 2763 4226 quod
2795 4156 3040 4214 ﬁdelibus
3076 4171 3363 4231 erogatur,
3400 4165 3629 4234 perﬁdis
3661 4168 3782 4222 abs-

2192 4243 2472 4311 conditur;
2504 4260 2626 4302 esse
2650 4248 2958 4306 thesaurum
2989 4251 3243 4309 aliirmat.

2264 4358 2429 4413 Vsus.
2463 4358 2548 4413 10.
2574 4391 2645 4400 -
2665 4360 2879 4434 Semper
2903 4366 3379 4435 mortiﬁcationem,
3401 4377 3509 4424 etc.
3539 4369 3779 4427 Dubium

2195 4463 2301 4504 non
2324 4458 2426 4515 est,
2450 4451 2577 4522 quia
2605 4452 2656 4507 in
2684 4455 3015 4526 martyribus
3035 4456 3282 4515 Christus
3309 4460 3603 4523 occiditur,
3640 4474 3697 4519 et
3728 4465 3778 4517 in

581 4554 749 4612 Vens.
783 4555 867 4612 l8.
898 4585 967 4596 —
992 4553 1104 4609 Nos
1130 4551 1350 4606 revelata
1382 4551 1536 4621 facie.
1570 4551 1627 4606 lu
1654 4568 1757 4622 qua
1786 4552 1985 4608 Judaeis
2013 4562 2095 4610 est

2211 4539 2284 4594 bis
2318 4540 2409 4610 qui
2454 4556 2553 4610 pro
2586 4541 2688 4597 ﬁde
2723 4546 3021 4613 patiuntur,
3052 4557 3145 4603 aut
3181 4550 3380 4616 exitus,
3421 4561 3513 4605 aut
3540 4554 3775 4619 vincula,

513 4646 783 4704 velamen.
829 4645 887 4700 ln
924 4643 1142 4715 speculo
1170 4657 1275 4697 non
1316 4641 1420 4697 nisi
1460 4642 1637 4713 imago
1679 4644 1937 4699 cernitur.
1981 4643 2096 4700 Hoc

514 4751 643 4806 ergo
669 4748 930 4791 conamur
953 4741 1012 4788 ut
1037 4745 1133 4802 per
1158 4732 1297 4786 hanc
1326 4732 1635 4803 imaginem,
1655 4733 1710 4788 id
1728 4743 1811 4789 est
1830 4734 2091 4789 rationem

514 4826 658 4895 quod
679 4841 779 4881 nos
800 4840 986 4881 sumus
1013 4823 1290 4879 videamus
1315 4832 1586 4895 utcunque
1612 4824 1758 4880 illum
1782 4841 1811 4879 a
1835 4842 1941 4896 quo
1963 4826 2092 4881 facti

513 4933 724 4984 sumus,
757 4926 1013 4987 tanquam
1029 4929 1127 4986 per
1143 4916 1439 4986 speculum.
1462 4916 1528 4971 In
1543 4918 1775 4971 eamdem
1791 4918 2086 4990 imaginem.

514 5007 651 5075 Quia
689 5009 877 5063 eadem
923 5009 1100 5079 imago
1139 5008 1231 5064 Dei
1257 5017 1339 5065 est
1371 5009 1541 5081 gloria
1576 5009 1690 5074 Dei,
1723 5010 1862 5065 sicut
1891 5027 2091 5082 supra:

525 5098 623 5153 Vir
650 5098 863 5170 quidem
899 5101 1069 5172 imago
1107 5100 1202 5155 Dei
1235 5112 1332 5165 est,
1360 5109 1409 5154 et
1434 5099 1601 5171 gloria
1643 5100 1759 5155 Dei.
1800 5132 1867 5141 —
1896 5101 2091 5160 Trans-

515 5188 837 5259 formantur.
872 5189 1188 5247 Transimus
1224 5192 1290 5247 de
1320 5191 1493 5246 forma
1524 5191 1577 5244 in
1612 5191 1858 5258 formam,
1902 5194 1968 5250 de
1998 5197 2095 5251 ob-

514 5296 676 5338 scura
718 5281 774 5339 in
814 5282 1045 5338 lucidam
1077 5301 1089 5338 :
1118 5282 1244 5353 quia
1290 5289 1346 5337 et
1376 5280 1488 5352 ipsa
1515 5281 1748 5336 obscura
1790 5282 1968 5355 imago
1998 5286 2090 5341 Dei

513 5382 600 5431 est
625 5374 679 5430 in
705 5390 812 5445 qua
841 5375 1088 5430 homines
1115 5371 1285 5428 creati
1320 5379 1444 5428 sunt
1478 5387 1581 5442 qua
1605 5372 1926 5429 animalibus
1950 5391 2091 5445 pra:-

514 5474 660 5521 sunt.
694 5465 824 5533 Qum
859 5473 1051 5521 natura
1075 5463 1363 5529 excellens,
1392 5479 1513 5518 cum
1548 5480 1579 5519 a
1609 5464 1720 5520 Deo
1742 5462 2092 5536 justiﬁcatur,

514 5572 545 5611 a
573 5555 799 5612 deformi
834 5556 1007 5612 forma
1041 5556 1094 5610 in
1122 5553 1413 5631 formosam
1449 5552 1678 5610 formam
1709 5565 1965 5613 mutatur.
1999 5560 2095 5614 Est

440 5698 445 5707 .
513 5648 658 5703 enim
690 5656 745 5704 et
774 5648 917 5704 inter
942 5646 1070 5702 vitia
1099 5654 1290 5701 natura
1318 5646 1480 5701 bona.
1520 5646 1614 5702 Vel
1648 5648 1751 5704 hoc
1778 5646 2094 5722 intelligitur

515 5738 581 5793 de
629 5738 797 5808 gloria
835 5738 1125 5797 creationis
1174 5738 1226 5795 in
1266 5737 1492 5809 gloriam
1523 5738 1948 5810 justiﬁcationis.
1998 5741 2094 5801 Vel

2197 4640 2291 4684 aut
2313 4631 2537 4686 verbera
2561 4631 2759 4688 Christi
2791 4637 3071 4705 passiones
3101 4648 3245 4705 sunt,
3276 4649 3336 4695 ut
3363 4650 3419 4695 et
3440 4643 3551 4696 vita
3578 4645 3702 4714 ejus
3726 4647 3775 4699 in

2195 4734 2424 4789 corpore
2447 4737 2634 4776 eorum
2662 4723 2840 4793 palam
2866 4725 2975 4779 flat.
3003 4725 3290 4784 Passiozles
3312 4730 3457 4784 enim
3504 4742 3635 4786 sunt
3661 4749 3778 4805 qua:

2196 4812 2485 4866 ostendunt
2518 4813 2767 4868 meritum
2798 4817 2865 4871 ad
2903 4815 3139 4873 futuram
3164 4820 3351 4885 vitam,
3383 4838 3547 4892 quam
3577 4826 3777 4894 promi.

2194 4903 2265 4957 sit
2308 4903 2577 4970 Christus,
2627 4905 2768 4961 unde
2813 4906 2918 4962 alio
2952 4908 3071 4965 loco
3121 4912 3252 4967 dicit
3290 4931 3303 4966 ε
3339 4912 3471 4968 Cum
3510 4915 3773 4985 inﬁrmor,

2199 5004 2321 5050 tunc
2348 5007 2526 5065 potens
2562 5014 2698 5063 sum,
2745 5009 2801 5054 et
2828 4999 3022 5056 iterum
3059 5020 3072 5056 :
3107 4998 3215 5058 Per
3245 5005 3630 5071 tribulationes,
3671 5019 3774 5064 etc.

2200 5084 2585 5156 Manifestetur.
2634 5087 2860 5156 Quidam
2901 5092 3043 5147 enim
3076 5094 3141 5150 de
3177 5098 3579 5154 resurrectione
3620 5100 3764 5156 dubi-

2199 5177 2405 5232 tabant.

2272 5292 2431 5345 Vens.
2475 5292 2560 5346 12.
2598 5322 2669 5334 -ο
2707 5293 2849 5366 Ergo
2881 5312 3041 5363 mors,
3088 5306 3193 5353 etc.
3242 5298 3376 5366 Quia
3416 5315 3517 5370 per
3546 5310 3773 5356 mortem

2199 5380 2362 5435 vitam
2385 5379 2511 5436 Jesu
2533 5383 2914 5454 consequimur
2946 5400 2960 5438 :
2983 5400 3113 5457 ergo
3140 5403 3285 5444 mors
3311 5404 3417 5444 non
3441 5402 3527 5445 est
3547 5389 3770 5452 inutilis,

2194 5474 2289 5529 sed
2325 5483 2583 5545 operatur
2621 5492 2875 5547 magnum
2905 5478 3033 5548 quid
3070 5480 3125 5534 in
3162 5481 3335 5536 nobis.
3372 5480 3479 5537 Sed
3518 5482 3631 5536 vita
3672 5494 3771 5551 qna

2194 5565 2535 5620 delectamini
2583 5565 2636 5621 in
2682 5568 2930 5634 terrenis,
2970 5579 3228 5640 operatur
3269 5573 3323 5627 in
3353 5572 3509 5628 vobis
3548 5581 3771 5628 mortem

2193 5664 2472 5710 aeternam.
2502 5654 2597 5710 Vel
2620 5658 2837 5728 passive
2861 5674 3012 5730 ergo,
3045 5660 3100 5715 id
3121 5670 3206 5717 est
3226 5672 3448 5734 propter
3475 5679 3626 5733 spem
3655 5663 3771 5715 vita

2193 5745 2320 5803 Jcsu
2350 5762 2495 5804 mors
2532 5756 2808 5819 operatur,
2859 5750 2913 5808 id
2948 5760 3031 5809 est
3070 5767 3100 5807 a
3124 5754 3400 5826 praedictis
3435 5753 3770 5826 passionibus
