3958 6314
170 397 277 455 557

1092 388 1358 446 GLOSSA
1395 384 1787 443 ORDINARIA.
1828 414 1893 422 -—
1934 381 2149 438 EPIST.
2193 384 2234 438 ll
2273 386 2364 440 AD
2401 386 2557 442 (ΞΟΠ.

3327 387 3431 444 558

167 512 400 569 efﬁcitur
435 509 488 562 in
527 507 684 563 nobis
703 547 718 572 ,
745 507 796 562 id
828 515 913 562 est
943 504 1303 576 permittimus
1329 501 1463 557 ellici
1493 519 1509 556 :
1535 502 1628 557 sed
1656 515 1754 571 per
1781 503 1830 562 Α
1857 496 1973 551 Non
2016 498 2179 563 infra,
2215 516 2322 554 non
2358 515 2539 570 supra,
2574 514 2680 553 non
2709 499 2868 563 intra,
2900 514 3005 553 non
3030 509 3207 554 extra.
3236 501 3437 558 AhSOr-

167 607 274 662 hoc
304 604 409 658 vita
440 600 670 657 edicitur
690 602 743 655 in
772 600 947 665 vobis,
975 599 1026 653 id
1049 609 1132 653 est
1164 598 1295 654 fides
1325 600 1616 670 plantatur.

240 693 407 751 Vens.
435 691 600 746 14.-
629 688 924 744 Vobiscum.
946 689 1063 744 Non
1092 705 1189 744 vos
1209 690 1512 753 nobiscum,
1540 697 1600 743 ut
1624 686 1755 741 infe-

168 787 364 850 riores,
393 784 486 839 sed
516 799 676 852 pares
704 784 858 838 nobis
888 784 1030 849 sitis,
1049 785 1092 838 si
1117 784 1413 839 volueritis.
1440 785 1506 838 Et
1524 785 1661 838 bene
1686 782 1754 836 de

167 877 325 931 vobis
353 890 537 930 assero
557 875 680 944 quia
701 875 878 929 omnia
905 876 1007 928 ista
1033 872 1260 929 facimus
1275 883 1493 944 propter
1517 888 1612 927 vos
1639 873 1754 926 ins-

170 970 430 1023 truendos
453 975 639 1023 nostro
658 967 922 1037 exemplo.
950 968 1024 1022 Ita
1047 968 1226 1022 omnia
1254 969 1320 1022 ad
1344 983 1438 1022 vos
1466 975 1710 1036 spectant
1737 981 1750 1017 :

168 1068 229 1114 ut
255 1060 427 1130 gratia
459 1060 550 1114 Dei
571 1059 853 1114 abundans
892 1060 945 1114 in
974 1059 1127 1114 nobis
1160 1060 1392 1114 abundet
1418 1059 1468 1111 in
1506 1057 1678 1121 vobis,
1703 1064 1758 1110 et

168 1165 271 1220 per
293 1165 389 1204 vos
418 1149 471 1204 in
500 1148 713 1214 aliis,et
737 1163 833 1218 per
852 1163 948 1203 vos
975 1147 1171 1203 multos
1199 1148 1442 1222 abundet
1460 1146 1753 1216 gratiarum

166 1241 406 1303 actione,
437 1247 494 1293 ut
536 1255 632 1294 vos
650 1249 712 1293 ‘et
737 1239 810 1293 illi
843 1239 953 1294 Deo
981 1240 1185 1309 gratias
1212 1238 1403 1310 agatis.
1438 1237 1496 1290 ln
1525 1237 1754 1306 gloriam

166 1332 292 1398 Dei,
322 1333 376 1388 id
396 1340 481 1388 est
508 1333 577 1387 ad
601 1332 993 1388 ostendendum
1017 1332 1184 1386 Deum
1212 1330 1527 1402 gloriosum.

802 1463 1030 1520 CAPUT
1058 1465 1122 1518 V.

239 1598 407 1654 Vsus.
433 1600 484 1653 1.
519 1629 590 1638 -
618 1596 825 1653 Scimus
851 1597 989 1652 enim
1021 1597 1269 1668 quoniam
1297 1597 1342 1650 si
1373 1596 1630 1649 terrestris
1653 1595 1752 1646 do-

165 1709 287 1746 mus
315 1701 494 1745 nostra
523 1690 681 1760 hujus
709 1689 1047 1744 habitationis
1076 1689 1392 1744 dissolvatur
1418 1689 1558 1758 quod
1587 1687 1756 1756 a'diﬁ-

166 1783 450 1846 cationem,
484 1789 590 1836 etc.
628 1780 684 1835 Id
725 1788 808 1834 est
838 1795 1035 1849 corpus
1077 1780 1385 1833 immortale
1415 1776 1752 1841 habebimus,

1856 597 1946 659 pta
1977 597 2059 642 est
2085 590 2230 644 enim
2263 606 2410 645 mors
2442 592 2492 644 in
2523 592 2768 645 victoria.

1927 678 2092 733 Vens.
2132 680 2182 734 6.
2218 711 2289 720 —-
2326 681 2607 735 Audentes.
2654 683 2796 736 Deus
2834 681 2962 736 facit
3007 699 3105 738 nos
3147 683 3285 739 velle
3331 685 3433 738 im~

1857 772 2263 837 mortalitatem,
2303 773 2433 826 facit
2473 782 2528 826 et
2569 783 2748 828 certos
2785 791 2882 843 per
2920 776 3192 844 spiritum,
3225 788 3277 832 ct
3318 779 3438 831 ideo

1857 863 2116 917 audentes
2141 881 2344 918 sumus.
2366 862 2775 934 Peregrinamur
2797 883 2827 918 a
2851 866 3095 920 Domino.
3123 868 3440 934 Quomodo?

1857 968 1978 1007 cum
2009 955 2134 1009 alibi
2167 959 2427 1026 scriptum
2457 956 2528 1009 sit
2561 973 2573 1008 :
2609 955 2673 1009 In
2702 958 2811 1026 ipso
2839 959 3072 1019 vivimus,
3105 978 3369 1015 movemur
3390 973 3438 1015 et

1855 1049 2074 1102 sumus?
2100 1047 2241 1118 (Act.
2274 1049 2431 1120 xvii.)
2466 1050 2599 1117 Quia
2639 1052 2737 1104 etsi
2782 1052 2980 1120 ubique
3023 1054 3186 1114 Deus.
3225 1073 3331 1110 non
3363 1066 3441 1110 ta-

1857 1152 1980 1191 men
2022 1139 2110 1192 hic
2141 1139 2354 1193 videtur
2385 1141 2524 1194 sicut
2556 1141 2610 1194 in
2651 1141 2821 1196 cmlis.
2861 1141 3278 1214 Peregrinamur
3311 1163 3440 1218 ergo

1857 1242 1962 1280 non
1993 1227 2115 1293 lide,
2144 1229 2238 1283 sed
2254 1231 2466 1300 _specie.

1928 1318 2092 1375 Vens.
2124 1321 2210 1374 10.
2235 1353 2306 1360 —
2332 1321 2398 1376 Ut
2430 1324 2622 1393 referat
2653 1327 3026 1396 unusquisque.
3060 1327 3232 1382 Etiam
3262 1332 3438 1399 pueri,

1858 1413 1972 1482 qui,
2002 1413 2048 1466 si
2089 1429 2194 1467 non
2223 1429 2318 1483 per
2341 1431 2417 1478 sc,
2452 1429 2545 1485 per
2575 1416 2709 1470 alios
2733 1427 3038 1484 gesserunt,
3071 1420 3194 1471 dum
3231 1437 3324 1489 per
3350 1437 3444 1477 cos

1856 1502 2201 1557 crediderunt
2225 1505 2307 1558 vel
2336 1521 2441 1560 non
2469 1508 2834 1572 crediderunt,
2865 1510 3159 1563 secundum
3190 1513 3330 1580 quod
3355 1512 3444 1580 ju—

1858 1593 2125 1661 dicantur,
2163 1612 2269 1650 non
2309 1599 2600 1652 secundum
2631 1600 2772 1667 quod
2801 1602 3002 1669 gesturi
3035 1611 3222 1666 erant,
3263 1604 3309 1657 si
3353 1605 3446 1659 diu

1859 1685 2123 1740 viverent.
2162 1688 2302 1743 Dicit
2331 1691 2473 1744 enim
2509 1708 2520 1742 :
2551 1702 2703 1760 prout
2730 1693 2885 1760 gessit
2910 1693 2963 1745 in
2991 1710 3222 1762 corpore,
3249 1711 3354 1749 non
3386 1706 3448 1750 ut

1859 1786 2108 1846 gesturus
2132 1788 2248 1832 erat
2283 1781 2326 1833 si
2363 1780 2588 1845 viveret,
2618 1779 2818 1835 frustra
2848 1797 2976 1848 ergo
3009 1783 3168 1836 homo
3194 1793 3315 1854 post
3341 1784 3448 1839 hoc

165 1872 215 1926 si
243 1888 441 1941 corpus
466 1886 564 1940 per
592 1869 966 1924 tribulationes
996 1869 1340 1934 dissolvatur,
1369 1876 1423 1923 et
1447 1869 1588 1932 ideo,
1621 1883 1756 1936 quo—
1790 1861 1836 1921 B
1863 1882 2059 1937 corpus
2091 1869 2189 1923 sibi
2228 1871 2522 1939 promittit,
2553 1872 2694 1941 quod
2745 1873 2834 1926 hic
2875 1873 2926 1926 in
2967 1889 3192 1942 corpore
3223 1890 3442 1944 compa-

166 1965 317 2019 niam
359 1965 438 2019 sic
472 1963 813 2028 dissolvetur,
855 1971 915 2017 ut
957 1963 1194 2017 conditio
1225 1971 1280 2016 et
1310 1977 1474 2017 causa
1505 1963 1577 2016 sit
1613 1975 1753 2031 pra:-

165 2055 358 2110 missa.
399 2052 522 2108 Non
567 2054 948 2123 manufactam,
988 2053 1078 2108 sed
1116 2063 1386 2107 teternam.
1428 2052 1486 2106 ld
1529 2060 1614 2106 est
1648 2067 1754 2106 non

166 2145 451 2200 hominum
475 2144 849 2212 complexione
877 2144 1098 2210 factam,
1127 2145 1354 2209 scilicet,
1381 2160 1483 2198 non
1507 2145 1758 2199 humanze

165 2237 538 2307 generationis
576 2253 678 2307 ope
709 2238 1026 2308 productam
1072 2254 1172 2293 nec
1217 2238 1469 2292 humanis
1506 2238 1758 2296 fomentis

167 2337 411 2392 auctam,
463 2330 556 2384 sed
591 2345 619 2382 a
653 2329 764 2384 Deo
804 2328 1150 2383 ineffabiliter
1177 2338 1536 2398 compactam.
1583 2327 1760 2382 Αἰτεῖ-

168 2435 316 2472 nam.
351 2419 488 2485 Quia
519 2419 575 2474 in
596 2435 658 2474 ea
685 2421 804 2475 sine
833 2418 938 2473 ﬁne
967 2419 1293 2474 manebitur.

244 2508 410 2564 Vens.
441 2509 498 2563 2.
533 2541 599 2550 —-
630 2509 794 2563 Nam.
829 2509 946 2564 Non
986 2509 1158 2564 solum
1195 2525 1293 2578 pro
1326 2510 1581 2579 prmsenti
1612 2509 1760 2564 inha-

165 2599 458 2665 bilatione,
488 2600 581 2655 sed
608 2599 790 2663 etiam,
822 2601 878 2653 in
899 2601 1018 2664 hoc,
1051 2600 1104 2654 id
1132 2609 1216 2654 est
1241 2600 1295 2652 in
1326 2599 1762 2654 consideratione

168 2691 334 2760 hujus
364 2701 527 2746 tantae
551 2692 758 2763 gloriae,
790 2693 1197 2762 ingemiscimus.
1233 2690 1309 2744 Ex
1337 2690 1594 2744 dilatione
1627 2690 1764 2745 desi-

168 2785 312 2840 derii
349 2800 363 2838 :
398 2787 540 2854 quod
583 2801 690 2838 non
732 2783 1054 2848 faceremus,
1096 2783 1198 2836 nisi
1239 2797 1482 2840 essemus
1513 2782 1666 2837 certi.
1704 2781 1762 2836 ln

167 2873 328 2941 cujus
360 2876 436 2929 rei
474 2875 643 2944 ligura
671 2875 786 2928 Axa
818 2874 925 2928 [ilia
949 2873 1111 2929 Caleb
1133 2874 1288 2943 petiit
1313 2873 1574 2943 irriguum
1607 2887 1766 2942 supe-

168 2967 292 3021 rius
330 2976 387 3022 et
427 2967 688 3035 irriguum
724 2965 970 3029 inferius,
995 2975 1054 3019 ut
1091 2981 1189 3018 nos
1214 2965 1486 3034 lacrymas
1524 2963 1765 3018 elfunda-

167 3076 319 3122 mus,
346 3073 452 3112 non
485 3057 656 3110 solum
686 3072 782 3125 pro
807 3057 1090 3125 pnesentis
1118 3055 1382 3109 incolatus
1407 3054 1645 3118 miseria,
1671 3053 1767 3106 sed

165 3168 274 3222 pro
321 3151 578 3204 dilatione
621 3151 869 3217 superna:
914 3147 1118 3217 glorize.
1169 3145 1598 3214 lngemiscimus,
1640 3144 1766 3212 quia

1862 1972 1984 2010 rare
2013 1959 2264 2027 neglexit.
2297 1960 2615 2016 Suademus.
2644 1961 2887 2017 Suadent
2915 1965 3141 2033 apostoli
3171 1976 3228 2020 ut
3255 1967 3446 2036 reliqui

1858 2049 1996 2104 bene
2027 2050 2267 2106 viventes
2293 2054 2518 2108 credant
2549 2063 2604 2108 et
2637 2056 2956 2124 provideant
2991 2057 3116 2121 sibi,
3152 2059 3276 2126 quia
3307 2074 3445 2128 quo-

1860 2141 2108 2194 rumdam
2139 2142 2474 2212 praviloquio
2530 2143 2646 2198 dies
2689 2145 2900 2198 Domini
2933 2146 2986 2198 in
3018 2145 3241 2200 dubium
3275 2150 3425 2202 venit

1930 2229 2095 2286 Vens.
2131 2233 2218 2285 11.
2243 2263 2316 2272 -
2336 2233 2446 2287 Deo
2470 2250 2644 2286 autem
2673 2235 2938 2303 manifesti
2963 2251 3165 2301 sumus,
3190 2238 3312 2306 quia
3343 2239 3447 2294 hee

1860 2324 2215 2394 praedicamus
2244 2326 2386 2394 quod
2410 2324 2565 2395 jubet
2595 2325 2757 2381 Deus.

1932 2413 2097 2470 Vens.
2141 2415 2226 2470 15.
2265 2447 2334 2455 -
2375 2415 2495 2471 Sive
2542 2417 2676 2470 enim
2714 2427 2903 2470 mente.
2945 2417 3109 2484 Quasi
3138 2419 3324 2472 dicat:
3373 2420 3448 2473 De

1863 2505 2018 2559 nobis
2065 2506 2251 2574 utique
2299 2506 2521 2575 gloriari
2565 2506 2820 2575 potestis,
2860 2507 2987 2576 quia
3023 2507 3283 2576 quidquid
3330 2510 3446 2579 agi-

1863 2612 2004 2661 mus,
2051 2597 2136 2650 vel
2179 2607 2266 2651 est
2307 2599 2478 2652 honor
2513 2597 2632 2662 Dei,
2666 2599 2748 2652 vel
2787 2598 2990 2652 utilitas
3025 2600 3278 2668 proximi.
3328 2597 3450 2654 Sive

1862 2689 2192 2752 excedimus,
2224 2690 2277 2744 id
2307 2699 2410 2754 est,
2439 2690 2484 2743 si
2515 2706 2614 2748 nos
2646 2690 3088 2745 commendamus
3119 2691 3323 2759 (inquo
3344 2707 3448 2760 pu-

1867 2788 2045 2833 tamur
2076 2779 2381 2851 insensati),
2399 2780 2510 2834 Deo
2532 2790 2636 2842 est,
2663 2782 2714 2835 id
2740 2790 2824 2836 est
2851 2781 2917 2836 ad
2942 2782 3200 2836 honorem
3224 2781 3339 2847 Dei,
3357 2784 3450 2852 qui

1865 2871 1945 2925 sic
1975 2886 2074 2926 nos
2105 2871 2383 2926 exaltavit.
2428 2871 2552 2927 Sive
2580 2873 2739 2926 sobrii
2773 2886 2792 2924 :
2821 2881 2879 2926 ut
2913 2888 3019 2927 non
3059 2874 3164 2927 alta
3193 2875 3260 2928 de
3296 2875 3453 2928 nobis

1867 2962 2132 3025 dicamus,
2167 2963 2234 3016 ad
2272 2971 2510 3018 vestram
2548 2972 2634 3018 est
2672 2964 2773 3019 hoc
2807 2964 3117 3030 utilitatem.
3162 2964 3281 3019 Sive
3313 2967 3454 3020 enim

1867 3063 2039 3106 mente
2084 3054 2400 3108 excedimus.
2454 3054 2716 3123 Loquitur
2763 3055 3052 3124 Apostolus
3100 3057 3164 3110 de
3216 3057 3450 3126 quadam

1873 3143 2126 3198 inellabili
2153 3145 2605 3214 contemplatione
2633 3157 2690 3200 et
2738 3155 2918 3216 raptu,
2946 3147 3035 3200 ubi
3067 3148 3273 3202 audivit
3309 3150 3454 3218 quod

165 3243 430 3311 cupimus
465 3255 626 3309 super
657 3237 1051 3292 invocationem
1082 3237 1296 3298 animm,
1326 3251 1486 3304 quam
1519 3233 1629 3302 jam
1667 3251 1761 3288 ac-
1793 3209 1838 3271 Ο
1869 3253 1977 3291 non
2015 3237 2140 3290 licet
2171 3237 2377 3291 homini
2406 3237 2570 3306 loqui.
2601 3237 2710 3290 Deo
2736 3248 2808 3291 est
2837 3251 2854 3287 :
2889 3254 2995 3292 non
3022 3239 3192 3302 vobis,
3219 3241 3308 3307 qui
3345 3256 3455 3295 non

168 3333 441 3401 cepimus.
473 3329 548 3382 De
579 3329 726 3382 caelo.
773 3327 830 3382 ld
872 3336 977 3391 est,
1021 3336 1274 3395 optamus
1309 3324 1506 3378 habere
1547 3324 1766 3377 immor-

123 3435 127 3438 ·
171 3424 289 3478 tale
326 3432 382 3477 et
419 3420 751 3492 impassibile
793 3435 1011 3486 corpus,
1037 3417 1106 3471 ad
1153 3417 1559 3472 similitudinem
1600 3416 1763 3470 scele-

171 3514 366 3570 stium.

254 3603 398 3657 Nam
437 3611 485 3656 et
520 3603 626 3673 qui,
669 3611 774 3658 etc.
820 3600 983 3668 Quasi
1022 3601 1168 3656 dicat
1213 3617 1226 3653 :
1276 3598 1383 3654 Nos
1416 3598 1766 3669 perfectiores

173 3709 282 3764 pro
312 3692 568 3747 dilatione
600 3691 895 3761 gemimus,
931 3691 1057 3760 quia
1086 3686 1263 3744 'etiam
1299 3690 1479 3744 minus
1507 3690 1762 3759 perfecti,

173 3783 276 3853 qui
317 3789 536 3836 carnem
583 3780 785 3836 fovent.
834 3780 979 3835 Inter
1021 3781 1120 3836 hos
1166 3788 1345 3834 autem
1386 3796 1446 3836 se
1478 3779 1765 3850 Apostolus

175 3880 538 3928 connumerat
572 3887 639 3926 ne
671 3871 745 3926 illi
775 3872 842 3926 de
865 3886 924 3925 se
955 3871 1133 3926 minus
1158 3871 1412 3924 sentiant.

256 3963 418 4020 Vens.
451 3966 504 4020 '5.
539 3995 611 4005 -—
641 3964 700 4018 Si
727 3974 901 4017 tamen
933 3964 1098 4018 vestiti
1137 3964 1307 4034 gloria
1354 3964 1761 4034 promissionis;

177 4075 287 4111 non
318 4058 464 4110 nudi.
503 4057 616 4112 Hoc
645 4056 952 4111 desiderant
981 4056 1177 4120 sancti,
1204 4071 1271 4110 ne
1300 4066 1643 4126 resurgentes
1682 4074 1768 4112 re-

174 4157 340 4218 cepto
374 4163 623 4217 corpore,
660 4147 811 4210 nudi,
844 4147 898 4200 id
927 4155 1013 4201 est
1040 4146 1202 4202 alieni
1235 4164 1265 4200 a
1296 4148 1560 4217 promissa
1599 4149 1767 4219 gloria

174 4240 546 4294 inveniantur.
577 4237 690 4292 iloc
714 4239 857 4292 enim
893 4253 1028 4307 Opus
1061 4246 1144 4292 est
1175 4256 1187 4291 :
1228 4246 1288 4292 ut
1316 4238 1486 4293 induti
1517 4254 1765 4310 corpore,

175 4351 242 4390 su
252 4336 640 4404 perinduantur
654 4335 845 4407 gloria,
862 4351 981 4404 quae
998 4345 1082 4391 est
1095 4335 1400 4391 immutatio
1425 4337 1476 4390 in
1492 4334 1765 4390 claritate.

175 4421 403 4480 Gravati
430 4443 488 4480 eo
515 4442 742 4496 corpore
768 4445 780 4480 :
807 4443 914 4497 quo
941 4439 1119 4482 tamen
1150 4429 1400 4484 nolumus
1421 4438 1651 4483 mortem
1674 4443 1770 4481 no-

174 4513 267 4569 bis
297 4514 444 4581 tolli,
477 4517 573 4570 sed
603 4517 916 4585 superindui
937 4557 952 4581 ,
984 4517 1036 4571 id
1063 4527 1148 4573 est
1185 4535 1217 4572 a
1262 4519 1371 4573 Deo
1401 4519 1591 4573 vestiri
1630 4519 1765 4572 stola

177 4605 610 4661 immortalitatis
649 4622 768 4676 qua:
817 4607 1063 4662 destruat
1104 4608 1515 4672 mortalitatem,
1565 4624 1672 4662 non
1711 4616 1770 4663 ut

177 4697 553 4765 superveniat.

254 4785 422 4841 Vens.
449 4787 502 4840 4.
531 4818 602 4827 -
624 4787 728 4854 Qui
753 4806 934 4844 sumus
959 4791 1014 4844 in
1045 4789 1400 4845 tabernaculo.
1431 4791 1533 4859 Qui
1567 4791 1774 4846 habita-

182 4880 390 4934 tionem
421 4879 580 4948 hujus
605 4883 848 4950 corporis
874 4883 1170 4954 diligimus,
1197 4884 1264 4938 de
1291 4899 1399 4953 quo
1425 4899 1532 4937 non
1561 4892 1643 4939 est
1673 4900 1770 4938 cu-

183 4971 439 5034 randum,
469 4986 593 5025 cum
621 4986 726 5026 non
757 4973 830 5027 sit
857 4974 1262 5029 tabernaculum
1298 4976 1401 5030 nisi
1431 4975 1497 5028 ad
1537 4983 1770 5044 tempus,

182 5062 573 5132 ingemiscimus
616 5063 882 5119 desiderio
927 5065 1182 5120 caelestis.
1227 5065 1337 5120 Nos
1376 5067 1497 5119 dico
1541 5066 1769 5136 gravati,

185 5151 345 5221 quasi
385 5155 533 5213 dicat
562 5173 575 5208 :
607 5156 724 5213 Non
750 5158 965 5220 mirum,
998 5157 1045 5210 si
1087 5156 1490 5227 ingemiscimus
1525 5173 1538 5209 :
1576 5157 1700 5226 quia
1743 5172 1772 5210 a

185 5252 530 5312 beatitudine
565 5266 751 5305 sumus
796 5249 1009 5304 remoti.
1048 5247 1183 5303 Nam
1224 5248 1389 5302 etiam
1431 5247 1496 5300 de
1537 5247 1638 5300 hoc
1675 5247 1774 5300 mi-

188 5348 312 5401 nori
335 5345 623 5417 gemimus,
649 5342 776 5412 quia
802 5343 904 5396 hoc
930 5356 1154 5412 corpore
1179 5340 1446 5394 exuimur.
1465 5336 1564 5392 Eo.
1587 5338 1644 5391 ld
1669 5347 1774 5402 est,

190 5437 314 5491 ideo
343 5435 626 5506 gemimus.
656 5430 809 5497 Quod
838 5431 1077 5484 nolumus
1102 5428 1406 5500 exspoliari,
1437 5428 1482 5482 si
1517 5429 1618 5482 hoc
1656 5443 1778 5496 pos-

190 5539 278 5585 set
329 5527 477 5582 ﬁeri.
528 5523 643 5588 Vel,
699 5523 1142 5594 ingemiscimus,
1195 5521 1464 5578 desiderio
1519 5519 1776 5574 ctelcstis.

193 5619 336 5673 Deus
381 5627 557 5672 autem
600 5618 696 5670 hoc
738 5615 927 5685 effecit.
960 5613 1086 5679 Vel,
1136 5613 1387 5668 nolumus
1429 5610 1719 5683 exspoliari
1763 5628 1775 5662 :

196 5710 338 5764 Deus
376 5721 548 5766 tamen
586 5710 756 5778 eﬂ'ecit
796 5716 854 5762 ut
892 5707 1352 5762 immortalitatem
1391 5707 1777 5761 desideremus.

203 5800 268 5856 Ut
298 5804 658 5872 absorbeatur,
689 5818 793 5859 etc.
835 5801 914 5856 lta
952 5810 1011 5856 ut
1043 5816 1304 5871 nusquam
1346 5800 1418 5856 sit
1455 5799 1776 5856 mortalitas.

1795 4568 1846 4627 D

1867 3335 2094 3404 potestis
2121 3349 2335 3404 capere.

1942 3423 2062 3479 Sive
2095 3425 2232 3478 enim
2269 3424 2431 3478 sobrii
2465 3441 2667 3478 sumus.
2710 3425 3220 3482 Condescendendo.
3269 3427 3447 3482 Vobis.

1870 3514 2007 3582 Quia
2047 3515 2126 3570 sic
2166 3515 2456 3584 loquimur,
2482 3523 2540 3569 ut
2566 3531 2758 3584 capere
2787 3517 3026 3585 possitis.
3067 3517 3158 3572 lsti
3194 3529 3319 3574 sunt
3355 3536 3453 3574 an-

1869 3607 1972 3676 geli
2005 3607 2071 3661 de
2097 3607 2292 3676 quibus
2331 3607 2592 3663 Dominus
2619 3609 2696 3664 ait
2733 3609 2788 3664 in
2823 3610 3114 3682 Evangelio
3145 3629 3159 3666 :
3191 3609 3454 3680 Videbitis

1869 3697 2064 3753 coelum
2100 3707 2370 3769 apertum,
2400 3706 2458 3754 et
2487 3698 2706 3768 angelos
2739 3699 3094 3756 ascendentes
3129 3710 3185 3756 et
3223 3702 3452 3757 descen-

1867 3789 2059 3845 dentes
2094 3805 2256 3860 super
2293 3789 2490 3845 Filium
2530 3791 2803 3856 hominis;
2833 3793 2931 3846 hos
2971 3793 3188 3848 eosdem
3233 3794 3455 3865 angelos

1867 3884 2005 3939 vidit
2032 3882 2198 3938 Jacob
2232 3884 2286 3937 in
2318 3883 2480 3938 scalis
2508 3886 2862 3940 ascendentes
2886 3893 2942 3938 et
2966 3885 3379 3942 descendentes.

1942 3975 2106 4030 Vens.
2139 3975 2226 4028 H.
2247 4005 2318 4014 —
2337 3973 2584 4028 Charitas
2613 3977 2750 4028 enim
2773 3973 2990 4040 Christi,
3013 3986 3118 4031 etc.
3141 3976 3276 4042 Quia
3303 3978 3456 4031 Chri-

1869 4075 1986 4122 stus
2010 4066 2276 4120 charitate
2302 4081 2401 4134 pro
2431 4065 2584 4118 nobis
2619 4073 2860 4119 mortuus
2888 4073 2992 4129 est,
3023 4074 3234 4119 constat
3267 4082 3456 4122 omnes

1869 4165 2112 4212 mortuos
2157 4155 2324 4210 fuisse
2370 4155 2424 4209 in
2471 4155 2677 4220 Adam;
2717 4169 2814 4223 pro
2854 4156 3048 4224 quibus
3091 4167 3336 4210 mortuus
3374 4166 3458 4211 est

1870 4248 2152 4309 Christus,
2196 4255 2258 4300 ut
2292 4260 2386 4300 eos
2427 4260 2456 4298 a
2500 4255 2674 4298 morte
2711 4244 2986 4299 liberaret.
3019 4243 3148 4311 Quae
3179 4246 3348 4316 gratia
3388 4261 3457 4300 ne

1871 4339 2076 4394 inutilis
2118 4340 2190 4392 sit
2228 4337 2556 4400 hominibus,
2588 4335 2834 4405 apostoli,
2869 4345 2929 4390 ut
2957 4352 3051 4391 eos
3081 4336 3326 4398 illiciant,
3356 4353 3454 4392 ne-

1870 4429 2106 4484 cessario
2149 4445 2207 4482 se
2253 4428 2502 4492 laudant;
2543 4442 2641 4496 per
2678 4426 2902 4498 gloriam
2940 4427 3082 4482 enim
3119 4438 3170 4483 et
3200 4429 3453 4484 meritum

1872 4519 2237 4588 apostolorum
2264 4518 2574 4588 agnoscitur
2602 4517 2774 4588 gratia
2800 4526 2855 4572 et
2879 4517 3198 4573 beneficium
3230 4521 3453 4575 Christi.

1873 4610 1934 4664 Si
1973 4626 2108 4663 unus
2141 4625 2235 4678 pro
2285 4607 2542 4661 omnibus.
2589 4607 2645 4662 ld
2680 4617 2780 4670 est,
2831 4607 2875 4661 si
2910 4607 3156 4662 Christus
3204 4624 3300 4678 pro
3334 4625 3456 4662 om-

1873 4701 2032 4758 nibus
2081 4709 2341 4771 quantum
2387 4700 2452 4752 ad
2494 4715 2575 4763 se,
2626 4700 2727 4754 etsi
2783 4714 2887 4753 non
2925 4699 3176 4754 omnibus
3235 4699 3455 4769 profuit,

1872 4810 2004 4865 ergo
2041 4803 2097 4848 et
2140 4805 2330 4847 omnes
2377 4791 2626 4846 homines
2687 4791 2885 4846 debent
2933 4791 3071 4844 mori
3115 4807 3212 4861 pro
3255 4792 3457 4847 honone

1875 4887 2038 4941 illius.

1951 4976 2112 5030 Vens.
2147 4975 2234 5028 15.
2274 5006 2342 5014 -
2373 4972 2476 5040 Qui
2517 4971 2688 5028 vivunt
2729 4975 2781 5028 in
2822 4988 3070 5043 corpore,
3112 4990 3213 5026 non
3253 4975 3352 5026 sibi
3384 4976 3458 5027 vi-

1880 5080 2020 5134 vant,
2059 5069 2148 5123 sed
2179 5068 2436 5124 voluntati
2474 5067 2588 5121 Dei.
2631 5066 2782 5133 Quod
2815 5066 3029 5134 quidem
3062 5065 3259 5119 debent
3289 5084 3300 5118 :
3333 5068 3458 5135 quia

1883 5164 1983 5219 etsi
2006 5162 2254 5217 Christus
2278 5175 2448 5229 usque
2473 5161 2539 5213 ad
2568 5168 2794 5214 mortem
2822 5157 2923 5212 fuit
2945 5158 3214 5221 inﬁrmus,
3238 5157 3461 5225 injuria-

1885 5264 1990 5311 tus.
2025 5252 2136 5320 jam
2197 5261 2373 5306 tamen
2414 5261 2536 5321 post
2575 5250 3027 5304 resurrectionem
3065 5264 3169 5302 non
3207 5257 3320 5310 est,
3365 5250 3459 5303 sed

1885 5353 2110 5414 apparet
2149 5343 2293 5412 quod
2322 5357 2444 5398 esse
2492 5342 2793 5396 videbatur.
2838 5340 2992 5397 Unde
3031 5358 3043 5392 :
3084 5338 3216 5394 Cum
3260 5341 3462 5393 exalta-

1884 5438 2057 5492 veritis
2083 5435 2284 5489 Filium
2311 5435 2554 5497 hominis,
2584 5444 2706 5486 tunc
2734 5433 3047 5502 cognoscetis
3077 5432 3200 5501 quia
3223 5447 3314 5497 ego
3347 5447 3465 5483 sum

1886 5528 2066 5599 (Joan.
2106 5526 2248 5595 vin).
2278 5523 2461 5578 Vicem
2493 5539 2621 5595 ergo
2655 5523 2704 5577 ei
2743 5524 2967 5577 reddant
2994 5521 3151 5591 quasi
3190 5520 3321 5583 Deo,
3358 5535 3464 5572 non

1885 5615 2090 5671 homini
2131 5617 2301 5668 solum
2330 5628 2431 5682 pro
2462 5611 2542 5666 eis
2569 5627 2748 5682 passo.

1958 5705 2122 5760 Vens.
2154 5704 2239 5759 16.
2267 5733 2338 5744 -
2360 5702 2637 5757 Neminem
2669 5705 2924 5760 novimus.
2948 5705 3003 5760 1d
3029 5712 3132 5768 est,
3161 5701 3463 5756 laudamus.

1889 5796 2186 5852 Secundum
2219 5810 2449 5848 carnem.
2490 5793 2544 5846 ω
2579 5803 2680 5859 est,
2710 5810 2805 5863 sua
2837 5805 3186 5864 quzerentcm,
3215 5809 3320 5848 non
3350 5808 3470 5862 quw
