3958 6314
497 316 605 372 559

1000 313 1392 370 WALAFRJDI
1428 313 1672 368 STRABI
1708 314 1909 370 FULD.
1954 316 2114 371 MON.
2156 317 2307 374 OPP.
2350 317 2528 374 PARS
2566 318 2607 371 l.
2644 348 2715 361 -—
2754 319 3212 377 THEOLOGICA.

3662 326 3772 381 560

496 424 701 482 Christi
726 442 741 479 :
775 424 1107 496 temporalia,
1139 439 1245 478 non
1274 435 1495 479 aeterna.
1531 423 1638 479 Nec
1678 426 1781 480 hoc
1810 426 1967 480 debet
1996 426 2076 481 fa-
2104 438 2151 499 Α
2181 428 2623 484 tribulationibus.
2658 429 2716 483 ln
2753 439 2831 484 tot
2856 432 3026 497 duris,
3059 433 3179 488 leve
3204 440 3288 488 est
3310 448 3451 489 onus
3476 434 3693 493 Christi
3718 449 3771 494 et

498 533 623 573 cere
661 516 877 586 aliquis,
912 516 1039 586 quia
1080 517 1182 571 etsi
1226 515 1475 572 Christus
1520 517 1622 572 fuit
1656 519 1901 573 mortalis
1935 518 2076 574 sicut

497 623 632 679 ego,
667 623 766 677 per
802 607 945 678 quod
981 622 1104 662 eum
1145 609 1327 678 putavi
1363 610 1635 665 hominem
1673 626 1793 665 esse
1836 619 2071 675 tantum,

494 699 624 751 dum
668 713 817 752 eram
862 695 1096 753 inﬁdelis
1134 715 1148 752 :
1184 707 1363 754 tamen
1388 697 1502 767 jam
1534 708 1618 756 est
1655 701 1992 768 immortalis,
2021 710 2077 757 et

497 786 572 840 ita
597 787 775 842 securi
807 803 993 843 sumus
1023 789 1087 843 de
1113 790 1356 857 praemio.
1397 788 1453 845 Si
1477 790 1599 860 quis
1625 806 1753 862 ergo
1781 791 1833 845 in
1862 791 2076 847 Christo

496 886 579 933 est
610 886 826 934 renatus
850 893 1045 945 novus,
1072 879 1146 934 illi
1165 878 1279 948 jam
1304 896 1399 951 spe
1427 882 1639 937 transiit
1669 882 1993 948 mortalitas,
2021 890 2077 938 et

499 968 768 1033 transibit,
798 976 851 1022 et
881 967 1097 1023 dabitur
1125 985 1265 1026 nova
1307 970 1702 1026 immortalitas.
1733 971 1848 1037 Vel,
1886 972 1932 1027 si
1955 972 2077 1043 quis

497 1071 692 1122 novas,
718 1064 875 1111 vetus
901 1056 988 1112 lex
1014 1058 1228 1114 transiit
1257 1058 1354 1124 illi,
1377 1070 1432 1115 et
1459 1076 1653 1116 novam
1683 1061 1863 1115 habet.
1896 1060 2077 1114 Nemi-

499 1161 613 1201 nem
643 1163 747 1200 non
779 1147 1067 1201 secundum
1097 1164 1326 1202 carnem.
1350 1147 1529 1203 Vitam
1559 1149 1795 1204 futuram
1826 1151 1898 1204 ita
1926 1159 2075 1205 certa

499 1250 595 1305 spe
637 1242 805 1301 tenet,
846 1237 1001 1305 quasi
1041 1235 1155 1306 jam
1200 1237 1271 1292 sit
1311 1253 1594 1308 praesens:
1629 1255 1748 1309 qua:
1782 1240 1837 1294 in
1863 1238 2078 1295 Christo

498 1333 751 1397 surgente
795 1326 1010 1396 impleta
1045 1335 1158 1393 est,
1196 1343 1315 1397 qua:
1359 1343 1465 1383 non
1508 1337 1592 1383 est
1635 1331 1927 1385 secundum
1957 1345 2078 1385 car-

500 1432 626 1471 nem
659 1435 671 1468 :
714 1432 819 1471 non
859 1418 986 1487 quin
1023 1418 1078 1473 in
1117 1419 1304 1474 eadem
1346 1420 1526 1475 carnis
1562 1420 1865 1483 substantia
1899 1436 2081 1476 resur—

500 1506 703 1560 recturi
728 1507 918 1571 simus,
942 1507 1036 1562 sed
1064 1509 1205 1578 quod
1237 1524 1341 1563 non
1373 1510 1426 1563 in
1456 1509 1646 1564 eadem
1675 1510 1933 1579 qualitate
1960 1527 2079 1566 cor-

496 1600 788 1668 ruptionis,
818 1615 935 1670 quae
971 1602 1188 1658 nomine
1215 1604 1395 1658 carnis
1429 1603 1689 1674 signatur.
1718 1603 1784 1657 Et
1811 1599 2079 1675 si'cogno-

492 1689 668 1743 vimus
689 1691 971 1744 secundum
1003 1708 1231 1746 carnem.
1266 1693 1400 1760 Quia
1424 1695 1670 1763 quamvis
1692 1695 1817 1750 dum
1850 1696 2077 1752 infidelis

2178 522 2425 592 requies,
2467 522 2611 577 intus
2653 522 2856 591 Spiritu
2886 533 3075 579 sancto
3103 526 3446 591 viviﬁcante,
3474 537 3529 581 et
3560 543 3655 598 spe
3688 529 3772 583 fu-

2180 611 2284 665 turi
2308 611 2490 667 omnia
2516 612 2815 683 mitigante,
2845 615 3026 669 omnia
3063 616 3208 670 enim
3232 632 3375 671 steva
3399 621 3457 671 et
3482 618 3772 681 immania.

2177 702 2355 759 facilia
2391 713 2444 758 et
2480 720 2646 775 prope
2679 705 2825 759 nulla
2856 705 2987 761 facit
3023 722 3199 763 amor.
3228 708 3296 763 Et
3333 710 3634 764 secundum
3665 709 3773 766 hoc

2178 795 2413 867 intellige
2437 797 2580 866 quod
2601 797 2799 852 dicitur
2822 812 2836 851 :
2872 797 3055 852 Venite
3074 800 3143 853 ad
3172 817 3273 867 me,
3298 814 3481 855 omnes
3501 801 3596 872 qui
3623 801 3777 855 labo-

2178 889 2306 940 ratis
2340 896 2389 940 et
2426 888 2628 941 onerati
2651 888 2803 954 estis,
2835 897 2882 942 et
2911 904 3003 958 ego
3034 889 3265 958 reﬁciam
3294 904 3384 945 vos
3416 889 3638 962 (Matth.
3667 894 3773 960 SI).

2178 975 2243 1031 Et
2283 976 2476 1031 iterum
2507 994 2522 1029 :
2556 974 2743 1030 Tollite
2770 966 3170 1047 jugum‘meum
3207 994 3364 1049 super
3396 998 3507 1045 vos,
3542 993 3595 1035 et
3629 983 3775 1036 intre-

2177 1067 2327 1119 nietis
2364 1066 2591 1137 requiem
2628 1066 2902 1122 animabus
2945 1069 3148 1123 vestris.
3175 1067 3374 1139 Iugum
3412 1070 3553 1123 enim
3594 1086 3774 1123 meum

2176 1170 2332 1209 suave
2366 1166 2440 1210 est
2474 1155 2686 1227 (Ibid.),
2718 1166 2826 1213 etc.

2250 1242 2412 1299 Vens.
2443 1245 2496 1299 6.
2524 1275 2596 1285 ——
2624 1244 2690 1298 In
2723 1247 2962 1301 castitate
3003 1247 3209 1313 habita,
3237 1248 3292 1302 in
3321 1247 3563 1313 scicntia,
3595 1258 3654 1302 ut
3682 1265 3776 1303 ca-

2177 1343 2259 1389 ste
2299 1350 2489 1390 omncs
2529 1351 2689 1405 agere
2730 1336 2923 1403 sciant,
2969 1338 3105 1392 nihil
3141 1339 3457 1395 adulterinae
3495 1340 3775 1409 opinionis

2178 1424 2527 1495 admisceant.
2561 1425 2630 1479 In
2664 1427 2943 1491 suavitate,
2975 1428 3182 1493 habita,
3218 1429 3273 1482 in
3303 1428 3510 1498 Spiritu
3541 1441 3773 1484 sancto:

2178 1523 2236 1568 ut
2273 1516 2498 1582 scilicet,
2529 1518 2821 1573 secundum
2853 1520 3021 1573 Deum
3058 1534 3252 1574 suaves
3282 1528 3339 1575 et
3367 1520 3640 1585 aﬁ‘abiles,
3665 1538 3774 1576 non

2180 1612 2239 1657 ut
2264 1604 2341 1659 illi
2372 1606 2460 1674 qui
2490 1621 2586 1675 per
2612 1607 2793 1662 dulces
2821 1622 3099 1664 sermones
3124 1609 3387 1665 seducunt
3416 1612 3585 1665 corda
3615 1611 3773 1665 innoo

2185 1693 2441 1746 centium.
2471 1692 2537 1746 In
2566 1695 2818 1749 cltaritate
2845 1712 2947 1750 non
2968 1695 3112 1764 ﬁcta.
3128 1696 3279 1752 Ficta
3298 1707 3403 1765 est,
3424 1714 3548 1768 qua:
3570 1699 3775 1754 deserit

502 1776 770 1833 intellexit
801 1779 1075 1835 Christum
1116 1782 1171 1836 in
1215 1782 1332 1853 lege
1372 1784 1698 1854 promissum
1738 1801 1857 1840 esse
1892 1801 2082 1842 secun-
2115 1792 2159 1853 Β
2188 1780 2240 1835 in
2265 1783 2608 1839 adversllale-

502 1869 629 1923 dum
656 1885 899 1938 carnem,
931 1880 989 1927 ut
1014 1873 1204 1945 legalia
1231 1876 1545 1931 observaret
1569 1886 1625 1932 et
1657 1878 1862 1932 servari
1892 1879 2080 1948 pracci-

492 1969 653 2028 pcret
685 1980 697 2016 :
740 1963 834 2018 sed
869 1970 1048 2019 tamen
1072 1980 1176 2020 non
1197 1965 1308 2035 jam
1337 1976 1460 2036 post
1494 1970 1902 2024 conversionem
1932 1986 2075 2025 nunc

492 2051 575 2105 ita
602 2067 723 2107 esse
746 2055 946 2119 credit,
979 2056 1073 2110 sed
1102 2058 1290 2111 umbra
1317 2058 1533 2127 penitus
1561 2070 1757 2115 cessat.

574 2143 733 2198 Vens.
775 2144 861 2198 17.
894 2175 963 2184 -
997 2143 1196 2200 l’etera.
1227 2148 1457 2203 Omnino
1485 2150 1651 2204 Vetus
1675 2149 2079 2205 Testamentum

493 2242 558 2286 et
594 2235 775 2288 omnia
815 2233 882 2287 ad
920 2243 1155 2291 veterem
1197 2238 1470 2294 hominem
1512 2240 1859 2310 pertinentia,
1893 2242 2078 2297 utsic.

508 2320 678 2376 Nova.
702 2323 975 2378 Venerunt
996 2324 1200 2380 Novum
1224 2326 1652 2396 Testamentum,
1676 2338 1730 2385 et
1753 2331 1931 2386 omnia
1958 2333 2082 2388 novi

492 2410 756 2468 ’hominis.
800 2412 1004 2469 Vetera.
1041 2414 1109 2470 Ut
1143 2431 1297 2473 error
1333 2418 1676 2485 idololatriae,
1717 2421 1802 2474 cui
1848 2423 2083 2492 cognitio

502 2503 663 2558 unius
696 2504 805 2558 veri
840 2504 934 2559 Dei
961 2508 1240 2562 successit.

581 2594 738 2650 Vens.
774 2595 858 2651 19.
885 2627 957 2637 -
982 2597 1122 2653 Deus
1158 2609 1289 2654 erat.
1322 2601 1426 2656 Per
1448 2602 1550 2659 hoc
1579 2603 1899 2674 intelligitur
1922 2604 2084 2663 Pater

500 2697 621 2738 esse
650 2684 704 2738 in
731 2684 885 2747 Filio,
921 2696 975 2740 et
1003 2681 1170 2742 Filius
1203 2690 1254 2743 in
1284 2690 1467 2757 Patre,
1493 2693 1618 2763 quia
1654 2708 1758 2748 una
1785 2702 1869 2750 est
1894 2710 2085 2750 eorum

495 2775 826 2830 substantia.
866 2778 941 2832 lbi
982 2788 1067 2834 est
1102 2781 1304 2844 unitas,
1342 2782 1432 2836 ubi
1474 2782 1619 2838 nulla
1656 2784 1946 2841 diversitas
1978 2805 1990 2840 :
2030 2798 2085 2842 et

491 2864 626 2920 'ideo
655 2866 792 2921 alter
824 2867 882 2921 in
911 2867 1082 2924 altero
1116 2879 1219 2936 est,
1249 2872 1373 2941 quia
1405 2880 1459 2926 et
1498 2873 1674 2945 imago
1705 2881 1761 2928 et
1788 2874 2084 2931 similitudo

488 2968 695 3009 ‘eorum
733 2970 839 3010 una
877 2965 980 3013 est.
1663 2966 1669 2973 '

571 3045 743 3102 Vsus.
783 3041 873 3102 20.
903 3078 972 3088 —
1000 3047 1451 3107 Reconciliamini.
1494 3053 1929 3112 Reconciliamur
1955 3073 2084 3113 con-

2248 1870 2411 1926 Vsns.
2452 1873 2501 1925 7.
2529 1903 2600 1912 —
2629 1871 2695 1927 In
2723 1874 2909 1929 virtute
2946 1875 3059 1929 Dei.
3098 1875 3213 1932 Non
3251 1892 3539 1950 speremus
3577 1880 3637 1935 in
3675 1881 3772 1935 ho-

2180 1963 2322 2016 mine
2348 1962 2431 2017 vel
2457 1963 2507 2016 in
2527 1963 2711 2029 bonis;
2743 1965 2786 2020 si
2817 1967 2945 2035 quid
2966 1967 3090 2022 boni
3117 1976 3221 2033 est,
3248 1969 3359 2023 Deo
3382 1971 3772 2027 attribuamus.

2181 2050 2278 2106 Vel
2307 2053 2409 2107 hoc
2438 2053 2589 2118 dicit,
2624 2055 2748 2122 quia
2780 2055 2871 2125 qui
2904 2056 3156 2125 praedicta
3187 2058 3371 2124 habet,
3402 2059 3679 2115 miracula
3706 2060 3774 2114 la-

2181 2142 2256 2197 cit
2284 2143 2350 2197 ad
2379 2142 2783 2198 conversionem
2816 2144 3131 2201 inﬁdelium.

2252 2235 2418 2290 Vens.
2446 2236 2499 2291 8.
2523 2267 2592 2275 —
2624 2233 2730 2290 Per
2752 2236 2975 2308 gloriam
2998 2249 3044 2293 et
3067 2239 3463 2310 ignobilitatem.
3498 2242 3773 2304 Exhibea-

2182 2340 2303 2380 mus
2332 2341 2429 2381 nos
2456 2334 2514 2379 ut
2537 2326 2769 2381 ministri
2798 2328 2911 2382 Dei.
2939 2326 3045 2383 Per
3063 2329 3309 2400 gloriam.
3341 2332 3399 2386 Si
3424 2332 3659 2403 gloriosi
3687 2352 3773 2390 su-

2182 2433 2305 2471 mus
2334 2418 2474 2487 apud
2517 2417 2784 2483 homines,
2816 2419 2900 2473 vel
2939 2419 3199 2489 ignobiles
3226 2431 3282 2476 et
3308 2426 3632 2493 contempti,
3676 2441 3773 2481 nec

2184 2505 2308 2561 inde
2336 2505 2605 2572 inllemur,
2630 2522 2727 2561 nec
2758 2508 2881 2562 inde
2910 2511 3323 2568 succumbamus
3344 2512 3428 2568 vel
3462 2514 3772 2580 doleamus.

2183 2595 2387 2649 Eodem
2416 2597 2573 2650 modo
2600 2596 2643 2651 si
2678 2595 3001 2653 infamamur
3031 2600 3095 2655 de
3124 2600 3305 2672 aliquo
3332 2603 3536 2659 scelere
3562 2606 3661 2660 vel
3684 2607 3774 2661 bo-

2183 2701 2305 2741 nam
2345 2686 2543 2740 famam
2576 2688 2868 2744 habeamus
2894 2690 2961 2744 de
2992 2691 3172 2761 aliquo
3210 2709 3391 2764 opere.
3431 2695 3585 2752 item
3611 2699 3774 2753 exhi-

2183 2777 2406 2833 beamus
2432 2792 2530 2832 nos
2550 2778 2661 2832 Deo
2687 2780 2857 2834 habiti
2887 2790 2942 2835 ut
2966 2783 3260 2840 seductores
3294 2787 3431 2857 apud
3473 2791 3774 2857 quosdam,

2184 2870 2327 2939 quod
2366 2867 2557 2924 falsum
2600 2879 2701 2924 est.
2732 2870 2801 2925 Et
2834 2886 2940 2926 non
2969 2873 3100 2928 dicit
3126 2875 3457 2945 simpliciter,
3489 2880 3669 2935 habiti
3695 2900 3776 2938 se-

2184 2962 2444 3026 ductores,
2475 2961 2565 3016 sed
2594 2962 2741 3019 addit
2770 2981 2782 3016 :
2815 2973 2892 3028 ut,
2923 2973 2979 3019 et
3004 2965 3125 3021 inde
3152 2976 3235 3023 est
3262 2968 3500 3025 infamia.
3524 2972 3595 3027 Et
3628 2975 3774 3043 apud

2187 3050 2318 3106 alios
2347 3051 2516 3106 habiti
2551 3059 2610 3105 ut
2636 3069 2863 3108 veraces.
2896 3053 3060 3122 Quasi
3092 3058 3235 3114 dicat
3265 3076 3280 3114 :
3315 3062 3418 3117 hnc
3440 3079 3641 3120 verum
3670 3078 3774 3133 est,

486 3135 708 3191 ‘tltendo
733 3148 973 3207 peccata,
1003 3147 1057 3194 et
1085 3142 1392 3211 paenitendo
1420 3145 1468 3199 ei
1513 3146 1604 3215 qui
1647 3162 1747 3203 nos
1772 3148 1874 3204 sibi
1898 3163 2081 3205 recon-

2194 3147 2421 3195 attamen
2467 3155 2567 3196 nec
2614 3141 2753 3197 bona
2800 3145 3156 3203 aestimatione
3202 3152 3572 3220 superbiamus
3602 3198 3620 3219 ,
3675 3174 3777 3214 nec

490 3223 674 3280 °cilial.

576 3317 737 3372 Vens.
762 3318 851 3371 21.
867 3317 1053 3375 -Ριό
1077 3321 1223 3377 nobis
1250 3334 1519 3392 peccatum
1547 3325 1686 3394 fecit.
1714 3327 1855 3384 Usus
1877 3337 1959 3385 est
1984 3331 2087 3386 Ve-

491 3405 641 3459 «teris
669 3405 1000 3463 Testamenti
1027 3418 1248 3479 peccata
1275 3412 1379 3467 dici
1411 3415 1677 3470 sacrificia
1706 3432 1803 3486 pro
1828 3420 2086 3488 peccatis,

490 3496 607 3562 vel,
630 3508 912 3566 peccatum
939 3495 1138 3553 dicitur
1160 3501 1454 3558 similitudo
1475 3506 1657 3560 carnis
1678 3507 1906 3575 peccati.
1936 3507 2088 3564 Unde

488 3586 705 3641 elicitur
732 3605 745 3640 :
771 3588 849 3642 De
873 3600 1082 3657 peccato
1106 3590 1287 3647 delevit
1309 3593 1391 3647 vel
1419 3594 1691 3653 damnavit
1712 3609 2001 3668 peccatum,
2035 3600 2089 3656 id

493 3686 590 3732 est
624 3677 691 3733 de
729 3677 1076 3737 similitudine
1110 3684 1290 3739 carnis
1327 3670 1577 3756 peccati:
1610 3688 1732 3758 quia
1773 3691 1914 3744 misit
1947 3690 2088 3746 Deus

490 3765 709 3820 ~Filium
729 3782 884 3822 suum
904 3770 960 3823 in
979 3770 1372 3829 similitudinem
1393 3775 1568 3831 carnis
1590 3779 1903 3847 peccattha
1924 3781 2087 3836 etiam

499 3856 854 3912 maledictum
882 3874 983 3929 pm
1016 3870 1192 3918 morte
1230 3864 1515 3934 accipitur,
1543 3881 1663 3936 quae
1704 3868 1771 3923 de
1802 3869 2088 3927 maledicto

378 4000 383 4003 Α
486 3943 604 3998 ἦ)θί
629 3946 798 4013 venit,
827 3956 885 4002 ut
914 3963 1041 4004 vere
1067 3950 1269 4007 dictum
1299 3954 1353 4008 in
1382 3954 1498 4026 lege
1526 3957 1893 4029 intelligatur:
1926 3957 2087 4016 Male-

483 4036 678 4092 vdictus
700 4040 867 4094 omnis
913 4042 1004 4111 qui
1023 4044 1208 4113 pendet
1229 4046 1285 4100 in
1310 4045 1449 4117 ligno
1480 4048 1654 4119 (Deut.
1684 4051 1820 4122 XXI).
1847 4051 1985 4119 Quid
2002 4062 2087 4110 est

482 4127 650 4194 equod
677 4128 777 4195 ait,
804 4130 1157 4188 maledictus?
1185 4135 1238 4189 id
1263 4144 1368 4203 est,
1394 4146 1535 4191 terra
1564 4157 1637 4204 es,
1674 4141 1728 4193 in
1761 4150 1953 4198 terram
1987 4144 2085 4200 ibis

482 4215 662 4285 !.(Gen.
686 4219 1232 4293 m).Quid~est-quod
1260 4226 1407 4292 dicit,
1433 4230 1641 4283 omnis?
1663 4232 1788 4300 quia
1813 4231 2083 4301 Christus,

487 4308 599 4377 ~qui
630 4312 885 4380 pependit
912 4313 967 4368 in
1002 4313 1167 4385 ligno,
1205 4331 1328 4371 cum
1353 4328 1498 4374 esset
1517 4334 1656 4375 vera
1681 4321 1812 4388 vita,
1841 4331 2083 4381 mortuus

486 4407 593 4455 σαι
617 4415 743 4456 vera
773 4412 948 4460 morte
975 4419 1081 4459 non
1108 4405 1255 4462 ficta.
1817 4416 1823 4421 '

1129 4538 1356 4596 CAPUT
1392 4543 1476 4597 Vl.

574 4666 738 4724 Vens.
778 4671 917 4724 1.-
940 4671 1023 4727 Ne
1043 4673 1098 4727 in
1118 4690 1358 4731 vacuum.
1389 4675 1574 4733 Gratia
1600 4679 1695 4736 Dei
1725 4691 1809 4738 est
1836 4685 2084 4742 remissio

489 4768 871 4827 npcccatorum,
898 4775 1058 4831 quam
1083 4762 1137 4819 in
1164 4778 1361 4820 vanum
1395 4768 1605 4839 recipit,
1630 4771 1726 4840 qui
1755 4786 1860 4827 non
1890 4774 2005 4829 vult
2025 4790 2084 4831 se

500 4861 767 4904 exercere
789 4850 841 4905 in
862 4853 1115 4922 operibus
1138 4854 1314 4921 bonis,
1354 4857 1440 4913 vel
1461 4859 1553 4928 qui
1586 4860 1638 4914 in
1664 4860 1920 4930 legalibus
1956 4880 2084 4920 con-

504 4934 646 4990 ﬁdit.

582 5025 743 5082 Vnus.
783 5026 836 5081 9.
874 5058 944 5070 —-
984 5031 1141 5089 Nunc
1173 5043 1393 5107 tempus.
1430 5036 1583 5105 Quod
1621 5055 1727 5095 non
1756 5042 1810 5096 in
1839 5042 1957 5113 lege
1985 5060 2080 5101 ve—

505 5115 633 5180 teri,
664 5116 749 5172 vel
776 5133 941 5187 nunc,
974 5137 1079 5178 non
1106 5139 1246 5190 cras,
1275 5142 1381 5183 non
1409 5137 1532 5198 post
1552 5146 1752 5187 annum
1781 5151 1793 5187 :
1822 5136 1947 5205 quia
1975 5146 2083 5193 sta-

505 5203 606 5258 tim
639 5206 690 5260 in
718 5208 869 5263 obitu
901 5210 1074 5267 ﬁdelis
1101 5228 1117 5267 :
1146 5215 1290 5271 salus
1320 5218 1495 5273 datur.

582 5294 745 5352 Vnus.
782 5297 838 5354 5.
875 5330 945 5341 -—
978 5299 1047 5355 Ut
1085 5320 1188 5359 non
1229 5308 1564 5377 vituperetur.
1597 5311 1749 5378 Quod
1777 5314 1962 5384 utique
1990 5316 2082 5372 lle-

501 5393 617 5449 ret,
656 5387 725 5452 si,
755 5391 900 5459 quod
929 5392 1095 5449 verbo
1120 5394 1458 5466 duceremus,
1494 5403 1675 5471 operis
1706 5406 1952 5476 exemplo
1975 5423 2083 5464 non

492 5480 907 5541 exhiberemus.

581 5571 747 5627 Vens.
786 5573 841 5628 4.
881 5606 942 5617 ——
970 5576 1121 5634 Sicut
1150 5578 1247 5635 Dei
1279 5584 1565 5640 ministros.
1602 5585 1668 5640 lli
1709 5602 1815 5642 non
1856 5587 2081 5646 adulan-

494 5665 620 5727 tur,
644 5670 704 5716 ut
719 5665 922 5733 pseudo
940 5667 1218 5730 studentes
1243 5671 1411 5730 lucro.
1446 5673 1512 5730 In
1535 5674 1699 5732 multa
1724 5679 1995 5749 patientia,
2025 5682 2081 5737 in

2187 3231 2325 3285 mala
2373 3231 2670 3288 doleamus.
2717 3233 2846 3290 [tem
2894 3236 3064 3293 habiti
3114 3242 3253 3311 apud
3300 3243 3465 3311 alios,
3511 3257 3565 3300 ut
3614 3254 3777 3305 casti-

2186 3324 2316 3394 gati,
2351 3333 2454 3379 etc.

2258 3414 2417 3469 Vens.
2450 3415 2534 3470 l0.
2564 3447 2636 3456 —
2664 3416 2829 3485 Quasi
2859 3422 3051 3477 tristes.
3093 3423 3300 3482 Inimici
3333 3432 3598 3498 putabant
3638 3451 3773 3507 apo-

2187 3503 2352 3559 stolos
2378 3520 2484 3560 non
2509 3508 2735 3562 evadere
2757 3510 2931 3567 minas
2953 3514 3277 3583 iniquorum.
3296 3518 3399 3589 Ipsi
3420 3535 3520 3591 ope
3542 3524 3647 3580 Dei
3675 3503 3776 3582 tuti

2188 3606 2313 3651 sunt
2339 3612 2369 3651 a
2400 3610 2573 3656 morte
2598 3605 2850 3672 praesenti
2881 3614 2935 3660 et
2963 3605 3164 3663 futura.
3199 3609 3391 3667 Omnia
3418 3617 3776 3685 possidentes.

2185 3687 2348 3744 Tales
2369 3692 2627 3762 suntqui,
2655 3702 2897 3753 terrenas
2914 3696 3133 3756 divitias
3158 3702 3489 3774 abjicientes,
3517 3710 3781 3767 caelestes

2186 3793 2283 3849 per
2311 3777 2470 3834 fidem
2499 3779 2613 3850 jam
2654 3792 2858 3842 tenent.
2909 3788 3074 3856 Quasi
3118 3793 3248 3848 nihil
3281 3795 3545 3855 habentes
3580 3806 3778 3858 omnia

2184 3871 2484 3941 possident,
2512 3876 2625 3944 qui,
2654 3879 2885 3936 terrenis
2909 3881 2964 3935 in
2993 3899 3151 3939 usum
3180 3886 3264 3941 vel
3292 3903 3427 3957 opus
3446 3892 3780 3950 misericor-

2186 3961 2287 4017 diae
2324 3966 2563 4032 retentis,
2587 3968 2836 4026 caelestes
2861 3971 3071 4029 divitias
3102 3991 3162 4031 se
3185 3980 3510 4050 quandoque
3549 3984 3779 4041 habitu-

2186 4067 2275 4108 ros
2314 4064 2547 4125 Sperant.
2590 4057 2769 4114 Gloria
2806 4063 3172 4131 apostolorum
3213 4068 3332 4135 fuit,
3371 4072 3508 4126 nihil
3545 4079 3780 4131 omnino

2185 4145 2483 4213 possidere,
2510 4148 2625 4204 sine
2653 4151 3009 4210 sollicitudine
3043 4173 3164 4214 esse
3196 4178 3209 4214 :
3242 4171 3297 4216 et
3331 4171 3438 4217 tam
3477 4181 3568 4221 res
3605 4186 3778 4239 quam

2186 4233 2432 4291 dominos
2465 4253 2649 4293 earum
2684 4243 2979 4311 possidere,
3007 4248 3132 4317 quia
3161 4252 3338 4305 omnia
3367 4255 3435 4309 ad
3688 4275 3771 4317 eo

2182 4337 2308 4379 rum
2340 4327 2697 4395 ponebantur.

2257 4412 2422 4472 Vens.
2457 4418 2542 4472 11.
2565 4450 2635 4458 -
2655 4420 2731 4476 0s
2758 4434 3013 4481 nostrum.
3044 4428 3208 4497 Quasi
3234 4432 3418 4490 dicat:
3450 4436 3622 4495 Multa
3660 4442 3777 4500 dixi

2102 4490 2159 4551 Ι)
2185 4507 2251 4564 de
2280 4509 2461 4602 vobis,
2503 4513 2596 4567 sed
2632 4514 2746 4571 haec
2772 4520 2953 4574 omnia
2983 4490 3158 4592 aniple
3188 4535 3244 4580 et
3273 4490 3777 4602 dill‘usedict'a,“a-d

2181 4614 2280 4655 vos
2302 4601 2644 4671 corrigendos
2668 4615 2930 4675 spectant,
2945 4626 2978 4665 ο
2998 4610 3282 4683 Corinthii,
3297 4629 3351 4674 et
3370 4637 3477 4675 non
3498 4627 3567 4679 ad
3589 4601 3776 4685 meam

2183 4689 2522 4758 superbiam;
2550 4692 2730 4762 itaque
2754 4697 2902 4752 stulti
2928 4702 3059 4756 estis
3076 4705 3167 4773 qui
3199 4722 3286 4763 me
3312 4709 3621 4771 dimisistis.

2256 4777 2423 4878 Vens.
2580 4811 2657 4878 -—.-
2698 4781 2874 4840 Nolite
2907 4789 3116 4860 jugum,
3160 4803 3262 4850 etc.
3306 4797 3466 4857 Ratio
3505 4816 3610 4871 est,
3642 4813 3774 4878 quia

2184 4880 2280 4921 vos
2292 4864 2443 4934 justi,
2475 4868 2548 4923 illi
2578 4871 2745 4943 iniqui
2773 4890 2786 4929 :
2815 4883 2869 4931 et
2897 4878 3016 4934 ideo
3038 4881 3091 4935 in
3115 4885 3260 4941 nullo
3284 4887 3493 4946 debetis
3519 4864 3775 4955 eiscum:

2184 4970 2479 5013 mumcare.

2257 5045 2420 5101 Vens.
2476 5050 2561 5104 15.
2609 5083 2677 5092 -
2723 5053 2853 5120 Quae
2893 5068 3064 5113 autem
3110 5069 3379 5123 conventio
3426 5070 3648 5131 Christi.
3707 5081 3775 5136 υ.

2183 5135 2433 5194 Christus
2463 5148 2518 5195 et
2558 5139 2726 5197 Belial
2767 5161 2873 5200 non
2902 5153 3266 5220 conveniunt,
3303 5159 3383 5213 sic
3419 5135 3777 5225 Christianus

2184 5234 2241 5280 et
2267 5227 2493 5322 quilibet
2532 5230 2778 5287 inﬁdelis.
2816 5235 2948 5291 Item
2986 5240 3120 5294 nihil
3166 5244 3329 5300 habet
3369 5253 3631 5322 templum
3675 5259 3774 5312 Dei

2189 5330 2310 5371 cum
2339 5316 2526 5385 idolis;
2556 5329 2610 5375 et
2636 5325 2761 5393 quia
2789 5341 2884 5382 vos
2910 5330 3040 5386 estis
3068 5335 3323 5403 templum
3352 5316 3628 5409 Dei,_ideo
3659 5366 3774 5405 non

2183 5406 2393 5554 1titibetis
2412 5416 2810 5481 communicare
2837 5436 2959 5476 cum
2981 5424 3065 5481 his
3087 5428 3178 5497 qui
3204 5440 3331 5486 sunt
3356 5406 3619 5507 templum
3651 5444 3753 5497 die

2256 5499 2313 5553 li.

2254 5590 2412 5647 Vens.
2452 5593 2536 5648 16.
2570 5625 2642 5637 -
2659 5598 2789 5654 Cum
2817 5601 2971 5659 ἰάλω
2989 5606 3014 5658 .’
3038 5606 3177 5663 ldola
3201 5614 3455 5681 prohibet
3480 5621 3604 5685 coli,
3634 5626 3773 5693 quia

2182 5682 2250 5736 ab
2287 5699 2394 5737 uno
2433 5687 2542 5741 Deo
2581 5702 2850 5761 separant.
2899 5696 2989 5754 His
3026 5702 3275 5760 omnibus
3315 5708 3492 5767 modis
3525 5682 3773 5771 ostendit
