3958 6314
209 414 303 474 5M

1085 418 1346 475 GLOSSA
1383 417 1771 476 0RDINARIA.
1808 445 1875 455 —-
1914 414 2128 470 EPIST.
2171 416 2212 469 ll
2247 418 2337 470 AD
2373 415 2530 472 COR.

3338 425 3450 478 56*

209 533 648 586 connnunitatem
683 531 884 601 pseudo
920 546 1039 585 esse
1075 533 1370 586 vitandam.
1405 531 1665 597 Quoniam
1695 531 1774 583 in-
1803 534 1848 590 Α
1879 531 2099 598 negotio,
2126 531 2177 583 id
2199 540 2286 584 est
2310 533 2456 600 gravi
2485 542 2706 600 peccato
2737 533 2878 586 illius
2904 534 2998 600 qui
3027 549 3248 589 uxorem
3276 540 3447 603 patris

209 623 474 676 habitabo.
503 619 687 677 Potest
727 623 828 676 hoc
862 622 1081 689 intelligi
1108 623 1172 677 de
1199 623 1463 692 corporali
1493 635 1777 677 conversa-

210 713 356 767 tione
398 726 559 782 quam
606 712 855 768 Christus
904 713 1043 767 inter
1079 715 1322 768 homines
1365 714 1490 783 egit.
1538 714 1604 767 Et
1649 713 1779 766 dicit

207 803 456 860 Christus
506 817 522 857 :
577 802 836 857 Habitabo
881 806 1016 857 inter
1061 804 1264 858 illosret
1308 803 1582 858 ambulabo
1631 802 1773 873 (Ba-

209 894 338 947 ruclt
361 893 466 965 nt),
495 894 549 948 id
577 902 679 959 est,
708 894 1060 962 corporaliter
1085 893 1226 948 inter
1256 895 1372 948 illos
1397 895 1773 948 eonversabor.

211 985 364 1041 Unde
399 986 523 1040 alibi
557 1004 569 1038 :
605 984 780 1040 Terris
809 987 946 1040 visus
977 995 1074 1051 est,
1103 995 1149 1040 et
1181 1003 1298 1039 cum
1330 986 1621 1039 hominibus
1657 1002 1779 1039 con-

208 1087 441 1132 versatus
472 1087 581 1143 est;
607 1087 664 1132 et
700 1073 922 1130 Verbum
945 1093 1066 1130 caro
1095 1078 1292 1146 factum
1321 1087 1414 1140 est,
1449 1088 1495 1130 et
1527 1078 1778 1131 habitavit

207 1170 262 1224 in
296 1169 442 1224 nobis
475 1168 653 1240 (Joan.
680 1171 741 1239 1).
763 1169 827 1222 Et
856 1170 943 1223 hic
970 1168 1218 1223 Christus
1242 1170 1380 1222 Deus
1405 1177 1585 1222 noster
1605 1176 1707 1232 est,
1725 1176 1780 1221 et

204 1257 444 1315 Ecclesia
471 1268 554 1314 est
577 1258 802 1328 populus
823 1260 978 1326 ejus:
1005 1257 1061 1312 et
1085 1258 1204 1312 ideo
1233 1257 1520 1327 Apostolus
1547 1256 1660 1310 vult
1685 1270 1778 1311 eos

204 1351 447 1422 separari
479 1351 545 1406 ab
572 1349 718 1410 omni
749 1348 1224 1404 contaminatione.

796 1482 1023 1540 CAPUT
1066 1482 1176 1537 VII.

274 1620 440 1673 Vens.
470 1617 614 1671 l.—
643 1615 718 1670 Ab
762 1616 902 1668 omni
945 1615 1236 1685 iniquitate.
1285 1613 1503 1668 Scilicet
1541 1613 1772 1667 mentis:

201 1710 348 1780 quod
378 1717 506 1762 tunc
533 1706 664 1771 lit,si
693 1706 940 1760 timorem
966 1705 1060 1759 Dei
1085 1704 1381 1774 sequimur,
1409 1704 1531 1772 quia
1550 1703 1640 1772 qui
1662 1703 1778 1757 sine

199 1803 316 1855 Deo
342 1800 458 1854 haec
483 1797 614 1868 agit,
648 1805 865 1852 sanctus
892 1795 1074 1849 mundi
1105 1802 1218 1858 est,
1248 1809 1354 1848 non
1382 1792 1496 1846 Dei.
1528 1793 1602 1844 Ab
1637 1793 1777 1845 omni

1883 621 2100 684 habuit,
2127 623 2210 675 cui
2243 623 2627 676 eonsentiendo
2657 624 2920 692 inquinati
2951 625 3136 678 eratis.

1950 714 2112 766 Vsus.
2147 713 2231 767 l2.
2266 742 2334 753 —-
2370 712 2470 778 Qui
2499 714 2618 782 fecit
2648 716 2917 776 iniuriam.
2969 715 3036 769 Ut
3066 715 3152 769 ille
3179 717 3448 784 qni-ince-

1878 812 2019 858 stum
2058 804 2201 858 fecit.
2236 802 2330 858 Vel
2360 803 2476 858 illos
2522 806 2691 874 tangit
2715 821 2849 874 quos
2902 805 3147 874 superius
3179 807 3229 859 in
3277 807 3449 876 prima

1879 891 2115 962 Epistola
2160 893 2384 964 injurias
2426 902 2480 948 et
2517 893 2732 948 fraudes
2761 894 3016 949 fratribus
3051 894 3246 949 fecisse
3288 896 3446 950 dixit.

1878 983 1945 1038 Et
1972 984 2206 1038 ostendit
2231 1001 2334 1039 non
2359 985 2529 1054 magis
2561 1000 2722 1039 causa
2754 1001 2938 1040 eorum
2969 987 3080 1066 qui,
3091 995 3458 1054 peccaverunt

1878 1075 2159 1144 scripsisse
2206 1075 2406 1130 remitti
2450 1076 2562 1138 eis,
2616 1091 2776 1144 quam
2819 1092 2980 1132 causa
3029 1077 3283 1132 Ecclesiae
3330 1093 3464 1146 qua:-

1875 1166 2022 1219 omni
2059 1165 2439 1219 contumeliam
2469 1175 2563 1219 aut
2589 1165 2831 1220 fraudem
2859 1167 3081 1235 patienti
3126 1167 3450 1236 compatitur

1877 1267 1932 1311 et
1958 1257 2284 1326 indignatur.
2309 1257 2375 1310 Et
2402 1258 2503 1312 hoc
2526 1266 2608 1311 est
2633 1257 2774 1324 quod
2804 1257 2878 1310 ait
2904 1275 2916 1310 :
2943 1256 3114 1326 Igitur
3139 1259 3233 1311 etsi
3261 1259 3448 1328 scripsi

1877 1346 2039 1410 vobis,
2070 1362 2171 1399 non
2208 1355 2413 1399 tantum
2443 1355 2649 1415 propter
2675 1363 2790 1398 eum
2813 1347 2900 1416 qui
2932 1346 3051 1415 fecit
3092 1347 3367 1414 injuriam,
3396 1347 3462 1402 id.

1877 1446 1961 1492 est
1980 1437 2224 1494 fraudem
2255 1439 2500 1508 proximo
2528 1453 2648 1501 suo,
2672 1455 2762 1491 nec
2785 1447 2994 1508 propter
3014 1453 3132 1490 eum
3149 1439 3240 1506 qui
3263 1454 3450 1507 passus

1877 1537 1950 1581 est
1999 1527 2260 1596 fraudem,
2309 1528 2396 1580 sed
2450 1527 2518 1579 ad
2563 1527 2999 1596 manifestandam
3045 1524 3451 1579 sollicitudinem

1878 1629 2126 1683 nostram,
2153 1635 2330 1688 quant,
2359 1625 2464 1672 etc.
2514 1617 2701 1672 Totius
2729 1615 2906 1686 pepuli
2943 1615 3360 1670 sollicitudinem
3390 1630 3449 1668 se

1878 1709 2077 1764 habere
2119 1709 2390 1773 ostendit,
2423 1717 2482 1762 ut
2521 1709 2727 1763 scilicet
2768 1707 2948 1775 injusti
2996 1707 3350 1762 emendentur
3395 1717 3460 1760 et,

1875 1798 2062 1868 polluti
2090 1799 2512 1862 sanctiﬁcentur,
2541 1807 2594 1852 et
2623 1796 2874 1852 Ecclesia:
2903 1795 3338 1851 reconcilientur.

197 1890 590 1960 inquinamento
633 1887 828 1940 carnis.
851 1883 908 1939 Id
944 1893 1028 1939 est
1061 1883 1298 1938 carnalis
1325 1881 1696 1944 observantiae,
1721 1887 1774 1935 et
1804 1875 1848 1934 Β
1948 1888 2110 1944 νεεδ,
2142 1890 2228 1944 ιδ,
2250 1920 2320 1929 -
2342 1889 2704 1944 Abundantius
2746 1889 2932 1959 magis.
2984 1888 3149 1954 Quasi
3194 1886 3340 1941 dicat
3380 1887 3449 1939 de

197 1979 546 2049 perﬁcientes
578 1975 1064 2032 sanctificationem
1101 1989 1221 2044 qua:
1248 1981 1329 2028 est
1357 1981 1562 2026 tantum
1598 1971 1774 2041 Spirio

200 2080 291 2124 tus
316 2068 511 2124 sancti.

272 2182 436 2236 Vsus.
465 2181 518 2235 '5.
541 2209 610 2218 —
632 2177 712 2231 Ad
741 2177 1201 2232 commoriendum.
1232 2176 1328 2230 Vel
1356 2183 1413 2228 ut
1443 2189 1650 2228 mecum
1682 2187 1774 2241 pa-

194 2271 431 2336 tiamini,
461 2271 544 2325 vel
574 2277 634 2325 ut
661 2285 871 2324 mecum
903 2268 1258 2324 coronemini.

267 2363 432 2416 Vsus.
462 2363 514 2416 4.
539 2390 609 2403 --
642 2359 882 2430 Repletus
923 2377 1039 2415 sum
1091 2358 1463 2414 consolatione.
1516 2357 1620 2412 Per
1662 2355 1772 2425 jam

193 2461 508 2518 correctos,
557 2451 748 2505 invitat
800 2451 936 2505 alios
1001 2451 1065 2503 ad
1113 2448 1524 2504 correctionem.
1584 2445 1776 2516 Super-

197 2545 446 2608 abundo,
487 2551 592 2598 etc.
623 2541 735 2596 Hoc
763 2540 1026 2611 contingit
1053 2537 1308 2609 Apostolo
1347 2537 1474 2591 dum
1512 2536 1656 2590 videt
1681 2551 1775 2592 eos

192 2635 462 2702 prolicere
485 2649 584 2703 pro
614 2633 808 2702 quibus
837 2632 1060 2700 patitur.

271 2725 432 2778 Vsus.
466 2724 518 2778 5.
541 2721 759 2777 -—Caro
789 2732 988 2776 nostra.
1015 2720 1157 2776 Dicit
1185 2719 1472 2787 caro,quia
1505 2718 1557 2772 in
1586 2717 1773 2772 adver-

188 2813 270 2868 sis
293 2813 469 2868 anima
498 2827 618 2882 qua:
645 2821 729 2866 est
755 2811 807 2865 in
831 2825 1058 2880 corpore
1078 2809 1219 2880 quod
1251 2809 1471 2878 patitur,
1495 2823 1589 2878 spe
1607 2807 1772 2862 futuri

185 2925 444 2992 quiescit.
474 2923 649 2977 Foris.
683 2921 796 2976 Hoc
844 2920 1156 2990 intelligitur
1194 2919 1260 2973 de
1289 2918 1490 2988 apertis
1520 2917 1768 2981 inimicis,

185 3015 336 3068 intus
355 3014 421 3067 de
451 3012 596 3065 falsis
627 3010 897 3072 fratribus,
931 3010 1022 3077 qui
1044 3008 1311 3063 dillicilius
1342 3009 1654 3063 tolerantur.
1676 3007 1771 3062 Vel

184 3104 260 3159 ab
285 3105 373 3157 his
403 3102 493 3170 qui
527 3101 656 3156 foris
686 3109 829 3163 sunt,
857 3110 939 3155 est
966 3099 1242 3154 tribulatio
1287 3117 1299 3151 :
1327 3100 1392 3154 de
1432 3099 1537 3162 his,
1569 3099 1773 3153 scilicet

185 3191 444 3246 ﬁdelibus
487 3190 576 3260 qui
621 3191 782 3253 intus,
814 3189 865 3242 id
909 3197 992 3242 est
1036 3189 1089 3242 in
1132 3188 1400 3251 Ecclesia;
1431 3189 1676 3251 timores,
1705 3204 1770 3244 ne
1799 3212 1844 3274 ρ

184 3289 532 3336 moveantur.
574 3279 664 3334 Vel
706 3280 772 3333 de
807 3279 891 3333 his
929 3278 1020 3347 qui
1061 3287 1188 3332 sunt
1220 3278 1381 3341 intus,
1409 3277 1461 3331 id
1487 3286 1571 3331 est
1593 3277 1646 3330 in
1673 3277 1772 3331 Ec-

185 3371 373 3430 clesia.
399 3384 647 3439 corpore,
677 3385 781 3424 non
806 3379 984 3424 mente
1013 3388 1025 3423 :
1054 3369 1288 3432 nomine,
1313 3383 1418 3424 non
1453 3368 1687 3434 homine,
1718 3367 1771 3422 id

187 3468 279 3518 est
306 3461 372 3514 de
396 3459 545 3514 falsis
568 3459 842 3523 fratribus,
874 3469 930 3513 ut
955 3460 1123 3532 prius.

265 3570 426 3624 Vitas.
453 3569 503 3622 7.
526 3569 732 3634 ——-Qua
769 3569 1068 3624 consolatus
1095 3581 1168 3624 est
1202 3573 1255 3624 in
1294 3571 1452 3625 vobis.
1485 3570 1620 3636 Quia
1657 3570 1766 3624 vidi

185 3660 375 3714 Titum
402 3659 734 3715 consolatum
768 3661 819 3713 in
851 3661 1033 3724 vobis,
1057 3670 1110 3715 ct
1149 3676 1248 3731 ego
1288 3661 1595 3716 consolatus
1627 3677 1764 3715 sum.

264 3752 428 3805 Vsus.
466 3751 518 3805 8.
543 3781 610 3790 --
634 3751 700 3804 Et
727 3752 772 3804 si
803 3751 950 3820 prius
979 3753 1264 3821 paeniteret.
1299 3751 1410 3806 Hoc
1443 3751 1574 3806 dicit
1598 3767 1663 3805 ne
1689 3751 1768 3804 vi-

186 3843 384 3898 deatur
409 3843 753 3905 inhumanus,
779 3843 871 3911 qui
895 3844 959 3897 de
983 3843 1210 3897 aliorum
1238 3843 1458 3898 tristitia
1488 3845 1764 3913 gauderet.

193 3931 413 3986 Videns.
465 3933 626 3998 Quasi
669 3933 830 3997 dicat,
864 3949 970 3987 non
1012 3949 1097 3987 me
1141 3933 1387 4003 paenitet,
1417 3935 1508 3988 sed
1538 3935 1762 4003 gaudeo.

197 4020 394 4078 Videas
436 4023 596 4092 quod,
628 4023 681 4076 id
719 4032 800 4077 est
843 4023 1094 4092 quamvis
1122 4023 1332 4077 videam
1360 4021 1502 4091 quod
1534 4022 1765 4091 Epistola

177 4115 559 4180 contristavit;
593 4116 733 4170 umle
763 4117 996 4185 primum
1024 4116 1190 4180 dolui,
1222 4124 1277 4170 et
1312 4131 1397 4170 me
1423 4116 1692 4186 paenituit.

262 4204 427 4259 Vsus.
455 4205 506 4260 9.
527 4236 594 4245 —
616 4205 922 4259 Contristati
945 4207 1086 4260 estis.
1115 4207 1229 4262 Non
1259 4223 1382 4262 cum
1414 4208 1492 4262 ira
1521 4222 1640 4278 quae
1667 4223 1762 4278 pe-

172 4296 334 4364 jores
363 4294 542 4359 etiicit,
570 4296 663 4349 sed
695 4312 816 4350 cum
846 4297 1048 4365 pudore
1077 4299 1166 4366 qui
1202 4298 1443 4368 corrigit.

257 4383 424 4437 Vsus.
458 4385 542 4439 10.
568 4414 638 4425 -
669 4384 1028 4440 Paenitentiam
1068 4389 1122 4441 in
1167 4387 1405 4442 salutem.
1457 4388 1765 4444 Satisfactio

178 4473 520 4543 paenitentia:
549 4484 633 4529 cst
657 4490 846 4530 causas
875 4485 1217 4545 peccatorum
1246 4477 1513 4542 excidere,
1538 4494 1636 4534 nec
1669 4494 1762 4533 ea-

182 4583 309 4623 rum
351 4567 782 4637 suggestionibus
809 4567 1011 4621 aditum
1044 4567 1339 4637 indulgere.

258 4655 457 4712 Stet-ali
484 4664 676 4719 autem,
707 4666 814 4712 etc.
863 4657 999 4712 Dum
1044 4657 1187 4712 dolet
1215 4665 1472 4726 peccator
1513 4673 1572 4712 se.
1618 4659 1763 4714 dete-

181 4761 355 4807 ctum.

257 4865 422 4919 Vens.
457 4866 542 4920 tl.
565 4894 635 4906 —-
659 4863 793 4918 Ecce
814 4862 970 4916 enim.
1000 4860 1242 4916 Tristitia
1272 4861 1563 4916 secundum
1594 4860 1763 4916 Deum

179 4957 314 5010 facit
349 4957 612 5025 pmnilere
656 4956 710 5010 iu
751 4954 977 5010 salutem
1003 4971 1013 5006 :
1037 4953 1161 5022 quia
1189 4967 1308 5022 qua:
1339 4953 1539 5007 ducunt
1570 4953 1638 5007 ad
1677 4969 1761 5008 sa-

184 5047 378 5111 lutem,
411 5047 821 5102 sollicitudinem
849 5052 1158 5115 operantur.

261 5136 528 5202 Quantam
568 5138 622 5190 in
666 5137 825 5191 vobis.
872 5135 972 5202 Qui
1019 5136 1246 5203 paenitet
1284 5135 1545 5190 sollicitus
1588 5145 1766 5190 estne

185 5227 367 5282 denuo
413 5237 619 5296 peccet,
661 5236 716 5282 et
763 5243 866 5281 non
914 5242 970 5280 se
1007 5232 1249 5289 excusat,
1299 5226 1391 5280 sed
1439 5225 1760 5281 confitetur:

183 5317 331 5385 quod
376 5325 461 5370 est
503 5331 562 5370 se
610 5317 895 5372 defendere
925 5333 952 5369 a
982 5318 1222 5387 gehenna
1251 5334 1262 5368 :
1288 5323 1341 5369 et
1375 5316 1645 5370 desiderat
1684 5333 1767 5372 re-

183 5408 440 5472 formari,
468 5409 557 5477 qui
593 5409 694 5463 scit
719 5425 775 5463 se
803 5424 898 5478 per
923 5419 1201 5480 peccatum
1240 5407 1562 5474 deformem,
1592 5419 1648 5464 et
1673 5410 1768 5465 ha-

185 5497 278 5551 bet
312 5497 487 5551 zelum
514 5497 776 5552 bonorum
806 5514 1061 5566 operum,
1094 5507 1148 5552 et
1178 5498 1413 5552 vindicat
1454 5499 1506 5552 in
1539 5515 1596 5554 se
1625 5501 1767 5569 quod

187 5585 436 5655 deliquit.

264 5674 608 5741 Exltibuistis,
641 5686 744 5730 etc.
775 5677 829 5729 ld
859 5685 962 5742 est,
986 5679 1296 5733 ostendistis
1322 5680 1592 5747 puniendo
1621 5680 1766 5734 illum

181 5765 281 5833 qui
328 5766 592 5822 incestum
634 5767 956 5832 admiserat,
986 5783 1071 5821 ros
1101 5785 1208 5822 esse
1251 5769 1708 5836 incontaminatos,
1737 5789 1766 5824 α

1790 4551 1842 4610 D

1877 1987 2125 2048 utroque,
2156 1979 2208 2034 id
2235 1987 2319 2034 est
2360 1979 2428 2034 de
2477 1979 2816 2034 correctione
2860 1985 3043 2031 vestra
3072 1985 3127 2030 et
3157 1976 3220 2030 de
3251 1975 3446 2046 gaudio

1877 2069 1999 2124 Titi.
2035 2068 2141 2124 Sed
2170 2071 2339 2140 magis
2383 2070 2744 2124 abundantius
2791 2069 2856 2123 de
2887 2067 3083 2138 gaudio
3116 2066 3220 2119 Titi
3258 2081 3446 2120 sumus

1874 2160 2065 2230 gavisi,
2103 2159 2224 2228 quia
2275 2175 2334 2215 se
2376 2161 2642 2230 gaudebat
2675 2157 2962 2230 Apostolus
3010 2171 3115 2210 non
3161 2157 3333 2211 solum
3379 2157 3448 2210 de

1875 2247 2154 2314 correctis,
2187 2248 2280 2303 sed
2325 2248 2490 2304 etiam
2536 2249 2601 2303 de
2641 2247 2760 2302 aliis
2801 2261 2935 2316 quos
2976 2244 3228 2314 sperabat
3273 2244 3446 2299 corri-

1873 2339 2091 2407 gendos.

1946 2426 2108 2480 Vens.
2135 2427 2220 2482 14.
2244 2459 2312 2468 -
2334 2429 2440 2484 Sed
2468 2431 2623 2496 sicut,
2658 2439 2762 2486 etc.
2808 2432 2862 2486 ln
2894 2432 3214 2503 corrigendo
3242 2429 3452 2484 veritas

1875 2517 2148 2586 arguentis
2172 2526 2410 2587 apparet,
2441 2519 2566 2572 dum
2599 2521 2690 2589 qui
2725 2532 3024 2591 arguuntur
3043 2537 3102 2575 se
3133 2519 3440 2575 emendant.

1876 2607 2009 2660 Dum
2058 2607 2199 2660 enim
2242 2610 2467 2663 correcti
2509 2613 2881 2676 emcndantur,
2916 2611 3284 2665 testimonium
3317 2623 3442 2679 per-

1874 2697 2058 2751 hibent
2087 2700 2351 2768 arguenti.
2401 2701 2597 2755 Verum
2645 2717 2772 2772 ergo
2816 2703 3106 2757 ostendens
3152 2701 3442 2771 Apostolus

1872 2788 2309 2856 praedicationem
2354 2805 2529 2856 suam,
2572 2807 2670 2862 per
2717 2791 3010 2847 emcaciam
3063 2792 3276 2846 illorum
3327 2790 3436 2844 ait:

1873 2875 1975 2930 Sed
1999 2879 2128 2932 sicut
2155 2880 2329 2932 omnia
2361 2881 2415 2933 in
2447 2882 2675 2944 veritate,
2701 2891 2806 2936 etc.

1945 2965 2011 3020 Et
2051 2969 2243 3022 viscera
2277 2969 2408 3037 ejus,
2435 2978 2540 3026 etc.
2585 2969 2768 3026 Sancti
2797 2970 3020 3026 affectus
3047 2971 3100 3025 in
3127 2969 3272 3026 omni
3300 2968 3442 3024 bono

1872 3064 1972 3108 est.

2456 3173 2680 3228 CAPUT
2721 3174 2846 3230 Vlll.

1947 3323 2106 3377 Vsus.
2141 3325 2190 3377 l.
2218 3355 2283 3363 —
2319 3324 2514 3378 Notam
2553 3338 2726 3380 autent
2771 3329 2928 3382 vobis.
2954 3326 3053 3383 Hic
3081 3327 3192 3399 (ubi
3219 3327 3287 3383 de
3315 3343 3440 3384 cor-

1872 3416 2034 3468 rectis
2059 3415 2252 3487 agitur)
2276 3416 2475 3470 mentio
2498 3417 2558 3471 lit
2579 3420 2643 3471 de
2665 3417 2928 3472 collectis:
2948 3418 3074 3488 quia
3102 3418 3170 3472 ab
3189 3417 3309 3472 aliis
3334 3432 3441 3472 non

1869 3506 2081 3574 quatrit,
2104 3506 2297 3574 quibus
2344 3509 2570 3565 suadere
2614 3525 2717 3563 non
2755 3518 2946 3579 potest.
2981 3509 3096 3574 Vel,
3129 3517 3186 3564 ut
3214 3507 3306 3563 alii
3351 3524 3443 3565 co-

1869 3595 2018 3650 dices
2047 3596 2266 3661 habent,
2293 3598 2490 3666 quibus
2515 3614 2610 3653 sua
2635 3599 2764 3653 dare
2789 3615 2895 3653 non
2926 3600 3168 3668 prodest.

1940 3683 2102 3738 Vsus.
2133 3685 2186 3738 2.
2213 3715 2280 3724 -
2305 3685 2456 3751 Quod
2484 3689 2537 3740 in
2561 3686 2722 3740 multo
2747 3689 3115 3752 experimento.
3145 3687 3442 3742 Abundan-

1870 3772 2075 3827 tissima
2105 3775 2276 3844 gratia
2302 3791 2488 3830 eorum
2520 3775 2618 3830 fuit
2656 3778 2709 3832 in
2745 3777 2910 3831 multo
2938 3777 3311 3846 experimento
3342 3777 3440 3831 tri-

1870 3861 2175 3920 bulationis.
2206 3866 2340 3933 Quia
2382 3881 2480 3936 pro
2511 3869 2856 3923 tribulatione
2898 3869 3046 3923 Pauli
3098 3877 3152 3924 et
3181 3869 3322 3940 Sylte
3367 3871 3442 3924 ibi

1867 3953 2032 4018 facta,
2062 3971 2169 4010 non
2205 3965 2331 4010 sunt
2355 3957 2704 4012 scandalizati
2733 3977 2744 4010 :
2774 3958 2866 4012 sed
2902 3973 3025 4012 cum
3055 3959 3248 4028 gaudio
3278 3974 3438 4014 acre-

1866 4056 2062 4116 perunt
2091 4047 2343 4111 verbum,
2375 4048 2585 4115 probati
2627 4049 2966 4116 passionibus
3005 4065 3214 4104 eorum.
3252 4050 3317 4104 Et
3362 4049 3442 4107 al-

1866 4138 2086 4190 tissima.
2143 4136 2352 4190 Tenues
2407 4137 2460 4189 in
2509 4137 2830 4203 substantia,
2878 4139 3074 4193 divites
3120 4139 3174 4194 in
3220 4139 3437 4194 dando:

1864 4225 1989 4295 quia
2017 4241 2146 4294 pura
2173 4227 2504 4280 conscientia
2531 4227 2736 4295 operati
2767 4236 2907 4282 sunt.

1937 4316 2100 4372 Vsus.
2128 4318 2182 4372 5.
2207 4348 2278 4357 —-
2292 4317 2528 4372 Primum
2546 4319 2766 4374 Domino
2781 4336 2838 4374 se
2853 4319 3219 4384 emendantes,
3247 4318 3441 4374 deinde

1866 4409 2125 4465 fratribus
2160 4426 2254 4465 sua
2299 4409 2605 4467 olierentes.
2652 4413 2818 4466 Aliter
2861 4428 2966 4467 non
3011 4421 3130 4467 erat
3174 4413 3440 4483 accipien-

1868 4499 2018 4565 dum,
2049 4502 2175 4570 quia
2197 4517 2420 4556 munera
2451 4513 2725 4558 excmcant
2747 4503 2949 4565 oculos,
2983 4501 3178 4569 etjura
3206 4503 3443 4557 auctori-

1873 4591 2002 4645 tatis
2032 4591 2312 4645 inclinant.
2347 4591 2446 4657 Qui
2471 4608 2598 4648 vero
2619 4595 2748 4647 dant
2773 4609 2840 4648 ne
2864 4602 3183 4662 arguantur,
3206 4590 3441 4650 fructum

1870 4680 2027 4734 dandi
2060 4697 2164 4735 non
2197 4682 2413 4739 habent.

1940 4771 2106 4826 Vsus.
2135 4773 2186 4828 8.
2213 4803 2285 4814 -—
2306 4773 2428 4834 Non
2450 4775 2602 4844 quasi
2642 4775 2925 4843 imperans,
2952 4783 3059 4828 etc.
3109 4772 3224 4828 Non
3268 4772 3444 4829 solum

1871 4863 2049 4931 rogavi
2097 4862 2298 4927 Titum,
2325 4864 2419 4920 sed
2459 4878 2559 4934 ego
2588 4865 2701 4932 ipse
2746 4865 2868 4919 dico
2903 4874 2960 4918 ut
3007 4863 3312 4928 abundetis,
3339 4879 3443 4916 non

1868 4954 2018 5022 quasi
2059 4955 2336 5022 imperans.
2369 4955 2424 5008 ld
2469 4963 2552 5010 est
2601 4969 2705 5008 non
2757 4955 2909 5024 quasi
2958 4954 3330 5024 paenitentiam
3361 4953 3444 5008 in-

1863 5039 2176 5111 iungendo,
2197 5043 2320 5112 quia
2349 5043 2424 5098 sic
2452 5044 2604 5112 quasi
2635 5059 2702 5100 ex
2733 5052 2862 5098 voto.
2902 5050 3211 5101 tenerentur
3255 5043 3444 5098 Corin-

1872 5133 1990 5186 tltii.

1945 5221 2104 5276 Vens.
2133 5222 2184 5275 9.
2211 5252 2277 5260 —
2301 5221 2508 5292 Egerius
2546 5223 2715 5291 factus
2745 5233 2838 5276 est.
2873 5222 2986 5278 Non
3016 5225 3110 5286 ait,
3139 5235 3342 5293 pauper
3370 5221 3445 5274 fa-

1871 5323 1989 5369 ctus
2031 5325 2137 5380 est,
2183 5330 2304 5370 cum
2352 5318 2501 5372 dives
2545 5316 2733 5372 fuisset
2759 5336 2770 5371 :
2796 5319 2910 5383 sed,
2953 5335 3070 5372 cum
3111 5319 3249 5372 dives
3292 5330 3442 5371 esset.

1873 5405 2252 5476 Paupertatem
2276 5407 2418 5460 enim
2443 5409 2825 5477 assumpsit,et
2853 5410 3068 5465 divitias
3091 5425 3196 5470 non
3223 5409 3404 5462 amisit
3429 5425 3441 5458 :

1872 5497 2017 5551 intus
2062 5498 2231 5562 dives,
2271 5498 2402 5553 foris
2451 5515 2682 5570 pauper;
2716 5501 2887 5557 latens
2932 5503 3074 5558 Deus
3122 5502 3175 5556 in
3219 5501 3444 5562 divitiis,

1874 5603 2142 5657 apparens
2173 5588 2332 5642 homo
2363 5589 2416 5644 in
2450 5601 2782 5660 paupertate.

1944 5678 2010 5731 Ut
2043 5680 2214 5747 inopia
2239 5679 2334 5732 illi.
2379 5680 2479 5736 Per
2513 5683 2655 5737 illius
2680 5683 2822 5736 enim
2857 5689 3225 5753 paupertatem
3258 5679 3441 5749 abjieis

1871 5772 2044 5826 cimus
2071 5787 2278 5841 pannos
2309 5772 2626 5842 iniquitatis,
2657 5784 2712 5828 ut
2742 5775 3024 5829 induamur
3051 5771 3184 5829 stola
3217 5772 3441 5829 immor-‘
