3958 6314
498 425 604 478 563

995 413 1386 469 WALAFRIDI
1426 409 1675 467 STRABI
1710 410 1913 465 FULD.
1954 403 2120 459 MON.
2161 401 2314 457 OPP.
2352 399 2533 456 PARS
2566 400 2609 455 Ι.
2647 428 2719 440 —-
2755 397 3216 455 THEOLOGICA.

3664 401 3771 458 564

497 537 746 592 talitatis.
775 534 981 591 Omnes‘
1001 544 1133 600 ergo
1154 529 1346 583 divites
1368 526 1497 580 facti
1527 533 1674 586 sunt,
1700 524 1756 588 in
1783 533 2074 592 pauperem
2105 520 2153 577 A
2180 521 2353 567 stram
2400 528 2564 581 quam
2613 511 2929 567 ostendistis
2967 512 3091 567 aliis
3140 521 3195 569 et
3241 511 3470 584 gloriam
3521 521 3774 571 nostram

497 626 771 681 Christum
814 622 1115 677 credentes.
1147 617 1317 673 Nemo
1350 631 1481 686 ergo
1508 630 1567 669 se
1596 620 1905 669 contemnat
1949 625 2080 679 pau-

495 733 598 788 per
628 718 679 770 iu
707 714 862 778 cella,
895 713 1048 768 dives
1092 712 1146 766 in
1194 708 1546 779 conscientia.
1580 704 1837 760 Securior
1879 700 2095 756 dormit

496 812 553 862 in
587 819 752 871 terra,
782 821 944 876 quam
972 820 1106 859 auro
1129 804 1281 859 dives
1305 802 1359 856 in
1385 813 1644 870 purpura.
1677 796 1793 850 Non
1833 809 1962 864 ergo
1983 808 2081 848 ex-

495 916 757 972 pavescas
785 914 908 954 cum
934 907 1024 952 tua
1058 895 1405 951 mendicitate
1433 893 1502 947 ad
1527 890 1676 946 illum
1704 887 1962 943 accedere
1985 884 2080 955 qui

497 992 721 1046 indutus
760 998 942 1067 nostra
996 993 1333 1057 paupertate,
1378 982 1471 1039 ubi
1508 997 1571 1038 se
1614 976 1950 1051 pauperavit,
1978 989 2080 1030 nos

494 1083 704 1137 ditavit.

565 1197 732 1253 Vsns.
766 1197 854 1252 10.
882 1226 949 1237 -
967 1192 1070 1252 Sed
1100 1203 1149 1248 et
1177 1191 1325 1247 velle.
1355 1189 1520 1258 Quasi
1549 1188 1731 1244 dicat:
1761 1185 2077 1240 Vestrorum

496 1290 717 1361 quidam
766 1289 1070 1349 voluerant,
1099 1285 1318 1355 quidam
1364 1291 1546 1337 autem
1588 1285 2079 1350 cmperantznunc

494 1398 625 1438 vero
646 1383 862 1451 utrique
887 1380 1191 1450 perﬁciant.

571 1476 732 1530 Vsus.
765 1475 851 1527 l5.
876 1470 1069 1527 —Sed
1110 1487 1175 1525 ex
1216 1467 1535 1540 wqualitate.
1586 1462 1802 1518 Dividat
1848 1459 2084 1529 quisque

494 1573 756 1636 quantum
786 1564 945 1618 habet
989 1577 1110 1617 cum
1142 1559 1363 1622 sanctis,
1387 1557 1512 1627 quia
1540 1570 1647 1609 non
1686 1554 1805 1623 plus
1844 1550 2083 1620 exigitur

496 1671 660 1731 quam
707 1655 940 1710 retinere
993 1652 1096 1709 sibi
1148 1650 1451 1706 debetzsic
1491 1646 1752 1701 Zachaeus
1795 1640 2078 1698 dimidium

494 1749 760 1805 honorum
788 1761 1010 1801 suorum
1040 1743 1189 1800 dedit
1223 1740 1570 1814 pauperibus.

572 1837 728 1892 Vsus.
764 1836 850 1891 11.
874 1867 945 1875 —
976 1833 1046 1891 Ut
1070 1834 1167 1904 ﬁat
1196 1831 1492 1899 inqualitas.
1521 1827 1637 1883 Non
1672 1826 1799 1897 quin
1827 1822 2080 1880 differant

492 1930 549 1983 in
579 1927 824 1982 claritate
849 1945 861 1979 :
886 1925 979 1981 sed
1002 1925 1128 1994 quia
1152 1920 1405 1978 omnibus
1432 1918 1597 1981 idem,
1619 1925 1675 1973 et
1698 1915 1951 1971 omnibus
1976 1911 2083 1968 erit

493 2015 834 2071 sutlicientia.
866 2013 1010 2069 Sicut
1042 2014 1312 2083 scriptum.
1356 2009 1433 2065 De
1472 2021 1671 2063 manna
1706 2006 1761 2060 in
1787 2005 1944 2075 signo
1976 2002 2081 2057 hu-

488 2111 581 2179 jus
608 2111 706 2163 rei.

569 2222 734 2278 Vsus.
756 2222 919 2277 15.-·
932 2220 1035 2287 Qui
1057 2218 1279 2274 multum
1297 2233 1402 2271 non
1417 2212 1720 2268 abundavit.
1739 2209 1864 2265 Plus
1879 2209 2082 2264 habent

497 2315 671 2368 sancti
693 2313 744 2366 in
761 2328 854 2382 spe
876 2310 1061 2374 futuri,
1080 2310 1257 2363 minus
1278 2308 1333 2361 hi
1350 2307 1440 2376 qui
1465 2308 1518 2359 in
1542 2298 1783 2372 tempore
1798 2300 2013 2362 divites,
2028 2307 2086 2354 et

495 2416 677 2462 tamen
694 2404 766 2458 ibi
782 2402 1155 2472 aquabantur.
1173 2400 1396 2456 Utsicut
1412 2397 1500 2452 hic
1515 2394 1752 2464 inopiam
1767 2400 2081 2448 sanctorum

497 2504 823 2560 sustentant,
852 2494 924 2548 ita
945 2494 1018 2548 ibi
1041 2492 1110 2547 ab
1129 2493 1209 2547 eis
1239 2497 1629 2550 sustententur,
1653 2497 1709 2540 et
1727 2485 1923 2540 divites
1952 2483 2085 2538 ﬁent

496 2588 553 2642 in
580 2596 787 2642 (sterno
814 2585 976 2640 bono.
1003 2582 1107 2650 Qui
1142 2581 1365 2636 multum
1397 2596 1503 2633 non
1528 2576 1833 2641 abundavit.
1867 2573 1960 2629 Sic
1987 2573 2080 2644 qui

495 2678 725 2732 multum
758 2677 850 2729 dat
872 2676 1041 2740 dives,
1068 2681 1123 2729 et
1150 2674 1242 2743 qui
1269 2687 1461 2742 parum
1500 2684 1727 2741 pauper,
1758 2669 1802 2724 si
1827 2683 1981 2736 aequa
2011 2667 2085 2721 sit

496 2771 781 2839 utriusque
803 2768 1070 2830 voluntas,
1102 2765 1363 2837 arqualem
1391 2763 1589 2818 habent
1614 2761 1937 2816 mercedem.

572 2859 738 2913 Vsus.
773 2857 859 2912 18.
877 2887 949 2896 -
970 2855 1211 2910 Misimus
1233 2863 1429 2908 autem.
1468 2851 1613 2906 Duos
1640 2849 1837 2905 fratres
1858 2848 2085 2918 Aposto-

496 2949 587 3023 lus
615 2950 764 3004 misit
785 2965 907 3004 cum
934 2949 1075 3012 Tito,
1105 2948 1198 3004 sed
1224 2962 1319 3004 eos
1347 2961 1453 3001 non
1482 2943 1746 3002 nominat,
1775 2930 1913 2996 forte
1939 2941 2083 2995 enim

499 3040 827 3113 ignorabant
849 3056 943 3096 eos
969 3038 1257 3103 Corinthii,
1286 3053 1388 3093 nec
1409 3037 1475 3091 de
1506 3036 1638 3106 ipsis
1666 3033 1844 3088 adhuc
1866 3031 2083 3101 pericu-

498 3133 613 3187 lum
640 3131 902 3187 fecerant.
945 3130 1210 3196 Quoniam
1247 3137 1426 3183 autem
1454 3124 1805 3195 pecuniarum
1834 3120 2087 3177 collecta-

2182 618 2344 671 quam
2373 604 2622 658 similiter
2659 603 2974 657 ostendistis
3001 617 3122 658 esse
3165 618 3382 669 veram,
3409 620 3559 659 nunc
3588 613 3776 660 esten.

2181 692 2310 757 dite,
2338 692 2476 748 bene
2518 693 2651 747 istos
2674 692 3004 761 recipiendo,
3035 702 3091 747 et
3131 694 3234 748 hoc
3264 693 3320 748 in
3351 693 3550 749 faciem
3575 694 3772 751 Eccle-

2181 784 2407 845 siarum.
2440 794 2501 840 ut
2527 785 2617 840 alii
2650 800 2682 839 a
2708 784 2863 840 vobis
2895 786 3166 854 accipiant
3188 786 3519 857 exemplum.

2789 917 3019 975 CAPUT
3066 920 3159 976 IX.

2251 1050 2414 1105 Vsns.
2450 1049 2593 1104 2.-
2621 1049 2690 1105 Et
2715 1062 2882 1105 vestra
2911 1050 3200 1106 emutatio.
3245 1049 3620 1107 Emulatione
3665 1052 3777 1108 Co-

2181 1142 2503 1197 rinthiorum
2530 1142 2646 1196 alia:
2678 1142 2935 1198 Ecclesia:
2982 1142 3132 1214 (dum
3176 1143 3400 1197 audiunt
3449 1143 3579 1198 illos
3618 1144 3777 1213 prius

2179 1235 2457 1289 erroribus
2484 1234 2810 1305 implicatos,
2834 1243 3019 1305 postea
3061 1235 3216 1290 bonae
3257 1235 3554 1290 voluntatis
3600 1234 3776 1291 fuisse

2180 1324 2421 1398 effectos)
2445 1327 2683 1382 incitatae
2720 1337 2847 1383 sunt
2873 1327 2941 1382 ad
2974 1329 3175 1383 bonum
3205 1342 3359 1399 Opus.

2250 1416 2414 1472 Vsus.
2438 1417 2494 1470 4.
2522 1448 2595 1457 —
2619 1417 3024 1473 Erubescamus.
3055 1418 3112 1475 Si
3141 1419 3283 1473 enim
3319 1433 3426 1473 non
3452 1416 3624 1473 fuerit.
3671 1419 3776 1476 hoc

2182 1503 2479 1570 inventum,
2505 1509 2648 1576 quod
2669 1507 2961 1578 Apostolus
2991 1508 3313 1564 testificatus
3332 1500 3427 1565 Vest
3470 1510 3538 1565 de
3581 1511 3699 1576 his,
3722 1520 3777 1566 et

2181 1595 2296 1664 ipse
2324 1598 2607 1654 erubescet
2632 1607 2688 1654 et
2714 1600 2815 1670 ipsi
2837 1600 3072 1670 amplius
3110 1599 3532 1656 confundentur.

2253 1686 2417 1741 Vsus.
2451 1687 2503 1742 6.
2526 1719 2597 1728 -—
2654 1688 2758 1755 Qui
2787 1707 2942 1759 parce
2963 1692 3206 1745 seminat.
3237 1691 3355 1747 Non
3403 1707 3573 1763 parce
3616 1695 3777 1750 semi-

2181 1785 2278 1832 nat
2295 1778 2385 1849 qui
2400 1794 2589 1850 parum
2602 1781 2806 1835 hauens
2819 1796 3009 1851 parum
3024 1781 3274 1852 largitur,
3296 1782 3341 1838 si
3355 1783 3577 1839 animus
3591 1800 3779 1856 prom-

2110 1873 2158 1934 Β
2185 1878 2310 1941 pius
2341 1872 2411 1927 sit
2440 1871 2562 1942 plus
2584 1873 2736 1940 dare,
2764 1873 2811 1929 si
2836 1873 2956 1944 plus
2983 1874 3232 1930 haberet.

2257 1962 2420 2017 Vsus.
2453 1964 2507 2016 7.
2535 1993 2608 2003 —
2633 1963 2757 2018 Non
2782 1981 2848 2018 ea:
2873 1965 3107 2018 tristitia.
3140 1964 3242 2033 Qui
3288 1965 3492 2020 invitus
3512 1965 3612 2020 dat
3654 1981 3777 2036 pro-

2184 2060 2305 2123 pter
2350 2063 2671 2125 praesentem
2718 2056 3002 2125 pudorem,
3049 2071 3155 2110 non
3221 2056 3383 2110 habet
3436 2057 3774 2111 mercedem.

2184 2140 2423 2197 Hilarem
2449 2146 2586 2199 enim
2612 2146 2866 2211 datorem,
2891 2147 2982 2218 qui
3011 2146 3104 2201 dat
3138 2156 3196 2202 ut
3218 2156 3403 2202 careat
3427 2150 3594 2205 taedio
3619 2149 3778 2204 inter-

2183 2234 2452 2303 pellantis,
2481 2252 2588 2291 non
2612 2246 2673 2291 ut
2706 2236 3147 2295 reficiatviscera
3192 2238 3504 2310 indigentis,
3552 2249 3612 2294 et
3664 2255 3775 2294 me—

2188 2324 2349 2379 ritum
2371 2336 2426 2379 et
2453 2340 2567 2380 rem
2590 2326 2784 2397 perdit.
2811 2327 2985 2398 Large
3000 2328 3093 2382 dat
3113 2329 3205 2399 qui
3229 2327 3480 2383 affectum
3506 2330 3775 2401 largiendi

2184 2414 2369 2482 habet,
2400 2417 2610 2471 etiamsi
2638 2417 2768 2471 nihil
2794 2419 2991 2473 haheat
3014 2419 3158 2489 quod
3201 2418 3384 2489 largiri
3428 2420 3628 2489 possit.

2255 2500 2419 2559 Vsns.
2449 2504 2921 2569 8.—Abundare,
2968 2515 3074 2561 etc.
3117 2506 3271 2561 Licet
3319 2506 3465 2562 enim
3513 2507 3773 2578 exiguum

2185 2592 2255 2648 sit
2281 2594 2423 2663 quod
2449 2610 2639 2664 parum
2660 2595 2864 2650 habens
2892 2596 3101 2663 tribuit,
3140 2597 3377 2651 abundat
3400 2605 3612 2663 tamen,
3648 2598 3774 2667 quia

2187 2696 2339 2741 recto
2359 2684 2564 2754 judicio
2594 2688 2655 2741 fit
2686 2705 2705 2741 :
2725 2688 2852 2758 quia
2882 2704 2991 2745 non
3016 2690 3279 2760 qumrilur
3296 2690 3363 2746 de
3386 2697 3618 2761 quanto,
3675 2691 3771 2747 sed

2185 2792 2293 2846 quo
2322 2776 2503 2830 animo
2528 2775 2704 2831 detur.

2262 2864 2421 2920 Vsas.
2450 2866 2600 2921 9.—
2649 2866 2868 2923 Iustitia
2901 2869 3059 2924 enim.
3109 2868 3294 2926 Justus
3354 2880 3439 2927 est
3483 2872 3575 2942 qui
3631 2872 3773 2928 bona

2186 2958 2367 3013 mundi
2395 2959 2498 3013 line
2522 2961 2707 3014 aiterni
2737 2963 2942 3031 pnnmii
2967 2964 3271 3017 communia
3319 2972 3552 3035 reputat.

2257 3049 2421 3104 Vsus.
2455 3050 2542 3105 10.
2564 3082 2635 3091 -
2660 3052 2989 3108 Incrementa
3016 3055 3247 3126 fntgum.
3286 3054 3503 3110 Iustitia
3531 3064 3617 3111 est
3647 3071 3775 3111 san-

2187 3141 2368 3206 ctitas,
2392 3151 2446 3195 et
2474 3144 2615 3197 bona
2642 3144 2752 3197 vita
2785 3161 2798 3197 :
2829 3153 2885 3200 et
2909 3146 3033 3200 inde
3065 3144 3267 3217 fruges,
3327 3147 3381 3201 id
3418 3156 3519 3209 est,
3561 3156 3774 3200 aeterna

502 3238 625 3277 rum
653 3222 938 3277 multitudo
966 3221 1160 3277 sufﬁcit
1190 3220 1347 3275 malis
1370 3219 1500 3274 dare
1527 3216 2082 3286 suspicionem,secu-
2111 3216 2156 3278 C
2189 3233 2572 3286 remuneratio.
2610 3232 2948 3289 Incrementa
2997 3216 3348 3306 eleem’osynm
3388 3250 3403 3288 τ
3439 3251 3539 3306 pro
3566 3236 3774 3306 quibus

499 3314 718 3369 ritatem
762 3314 1012 3378 exhibet;
1062 3322 1370 3383 propterea,
1398 3308 1593 3378 inquit,
1619 3306 1754 3361 tales
1806 3305 2076 3369 misimus,

498 3415 686 3462 etnon
714 3422 883 3460 unum
906 3405 1101 3469 solum,
1125 3405 1219 3459 sed
1249 3412 1303 3459 et
1328 3403 1464 3458 duos
1483 3410 1537 3455 et
1559 3410 1689 3455 tres.
1724 3398 2082 3455 Commendat

502 3512 632 3552 vero
660 3511 754 3551 eos
784 3512 890 3549 non
923 3496 992 3550 ab
1020 3494 1311 3566 Evangelio
1330 3534 1346 3557 ,
1377 3506 1551 3561 neque
1577 3490 1645 3544 ab
1685 3489 1949 3544 electione
1988 3502 2078 3542 so-

501 3590 635 3657 lum,
663 3590 757 3645 sed
784 3591 947 3644 etiam
976 3589 1120 3658 quod
1153 3585 1365 3658 probati
1394 3586 1525 3649 sint,
1554 3592 1611 3638 et
1638 3590 1923 3653 propterea
1966 3581 2078 3638 ele-

504 3681 604 3747 eti,
631 3681 706 3734 ita
732 3687 792 3733 ut
813 3678 946 3732 nihil
974 3678 1334 3747 suspicentur.

575 3793 741 3847 Vsus.
767 3791 853 3846 l9.
875 3820 949 3832 —-
976 3790 1042 3844 In
1085 3791 1221 3844 hanc
1264 3791 1510 3860 gratiam.
1541 3788 1599 3844 ld
1626 3796 1711 3843 est
1745 3788 2083 3858 praedicatio-

500 3899 632 3939 nem
660 3884 898 3954 gentium
921 3883 1008 3938 cui
1039 3882 1342 3937 destinatus
1371 3896 1519 3946 sum,
1544 3891 1600 3937 et
1622 3880 1764 3936 volo.

579 3974 744 4028 Vsus.
765 3972 856 4028 20.
878 4004 949 4013 —
967 3972 1264 4027 Devitantes
1294 3973 1410 4025 hoc.
1446 3970 1603 4027 Circa
1634 3985 1822 4025 curam
1863 3977 2079 4024 sancto-

445 4062 453 4071 ’
503 4086 626 4125 rum
670 4069 1027 4140 negligentius
1064 4083 1225 4140 agere
1254 4083 1362 4133 non
1400 4066 1517 4121 vult
1553 4066 1727 4121 videri
1755 4062 2078 4134 aApostolus,

505 4172 561 4217 et
592 4161 714 4217 ideo
743 4169 1038 4232 prtemonet
1065 4169 1127 4216 ut
1151 4159 1456 4215 sollicitudo
1485 4159 1601 4229 ejus
1627 4156 1965 4227 providentia
1989 4170 2083 4224 apo

500 4259 711 4322 pareat.
732 4251 800 4306 In
820 4251 918 4305 hac
938 4260 1103 4321 parte.
1126 4251 1396 4305 Doctrina:
1414 4259 1469 4304 et
1490 4249 1892 4313 miraculorum,
1918 4256 1978 4302 ut
2003 4246 2083 4301 di—

508 4352 684 4408 catur,
714 4342 852 4396 Bene
868 4341 1145 4411 prazdicat,
1163 4341 1256 4395 sed
1281 4356 1387 4396 non
1413 4348 1498 4395 est
1521 4353 1729 4393 memor
1750 4345 2078 4401 sanctorum,

507 4431 652 4485 sicut
680 4430 770 4484 alii
797 4428 1054 4499 apostoli,
1085 4436 1140 4482 et
1167 4428 1310 4482 sicut
1340 4427 1443 4482 sibi
1472 4434 1798 4495 praeceptum
1824 4412 1943 4480 est.

574 4520 739 4576 Vsas.
772 4520 1149 4575 2L—‘Coram
1194 4517 1324 4572 Deo.
1358 4516 1585 4586 Propter
1607 4529 1707 4570 nos
1747 4514 2081 4570 conscientia

504 4622 691 4669 nostra
735 4610 931 4667 sufﬁcit
978 4611 1132 4666 nobis
1156 4629 1168 4663 :
1191 4617 1413 4680 propter
1443 4623 1540 4663 vos
1580 4606 1724 4662 fama
1752 4615 1940 4661 nostra
1972 4620 2081 4661 non

505 4701 693 4770 pollui,
725 4701 821 4756 sed
863 4698 1067 4769 pollere
1111 4697 1271 4754 debet
1315 4698 1369 4752 in
1415 4697 1586 4754 vobis.
1626 4697 1755 4751 Duae
1796 4710 1887 4751 res
1932 4702 2081 4759 sunt,

504 4791 841 4845 conscientia
863 4797 918 4843 et
941 4788 1082 4843 fama
1108 4806 1122 4842 :
1145 4790 1475 4846 conscientia
1498 4788 1616 4854 tibi,
1636 4788 1776 4842 fama
1799 4787 2082 4857 proximo:

506 4880 599 4949 qui
652 4881 996 4935 conscientiae
1058 4880 1229 4937 fidens
1277 4881 1498 4953 negligit
1555 4880 1794 4944 famam,
1849 4879 2085 4934 crudelis

508 4979 609 5027 88L

581 5063 745 5118 Vsus.
773 5063 864 5118 22.
890 5092 958 5104 —-
982 5062 1334 5133 Conﬁdentia.
1382 5062 1548 5130 Quasi
1598 5061 1743 5116 dicat
1767 5077 1781 5113 :
1804 5074 1903 5130 pro
1949 5074 2085 5115 con-

512 5151 734 5206 fidentia
762 5152 930 5207 vestri
957 5152 1090 5208 ivit?
1109 5161 1166 5208 et
1190 5167 1290 5222 pro
1315 5150 1438 5206 Tito
1474 5159 1531 5206 et
1568 5150 1712 5205 Luca
1737 5165 1859 5205 cum
1890 5150 2086 5220 quibus

530 5244 742 5297 ibenter
767 5244 897 5300 ibat.

581 5334 747 5389 Vsns.
790 5335 885 5390 25.
916 5333 1148 5389 —Sive.
1198 5331 1293 5386 Vel
1322 5333 1446 5386 sive
1498 5345 1597 5401 per
1648 5339 1832 5399 patres
1882 5339 2097 5385 vestros

512 5426 786 5496 apostolos
833 5426 1198 5480 Ecclesiarum
1245 5424 1312 5478 ad
1342 5424 1565 5495 gloriam
1597 5423 1711 5487 Dei,
1737 5423 1790 5477 id
1829 5430 1913 5477 est
1949 5423 2092 5491 quod

511 5517 614 5587 ipsi
665 5526 791 5571 sunt
835 5514 1061 5586 apostoli
1105 5512 1488 5577 Ecclesiarum,
1518 5513 1622 5568 hoc
1660 5520 1745 5567 est
1770 5512 1954 5582 gloriae
1996 5511 2092 5566 Dei

512 5606 735 5671 Christi,
770 5607 822 5660 id
864 5613 946 5660 est
981 5605 1050 5660 ad
1089 5604 1313 5673 gloriam
1353 5603 1555 5659 Christi
1582 5621 1595 5657 :
1619 5602 1746 5672 quia
1781 5602 1836 5656 in
1866 5598 1961 5656 eis'
1983 5617 2090 5657 non

513 5699 814 5761 hominum,
845 5698 939 5752 sed
961 5695 1163 5754 Christi
1194 5695 1363 5767 gloria
1385 5702 1490 5750 est.

591 5789 751 5841 Vsus.
792 5787 978 5840 21-
1006 5785 1383 5841 Ostensionem.
1429 5784 1483 5839 ld
1523 5792 1607 5840 est
1654 5785 1975 5840 charitatcm
2006 5799 2096 5838 vc-

2185 3329 2240 3376 et
2266 3321 2353 3377 hic
2375 3322 2619 3387 virtutes,
2651 3332 2706 3378 et
2733 3324 2785 3378 in
2820 3324 3003 3380 futuro
3029 3325 3197 3395 gloria
3238 3327 3540 3396 augebitur.

2257 3409 2419 3465 Vsus.
2448 3412 2531 3466 11.
2553 3443 2623 3452 -—
2650 3412 2782 3478 Qum
2808 3424 3074 3483 operatur.
3130 3415 3187 3470 ld
3228 3425 3331 3479 est,
3379 3417 3495 3486 ipsa
3546 3415 3775 3487 largitio

2184 3507 2269 3555 est
2298 3514 2459 3555 causa
2494 3516 2662 3570 quare
2691 3503 2879 3572 gratiae
2906 3512 3136 3574 agantur
3169 3504 3300 3571 Deo,
3342 3505 3495 3575 cujus
3528 3504 3779 3576 largitio-

2186 3592 2272 3644 nis
2294 3605 2395 3643 nos
2423 3605 2611 3646 sumus
2640 3592 2893 3648 ministri.

2255 3678 2419 3735 Vsus.
2467 3680 2555 3735 15.
2589 3680 2890 3737 —Gratias
2918 3682 3046 3737 Deo.
3086 3683 3162 3738 De
3189 3685 3397 3740 alterna
3440 3685 3775 3756 indigentia,

2184 3779 2240 3826 et
2265 3772 2332 3827 de
2349 3772 2558 3826 alterno
2579 3773 2953 3842 supplemento
3001 3775 3310 3845 indigentiae
3350 3776 3773 3847 provincialium

2180 3863 2384 3919 Christi
2412 3872 2469 3918 et
2496 3864 2726 3919 militum
2757 3866 2956 3921 Christi
2985 3868 3187 3937 gratias
3215 3867 3326 3921 Deo
3367 3868 3497 3937 agit.
3530 3867 3659 3936 Egit
3683 3867 3778 3920 hic

2183 3954 2250 4009 de
2279 3955 2440 4009 rebus
2468 3956 2777 4011 carnalibus
2803 3958 2854 4011 in
2883 3958 3022 4023 illos,
3050 3967 3104 4013 et
3132 3968 3415 4028 postquam
3441 3955 3637 4027 egitde
3663 3957 3779 4026 spi-

2188 4045 2472 4101 ritualibus
2494 4048 2549 4101 in
2576 4048 2729 4113 istos,
2779 4057 3036 4119 tanquam
3078 4049 3272 4120 plenus
3319 4050 3530 4120 gaudiis
3582 4048 3777 4117 excla-

2187 4145 2341 4193 mat:
2376 4137 2591 4194 Gratias
2615 4154 2735 4210 ago,
2772 4148 2877 4194 etc.

2798 4288 3026 4347 CAPUT
3084 4288 3154 4345 Χ.

2261 4424 2422 4481 Vsus.
2475 4427 2526 4480 1.
2567 4455 2635 4465 -
2660 4422 2784 4494 Ipse
2811 4433 2983 4478 autem
3008 4440 3100 4495 ego
3121 4422 3347 4477 Paulus.
3372 4421 3569 4493 Incipit
3603 4436 3775 4492 agerc

2186 4516 2252 4571 de
2304 4515 2620 4571 incorrectis
2670 4514 2761 4584 qui
2816 4515 3017 4585 pseudo
3065 4513 3448 4582 sequebantur,
3509 4520 3568 4565 et
3629 4511 3781 4582 Apo-

2187 4605 2382 4661 stolum
2406 4604 2638 4659 ferocem
2659 4603 2938 4674 putabant,
2962 4603 3117 4673 quasi
3139 4602 3371 4656 diceret:
3389 4599 3685 4655 Correctos
3708 4600 3776 4655 ad

2189 4695 2749 4765 eleemosynasiuvito
2792 4692 3034 4748 :Paulus
3074 4710 3201 4749 vere
3256 4695 3489 4759 humilis,
3541 4709 3649 4748 non
3687 4710 3780 4748 su-

2191 4785 2391 4856 perbus
2416 4785 2530 4854 ipse
2552 4784 2642 4852 qui
2665 4782 2799 4838 alios
2842 4783 2908 4837 ad
2953 4783 3324 4855 eleemosynas
3360 4798 3579 4848 moneo,
3624 4783 3775 4837 idem

2190 4876 2344 4931 vobis
2370 4876 2461 4945 qui
2485 4874 2614 4938 illis,
2634 4875 2881 4937 obsecro,
2909 4873 3052 4939 dico,
3092 4882 3195 4928 etc.

2262 4971 2427 5026 Vsns.
2458 4972 2513 5026 5.
2540 5000 2611 5011 ——
2643 4967 2766 5023 Non
2783 4969 3063 5023 secundum
3087 4985 3298 5023 carnem
3326 4968 3629 5023 militamus.
3656 4968 3777 5024 Non

2193 5062 2339 5117 enim
2368 5060 2613 5114 militiam
2634 5074 2665 5112 a
2692 5059 2803 5112 Deo
2827 5058 2981 5112 nobis
3004 5057 3187 5112 datam
3213 5072 3535 5113 exercemus
3576 5073 3776 5114 secun-

2195 5154 2323 5207 dum
2344 5163 2581 5212 carnem,
2614 5149 2667 5203 id
2696 5156 2801 5213 est,
2824 5162 2923 5217 pro
2961 5155 3178 5203 terreno
3220 5148 3523 5208 commodo.

2274 5242 2437 5296 Vsus.
2482 5239 2537 5293 4.
2583 5268 2656 5282 —-
2698 5238 2781 5292 Ad
2831 5238 3229 5292 destructionem
3287 5238 3659 5291 munitionum.
3705 5236 3780 5293 Ut

2201 5331 2549 5386 destruantur
2574 5327 2800 5383 consilia
2825 5325 3051 5382 diversis
3074 5324 3460 5381 calliditatibus
3494 5324 3777 5379 hominum

2199 5435 2295 5476 seu
2320 5420 2623 5474 daemonum
2647 5418 2871 5472 munita.
2917 5415 3259 5482 Munitiones,
3298 5424 3404 5472 etc.
3452 5416 3780 5472 Munitiones

2197 5518 2321 5565 sunt
2348 5509 2511 5565 corda
2533 5506 2853 5573 infidelium,
2883 5522 3003 5577 qua:
3032 5506 3281 5562 diabolus
3318 5508 3549 5573 obtinet,
3577 5521 3633 5563 et
3658 5524 3777 5562 mu-

2195 5602 2278 5656 nit
2306 5599 2533 5655 diversis
2559 5598 2861 5663 erroribus,
2891 5612 2960 5652 ne
2980 5597 3205 5652 verbum
3234 5597 3332 5651 Dei
3376 5600 3551 5667 possit
3570 5599 3780 5653 intrare

2196 5707 2295 5763 per
2320 5689 2502 5753 tidem,
2539 5688 2625 5744 vel
2672 5703 2770 5757 per
2816 5687 3228 5744 similitudinem
3277 5688 3654 5743 munitionum.
3706 5687 3779 5741 Et

2200 5784 2266 5839 ad
2294 5783 2407 5837 haec
2436 5780 2824 5836 devincendum
2855 5778 3068 5833 valeant
3098 5792 3246 5833 arma
3269 5777 3473 5834 militiae
3511 5777 3773 5849 Apostoli.
