3958 6314
182 355 290 411 565

1107 344 1369 401 GLOSSA
1407 336 1802 400 ORDINARlA.
1841 366 1913 378 -—
1951 336 2167 393 EPIST.
2203 336 2247 392 11
2285 335 2376 390 AD
2409 335 2567 392 COB.

3336 325 3443 383 566

182 476 235 521 et
270 461 509 518 ostendit
532 457 843 514 munitionis
873 455 1014 511 illius
1063 464 1266 526 partes,
1312 454 1541 519 scilicet,
1584 449 1761 506 consi-
1790 450 1837 511 Α
1935 448 2096 504 Vsus.
2131 446 2217 502 18.
2247 475 2317 487 -—-
2339 445 2445 501 Sed
2464 461 2615 515 quem
2649 441 2805 497 Deus.
2834 439 2987 497 illum
3010 440 3151 495 Deus
3167 453 3442 495 commen-

184 557 276 610 lia.

258 646 423 701 Vens.
456 645 508 699 6.
539 673 609 684 -—
635 640 702 695 Et
748 642 805 695 in
848 648 1087 711 promptu
1132 638 1395 692 habentes.
1440 634 1576 703 Quia
1627 630 1764 687 nihil

184 755 289 795 nos
337 739 610 792 remordet
651 751 759 804 quo
812 734 992 788 minus
1034 731 1347 786 audeamus.
1399 727 1614 791 Ulcisci,
1654 733 1761 780 etc.

186 831 343 887 Tunc
366 829 561 899 aliquis
581 827 815 882 vindicat
844 823 1282 887 inohedientiam,
1309 837 1433 876 cum
1459 820 1604 875 illam
1637 832 1766 873 con-

186 923 410 978 demnat
470 934 567 989 per
630 916 1013 973 obedientiam.
1093 913 1243 967 Tunc
1322 912 1466 966 illam
1531 907 1769 965 destruit

187 1013 406 1084 quando
434 1011 554 1066 illos
599 1009 690 1079 qui
737 1007 1028 1071 resistunt,
1060 1003 1305 1073 perducit
1360 1002 1428 1056 ad
1487 1000 1665 1055 ﬁdem.
1700 998 1768 1052 Et

186 1107 308 1161 haec
333 1113 417 1160 est
443 1103 599 1174 digna
633 1101 788 1167 ultio,
826 1107 887 1154 ut
930 1096 1154 1171 perﬁdia
1195 1096 1264 1150 ah
1312 1094 1398 1150 his
1437 1093 1632 1163 quibus
1676 1090 1771 1146 de-

186 1192 533 1255 fendebatur,
576 1192 878 1246 damnetur.

261 1284 606 1340 Vens.7.-—-
662 1281 792 1347 Qui:
842 1279 1124 1335 secundum
1180 1278 1391 1349 faciem.
1439 1276 1607 1331 Multa
1660 1274 1770 1332 dixi

187 1377 390 1447 quibus
414 1373 623 1429 ostendi
654 1372 806 1427 vobis
828 1372 1009 1442 potius
1056 1369 1252 1424 debere
1292 1384 1392 1423 uos
1413 1368 1564 1437 sequi
1608 1382 1770 1437 quam

187 1463 422 1536 pseudo,
451 1461 606 1532 quasi
653 1460 858 1515 diceret
886 1474 898 1513 :
931 1459 987 1514 Si
1018 1459 1171 1514 vobis
1221 1474 1328 1513 non
1359 1458 1626 1513 sufﬁciunt
1655 1472 1775 1526 qua:

189 1556 329 1619 dixi,
360 1568 528 1624 quare
557 1568 645 1608 me
674 1552 854 1623 potius
878 1566 1039 1629 quam
1072 1550 1273 1622 pseudo
1300 1549 1637 1620 sequamini?
1688 1548 1778 1602 Vi-

191 1647 318 1702 dete
340 1646 459 1701 hazc
484 1659 602 1714 quae
629 1643 928 1699 secundum
958 1641 1174 1707 faciem,
1205 1640 1257 1695 id
1285 1648 1389 1707 est,
1413 1642 1485 1695 ita
1507 1637 1775 1695 evidentia

189 1743 341 1799 sunt,
373 1734 513 1789 sicut
532 1748 596 1788 ea
621 1748 741 1804 qua:
760 1740 889 1787 sunt
915 1733 1157 1804 subjecta
1187 1731 1376 1786 oculis.

1865 540 1956 595 dat
1980 547 2035 595 et
2064 540 2323 609 probatus
2347 546 2451 603 est,
2475 552 2636 607 quem
2677 536 2897 606 dignum
2942 533 3125 598 habet,
3157 546 3221 587 ac
3273 528 3443 585 mittit

1867 639 1925 687 ut
1966 629 2220 700 przedicet
2269 630 2467 684 donum
2525 626 2682 696 ejus:
2734 639 2894 697 quem
2934 640 3043 681 non
3096 622 3283 690 mittit,
3332 635 3440 678 non

1867 717 2226 783 commendat,
2252 719 2379 788 quia
2408 732 2516 772 non
2548 717 2745 773 missus
2781 715 3056 786 praedicat.

2479 848 2705 906 CAPUT
2757 847 2847 904 XI.

1942 988 2104 1044 Vens.
2134 985 2185 1040 1.
2209 1016 2279 1026 -
2319 983 2530 1039 Utinam
2560 980 2893 1037 sustineretis.
2927 989 3033 1036 etc.
3063 978 3226 1047 Quasi
3275 995 3289 1033 :
3325 976 3446 1033 Glo-

1872 1079 1983 1134 rior
2032 1079 2099 1133 de
2142 1076 2403 1147 regimine
2450 1074 2627 1147 (quod
2674 1073 2887 1128 videtur
2936 1070 3301 1142 insipientia).
3349 1068 3446 1125 sed

1872 1167 2071 1222 utinam
2101 1166 2446 1231 sustineretis,
2476 1172 2580 1218 etc.
2614 1161 2981 1232 lnsipientiam
3008 1161 3140 1216 dicit
3168 1159 3445 1231 gloriatio-

1872 1272 1997 1313 nem
2025 1255 2319 1312 secundum
2348 1268 2589 1318 carnem,
2618 1267 2687 1306 ne
2712 1252 2765 1307 in
2800 1266 2865 1307 eo
2895 1250 3000 1305 illis
3024 1250 3271 1304 videatur
3304 1247 3446 1303 infe-

1874 1349 1988 1405 rior
2010 1364 2170 1419 quam
2199 1348 2311 1419 ipse
2339 1347 2555 1419 quidem
2587 1360 2694 1399 non
2739 1351 2893 1399 curat
2912 1383 2925 1405 ,
2961 1343 3055 1397 sed
3080 1340 3301 1420 prodest
3347 1338 3451 1394 Co-

1875 1440 2091 1497 rinthiis
2133 1441 2198 1495 de
2230 1455 2293 1495 ea
2330 1453 2509 1510 agere.
2541 1436 2890 1506 Insipientiw.
2920 1433 3057 1502 Quia
3086 1432 3288 1487 dictum
3319 1439 3403 1487 est
3433 1450 3447 1483 :

1877 1531 1993 1587 Non
2038 1540 2088 1586 te
2121 1530 2339 1587 laudent
2392 1530 2533 1585 labia
2587 1536 2678 1584 tua
2684 1570 2709 1601 ρ
2760 1529 2853 1585 sed
2891 1528 3125 1598 proximi
3177 1526 3275 1581 tui.
3310 1523 3451 1596 Sup-

1876 1630 2097 1693 portate.
2129 1621 2292 1689 Quasi
2328 1620 2472 1676 dicat
2502 1636 2516 1674 :
2550 1618 2618 1674 Et
2650 1618 2695 1675 si
2724 1633 2941 1690 gravem
2963 1658 2979 1685 ,
3009 1631 3106 1673 vos
3150 1602 3329 1672 tamen
3356 1628 3453 1685 pa—

1880 1711 2075 1766 tienter
2098 1710 2251 1765 ferte.

264 1825 433 1880 Vens.
465 1826 518 1882 8.
552 1823 765 1879 —Non
784 1825 1103 1879 erubescam.
1164 1822 1300 1892 Quia
1340 1833 1396 1877 et
1438 1838 1623 1878 verum
1664 1831 1770 1890 est,

1947 1800 2113 1857 Vens.
2138 1802 2193 1856 2.
2219 1831 2291 1841 —
2317 1798 2584 1854 xEmulor.
2620 1797 2918 1853 Emulatio
2962 1804 3046 1852 est
3081 1804 3301 1867 propter
3327 1794 3453 1850 alie-

188 1926 249 1974 et
279 1917 481 1973 nonad
510 1917 735 1988 gloriam
773 1932 969 1983 meam,
1009 1915 1102 1971 sed
1142 1915 1247 1971 hoc
1280 1914 1477 1970 dicitur
1520 1913 1587 1968 ad
1632 1914 1774 1968 utili-

191 2017 361 2063 tatem
381 2015 643 2063 vestram.

263 2097 430 2152 Vsns.
463 2096 514 2152 9.
541 2127 610 2136 ——
637 2094 704 2149 Ut
728 2104 901 2150 autem
922 2110 1027 2149 non
1052 2093 1336 2148 existimer.
1382 2093 1482 2148 Hic
1531 2093 1664 2149 dicit
1717 2108 1775 2147 se

187 2205 320 2245 eum
366 2203 605 2259 praesens
653 2185 838 2251 fuerit,
896 2200 1059 2256 opere
1105 2185 1329 2256 implere
1384 2185 1526 2255 quod
1581 2185 1778 2240 absens

188 2282 364 2337 verbo
388 2281 647 2335 minatur.
677 2278 791 2334 Hoc
818 2288 997 2333 autem
1025 2279 1155 2333 dicit
1172 2278 1455 2333 occasione
1490 2277 1632 2332 illius
1654 2290 1779 2331 sen-

188 2375 379 2429 tentia:
409 2393 420 2427 :
453 2373 625 2445 parati
667 2371 848 2425 ulcisci
883 2387 1086 2425 omnem
1109 2369 1511 2424 inobedientiam
1534 2383 1552 2420 :
1574 2375 1653 2432 ut,
1696 2367 1780 2421 in-

186 2466 333 2536 quit,
366 2478 472 2517 non
498 2462 780 2517 existimer
804 2478 832 2516 a
861 2462 1016 2516 vobis
1065 2468 1276 2515 tantum
1318 2469 1523 2514 terrere
1573 2456 1777 2523 verbis,

188 2562 253 2609 et
274 2568 442 2624 opere
469 2551 633 2621 (quod
676 2552 855 2609 minor
901 2548 1103 2618 verbis)
1146 2544 1256 2602 non
1302 2548 1547 2617 implere,
1596 2546 1782 2602 sciatis

191 2644 341 2715 quod
367 2644 544 2697 minor
569 2641 751 2696 verbis
785 2640 1100 2710 impleturus
1120 2655 1237 2692 sum
1265 2637 1440 2693 factis.

270 2735 433 2790 Vens.
465 2733 550 2787 11.
569 2763 640 2772 —
666 2731 782 2785 Hoc
804 2732 1010 2802 cogitet,
1035 2738 1141 2785 etc.
1172 2728 1378 2801 (Ηιειι.)
1402 2728 1480 2783 Ne
1520 2728 1641 2799 quis
1685 2742 1783 2798 pu-

192 2834 279 2879 tet
308 2834 395 2878 me
423 2823 511 2877 illa
541 2822 884 2885 comminari,
915 2830 1049 2886 etc.,
1079 2838 1242 2892 usque
1261 2820 1329 2874 ad
1354 2828 1407 2875 et
1433 2818 1785 2891 peccantibus

192 2933 299 2986 per
326 2915 669 2970 severitatem
696 2913 853 2969 fortis
879 2914 1074 2969 existo.

277 3006 451 3061 Tales.
483 3004 617 3071 Quia
646 3004 690 3058 si
721 3004 850 3057 vitia
902 3013 1081 3059 vestra
1106 3003 1464 3074 palparemus,
1510 3012 1638 3060 tunc
1678 3017 1786 3058 non

191 3097 635 3160 aediﬁcaremus,
658 3094 751 3149 sed
785 3093 1208 3149 destrueremus.

280 3206 445 3263 Vens.
470 3204 555 3257 1‘2.
577 3233 648 3242 —
674 3202 795 3256 Non
816 3204 952 3257 enim
971 3204 1249 3269 audemus,
1276 3210 1382 3258 etc.
1408 3201 1566 3258 Tales
1588 3203 1788 3259 erimus

197 3300 376 3361 facto,
405 3296 531 3364 quia
559 3309 666 3349 non
695 3308 884 3348 sumus
912 3293 1116 3348 similes
1139 3295 1363 3363 pseudo,
1395 3294 1485 3364 qui
1528 3300 1790 3364 usurpant

200 3389 309 3444 sibi
336 3394 680 3455 potestatem,
713 3392 769 3438 et
793 3384 921 3438 vitia
968 3383 1209 3453 palpant.
1258 3384 1325 3438 Et
1355 3385 1455 3440 hoc
1496 3392 1621 3440 est:
1674 3382 1792 3439 Non

206 3477 503 3533 inserimus
544 3490 643 3530 nos
668 3475 1006 3545 quibusdam,
1042 3474 1094 3528 id
1132 3482 1236 3540 est,
1277 3475 1479 3544 pseudo
1510 3475 1602 3545 qui
1645 3490 1793 3530 com—

206 3567 489 3630 mendant,
516 3565 568 3619 id
612 3572 712 3630 est,
776 3573 1038 3635 usurpant
1087 3572 1429 3634 potestatem.
1483 3564 1635 3633 Quod
1686 3576 1792 3633 est,

207 3672 319 3712 non
346 3656 593 3725 ponimus
622 3671 721 3711 nos
748 3655 801 3709 in
832 3670 1058 3710 numero
1097 3656 1337 3723 illorum,
1364 3665 1424 3711 ut
1469 3666 1792 3729 potestatem

209 3761 557 3815 usurpemus,
588 3748 683 3801 sed
710 3761 739 3799 a
780 3747 892 3802 Deo
931 3748 1257 3817 accepimus.
1291 3748 1398 3802 Aut
1439 3764 1543 3804 non
1577 3765 1796 3820 compa-

212 3854 401 3893 ramus
431 3853 527 3892 nos
553 3838 755 3905 illisut,
781 3839 920 3894 sicut
942 3838 1042 3904 illi,
1066 3839 1347 3895 adulemur
1386 3841 1540 3896 vobis
1567 3849 1622 3897 et
1663 3843 1794 3897 vitia

214 3938 396 3983 vestra
425 3928 706 3999 palpemus
735 3946 748 3983 :
778 3930 921 3999 quod
949 3938 1132 4002 posset
1158 3931 1323 3986 etiam
1367 3934 1572 3989 habens
1618 3944 1797 4005 potes-

213 4029 408 4075 tatem.

287 4111 453 4166 Vens.
482 4113 567 4167 15.
599 4143 671 4153 -
700 4112 813 4168 Nos
836 4122 1029 4180 autem,
1054 4123 1161 4171 etc.
1186 4115 1340 4172 Sicut
1382 4118 1458 4173 illi
1499 4116 1591 4190 qui
1644 4136 1800 4176 usur-

213 4201 398 4271 pando
434 4201 735 4272 gloriantur
777 4202 916 4258 ultra
975 4220 1304 4261 mensuram.
1353 4207 1457 4263 Sed
1516 4212 1802 4265 secundum

215 4309 542 4348 utemuram.
584 4293 678 4347 Dei
723 4294 867 4348 enim
914 4304 1047 4349 nutu
1094 4295 1394 4354 Corinthiis
1432 4301 1804 4372 evangelizare

216 4383 461 4438 monitus
507 4390 612 4438 est.
648 4382 913 4439 Partitum
967 4392 1086 4440 erat
1127 4387 1416 4458 unicuique
1459 4389 1529 4444 ad
1567 4405 1703 4460 quos
1747 4391 1802 4445 in

215 4472 607 4544 praedicatione
629 4473 972 4543 dirigeretur,
1000 4483 1060 4529 ut
1089 4474 1283 4547 singuli
1313 4477 1524 4547 aliquos
1574 4480 1801 4549 populos

220 4561 490 4623 baberent
514 4562 782 4632 pr0prios,
814 4562 881 4619 de
911 4578 1142 4631 quorum
1168 4563 1273 4619 ﬁde
1314 4565 1693 4634 gloriarentur.
1721 4570 1803 4626 Ad

220 4650 468 4721 regulam
489 4659 667 4705 autem
695 4650 934 4720 Apostoli
962 4652 1039 4708 illi
1069 4668 1259 4709 omnes
1276 4656 1640 4725 pertinebant,
1666 4675 1804 4729 quos

221 4744 282 4800 in
328 4742 435 4799 ﬁde
461 4742 831 4799 fundaverat:
877 4744 969 4814 qui
1017 4745 1085 4801 ad
1137 4760 1326 4803 omnes
1366 4748 1563 4806 missus
1611 4759 1732 4807 erat
1775 4767 1807 4807 a

222 4833 363 4891 Deo.

300 4925 471 4980 Vatis.
500 4924 586 4980 15.
607 4953 679 4965 -
709 4923 830 4979 Non
860 4925 916 4980 in
959 4925 1145 4981 alienis
1167 4926 1451 4984 laboribus.
1489 4930 1603 4986 Hoc
1630 4931 1808 4988 facere

224 5024 377 5071 esset
404 5014 543 5070 ultra
571 5030 877 5070 mensuram
923 5016 1173 5086 gloriari;
1222 5021 1317 5075 sed
1353 5036 1502 5092 spem
1545 5024 1809 5080 habentes

228 5108 285 5163 in
312 5105 469 5161 vobis
507 5123 521 5159 :
556 5105 609 5159 id
634 5114 739 5171 est,
775 5121 874 5175 per
901 5122 994 5163 vos
1031 5109 1368 5177 magniﬁcari
1390 5113 1531 5181 apud
1557 5114 1713 5181 alios,
1755 5125 1811 5171 et

227 5194 607 5265 cvangelizare
651 5197 944 5251 secundum
1000 5198 1236 5268 regulam
1293 5210 1553 5268 nostram,
1603 5204 1657 5258 id
1703 5214 1807 5273 est,

230 5285 531 5343 secundum
557 5285 700 5354 quod
724 5301 754 5338 a
781 5285 893 5340 Deo
922 5285 1221 5355 injunctum
1262 5298 1367 5357 est,
1394 5306 1502 5348 non
1546 5294 1811 5353 habentes

228 5393 385 5449 spem
411 5376 629 5447 gloriari
671 5376 723 5432 in
749 5376 935 5432 aliena‘
971 5379 1172 5449 regula.

309 5470 473 5528 Vens.
494 5470 664 5524 i7.—
686 5468 787 5535 Qui
810 5481 982 5525 autem
1025 5473 1300 5543 gloriatur.
1329 5476 1440 5548 Ego
1480 5490 1588 5534 non
1618 5479 1815 5551 gloria-

231 5561 335 5616 bor
360 5560 413 5614 in
436 5560 611 5619 aliena
642 5559 843 5630 regula.
874 5561 1140 5618 Similiter
1166 5574 1349 5622 autem
1393 5568 1485 5638 qui
1528 5569 1812 5640 gloriatur,

236 5653 289 5707 id
318 5660 404 5707 est
429 5650 541 5705 vult
568 5660 890 5721 po:cstatem
913 5669 1186 5719 exercere,
1244 5659 1297 5715 in
1339 5661 1588 5730 Domino,
1621 5658 1815 5730 idest,

239 5740 295 5797 in
319 5754 570 5801 mensura
597 5757 627 5797 a
655 5742 763 5798 Deo
791 5745 913 5800 data
948 5747 1224 5816 glorietur.

1874 1906 2003 1946 num
2028 1898 2227 1949 statum
2277 1895 2455 1944 motus
2482 1888 2698 1954 mentis,
2728 1886 2813 1942 vel
2840 1887 2893 1941 in
2922 1886 3121 1940 bonum
3146 1884 3230 1939 vel
3260 1884 3313 1938 in
3343 1894 3481 1939 ma-‘

1874 1979 2004 2033 lum.
2054 1977 2154 2033 Hic
2182 1978 2385 2033 amoris
2426 1986 2529 2044 est,
2558 1993 2665 2032 non
2715 1966 2932 2042 livoris,
2965 1977 3091 2046 quia
3137 1974 3311 2046 diligit
3361 1989 3456 2031 eos

1874 2067 2214 2124 aemulatione
2251 2067 2377 2135 Dei,
2410 2066 2461 2121 id
2494 2075 2576 2121 est
2604 2079 2767 2134 quam
2814 2066 2957 2120 Deus
3001 2064 3192 2134 spiritu
3229 2052 3328 2118 suo
3376 2050 3475 2118 in-~
3525 2130 3533 2141 κ

1876 2156 2064 2227 spirat,
2096 2170 2193 2227 per
2239 2156 2343 2211 hoc
2382 2155 2620 2211 ostendit
2652 2169 2715 2209 ea
2753 2169 2872 2237 qure
2910 2154 3071 2219 dicet,
3124 2167 3309 2207 amore
3361 2167 3456 2207 eo-

1878 2263 1999 2303 rum
2026 2261 2084 2303 se
2113 2246 2402 2312 dicturum,
2427 2261 2535 2301 non
2564 2252 2623 2298 ut
2651 2244 2717 2298 ad
2748 2244 2963 2299 laudem
3002 2243 3119 2315 ejus
3146 2240 3456 2314 proﬁciant,

1879 2341 1972 2396 sed
2007 2340 2074 2395 ad
2117 2340 2312 2394 horum
2361 2336 2681 2408 profectum.
2733 2335 2837 2390 Vos
2887 2336 2996 2391 uni.
3048 2335 3090 2389 A
3147 2334 3339 2405 plurali
3391 2333 3460 2388 ad

1880 2427 2150 2499 singulare
2183 2426 2478 2489 descendit,
2506 2424 2691 2479 volens
2728 2424 2951 2494 intelligi
2976 2431 3142 2477 totam
3163 2420 3460 2477 Ecclesiam

1881 2519 2144 2589 virginem
2187 2531 2328 2583 esse,
2359 2525 2413 2571 et
2443 2516 2497 2571 in
2546 2515 2797 2571 omnibus
2824 2515 2967 2570 veris
3012 2513 3270 2569 membris
3296 2512 3463 2582 virgi—

1881 2609 2054 2664 nitate
2082 2607 2281 2663 mentis
2312 2606 2438 2679 (etsi
2464 2621 2571 2661 non
2602 2603 2866 2676 corporis)
2894 2618 3135 2659 servare.
3167 2601 3465 2673 Virginitas

1884 2699 2093 2765 carnis,
2140 2713 2336 2767 corpus
2383 2705 2467 2752 est
2497 2697 2754 2751 intactum
2781 2709 2795 2749 :
2822 2696 2938 2750 haec
2962 2692 3246 2765 virginitas
3269 2706 3464 2762 pauco-

1885 2804 2006 2845 rum
2033 2796 2133 2844 est.
2161 2785 2459 2860 Virginitas
2500 2785 2679 2843 cordis
2701 2785 2833 2841 ﬁdes
2858 2793 2942 2840 est
2962 2784 3272 2853 incorrupta
3303 2800 3316 2837 :
3349 2782 3466 2839 haec

1886 2890 1971 2940 est
1998 2881 2241 2939 omnium
2273 2880 2531 2936 ﬁdelium.
3458 2886 3461 2890 '

1958 2971 2125 3027 Vens.
2153 2971 2208 3026 5.
2234 2999 2303 3009 -
2342 2968 2521 3024 Timeo
2550 2977 2743 3023 autem.
2777 2964 2982 3040 (Ηιειι.)
3015 2965 3253 3035 Serpens
3297 2964 3464 3019 Evam

1891 3060 1959 3116 de
1998 3060 2109 3115 Deo
2154 3059 2467 3115 mentiendo
2510 3059 2753 3124 seduxit,
2779 3066 2908 3122 etc.,
2947 3072 3107 3124 usque
3140 3057 3209 3111 ad
3253 3056 3468 3127 penitus

1813 3161 1861 3223 ς
1892 3165 1999 3204 non
2028 3164 2169 3213 esse,
2192 3155 2287 3201 aut
2312 3156 2569 3202 aeternam
2594 3162 2697 3200 non
2722 3160 2844 3201 esse
2866 3144 3093 3201 affirmat
3120 3152 3310 3200 contra
3341 3158 3469 3199 auc-

1894 3237 2165 3294 toritatem
2198 3236 2439 3290 omnium
2467 3233 2889 3304 Scripturarum.

1966 3348 2130 3404 Vens.
2160 3349 2210 3403 4.
2240 3378 2311 3389 -
2341 3347 2483 3402 Nam
2519 3348 2565 3402 si
2600 3352 2646 3402 is
2666 3348 2757 3418 qui
2778 3346 2935 3401 venit.
2966 3344 3082 3401 Non
3113 3346 3328 3401 missus.
3372 3344 3472 3399 Re-

1895 3450 1973 3495 cte
2009 3439 2337 3511 pateremini.
2373 3437 2431 3493 Si
2473 3437 2677 3507 aliquid
2718 3435 2891 3507 majus
2939 3436 3094 3493 vobis
3135 3437 3206 3491 sit
3247 3452 3342 3507 per
3379 3452 3474 3491 eos

1895 3544 2055 3599 quam
2082 3544 2179 3599 per
2209 3542 2339 3593 nos,
2378 3536 2506 3583 tunc
2535 3535 2680 3583 recte
2726 3526 3065 3598 pateremini.
3097 3525 3303 3583 Galatis
3346 3542 3474 3584 ana-

1899 3620 2079 3676 thema
2108 3618 2271 3685 dicit,
2302 3619 2349 3675 si
2394 3619 2536 3674 aliud
2590 3619 2915 3690 reciperent,
2958 3619 3100 3690 quod
3141 3634 3248 3675 non
3286 3620 3475 3690 utique

1897 3713 2072 3785 majus
2096 3721 2263 3778 esset,
2297 3713 2391 3768 sed
2421 3713 2772 3768 contrarium.

1972 3802 2138 3859 Vens.
2175 3803 2228 3859 5.
2255 3833 2325 3845 --
2364 3803 2646 3859 Existimo.
2686 3802 2862 3875 Supra
2891 3804 3002 3875 egit
3031 3805 3098 3860 de
3137 3804 3476 3876 pseudoapo-

1901 3894 2077 3961 stolis,
2108 3909 2253 3948 nunc
2290 3894 2357 3948 de
2384 3894 2552 3958 veris,
2591 3894 2787 3963 quibus
2819 3894 3017 3949 Paulus
3058 3895 3284 3951 inferior
3324 3895 3471 3951 vide-

1902 3985 2089 4050 batur;
2124 3984 2249 4053 quia
2278 3998 2383 4037 nou
2407 3982 2583 4038 fuerat
2609 4000 2732 4038 cum
2752 3983 2881 4039 Jesu
2912 3995 3281 4040 conversatus.

1976 4097 2139 4154 Vens.
2168 4098 2220 4152 6.
2248 4128 2317 4137 —
2346 4096 2487 4151 Nam
2525 4099 2622 4151 etsi
2654 4099 2943 4167 imperitus.
2970 4096 3083 4152 Hoc
3127 4111 3232 4151 non
3258 4096 3325 4151 ad
3352 4111 3482 4166 apo-

1905 4188 2072 4244 stolos
2098 4186 2353 4257 pertinet,
2386 4186 2512 4256 quia
2558 4201 2664 4240 non
2709 4194 2865 4240 erant
2908 4186 3246 4257 eloquentes,
3288 4186 3383 4241 sed
3411 4185 3483 4240 ad

1903 4279 2107 4353 pseudo
2132 4320 2147 4345 ,
2198 4280 2289 4348 qui
2340 4279 2734 4347 componebant
2783 4279 2966 4333 verba.
3020 4278 3304 4348 lmperitus
3352 4292 3486 4348 ergo

1906 4383 2156 4428 sermone
2190 4384 2295 4423 non
2323 4381 2409 4424 est
2433 4385 2557 4425 reus
2584 4369 2727 4439 apud
2753 4368 3053 4435 Deum,sed
3075 4369 3166 4439 qui
3189 4384 3296 4425 non
3320 4369 3488 4426 habet

1909 4461 2192 4518 scientiam
2236 4462 2351 4527 Dei,
2386 4477 2505 4531 qua:
2544 4462 2780 4531 pertinet
2820 4462 2889 4517 ad
2916 4462 3163 4518 salutem.

1982 4575 2144 4631 Vens.
2176 4575 2227 4631 7.
2252 4604 2325 4615 -—
2362 4573 2624 4642 Quoniam
2674 4576 2838 4647 gratis
2887 4575 3253 4646 Evangelium.
3309 4572 3487 4630 Minus

1908 4682 2016 4723 non
2064 4665 2188 4732 feci,
2219 4668 2314 4722 sed
2339 4667 2459 4737 plus
2486 4685 2499 4721 :
2531 4668 2660 4737 quia
2708 4668 2878 4737 gratis
2904 4708 2920 4733 ,
2964 4667 3106 4722 unde
3133 4667 3266 4723 mihi
3293 4666 3486 4723 irasci-

1910 4756 2063 4822 mini,
2104 4764 2160 4812 et
2188 4756 2322 4813 alios
2364 4757 2497 4811 mihi
2547 4757 2859 4828 pricponitis
2894 4773 2908 4810 :
2943 4771 3066 4811 cum
3105 4757 3209 4812 hoc
3255 4771 3363 4812 non
3417 4756 3497 4811 sit

1909 4850 2140 4920 peccati,
2177 4851 2272 4906 sed
2298 4848 2499 4921 gloriae.

1983 4943 2147 4998 Vens.
2176 4939 2265 4996 10.
2294 4971 2362 4981 -—-
2392 4941 2489 4996 Est
2527 4941 2735 4996 veritas.
2768 4940 2997 5013 (illam)
3041 4939 3196 4997 Sicut
3240 4940 3491 4996 Christus

1916 5032 2085 5089 semel
2116 5033 2325 5099 statuit,
2350 5047 2449 5088 nec
2477 5032 2712 5101 negavit,
2741 5045 2966 5088 necesse
3003 5042 3085 5087 est
3110 5040 3171 5086 ut
3196 5031 3359 5086 etiam
3390 5045 3493 5102 ego

1915 5138 2024 5177 non
2054 5122 2312 5178 mentitus
2352 5121 2427 5177 ita
2457 5121 2672 5178 faciam.
2705 5120 2771 5177 Ut
2809 5124 2865 5177 in
2894 5139 2994 5195 quo
3022 5122 3336 5193 gloriantur.
3367 5120 3494 5177 Gloo

1915 5215 2130 5269 riantur
2174 5213 2228 5269 in
2273 5214 2607 5283 accipiendo,
2638 5214 2731 5270 sed
2753 5229 2841 5269 me
2861 5229 2969 5269 non
3003 5213 3305 5284 accipiente
3328 5254 3343 5280 ,
3382 5228 3493 5268 non

1918 5302 2203 5370 accipient.
2253 5300 2394 5356 Nam
2425 5302 2717 5372 ejusmodi,
2752 5311 2858 5359 etc.
2899 5303 3245 5367 Inveniuntur
3286 5302 3421 5358 sicut
3447 5313 3494 5356 et

1917 5410 2029 5449 nos.
2056 5392 2114 5449 Id
2158 5401 2269 5459 est,
2314 5394 2519 5450 similes
2565 5396 2740 5453 nobis.
2794 5394 2863 5451 In
2895 5414 3028 5469 quo,
3070 5397 3123 5454 id
3152 5405 3267 5464 est,
3305 5397 3358 5452 in
3396 5396 3509 5450 hoc

1919 5484 2060 5555 quod
2089 5484 2388 5554 glorientur
2418 5500 2478 5541 se
2517 5502 2637 5543 esse
2668 5489 2870 5544 similes
2910 5490 3083 5546 nobis.

1990 5575 2153 5630 Vens.
2182 5577 2267 5631 15.
2286 5574 2824 5649 ο-οΤναηεβριιηιηιω
2848 5596 2922 5634 se.
2948 5580 3029 5636 Ad
3063 5579 3375 5636 tentandum
3400 5593 3500 5634 eos

1920 5684 2055 5739 quos
2080 5668 2149 5722 ita
2178 5669 2392 5723 erudire
2414 5683 2549 5739 npus
2575 5680 2674 5725 est.
2707 5670 2802 5727 Vel
2832 5673 2898 5726 ad
2921 5672 3297 5742 decipiendum
3337 5681 3505 5741 prout

1917 5759 2118 5829 justum
2159 5768 2260 5815 est.
2307 5758 2387 5816 Ad
2414 5762 2513 5817 hoc
2552 5778 2741 5834 magna
2772 5763 2865 5819 Dei
2902 5763 3269 5821 misericordia
3304 5778 3494 5819 neces-
