3958 6314
599 298 705 355 567

1100 309 1491 372 WALAFRIDI
1531 319 1777 377 STRABI
1815 323 2017 380 FULD.
2058 325 2222 382 MON.
2264 325 2413 382 OPP.
2452 329 2629 389 PARS
2666 336 2705 389 I.
2743 366 2813 377 —
2852 337 3298 403 THEOLOGICA.

3673 373 3739 432 ὅδε

596 416 745 472 saria
799 428 915 485 est,
962 436 1032 476 ne
1057 423 1339 494 quisquam
1371 445 1494 484 cum
1521 436 1739 505 angelos
1765 437 1932 495 bonos
1973 441 2179 497 amicos
2206 447 2257 504 Α
2281 460 2507 512 carnes,
2559 450 2613 503 id
2658 460 2742 507 est
2772 454 3133 523 perfecturum
3180 464 3267 532 qui
3307 477 3503 536 ponam
3533 485 3580 532 ει
3611 498 3739 555 nam

597 525 656 555 ne
685 512 885 555 hahprn
915 525 1061 555 mimi
1111 517 1302 555 ιιηιωιη
1334 523 1500 555 ΜΛῘΛι-
1539 528 1806 555 Amm..-“
1850 533 2001 555 12-.--
2040 535 2141 555 ,με
2291 552 2403 555 --η
2426 538 2466 555 ,ι
2702 543 2716 555 .
2852 543 2890 555 .-.

597 525 656 565 se
685 512 885 569 habere
914 525 1085 585 putat,
1111 517 1308 575 habeat
1332 523 1503 579 malos
1537 528 1827 595 daemones,
1850 533 2005 589 fictos
2037 535 2175 589 ami-

597 610 721 665 cos;
770 618 975 674 eosque
1030 615 1183 663 tanto
1229 614 1591 684 nocentiores,
1631 632 1836 689 quanto
1890 626 2179 681 astutiores

595 705 661 745 ac
692 691 1003 751 fallaciores
1039 699 1245 767 patitur
1289 703 1556 762 inimicos.

668 781 834 838 Vens.
881 786 973 840 I5:
994 819 1063 827 —
1086 789 1324 855 Quorum
1355 796 1497 864 ﬁnis.
1521 800 1578 855 Id
1606 811 1710 869 est,
1739 805 2022 862 retributio
2053 808 2177 864 data

597 874 654 928 in
682 873 789 929 ﬁne
824 876 947 931 vita:
985 880 1083 932 erit
1132 884 1419 938 secundum
1456 905 1616 958 opera
1658 893 1910 960 ipsorum,
1940 898 2067 966 quia
2105 899 2153 954 si

597 972 689 1019 cut
736 966 938 1034 pseudo
963 970 1203 1037 peritura
1233 976 1642 1045 appetiverunt,
1672 981 1749 1036 ita
1783 993 1838 1037 et
1885 985 1989 1055 ipsi
2033 987 2150 1055 peri

594 1053 752 1118 bunt,
778 1062 834 1109 et
862 1057 1003 1111 sicut
1048 1060 1285 1116 ministri
1326 1064 1555 1134 justitiae
1597 1079 1847 1140 aeternae,
1890 1053 1966 1129 ita
1989 1053 2050 1132 et
2072 1077 2174 1148 ipsi

593 1158 623 1197 ρ
643 1152 762 1197 runt
790 1149 1001 1202 aeterni.

670 1234 836 1292 Vens.
866 1239 952 1294 ΓΙ.
974 1271 1045 1281 —
1085 1241 1238 1308 Quod
1266 1244 1467 1317 loquor.
1509 1249 1567 1304 In
1595 1233 1697 1307 hac
1725 1254 2023 1311 substantia
2065 1258 2179 1329 glo-

594 1328 711 1396 riae,
744 1330 797 1386 id
841 1341 945 1397 est,
978 1334 1030 1388 in
1076 1335 1243 1405 gloria
1273 1341 1452 1396 carnis
1491 1358 1651 1411 quam
1691 1354 1882 1416 putant
1928 1328 2177 1404 substan-

593 1420 748 1487 tiam,
782 1422 833 1476 id
855 1432 960 1488 est,
984 1425 1054 1479 ita
1078 1438 1261 1482 amant
1288 1444 1350 1485 ac
1373 1431 1415 1485 si
1445 1448 1544 1503 per
1567 1449 1686 1488 eam
1714 1440 1937 1493 credant
1963 1455 2022 1494 se
2052 1441 2178 1495 sub-

592 1512 807 1567 sistere.
842 1510 946 1568 Sed
972 1518 1125 1585 quasi
1170 1518 1225 1572 in
1261 1519 1579 1590 insipientia.
1604 1524 1739 1591 Quia
1762 1527 1877 1583 haec
1904 1529 1970 1583 ad
1993 1530 2176 1588 carnis

596 1615 864 1662 tumorem
891 1611 1162 1678 pertinere
1185 1612 1457 1681 videntur,
1494 1616 1586 1671 ubi
1630 1617 1937 1689 insipientia
1959 1629 2061 1675 est.
2090 1622 2157 1679 in

591 1695 845 1764 sipientia
888 1700 1033 1754 enim
1083 1709 1167 1756 est
1219 1703 1454 1774 aliquem
1500 1706 1719 1764 laudare
1768 1725 1845 1764 se.
1894 1709 2006 1768 Sed
2047 1712 2172 1783 quia

2282 538 2561 621 carnales;
2608 543 2750 599 unde
2795 563 2808 598 :
2841 543 2910 601 Et
2949 564 3068 603 ossa
3107 568 3220 606 mea
3258 556 3311 610 in
3349 557 3545 627 frixorio
3573 538 3740 641 conire;

2278 636 2420 681 sunt.

2354 741 2519 799 Vens.
2546 745 2635 800 5i.
2663 779 2733 788 —
2761 749 2885 805 Non
2931 756 3172 810 mentior.
3201 757 3332 826 Quia
3371 762 3470 820 fert
3509 770 3616 827 mihi
3647 780 3741 833 testi-

2279 834 2518 889 monium
2559 851 2656 906 per
2687 837 2840 909 signa
2867 849 2923 895 et
2963 845 3226 916 prodigia.

2865 970 3093 1030 CAPUT
3147 975 3257 1033 XII.

2288 1075 2301 1088 ’
2349 1091 2512 1148 Vens.
2544 1094 2599 1148 2.
2623 1098 2693 1135 -'——
2718 1095 2838 1152 Scio
2871 1099 3151 1157 hominem.
3191 1105 3350 1173 Quasi
3384 1111 3447 1167 de
3474 1114 3594 1183 alio,
3630 1128 3741 1178 etres

2277 1184 2494 1253 dicitur,
2519 1197 2575 1243 et
2592 1190 2855 1259 jactantia
2876 1194 3101 1252 vitatur.
3128 1198 3246 1256 Sive
3269 1205 3321 1257 in
3345 1214 3737 1278 corpore,siue,etc.

2278 1272 2392 1329 Hoc
2428 1277 2693 1346 ignoravit
2720 1281 3028 1351 Apostolus,
3061 1297 3240 1344 utrum
3271 1272 3472 1363 quando
3510 1272 3739 1370 raptusest,

2278 1363 2330 1416 iu
2351 1379 2576 1435 corpore
2600 1367 2762 1424 fuerit
2785 1373 2964 1429 anima
2981 1416 2997 1441 ,
3026 1391 3094 1430 an
3117 1381 3334 1436 omnino
3357 1383 3419 1440 de
3441 1363 3629 1457 corpore
3644 1394 3739 1448 exie-

2278 1452 2370 1517 rit,
2401 1455 2537 1511 adeo
2581 1468 2640 1511 ut
2676 1469 2946 1516 mortuum
2975 1479 3177 1536 corpus
3206 1468 3421 1539 jaceret,
3449 1490 3509 1529 an
3525 1452 3740 1537 sccundun

2276 1546 2491 1600 modum
2522 1547 2687 1602 alium
2725 1552 3014 1620 quemdam
3058 1558 3288 1615 viventis
3322 1567 3542 1635 corporis
3578 1571 3646 1623 ubi
3669 1574 3741 1626 ani-

2277 1649 2363 1687 ma
2389 1635 2574 1703 fuerit,
2592 1655 2747 1697 meus
2774 1642 2891 1715 ejus
2934 1646 3002 1701 ad
3030 1647 3261 1708 videnda
3286 1653 3367 1707 vel
3405 1657 3627 1713 audienda
3649 1661 3738 1716 inel-

2277 1721 2459 1779 fabilia
2485 1726 2628 1784 illius
2654 1730 2885 1791 visionis
2912 1747 3134 1810 accepta
3162 1741 3250 1796 sit.
3277 1742 3343 1796 Et
3370 1746 3487 1814 quia
3521 1748 3606 1802 hoc
3626 1750 3741 1803 incer-

588 1789 878 1858 ΑΡοδιοίυε
904 1807 1012 1846 ηοη
1037 1804 1259 1865 propter
1286 1812 1344 1852 ³⁸
1392 1796 1541 1866 fac":
1589 1801 1684 1855 sed
1723 1810 1943 1872 Ρνορῑιπ
1970 1803 2171 1871 Deum.
2200 1785 2252 1843 Β
2278 1822 2388 1868 tum
2417 1826 2559 1884 erat,
2589 1820 2711 1875 ideo
2736 1820 2965 1880 forsitan
2988 1785 3126 1883 diiit
3144 1871 3158 1895 ,
3198 1832 3300 1886 sive
3349 1785 3403 1891 iii
3446 1853 3648 1906 corpore,
3677 1843 3740 1894 tiu

591 1879 709 1906 ζιελ..
740 1882 812 1906 ..ξι
875 1885 1014 1906 _--___'
1048 1887 1092 1906 3.,
1138 1888 1154 1906 ρ
1207 1889 1239 1906 ν·
1281 1889 1292 1906 ρ
1367 1890 1403 1906 --

590 1879 712 1936 ideo
739 1882 837 1949 ait,
867 1885 1014 1953 quasi
1042 1887 1098 1939 in
1136 1888 1455 1958 insipientia.

664 1973 826 2028 Vens.
863 1975 953 2030 20.
984 2007 1056 2016 —
1080 1976 1265 2033 Ctedit.
1294 1980 1350 2035 Id
1373 1993 1477 2048 est,
1504 1984 1724 2055 decipit.
1752 1985 1812 2040 In
1848 1986 2039 2042 faciem
2065 2003 2170 2043 cae-

599 2058 745 2118 ditur
769 2065 834 2131 is,
858 2065 911 2120 in
940 2067 1093 2138 cujus
1121 2084 1183 2124 os
1212 2070 1407 2141 injuria
1435 2073 1721 2146 irrogatur.
1755 2075 1869 2133 Hoc
1901 2077 2173 2135 faciebant

594 2155 812 2224 quidam
842 2154 1009 2213 Judaei
1043 2160 1133 2229 qui
1167 2176 1233 2217 eo
1260 2163 1402 2231 quo-1
1437 2176 1618 2221 essent
1661 2169 1728 2223 de
1756 2185 1956 2240 genere
2000 2171 2172 2227 Abra-

592 2243 718 2309 hm,
772 2246 1129 2304 detrahebant
1175 2251 1319 2318 illis,
1368 2269 1433 2308 eo
1481 2256 1621 2324 quod
1667 2269 1851 2314 essent
1879 2261 2169 2316 incircum-

593 2334 690 2389 cisi
729 2343 785 2391 et
832 2352 892 2391 se
920 2337 1296 2407 praeferebant,
1336 2343 1671 2400 nobilitatem
1699 2350 1880 2404 carnis
1916 2351 2021 2405 sibi
2045 2352 2168 2406 vin-

595 2419 837 2482 dicantes
869 2444 883 2481 ;
914 2443 1053 2499 quos
1098 2428 1364 2491 Corinthii
1414 2435 1758 2503 tolerabant,
1810 2448 1866 2494 et
1911 2439 2168 2511 Apostolo

595 2518 972 2588 praeferebant.

546 2608 549 2613 “
683 2607 843 2663 Vens.
881 2608 971 2664 22.
996 2606 1080 2653 ⁷-
1104 2609 1333 2668 Hebraei.
1380 2615 1589 2671 Hebraei
1643 2619 1897 2678 dicuntur
1943 2621 2012 2679 ab
2057 2622 2166 2678 Ile-

594 2700 724 2763 her,
775 2700 869 2770 qui
905 2700 960 2756 in
1016 2700 1333 2759 confusione
1380 2705 1684 2775 linguarum
1740 2708 1889 2764 solus
1944 2712 2168 2769 retinuit

591 2788 831 2859 linguam
871 2791 1191 2847 naturalem.
1227 2793 1296 2848 Et
1326 2795 1451 2864 quia
1483 2795 1635 2851 multi
1664 2807 1790 2853 sunt
1812 2798 2045 2867 Hebraei,
2072 2804 2166 2872 qui

595 2894 703 2935 nou
725 2889 852 2936 sunt
882 2878 1157 2948 Israelita,
1190 2883 1332 2939 sicut
1358 2885 1636 2960 proselyti,
1665 2889 1813 2944 addit
1842 2909 1854 2947 :
1904 2891 2165 2949 Israelita:

587 2979 737 3034 sunt,
767 2978 817 3024 et
850 2987 964 3041 ego.

670 3060 831 3117 Vens.
857 3060 947 3118 23.
975 3093 1045 3103 -—
1081 3061 1148 3119 Ut
1176 3067 1348 3121 minus
1385 3069 1609 3139 sapiens.
1653 3069 1873 3144 (Auum)
1919 3072 2164 3130 Ostendit

591 3165 652 3205 se
678 3160 920 3207 coactum
960 3153 1015 3207 in
1051 3153 1262 3212 laudem
1310 3173 1463 3213 suam
1490 3162 1815 3232 prorupisse.

660 3240 730 3295 In
757 3241 1041 3298 laboribus.
1065 3242 1362 3301 Occasione
1404 3248 1621 3305 inventa
1661 3252 1824 3306 etiam
1844 3268 2004 3308 veros
2037 3269 2163 3325 apo-

591 3331 762 3386 stolos
793 3332 986 3402 tangit,
1010 3334 1203 3402 quibus
1232 3335 1349 3407 plus
1374 3336 1661 3405 laboravit,
1701 3356 1768 3395 ne
1810 3342 1863 3395 in
1894 3357 1951 3398 se
1979 3343 2162 3398 videa-

589 3429 677 3475 tur
712 3420 891 3475 minor
919 3423 1111 3492 gratia.

574 3516 581 3521 '
654 3510 819 3566 Vens.
847 3510 937 3564 24.
966 3541 1037 3551 -—
1063 3512 1104 3563 Α
1140 3513 1344 3570 Judwis
1367 3519 1656 3589 quinquies.
1685 3520 1883 3577 Iudaeis
1910 3538 2027 3578 mos
2046 3533 2162 3578 erat

582 3600 644 3654 in
694 3614 963 3670 synagoga
1002 3610 1190 3657 contra
1240 3604 1411 3676 legem
1470 3617 1686 3679 agentes
1705 3610 1995 3667 verberare
2035 3628 2159 3668 cor-

544 3689 845 3765 erectionis
878 3706 1062 3747 causa.
1094 3692 1247 3749 Unde
1289 3694 1511 3751 Paulum
1557 3699 1726 3768 legem
1758 3702 2159 3773 impugnantem

585 3779 875 3849 quinquies
923 3783 1372 3850 verberaverunt,
1419 3796 1473 3841 et
1514 3788 1568 3841 in
1619 3805 1937 3861 unaquaque
1979 3808 2161 3850 corre-

584 3870 765 3927 ctione
796 3872 1017 3942 triginta
1045 3890 1235 3929 novem
1281 3876 1420 3931 ictus
1450 3878 1500 3931 ei
1545 3879 1827 3944 dederunt,
1866 3884 2160 3953 quadrage-

583 3962 781 4017 simum
810 3978 908 4034 pro
949 3965 1321 4022 misericordia
1373 3970 1759 4027 contionantes.
1804 3971 1921 4028 Una
1959 3976 2149 4030 minus.

579 4049 639 4107 In
667 4053 855 4109 ultima
875 4056 993 4112 vice
1019 4058 1251 4129 corrigia
1275 4061 1569 4116 subtracta.
1600 4062 1727 4127 Vel,
1756 4064 1809 4118 in
1839 4080 2158 4138 unaquaque

581 4148 932 4214 percussione
959 4164 1064 4203 una
1100 4152 1298 4206 minus.

656 4237 819 4296 Vsus.
850 4237 938 4296 26.
966 4268 1038 4279 --
1062 4237 1318 4295 Perieulis
1348 4242 1632 4307 latronum,
1662 4253 1767 4298 etc.
1796 4244 1940 4313 Quos
1973 4247 2157 4303 diabov

579 4333 663 4388 lus
688 4333 846 4403 (cum
890 4335 947 4389 in
993 4336 1214 4391 civitate
1256 4334 1503 4392 occidere
1546 4350 1651 4389 non
1691 4338 1893 4407 posset)
1918 4339 1968 4394 ei
2011 4342 2157 4400 exci-

578 4422 729 4478 tabat
755 4422 809 4477 in
847 4423 955 4488 via,
992 4439 1113 4479 cum
1146 4436 1325 4482 tamen
1356 4428 1490 4482 nihil
1521 4428 1705 4496 ferret,
1734 4434 1876 4502 quod
1916 4434 2152 4492 latrones

580 4521 857 4583 cuperent.
1336 4558 1342 4568 .

646 4601 812 4659 Vens.
848 4604 940 4659 27.
966 4635 1034 4646 —
1078 4606 1147 4661 In
1189 4608 1347 4677 fame.
1384 4607 1485 4664 Ubi
1531 4626 1660 4682 ergo
1686 4615 1972 4682 promissio
2012 4619 2144 4673 Dei:

585 4692 822 4753 Primum
848 4698 1067 4767 quaerite
1085 4696 1311 4770 'regnum
1338 4700 1450 4766 Dei,
1477 4712 1526 4756 et
1554 4703 1665 4759 Iura
1692 4708 1868 4761 omnia
1894 4708 2150 4777 adjicien-

572 4796 664 4840 tur
687 4787 827 4842 vobis
842 4788 867 4840 7
891 4786 1043 4859 (Luc.
1075 4790 1199 4861 xu.)
1223 4790 1329 4846 Sed
1355 4793 1503 4848 novit
1524 4798 1781 4861 medicus,
1825 4801 1910 4854 cui
1930 4816 2031 4855 nos
2055 4816 2146 4857 se-

570 4875 680 4930 mel
718 4877 1122 4945 oommisimus,
1181 4881 1296 4935 hac
1333 4884 1598 4955 adjutoria
1645 4888 1861 4956 quando
1889 4900 2142 4960 apponat,

571 4966 789 5037 quando
811 4966 1114 5024 subtrahat.

642 5053 808 5108 Vens.
837 5053 925 5108 28.
952 5085 1022 5095 -
1051 5056 1382 5116 Sollicitudo.
1425 5064 1639 5131 Quanto
1677 5065 1849 5134 major
1881 5069 2142 5135 charitas.

569 5151 720 5199 tanto
741 5141 974 5211 majores
997 5146 1165 5220 plaga:
1196 5149 1263 5206 de
1296 5154 1535 5223 peccatis
1563 5154 1774 5210 alienis.
1811 5156 1962 5213 Unde
1994 5175 2009 5212 :
2041 5161 2145 5227 Qui

566 5230 779 5301 apponit
817 5234 1106 5301 scientiam,
1129 5243 1341 5310 apponit
1379 5252 1429 5296 et
1463 5242 1718 5297 dolorem.

640 5321 800 5377 Vens.
826 5322 917 5388 29.
941 5354 1014 5367 -
1032 5327 1155 5385 Non
1183 5332 1346 5392 uror?
1390 5331 1566 5388 Urunt
1611 5349 1800 5391 omnes
1849 5337 2145 5396 tribulatio-

565 5430 683 5482 nes,
729 5416 824 5471 sed
865 5434 973 5473 non
1013 5421 1083 5475 ad
1125 5424 1590 5497 consumptiouem
1616 5466 1633 5492 ,
1678 5427 1788 5483 imo
1836 5430 1905 5483 ad
1946 5446 2141 5503 purga-

566 5508 788 5567 tionem.
818 5510 926 5566 lste
951 5512 1178 5569 alfectus
1207 5524 1404 5586 purgat
1432 5532 1448 5570 :
1478 5518 1606 5586 quia
1633 5518 1701 5575 de
1737 5521 2003 5578 charitate
2032 5538 2138 5579 ~ve—

558 5600 659 5662 nit.
704 5600 905 5658 Omnes
928 5605 1018 5674 qui
1045 5604 1356 5660 scandalum
1389 5608 1670 5678 patiuntur
1696 5610 1975 5668 frixorium
2015 5624 2141 5670 sunt

566 5692 880 5769 habentium
934 5694 1285 5764 charitatem,
1333 5698 1382 5753 id
1435 5708 1518 5759 est
1568 5700 1772 5756 ossium
1806 5718 1925 5773 qua:
1963 5703 2140 5761 ferunt

2272 1915 2438 1960 extra.
2475 1906 2726 1980 Raptum.
2756 1911 2959 1970 Contra
2995 1927 3245 1975 naturam
3275 1922 3541 1982 elevatum.

2346 2017 2518 2092 Usque
2557 2024 2627 2077 ad
2672 2028 2882 2081 tertium
2910 2028 3114 2086 caelum.
3156 2031 3214 2089 Id
3255 2042 3356 2096 est.
3387 2037 3449 2091 ad
3475 2037 3740 2107 cognitionum

2271 2112 2516 2169 Deitatis.
2551 2116 2792 2173 Primum
2836 2120 3033 2176 coelum
3082 2133 3170 2179 est
3223 2139 3465 2192 aereum;
3512 2128 3739 2190 secundum.

2271 2201 2705 2273 firmamentum;
2730 2210 2949 2265 tertium
2978 2214 3281 2284 spirituale,
3311 2218 3399 2272 ubi
3425 2218 3576 2287 angeli
3600 2228 3643 2274 et
3657 2233 3738 2273 san-

2269 2302 2369 2348 ctaa
2405 2296 2598 2352 anima:
2628 2296 2723 2355 Dei
2752 2299 3007 2357 fruuntur
3045 2307 3504 2377 contemplatione.

2341 2384 2504 2440 Vens.
2534 2386 2590 2441 4.
2618 2417 2689 2428 -—
2710 2386 2916 2460 Raptus
2936 2403 3031 2447 est.
3057 2394 3344 2466 (Tneoru.)
3363 2396 3518 2467 Ipsius
3535 2399 3631 2453 vide
3648 2413 3739 2453 sum-

2268 2490 2414 2529 mam
2462 2476 2842 2534 demissionem
2888 2490 2945 2535 et
2986 2484 3368 2553 humilitatem,
3398 2489 3626 2559 quomodo
3665 2498 3740 2542 tan-

2267 2580 2428 2634 quam
2473 2567 2540 2623 de
2576 2568 2683 2625 alio
2716 2571 2829 2626 haec
2853 2586 3173 2632 recenseat:
3207 2578 3274 2634 de
3310 2580 3409 2635 hoc
3443 2582 3581 2642 enim,
3609 2581 3737 2647 inquit.

2268 2657 2561 2727 gloriabor.
2597 2662 2671 2716 At
2703 2663 2860 2733 cujus
2890 2668 3065 2734 gratia
3097 2671 3167 2741 (si
3206 2673 3345 2729 alius
3387 2683 3552 2744 raptus
3575 2673 3740 2743 est)s|0-

2267 2749 2459 2805 riaris?
2507 2750 2692 2823 Itaque
2736 2756 2851 2812 haec
2893 2760 2960 2815 de
3010 2762 3193 2833 seipso
3231 2765 3381 2820 dicit.
3412 2766 3594 2819 Arcano
3625 2765 3735 2818 verba.

2265 2836 2663 2897 lntimationem
2710 2845 2776 2900 de
2821 2857 3029 2904 secreta
3067 2850 3165 2908 Dei
3215 2855 3479 2920 essentia,
3525 2854 3649 2924 quasi
3681 2867 3740 2921 Ρθτ

2265 2927 2450 2988 verba.

2336 3039 2498 3098 Vens.
2523 3044 2577 3098 6.
2603 3076 2674 3087 —
2692 3046 2865 3119 Supra
2964 3056 3125 3122 quod,
3155 3064 3261 3112 etc.
3290 3057 3346 3112 Si
3367 3058 3501 3113 enim
3527 3070 3673 3125 magna
3690 3068 3742 3105 re-

2189 3131 2233 3192 (ἶ
2266 3134 2465 3190 ferrem
2491 3147 2548 3192 et
2578 3139 2753 3208 plura,
2801 3142 2941 3199 forte
2980 3146 3146 3218 aliqui
3193 3160 3443 3219 putarent
3467 3165 3543 3203 me
3565 3163 3645 3202 non
3665 3158 3740 3197 esse

2266 3225 2575 3294 infirmum,
2633 3232 2727 3286 scd
2774 3233 3048 3292 hominem
3095 3239 3491 3304 immortalem,
3534 3238 3601 3293 vel
3636 3248 3742 3301 ange-

2262 3316 2393 3381 lum,
2420 3329 2561 3387 etc.;
2598 3321 2823 3394 ideoque
2847 3342 3010 3397 parce
3038 3329 3106 3384 de
3138 3347 3228 3386 me
3274 3332 3473 3400 loquor.

2337 3407 2498 3464 Vens.
2524 3411 2577 3465 7.
2599 3443 2670 3453 —
2697 3414 2767 3468 Et
2796 3433 2861 3470 ne
2897 3420 3226 3489 magnitudo.
3258 3422 3429 3478 Pareo
3460 3419 3648 3476 multum
3669 3414 3741 3484 glo-

2262 3499 2415 3567 riari,
2438 3518 2508 3557 ne
2528 3503 2669 3558 alter
2686 3515 2863 3575 puter.
2887 3506 2955 3561 Et
2973 3509 3095 3564 ideo
3123 3511 3287 3567 datus
3315 3521 3397 3567 est
3420 3509 3634 3567 stimulus
3656 3520 3744 3575 puu-

2260 3604 2394 3658 gens
2434 3606 2672 3647 carnem.
2711 3594 2875 3662 Quis?
2900 3599 3123 3668 angelus
3161 3602 3426 3674 malignus
3451 3601 3621 3656 missus
3643 3611 3665 3650 a
3682 3593 3745 3648 Sa-

2260 3685 2407 3744 tana,
2437 3689 2496 3734 ut
2521 3681 2847 3753 colaphizet,
2878 3686 2931 3741 id
2975 3696 3059 3743 est
3087 3691 3355 3761 reprimat
3383 3704 3577 3745 omnem
3604 3695 3744 3741 malum

2260 3771 2522 3839 superbiae
2549 3770 2861 3832 incutiendo
2894 3779 3296 3848 tribulationes,
3327 3784 3410 3838 vel
3456 3778 3669 3837 tentando
3690 3777 3746 3844 (ιιι

2259 3862 2475 3932 quidam
2505 3865 2675 3938 aiunt)
2703 3882 2800 3937 per
2818 3868 3116 3926 libidinem.
3136 3874 3389 3929 Tentatio
3418 3885 3579 3928 autem
3597 3869 3664 3925 cui
3679 3880 3746 3920 nou

2258 3958 2615 4023 consentitur,
2644 3975 2751 4014 non
2798 3970 2882 4017 est
2921 3972 3236 4032 peccatum,
3279 3967 3374 4022 sed
3407 3964 3608 4020 materia
3644 3972 3748 4015 excr-

2258 4047 2441 4105 cendte
2477 4048 2710 4105 virtutis.

2329 4157 2491 4214 Vens.
2536 4160 2584 4214 9.
2618 4169 2692 4205 έ-
2719 4162 2860 4218 Dixit
2905 4167 3051 4221 mihi.
3099 4168 3205 4224 Per
3250 4155 3747 4241 inspirationettl."1

2255 4264 2353 4315 De?
2392 4251 2659 4319 anselum.
2711 4254 2855 4316 Nam
2886 4259 3048 4320 virtus
3086 4262 3145 4321 in
3190 4264 3496 4337 inﬁmitate
3532 4260 3745 4335 perﬁcitur.

2255 4338 2522 4402 Perfeetio
2543 4348 2799 4405 virtutum
2824 4361 2929 4417 est,
2964 4369 3084 4424 quae
3112 4357 3282 4412 habet
3304 4357 3641 4412 inﬁrmitatem
3663 4360 3747 4401 ωτι·

2257 4436 2501 4502 trariam,
2526 4454 2649 4493 cum
2687 4457 2793 4511 qua
2838 4442 3075 4513 legitime
3109 4457 3293 4502 certet
3327 4464 3343 4501 :
3383 4458 3437 4501 et
3475 4447 3581 4501 ideo
3614 4436 3749 4512 glori?

2254 4526 2354 4581 bor
2389 4527 2443 4581 in
2473 4529 2908 4598 inﬁrmitatibus,
2938 4549 3044 4589 non
3075 4535 3302 4603 invitus,
3330 4538 3424 4593 sed
3452 4536 3620 4591 libens.

2323 4617 2484 4675 Vens.
2520 4621 2604 4675 Η.
2627 4652 2699 4662 —
2727 4620 2926 4678 Factus
2966 4642 3083 4681 sum
3135 4628 3413 4699 insipiens.
3459 4628 3514 4682 In
3541 4626 3612 4681 his
3631 4615 3749 4675 οωιῑο

2250 4709 2351 4763 bus
2377 4712 2933 4771 commendationibus
2956 4716 3146 4773 videor
3188 4719 3453 4790 insipiens
3471 4759 3485 4783 ,
3521 4714 3608 4772 sed
3624 4716 3746 4765 γαίη

2250 4799 2406 4869 culpa
2432 4801 2524 4872 qui
2553 4802 2814 4859 debuistis
2838 4820 2927 4862 me
2972 4817 3161 4864 contra
3192 4811 3401 4881 pseudo
3428 4803 3747 4895 commendatr-

2319 4888 2484 4945 Vens.
2524 4891 2610 4945 i2.
2634 4921 2707 4935 --
2737 4893 2806 4948 In
2835 4897 2977 4951 omni
3019 4900 3298 4966 patientia.
3348 4898 3641 4956 Patientiam
3678 4888 3749 4958 pri-

2248 4997 2394 5037 mam
2437 4992 2731 5050 memorat,
2756 5000 2877 5054 qua:
2908 4988 2977 5042 ad
3025 5005 3206 5045 mores
3259 4993 3530 5063 pertinet:
3556 4988 3658 5058 quia
3691 4979 3749 5034 diu

2247 5074 2368 5131 illos
2393 5078 2647 5146 portavit,
2674 5080 2831 5149 quasi
2880 5080 3224 5150 impatientes
3268 5098 3473 5153 zegros,
3499 5087 3554 5134 ut
3573 5070 3748 5130 adhibita

2246 5175 2519 5236 potestate
2570 5170 2868 5241 signorum,
2920 5173 3075 5240 quasi
3122 5174 3401 5231 medicina
3442 5177 3636 5229 curaret
3670 5158 3751 5214 νηί·

2246 5271 2380 5314 nera
2419 5273 2629 5314 eorum.
2662 5260 2733 5313 Et
2763 5262 3058 5316 virtutibus.
3093 5264 3285 5320 Virtus
3318 5273 3405 5321 est
3439 5276 3594 5334 genus
3626 5257 3750 5348 sis'f‘

2249 5363 2366 5401 rum
2413 5357 2470 5402 et
2508 5349 2896 5420 prodigiorum,
2928 5351 2981 5407 id
3022 5362 3106 5408 est
3155 5369 3327 5410 omne
3366 5350 3670 5409 miraculum.
3696 5339 3753 5394 δί·

2248 5452 2433 5509 suum.
2475 5441 2621 5509 quod
2653 5441 2705 5495 in
2748 5455 3067 5514 quocunque
3108 5453 3360 5514 tempore
3383 5443 3573 5514 aliquid
3604 5430 3751 5504 signiﬁ-

2246 5537 2336 5583 cat
2363 5569 2379 5592 ,
2420 5536 2477 5583 et
2503 5537 2588 5585 est
2614 5531 2841 5600 prodigii
2883 5547 3069 5601 genus.
3114 5532 3436 5605 Prodigium
3476 5528 3670 5603 quodin
3696 5518 3751 5573 ‘0‘

2246 5624 2387 5671 turo.
2415 5616 2511 5672 Vel
2556 5618 2768 5689 signum
2812 5629 2869 5675 et
2902 5623 3202 5694 prodigium
3244 5626 3303 5680 in
3354 5627 3440 5681 his
3471 5638 3581 5694 qna:
3619 5620 3750 5671 conm

2246 5716 2516 5775 naturam,
2565 5708 2739 5764 virtus
2785 5710 2837 5764 in
2871 5712 2956 5767 his
2985 5728 3104 5784 qum
3147 5729 3259 5769 non
3312 5726 3498 5773 contra
3544 5714 3752 5769 natura"!
