3958 6314
233 364 338 420 569

1149 369 1409 420 GLOSSA
1453 366 1845 421 UltDlNARIA.
1886 395 1955 404 —
1989 363 2202 418 EPIST.
2243 366 2333 418 AD
2371 366 2621 421 GALAT.

3390 375 3496 430 570

236 489 296 534 ut
327 494 422 550 per
444 479 841 548 impositiouem
866 493 1056 534 manus
1079 487 1134 534 et
1161 480 1459 534 orationem
1488 495 1518 533 a
1544 481 1732 534 morbo
1763 479 1823 533 li-
1851 485 1896 541 Α
1927 485 2176 532 testatem
2222 478 2538 534 habebimus
2587 497 2682 549 per
2715 497 2836 535 eum
2882 482 2934 536 in
2971 484 3123 539 vobis
3163 483 3489 552 judicandis.

233 571 366 625 bera
376 586 456 625 re.

307 662 473 716 Vens.
507 662 590 716 l4.
606 692 677 702 —
693 663 805 716 Nec
825 663 963 716 enim
989 662 1192 728 debent,
1221 672 1324 718 etc.
1349 661 1607 716 Carnales
1632 670 1816 731 patres

233 752 362 807 ﬁliis
390 737 750 824 congregant,
792 755 886 808 sed
928 755 1235 823 spirituales
1297 755 1515 824 dignum
1562 761 1645 807 est
1684 765 1742 807 ut
1781 768 1814 807 a

232 841 363 896 ﬁliis
397 851 644 912 sumptus
673 844 961 912 accipiant.
987 844 1084 898 Hic
1110 853 1290 898 autem
1319 844 1371 896 in
1393 851 1595 896 tantum
1622 844 1816 910 probat

230 947 292 986 se
317 933 461 988 nolle
485 933 761 1003 accipere,
794 943 852 987 ut
881 934 1173 1000 transferat
1201 949 1422 989 causam
1453 934 1686 988 carnalis
1722 949 1816 1002 pa-

231 1025 336 1079 tris
364 1027 432 1080 ad
458 1027 792 1095 Spiritualem
819 1041 834 1080 :
857 1036 911 1081 et
943 1027 1074 1080 dicit
1099 1043 1205 1082 non
1238 1027 1408 1082 solum
1436 1043 1492 1082 se
1521 1044 1618 1097 pro
1641 1029 1816 1083 salute

229 1130 420 1170 eorum
453 1117 779 1185 impendere,
812 1118 903 1171 sed
931 1127 986 1172 et
1017 1120 1152 1172 mori
1181 1128 1448 1188 paratum.

304 1206 469 1258 Vens.
501 1205 585 1258 15.
609 1236 678 1245 -
699 1206 769 1259 Et
792 1208 1241 1276 superimpendar,
1265 1216 1370 1262 etc.
1394 1207 1640 1261 Perfecta
1690 1210 1812 1278 qui-

231 1300 359 1353 dem
393 1301 635 1354 charitas
668 1302 782 1355 haec
806 1310 916 1364 est,
947 1311 1007 1355 ut
1029 1303 1242 1370 quidem
1274 1311 1492 1372 paratus
1537 1301 1604 1355 sit
1647 1302 1813 1355 etiam

228 1405 332 1458 pro
357 1388 614 1444 fratribus
656 1391 814 1444 mori.
861 1389 969 1444 Sed
1015 1392 1258 1460 nunquid
1300 1407 1422 1445 mox
1453 1400 1511 1443 ut
1537 1392 1815 1446 nascitur?

227 1478 366 1534 Cum
395 1481 555 1535 fuerit
585 1490 730 1544 nata,
763 1482 997 1535 nutritur
1023 1499 1036 1535 :
1062 1497 1184 1536 cum
1213 1482 1375 1536 fuerit
1400 1482 1625 1545 nutrita,
1661 1483 1816 1536 robo-

231 1583 422 1626 ratur:
446 1589 567 1626 cum
596 1571 762 1626 fuerit
788 1571 1064 1634 roborata,
1092 1571 1368 1640 perﬁcitur
1398 1589 1410 1623 :
1443 1586 1566 1625 cum
1598 1571 1666 1623 ad
1696 1586 1817 1638 per-

226 1659 522 1716 fectionem
550 1663 780 1726 venerit,
807 1662 938 1716 dicit
963 1679 975 1714 :
1014 1661 1178 1730 Cupio
1210 1659 1420 1714 dissolvi
1439 1700 1453 1724 ,
1483 1669 1530 1712 et
1559 1677 1670 1714 esse
1697 1676 1814 1713 cum

230 1751 469 1808 Christo.

1919 565 2037 631 Vel,
2063 568 2288 621 vivemus
2314 585 2430 621 cum
2452 585 2535 634 eo,
2561 570 2614 622 id
2637 580 2718 624 est
2745 571 2798 624 in
2828 571 2988 625 simili
3013 573 3340 628 beatitudine
3369 591 3491 630 cum

1917 673 1981 712 eo
2006 673 2020 710 :
2047 667 2101 712 et
2133 660 2235 713 hoc
2261 675 2326 714 ex
2357 661 2542 714 virtute
2575 661 2706 725 Dei;
2733 665 2876 731 quod
2904 663 3008 718 tale
3036 673 3122 719 est
3148 667 3204 719 in
3237 666 3374 720 vobis
3394 707 3408 731 ,
3439 667 3494 723 id

1918 758 2001 804 est
2030 750 2085 804 in
2127 751 2475 806 conscientiis
2501 754 2718 808 vestris.
2751 754 2818 808 In
2841 756 3004 810 vobis.
3036 755 3176 826 Erga
3203 771 3321 812 vos.
3351 757 3494 814 Mors

1916 842 2062 897 illata
2093 857 2124 896 a
2158 844 2377 913 perﬁdis
2399 845 2508 898 vita
2545 855 2628 900 est
2657 861 2782 916 erga
2814 850 3119 914 credentes,
3145 849 3271 919 quia
3294 850 3496 906 virtute

1915 931 2009 986 Dei
2047 943 2390 1004 resurgentes
2427 937 2608 991 vivent
2635 953 2756 992 cum
2788 939 3029 996 Christo.

1987 1021 2150 1078 Vens.
2183 1026 2234 1078 7.
2258 1056 2328 1064 —
2357 1025 2584 1080 Oramus
2613 1039 2808 1093 autem,
2840 1039 2944 1084 etc.
2981 1031 3094 1087 Hoc
3120 1042 3242 1088 orat
3263 1034 3495 1104 Aposto-

1916 1113 2018 1178 lus,
2051 1121 2110 1168 ut
2136 1115 2220 1169 his
2245 1115 2380 1170 bene
2407 1116 2690 1186 agentibus
2711 1120 2765 1172 in
2798 1120 2880 1174 eis
2904 1122 3242 1190 corripienda
3282 1139 3386 1178 non
3413 1126 3496 1178 in-

1921 1206 2120 1270 veniat,
2141 1217 2194 1260 et
2219 1207 2297 1262 sic
2324 1208 2535 1278 reprobi
2559 1219 2879 1278 appareant:
2907 1212 3114 1279 probati
3142 1214 3284 1268 enim
3307 1215 3494 1268 viden-

1920 1305 2028 1361 tur,
2062 1298 2188 1351 dum
2219 1297 2466 1367 judicant
2497 1312 2828 1370 peccatores.
2860 1302 2950 1356 Sic
2977 1317 3106 1374 ergo
3141 1305 3187 1359 si
3237 1321 3342 1360 non
3387 1290 3498 1359 sint

1917 1403 2050 1455 quos
2097 1387 2346 1456 judicet,
2398 1401 2649 1475 cessante
2697 1392 3019 1447 auctoritate
3074 1395 3228 1462 quasi
3279 1395 3497 1463 reprobi

1919 1481 2188 1535 videntur.
2217 1481 2443 1550 Reprobi
2469 1485 2654 1548 simus,
2680 1485 2733 1538 id
2763 1494 2846 1540 est
2873 1500 3231 1554 appareamus
3259 1486 3494 1554 reprobi,

1917 1589 2022 1626 non
2060 1575 2322 1629 habentes
2346 1577 2487 1644 quod
2509 1576 2843 1630 vindicemus
2867 1577 2951 1630 vel
2979 1575 3354 1645 dijudicemus.

1989 1663 2152 1718 Vens.
2203 1664 2254 1718 9.
2280 1695 2351 1704 —
2379 1663 2677 1718 Gaudemus
2723 1667 2881 1730 enim,
2923 1677 3027 1720 etc.
3057 1665 3260 1736 (l-lmn.)
3288 1663 3498 1720 Gaude-

1916 1769 2036 1808 mus
2063 1755 2107 1808 si
2161 1770 2268 1809 non
2313 1753 2384 1808 sit
2411 1769 2631 1808 necesse
2685 1763 2745 1808 ut
2784 1763 2970 1810 nostra
3010 1754 3182 1808 virtus
3209 1763 3494 1823 appareat,

301 1843 466 1899 Vens.
488 1845 573 1900 19.
599 1876 669 1884 -
693 1843 834 1900 Olim
852 1847 1065 1915 putatis.
1099 1845 1260 1910 Quasi
1284 1844 1464 1898 dicat:
1497 1843 1818 1897 Iamdudum
1847 1835 1894 1894 Β
1923 1847 2059 1900 sicut
2087 1846 2230 1907 Pctrj
2260 1846 2508 1916 apparuit
2535 1846 2588 1899 in
2617 1845 2862 1915 Saphyra
2892 1855 2947 1898 et
2971 1846 3200 1899 Anania.

228 1936 415 1990 forsan
443 1935 643 2006 putatis
689 1953 703 1988 :
737 1935 879 2003 quod
909 1951 1070 1990 causa
1098 1934 1462 1988 excusationis
1504 1932 1658 2001 quasi
1693 1947 1814 1984 reus

227 2024 432 2088 dicam,
458 2024 598 2092 quod
621 2039 724 2078 non
747 2024 986 2093 gravavi,
1017 2023 1109 2080 sed
1132 2023 1251 2078 dico
1268 2023 1430 2091 (teste
1448 2023 1554 2078 Deo
1575 2022 1666 2090 qui
1692 2019 1813 2092 scit)
1847 2044 1853 2052 -

226 2116 374 2185 quod
405 2130 510 2170 non
555 2115 885 2170 circumveni
929 2131 1053 2176 vos,
1099 2123 1152 2169 et
1193 2129 1302 2168 non
1335 2113 1597 2182 superbe,
1623 2113 1716 2166 sed
1759 2112 1814 2165 in

226 2206 447 2261 Christo
469 2205 844 2274 ampliﬁcando
875 2206 928 2259 in
959 2206 1134 2260 vobis.

307 2296 469 2349 Vsus.
502 2297 592 2350 21.
615 2327 686 2336 --
714 2297 798 2350 Ne
825 2299 1012 2350 iterum
1041 2313 1157 2350 cum
1191 2313 1396 2360 venero,
1428 2305 1535 2350 etc.
1565 2293 1810 2366 (Cuius)

226 2386 414 2442 Gloria
444 2397 524 2441 est
550 2389 763 2457 punire,
787 2388 1174 2456 improperare,
1199 2402 1388 2457 ptenas
1411 2387 1656 2456 exigere,
1679 2393 1810 2450 etc.,

241 2495 408 2548 usque
444 2479 513 2532 ad
544 2480 637 2533 sed
667 2488 887 2548 propter
916 2479 1058 2532 illius
1087 2486 1436 2548 prazceptum.

305 2569 371 2622 Et
401 2586 504 2623 non
530 2579 762 2638 egerunt.
791 2569 908 2624 Non
931 2569 1125 2624 sufﬁcit
1159 2585 1338 2624 mores
1368 2570 1421 2622 in
1452 2568 1643 2623 melius
1666 2583 1814 2623 com-

229 2666 446 2711 mutare
487 2665 541 2710 et
579 2672 609 2710 a
649 2657 807 2712 malis
855 2659 1138 2721 recedere,
1174 2658 1276 2712 nisi
1307 2658 1372 2711 de
1403 2658 1486 2711 his
1517 2672 1636 2726 qua:
1673 2655 1814 2710 facta

228 2758 383 2811 sunt,
419 2748 653 2804 satisﬁat
677 2749 905 2805 Domino
939 2766 1035 2819 per
1058 2751 1390 2820 paenitentiae
1419 2750 1655 2804 dolorem
1675 2790 1689 2812 ,
1720 2764 1815 2819 per

227 2840 556 2894 humilitatis
588 2842 866 2911 gemitum,
898 2857 994 2909 per
1017 2841 1234 2896 contriti
1256 2840 1438 2896 cordis
1459 2839 1807 2902 sacriﬁcium,

226 2935 650 3002 cooperantihus
679 2935 1052 3006 eleemosynis.

855 3076 1079 3131 CAPUT
1108 3076 1242 3129 Xlll.

1989 1935 2151 1989 Vens.
2189 1935 2273 1988 l0.
2298 1965 2368 1975 —
2390 1933 2694 1990 Secundum
2727 1943 3052 2004 potestatem.
3085 1933 3282 1987 lterum
3312 1942 3497 1988 osten-

1917 2029 1994 2084 dit
2028 2028 2172 2099 quod
2201 2043 2307 2081 non
2339 2027 2488 2095 cupit
2518 2035 2787 2095 potestate
2815 2026 2867 2080 in
2905 2025 3013 2080 illis
3045 2024 3214 2088 abuti,
3241 2023 3500 2092 adjiciens

1915 2135 2020 2174 non
2064 2120 2117 2172 in
2157 2117 2581 2173 destructionem
2621 2117 2715 2170 sed
2746 2116 2802 2170 in
2829 2115 3237 2169 aediﬁcationem
3284 2129 3344 2169 se
3379 2130 3499 2168 eam

1915 2209 2207 2276 accepisse,
2241 2208 2381 2261 unde
2420 2205 2639 2262 subdit:
2671 2205 2795 2260 Non
2824 2207 2882 2259 in
2911 2205 3335 2259 destructionem.
3380 2204 3501 2258 Non

1915 2299 2266 2353 destruuntur
2285 2307 2466 2352 autem
2486 2297 2578 2368 qui
2606 2295 2970 2367 corriguntur,
3000 2295 3095 2350 sed
3117 2294 3347 2350 correcti
3368 2295 3498 2349 ίεάἰ-

1918 2387 2173 2443 ﬁcantur.

1990 2474 2149 2529 Vens.
2182 2475 2642 2542 ll.—Gaudete,
2685 2478 2897 2545 fratres.
2946 2477 3001 2530 ld
3049 2485 3134 2531 est
3184 2477 3320 2531 bene
3367 2491 3499 2546 ope-

1916 2567 2112 2620 ramini
2185 2577 2244 2620 ut
2300 2583 2489 2622 verum
2555 2569 2806 2639 gaudium
2868 2570 3068 2624 habere
3121 2570 3357 2638 possitis.
3428 2569 3497 2622 Et

1916 2655 2058 2709 Deus
2104 2658 2248 2724 pacis
2295 2659 2390 2711 erit
2437 2657 2714 2712 vobiscum.
2781 2658 2916 2713 Hinc
2975 2659 3128 2713 vobis
3174 2659 3278 2712 erit
3323 2675 3427 2728 pax
3467 2676 3498 2713 a

1917 2747 2204 2802 dilectione
2251 2748 2424 2812 illius,
2479 2749 2604 2804 hinc
2653 2748 2914 2804 malorum
2964 2750 3203 2804 omnium
3244 2750 3495 2804 sublatio.

1915 2839 2021 2893 Ista
2060 2853 2164 2908 pax
2193 2839 2378 2893 orbem
2408 2840 2677 2904 servavit,
2709 2839 3019 2893 diuturnum
3068 2839 3266 2893 bellum
3308 2839 3501 2904 solvit,

1918 2932 2057 2986 caelo
2088 2941 2288 2985 terram
2322 2930 2601 2998 conjunxit
2626 2971 2639 2992 ,
2673 2931 2772 2984 ista
2807 2931 3054 2985 homines
3088 2930 3310 3000 angelos
3348 2929 3500 2984 fecit.

1918 3019 2078 3074 Istam
2110 3036 2208 3090 ego
2244 3020 2511 3074 imitetur.
2541 3019 3016 3074 lnnumerabilium
3052 3019 3193 3072 enim
3235 3019 3502 3073 bonorum

1918 3117 2091 3161 mater
2140 3117 2224 3162 est
2268 3108 2515 3172 dilectio,
2563 3123 2659 3177 per
2706 3109 2865 3161 istam
2917 3107 3105 3160 salvati
3137 3122 3362 3171 sumus,
3406 3122 3503 3176 per

303 3207 470 3262 Vens.
500 3208 554 3261 2.
573 3238 643 3247 _
667 3207 790 3262 Νοη
817 3226 1051 3278 parcam,
1088 3209 1215 3262 Ροει
1243 3216 1322 3262 ιοι
1347 3207 1729 3269 cal-rectiones,
1765 3207 1812 3260 si
1841 3189 1886 3249 C
1921 3198 2078 3252 istam
2119 3197 2412 3251 ineffabilia
2446 3199 2587 3251 bona
2618 3199 2797 3250 omnia
2827 3197 3183 3264 assequimur.

221 3299 321 3368 qui
363 3313 422 3352 se
453 3314 559 3351 non
589 3300 897 3363 emendant,
933 3315 1037 3353 non
1067 3301 1225 3353 debet
1253 3299 1332 3352 eis
1357 3298 1530 3366 parci.

299 3391 462 3444 Vens.
517 3390 571 3443 5.
616 3421 676 3431 --
703 3398 784 3444 An
818 3394 1246 3461 experimentum.
1298 3390 1460 3443 Moris
1506 3396 1590 3443 est
1617 3387 1812 3442 divina:

225 3479 524 3547 Scriptura:
561 3496 803 3549 persona:
832 3481 925 3535 Dei
960 3481 1199 3534 tribucre
1250 3479 1392 3550 quod
1443 3479 1496 3532 in
1545 3478 1698 3531 nobis
1725 3478 1803 3530 fa-

226 3573 342 3635 cit,
375 3573 516 3626 sicut
563 3573 855 3640 Apostolus
907 3575 1232 3627 locutioncm
1283 3573 1454 3642 ipsam
1504 3571 1578 3624 illi
1630 3571 1817 3624 tribuit

227 3662 381 3730 cujus
404 3677 622 3716 munere
645 3663 980 3732 loquebatur,
1008 3665 1164 3717 idest
1191 3662 1426 3716 Christo.
1459 3661 1560 3727 Qui
1593 3661 1646 3713 in
1673 3661 1812 3714 vobis

228 3771 336 3806 non
361 3755 680 3822 inﬁrmatur,
713 3758 803 3810 sed
837 3767 1027 3825 potens
1061 3756 1312 3826 apparuit
1333 3771 1455 3809 cum
1485 3755 1622 3807 dona
1643 3753 1810 3807 dedit.

228 3846 381 3910 Quod
408 3848 635 3915 experti,
670 3864 775 3900 non
799 3849 1046 3901 dubitent
1071 3863 1128 3901 se
1159 3849 1224 3901 ab
1254 3862 1319 3900 eo
1347 3861 1506 3914 posse
1537 3844 1738 3912 puniri.

302 3935 462 3990 Vsus.
489 3936 546 3988 4.
574 3968 643 3976 -
666 3937 805 3989 Nam
836 3949 884 3990 et
911 3955 1002 3992 nos
1029 3937 1248 4005 inﬁrmi.
1282 3937 1425 3992 V'ivit
1449 3936 1696 3990 Christus
1722 3934 1812 4002 qui

226 4026 382 4094 prius
407 4026 580 4080 fuerat
609 4027 872 4082 inﬁrmus.
899 4027 1041 4080 Nam
1072 4037 1118 4080 et
1150 4043 1242 4080 nos
1267 4029 1434 4080 multo
1455 4026 1716 4088 minores,
1749 4024 1813 4076 li-

217 4117 319 4170 ‘cet
345 4115 539 4183 inﬁrmi
580 4117 780 4180 inillo,
827 4118 879 4172 id
926 4127 1009 4171 est
1039 4118 1164 4172 licet
1205 4118 1272 4171 ad
1316 4117 1668 4170 imitationem
1697 4113 1812 4182 ejus

228 4207 401 4261 multa
431 4209 665 4277 patimur
692 4224 722 4261 a
751 4209 1001 4277 perfidis,
1029 4219 1202 4261 tamen
1234 4209 1492 4270 vivemus,
1527 4205 1578 4259 id
1603 4213 1686 4259 est
1712 4219 1811 4273 po-

1985 3289 2147 3344 Vans.
2190 3289 2274 3342 15.
2301 3320 2373 3328 -
2398 3286 2604 3342 Gratia.
2643 3288 2835 3342 Totam
2866 3289 3182 3341 Trinitatem
3223 3295 3375 3356 optat
3403 3288 3500 3342 be-

1916 3381 2168 3436 nedicere
2208 3395 2323 3435 eos.
2355 3379 2463 3434 Sua
2497 3379 2684 3433 tribuit
2710 3394 2949 3448 congrua
2978 3379 3190 3447 cuique.
3218 3379 3460 3433 Gratiam
3483 3418 3500 3442 ,

1917 3471 1970 3525 id
2001 3479 2084 3525 est
2113 3470 2486 3524 remissionem
2528 3469 2693 3533 Filio,
2746 3470 3068 3524 charitatem
3111 3468 3256 3523 Patri
3303 3469 3395 3540 qui
3433 3484 3502 3522 ex

1917 3561 2202 3616 dilectione
2234 3560 2381 3614 misit
2414 3559 2633 3620 Filium.
2673 3559 3213 3615 communicationem
3242 3558 3490 3628 Spiritui,

1915 3668 2013 3722 per
2042 3667 2201 3721 quem
2228 3650 2287 3703 ﬁt
2313 3650 2460 3703 unio.
2489 3649 2556 3702 Et
2582 3651 2812 3703 charitas
2836 3649 2952 3702 Dei.
2987 3647 3210 3703 Dileclio
3233 3648 3325 3702 Dei
3355 3647 3502 3701 misit

1917 3743 2213 3807 Christum,
2238 3743 2392 3811 cujus
2421 3741 2590 3810 gratia
2612 3741 2804 3795 salvat.
2823 3741 2889 3794 Et
2903 3749 2961 3795 ut
2975 3740 3345 3809 possideamus
3360 3739 3500 3793 hanc

1915 3841 2143 3909 gratiam
2176 3839 2386 3902 salutis,
2417 3835 2837 3891 communicatio
2868 3833 2993 3888 facti
3027 3832 3261 3900 Spiritus
3291 3830 3494 3893 sancti,

1915 3928 1996 3982 vel
2032 3929 2146 3996 ipse
2175 3927 2412 3994 Spiritus
2441 3926 2511 3978 ita
2541 3925 2614 3979 sit
2637 3926 2914 3977 vobiscum
2933 3963 2947 3986 ,
2972 3931 3030 3975 ut
3055 3920 3415 3976 communicet
3444 3929 3500 3972 et

1917 4019 2160 4074 conferat
2190 4016 2343 4070 vobis
2372 4025 2428 4068 et
2457 4015 2686 4084 gratiam
2721 4012 2920 4066 Christi
2949 4020 3005 4064 et
3028 4010 3346 4064 charitatem
3379 4008 3495 4061 Dei.

1919 4109 2080 4175 Quasi
2109 4127 2120 4160 :
2152 4108 2285 4160 Tota
2315 4107 2387 4159 sit
2413 4105 2690 4158 vobiscum
2722 4103 2980 4164 Trinitas,
3007 4103 3141 4155 dans
3175 4101 3404 4170 gratiam
3429 4099 3498 4153 de

1919 4200 2225 4256 commissis
2253 4206 2307 4252 et
2335 4197 2657 4251 charitatem
2693 4208 2789 4262 per
2814 4192 3098 4262 Spiritum.

231 4330 3487 4367 ___________________________________________

1213 4449 1710 4528 EPISTOLA
1768 4447 1900 4522 AD
1957 4441 2442 4520 GALATAS.

765 4691 1280 4752 ARGUMENTUM.

1928 4685 2029 4740 null
2065 4699 2162 4753 per
2189 4683 2435 4753 spiritum
2479 4681 2661 4738 docuit
2687 4699 2700 4734 :
2731 4689 2792 4734 ut
2822 4695 2919 4750 per
2955 4679 3057 4734 hoc
3086 4680 3157 4734 sit
3185 4679 3374 4748 major,
3402 4694 3498 4749 per

302 4812 509 4868 Galatae
549 4819 676 4866 sunt
712 4809 904 4864 Graeci.
938 4807 1002 4862 Hi
1030 4807 1252 4860 verbum
1295 4803 1542 4858 veritatis
1581 4802 1811 4872 primum

227 4907 301 4960 ab
335 4904 590 4975 Apostolo
636 4909 976 4970 acceperunt.
1035 4898 1140 4953 Sed
1185 4905 1306 4968 post
1351 4897 1647 4950 discessum
1696 4893 1812 4962 ejus

229 4997 427 5053 tentati
456 5003 580 5050 sunt
611 5012 640 5048 a
671 4994 819 5048 falsis
844 4992 1123 5062 apostolis,
1149 4999 1207 5043 ut
1238 4989 1288 5042 in
1314 4988 1480 5058 legem
1505 4997 1556 5042 ct
1581 4987 1810 5040 circum-

229 5090 493 5144 cisionem
544 5094 903 5142 verterentur.
965 5081 1074 5136 llos
1119 5081 1407 5150 Apostolus
1469 5089 1689 5132 revocat
1742 5077 1808 5130 ad

228 5180 394 5236 fidem
420 5177 686 5242 veritatis,
713 5177 956 5233 scribens
988 5174 1066 5229 eis
1101 5175 1168 5227 ah
1198 5173 1430 5241 Epheso.

751 5308 978 5366 CAPUT
1016 5305 1304 5361 PRIMUM.

307 5408 473 5461 Vsus.
505 5407 554 5459 1.
578 5434 649 5444 --
671 5403 906 5472 Paulus,
935 5400 1221 5472 apostolus.
1254 5397 1482 5452 Nomine
1513 5394 1671 5452 oflicii
1707 5403 1815 5450 ter-

230 5512 415 5552 rorem
443 5496 654 5550 incutit.
688 5491 811 5547 Non
841 5494 904 5547 ab
930 5492 1244 5545 hominibus.
1277 5487 1515 5544 Subaudi
1539 5485 1816 5570 apostolis,

231 5599 296 5644 ut
322 5588 542 5657 quidam
580 5587 737 5641 electi
771 5593 827 5640 et
863 5583 1013 5639 missi
1050 5599 1080 5636 a
1123 5582 1322 5637 Judzeis
1362 5576 1813 5650 pseudoapostoli.

236 5679 424 5749 Neque
447 5695 538 5746 per
561 5679 840 5732 hominem.
875 5674 980 5728 Sed
1009 5688 1102 5744 per
1128 5672 1307 5727 lesum
1332 5672 1445 5742 jam
1473 5670 1812 5726 suscitatam.

234 5769 342 5836 Qui
371 5783 478 5825 non
517 5777 576 5824 ut
619 5769 780 5824 homo
810 5765 1057 5820 homines
1084 5763 1371 5835 paulatim,
1405 5763 1497 5818 sed
1538 5768 1708 5816 totum
1745 5760 1815 5814 si-

1919 4778 2061 4850 quod
2091 4777 2376 4832 videbatur
2424 4776 2618 4832 minor.
2650 4773 2844 4830 Caeleri
2891 4773 3035 4827 enim
3077 4770 3302 4840 apostoli
3352 4771 3498 4826 video

1917 4870 2110 4924 bantur
2151 4883 2272 4924 esse
2315 4868 2587 4937 majores:
2617 4866 2741 4936 quia
2791 4865 3020 4935 priores.
3066 4862 3171 4916 lste
3211 4861 3496 4926 minimus,

1917 4963 2040 5033 quia
2094 4962 2436 5017 novissimus.
2491 4959 2597 5014 Sed
2641 4959 2765 5012 inde
2819 4964 3040 5026 apparet
3085 4955 3334 5024 dignior:
3366 4955 3493 5023 quia

1917 5055 2128 5123 priores
2159 5052 2436 5107 constituti
2468 5060 2593 5104 sunt
2629 5064 2724 5118 per
2745 5047 3018 5101 Christum
3048 5045 3224 5099 adhuc
3251 5059 3316 5098 ex
3345 5053 3498 5114 parte

1919 5145 2214 5208 hominem,
2242 5144 2293 5198 id
2323 5151 2407 5197 est
2435 5140 2739 5195 mortalem.
2781 5136 3114 5192 Novissimus
3139 5150 3270 5189 vero
3299 5133 3498 5190 Paulus

1919 5251 2016 5304 per
2041 5233 2316 5289 Christum
2336 5231 2448 5300 jam
2475 5238 2644 5286 totum
2673 5229 2864 5292 Deum,
2894 5227 2946 5281 id
2974 5235 3058 5280 est
3084 5241 3150 5280 ex
3177 5226 3322 5280 omni
3343 5233 3499 5296 parte

1921 5324 2301 5380 immortalem.

1993 5441 2156 5494 Vens.
2180 5438 2232 5490 2.
2249 5435 2440 5502 —Qui
2461 5449 2683 5488 mecum.
2707 5432 2956 5486 Dolentes
2986 5428 3182 5483 fratres
3203 5424 3498 5482 Christiani

1920 5539 2047 5586 sunt
2075 5531 2140 5584 de
2167 5537 2347 5583 vestra
2379 5526 2706 5589 seductione,
2746 5531 2911 5578 testes
2932 5518 3176 5575 veritatis
3203 5532 3356 5580 mete,
3378 5515 3502 5584 qui-

1921 5624 2020 5677 bus
2046 5635 2143 5675 vos
2165 5628 2383 5690 oportet
2416 5617 2656 5682 credere,
2684 5625 2739 5670 ct
2777 5631 2882 5669 non
2910 5626 3140 5683 paucos,
3166 5608 3257 5662 sed
3284 5620 3494 5670 omnes,

1992 5736 2153 5794 Vens.
2184 5734 2235 5787 ὖ.
2260 5764 2330 5774 —-
2357 5732 2419 5787 Et
2466 5731 2690 5785 Domino
2724 5728 2851 5784 Iesu
2887 5727 3109 5781 Christo.
3144 5721 3313 5789 Quem
3352 5717 3496 5786 iniu.-
