3958 6314
413 353 511 410 Sil
568 424 571 427 λ

912 347 1301 408 WALAFRIDI
1336 341 1583 399 STRABI
1622 341 1824 397 FULD.
1866 338 2029 395 ΜΟΝ.
2068 337 2218 427 OPP.
2257 320 2436 393 PARS
2473 339 2511 392 l.
2548 368 2617 378 —
2656 338 3113 395 THEOLOGICA.

3581 335 3704 397 δτι

409 464 557 521 riose
581 461 810 533 mquatis
840 460 967 531 legi.
996 460 1124 516 dum
1151 458 1326 527 ipsum
1362 470 1469 510 non
1495 453 1612 509 sine
1636 453 1756 524 lege
1793 452 1861 507 ad
1899 466 1988 506 sa-
2020 456 2069 514 Α
2096 457 2242 505 runt.
2274 450 2586 503 Anatliema.
2612 449 2725 505 Hoc
2747 451 2973 505 verbum
2996 465 3099 521 pro
3125 450 3415 508 maledicto
3440 453 3701 522 ponitur,

410 557 579 612 lutem
602 552 846 610 sufﬁcere
872 552 1117 608 asseritis
1141 569 1155 604 :
1181 550 1323 605 sicut
1347 548 1521 618 legem
1546 546 1665 603 sine
1686 561 1754 602 eo
1777 565 1791 601 :
1816 546 1911 601 sed
1932 544 1999 599 ab

412 647 531 719 ipso
558 646 674 701 sine
697 645 813 715 lege
842 643 1014 715 gratia
1040 652 1126 699 est
1152 651 1205 696 et
1230 655 1357 711 pax.

486 754 653 811 Vsus.
678 754 732 807 4.
752 783 825 794 —
847 751 952 819 Qui
979 754 1143 807 dedit.
1171 751 1227 806 Id
1255 759 1356 815 est,
1396 757 1588 821 sponte
1616 748 1811 804 obtulit
1835 765 1847 802 :
1874 748 2003 817 quia

416 860 524 901 non
554 853 638 900 est
664 843 803 897 alius
838 844 928 913 qui
960 843 1134 912 potuit
1162 842 1376 912 aperire
1408 841 1603 895 librum
1623 880 1638 905 ,
1666 839 1768 893 nisi
1812 839 1897 893 leo
1935 838 2003 893 de

414 934 556 989 tribu
581 931 739 987 Juda.
770 931 1140 1001 Semelipsum.
1190 930 1326 998 Quia
1372 945 1477 984 non
1520 938 1639 983 erat
1680 928 1855 983 hostia
1897 927 2003 981 alia

417 1025 573 1095 digna
599 1038 697 1093 pro
722 1022 959 1093 peccatis
988 1022 1190 1075 nostris
1219 1016 1479 1095 delendis,
1516 1018 1656 1088 quod
1679 1026 1761 1073 est
1790 1017 2002 1072 initium

413 1092 750 1170 saivationis.
767 1111 938 1180 Quem
960 1126 1091 1181 ergo
1114 1092 1479 1164 locum/liabet
1508 1107 1593 1162 lex
1611 1107 1634 1160 ἲ
1655 1105 1852 1172 Quasi:
1878 1104 2005 1159 Nul-

415 1205 528 1261 lum
552 1205 785 1275 penitus.
806 1198 882 1256 De
900 1201 1112 1257 swculo.
1140 1202 1197 1257 ld
1211 1207 1294 1255 est
1315 1200 1381 1257 de
1402 1197 1778 1254 conformitate
1798 1197 2002 1263 mundi,

418 1296 511 1367 qui
542 1310 641 1351 nos
672 1294 864 1349 allicit.

491 1385 752 1441 Praesenti
801 1382 996 1439 saeculo
1040 1399 1282 1453 nequam.
1325 1383 1498 1438 Tanto
1522 1382 1642 1453 plus
1671 1381 1847 1450 capit,
1882 1396 2005 1435 cum

419 1486 621 1534 aeterna
644 1491 752 1531 non
775 1474 1080 1529 videantur.
1110 1473 1318 1529 Saxula
1346 1489 1588 1544 nequam.
1613 1472 1727 1527 Hoc
1748 1472 1875 1526 dicit
1898 1487 2007 1527 non

421 1566 566 1636 quod
598 1566 829 1620 mundus
854 1565 956 1620 iste
984 1572 1201 1619 creatus
1226 1580 1257 1618 a
1284 1563 1396 1618 Deo
1424 1564 1495 1618 sit
1521 1563 1724 1628 malus,
1757 1562 1850 1616 sed
1884 1562 2008 1632 quia

421 1657 479 1712 in
516 1672 581 1713 eo
620 1656 756 1711 ﬁunt
803 1656 964 1710 mala.
1009 1655 1077 1709 Et
1120 1655 1222 1709 hoc
1266 1670 1427 1710 sensu
1459 1655 1694 1708 dicitur:
1725 1653 1849 1708 Dies
1881 1650 2010 1706 mali

422 1758 564 1802 sunt.
592 1745 825 1800 Mundus
844 1746 899 1798 in
920 1744 1148 1815 maligno
1171 1745 1392 1814 positus.
1420 1743 1677 1814 Tempora
1694 1742 2007 1813 periculosa.

368 1854 373 1857 ‘
425 1834 646 1900 Saltus,
694 1835 784 1904 qui
821 1834 964 1903 pleni
1013 1844 1140 1889 sunt
1182 1834 1517 1899 latronibus,
1553 1842 1608 1887 et
1637 1832 1870 1903 gladius,
1904 1845 2012 1900 quo

423 1939 589 1982 cruor
614 1923 925 1991 effunditur,
956 1934 1011 1981 et
1043 1925 1219 1992 calix,
1253 1928 1305 1982 in
1346 1942 1454 1999 quo
1493 1943 1759 1983 venenum
1806 1936 2013 1996 tempe-

423 2024 600 2081 ratur,
626 2015 766 2069 mala
790 2016 1046 2071 dicuntur
1069 2034 1083 2071 :
1110 2017 1237 2088 quia
1280 2033 1384 2072 non
1412 2018 1586 2073 solum
1617 2026 1856 2086 tempora
1875 2057 1890 2082 ,
1923 2016 2017 2072 sed

424 2106 589 2161 etiam
621 2105 738 2160 loca
769 2114 825 2160 et
853 2105 1213 2161 instrumenta
1258 2107 1526 2163 malorum
1557 2116 1839 2163 traxerunt
1880 2106 2015 2162 infa-

427 2194 599 2250 miam
628 2209 748 2263 qua:
778 2195 831 2248 in
857 2195 937 2250 eis
966 2194 1126 2250 ﬁunt.

498 2302 664 2358 Vsus.
693 2302 746 2357 5.
772 2333 844 2364 —_-
866 2304 965 2359 Cui
1012 2315 1088 2359 est
1130 2306 1318 2376 gloria.
1363 2306 1529 2374 Quasi
1555 2324 1568 2360 :
1593 2305 1718 2361 Haec
1754 2314 2020 2363 testantur

426 2401 726 2465 praesentes
752 2393 878 2448 boni
898 2434 913 2459 ,
946 2403 1000 2449 et
1028 2393 1193 2449 futuri
1225 2399 1585 2452 testabantur.
1617 2397 1676 2451 In
1706 2397 1810 2452 hac
1848 2397 2020 2452 salva—

428 2486 568 2540 tioue
611 2483 915 2552 praelibavit
959 2493 1015 2540 et
1064 2488 1592 2542 commendationem
1630 2487 1752 2555 sui,
1797 2496 1852 2544 et
1891 2488 2040 2560 quid.

427 2575 603 2645 possit
629 2575 805 2646 gratia
841 2575 958 2642 Dei,
988 2584 1043 2633 et
1062 2578 1207 2647 quod
1232 2579 1318 2633 lex
1348 2578 1483 2634 nihil
1513 2577 1745 2635 confert.

503 2683 669 2741 Vsus.
718 2686 1077 2743 6.—Miror.
1128 2690 1204 2746 De
1243 2691 1610 2747 destructione
1657 2692 1787 2763 legis
1832 2706 2023 2748 conse-

432 2786 664 2846 quenter
686 2779 796 2849 agit
823 2777 1129 2849 Apostolus.
1160 2781 1227 2835 Et
1252 2782 1318 2837 de
1353 2782 1572 2837 levitate
1601 2798 1695 2838 eos
1733 2784 2024 2852 reprehen-

433 2868 532 2934 dit,
563 2870 705 2938 quod
735 2870 802 2924 ab
828 2871 1121 2941 Evangelia
1153 2873 1449 2931 indiscrete
1478 2876 1812 2931 transierunt
1841 2877 1909 2931 ad
1937 2877 2020 2931 le-

434 2972 577 3028 gem.
611 2959 680 3013 Et
707 2961 831 3029 quia
861 2960 1082 3029 Galata,
1115 2964 1390 3019 translatio
1432 2965 1649 3032 dicitur,
1681 2981 1918 3038 congrue
1954 2983 2023 3023 ex

436 3047 556 3118 ipso
600 3051 819 3105 nomine
866 3054 1305 3122 reprehensionis
1350 3056 1692 3112 occasionem
1742 3059 1922 3113 sumit.
1955 3060 2024 3115 Et

584 3141 1147 3248 hare-praedictabona
1177 3156 1396 3248 sunt-ex
1423 3148 1659 3248 Christo,
1688 3150 1857 3205 miror
1879 3152 2022 3221 quod
2049 3146 2095 3209 C
2127 3141 2284 3232 nam;
2308 3174 2524 3248 (Malm.
2557 3174 2630 3246 ν),

436 3230 575 3286 bene
624 3232 874 3288 instructi
912 3235 1099 3303 prius,
1151 3237 1260 3301 sic,
1305 3246 1413 3292 tam
1441 3240 1790 3295 vehementer
1818 3249 1872 3296 et
1910 3250 2019 3296 tam

437 3319 590 3375 brevi
626 3330 887 3392 tempore,
921 3323 1331 3393 transferimini,
1361 3339 1466 3385 etc.

508 3416 674 3473 Vsus.
700 3420 753 3475 8.
777 3451 849 3461 --
869 3419 976 3476 Sed
1006 3422 1124 3477 licet
1157 3441 1283 3492 nos,
1315 3436 1423 3481 etc.
1456 3429 1637 3484 Bonus
1667 3431 1889 3501 angelus
1932 3446 2026 3501 po-

439 3516 548 3563 test
582 3509 830 3592 intelligi,
864 3527 972 3565 non
1002 3513 1145 3581 quod
1172 3514 1274 3570 hoc
1295 3517 1595 3587 conlingat,
1621 3519 1716 3573 sed
1746 3520 1881 3574 adeo
1906 3536 2027 3576 cer-

440 3609 532 3655 tus
579 3609 663 3655 est
712 3602 780 3656 de
829 3603 1061 3657 veritate
1101 3605 1381 3676 Evangelii
1430 3608 1548 3674 sui,
1596 3610 1740 3679 quod
1782 3610 1828 3664 si
1864 3612 2027 3667 etiam

445 3691 670 3762 angelus
695 3692 843 3747 aliud
871 3695 1166 3762 nuntiaret,
1195 3712 1302 3752 non
1333 3699 1615 3769 crederet,
1661 3703 1756 3758 sed
1801 3706 2028 3759 anathe-

445 3786 752 3841 matizaret.

520 3893 882 3968 Praeterquam
913 3899 1073 3966 quod.
1128 3899 1309 3975 (Αυθ.)
1337 3902 1589 3960 Attende.
1624 3904 1741 3961 Non
1763 3906 1879 3960 ait:
1906 3905 2033 3963 Plus

445 4003 609 4059 quam
642 3991 947 4062 accepistis.
978 3991 1109 4048 Nam
1138 3994 1183 4049 si
1212 3994 1343 4051 illud
1370 3996 1602 4063 diceret,
1635 3998 1736 4054 sibi
1766 3999 1866 4068 ipsi
1896 4015 2035 4070 prae-

438 4078 742 4149 judicaret,
773 4085 866 4155 qui
895 4085 1149 4155 cupiebat
1174 4089 1364 4144 venire
1405 4089 1474 4144 ad
1508 4090 1803 4161 quosdam,
1837 4093 2034 4163 quibus

447 4173 563 4242 ipse
606 4175 920 4232 scribebat:
953 4178 1094 4232 sicut
1127 4180 1196 4234 ad
1224 4178 1766 4247 Thessalonicenses,
1805 4192 1865 4238 ut
1901 4198 2031 4253 sup-

446 4263 621 4334 pleret
663 4281 784 4336 quae
823 4264 1041 4323 illorum
1085 4267 1211 4324 ﬁdei
1241 4269 1487 4326 deerant.
1515 4269 1622 4326 Sed
1649 4272 1743 4341 qui
1786 4273 2029 4344 supplet.

450 4355 592 4422 quod
622 4355 799 4410 minus
830 4364 950 4410 erat
981 4357 1164 4422 addit;
1194 4373 1301 4412 non
1340 4359 1483 4427 quod
1516 4359 1723 4425 inerat,
1752 4361 1907 4416 tollit.
1933 4363 2034 4430 Qui

450 4453 632 4499 autem
662 4447 1102 4516 praetergreditur
1133 4447 1258 4501 ﬁdei
1288 4447 1558 4517 regulam,
1607 4464 1712 4504 non
1736 4451 1948 4506 accedit
1977 4451 2031 4506 in

449 4536 561 4602 via,
584 4537 677 4592 sed
699 4537 903 4592 recedit
926 4552 957 4591 a
985 4538 1090 4591 via.
1109 4537 1400 4591 Anathema
1425 4538 1512 4592 sit.
1536 4537 1715 4605 Quare
1735 4541 1872 4596 hoc?
1898 4540 2037 4608 Quia

451 4628 598 4683 aliud
653 4626 1068 4697 evangelizans,
1125 4626 1192 4683 de
1220 4628 1433 4696 privato
1466 4628 1576 4683 vult
1606 4628 1803 4695 fluere,
1835 4646 1941 4686 non
1972 4632 2038 4687 de

452 4717 737 4775 medio.Et
764 4733 885 4771 cum
917 4718 1021 4772 hoc
1048 4718 1209 4773 homo
1246 4718 1449 4773 carnali
1474 4719 1666 4773 nebula
1691 4720 2033 4789 praepeditus,

453 4820 511 4867 et
542 4826 569 4863 a
595 4808 741 4865 fonte
769 4811 1041 4867 communi
1070 4811 1136 4865 ad
1164 4812 1436 4883 propriam
1467 4827 1617 4866 suam
1644 4811 1928 4867 falsitatem
1956 4825 2041 4866 re-

455 4903 652 4962 ductus
678 4903 847 4973 possit
896 4901 1105 4967 facere,
1148 4902 1389 4973 nunquid
1418 4912 1473 4957 et
1528 4903 1785 4974 angelus?
1824 4904 1963 4959 Vere
1991 4903 2039 4958 si

455 4995 682 5065 angelus
711 4992 779 5049 de
811 4993 1027 5065 preprio
1057 4994 1230 5049 fluens
1254 4994 1307 5048 in
1340 4995 1590 5064 paradiso
1624 5009 1728 5048 non
1771 5001 1916 5047 esset
1945 5008 2042 5046 au-

456 5088 634 5152 ditus,
664 5103 772 5143 non
819 5088 1284 5157 praecipitaremur
1315 5086 1368 5140 in
1395 5093 1645 5140 mortem.
1689 5083 1861 5138 Media
1900 5099 2039 5154 aqua

454 5181 631 5251 posita
660 5188 781 5233 erat
815 5179 1066 5233 omnibus
1099 5185 1427 5247 praeceptum
1452 5176 1568 5230 Dei.
1593 5177 1742 5244 Aqua
1773 5175 2036 5244 quodam—

456 5272 617 5326 modo
645 5270 856 5341 publica
903 5279 1049 5334 erat,
1084 5279 1140 5324 et
1167 5270 1283 5323 sine
1321 5267 1543 5332 fraude,
1583 5266 1699 5320 sine
1729 5264 1879 5331 lube,
1924 5264 2041 5319 sine

456 5374 615 5416 emno
645 5359 864 5414 ﬂuebat.
899 5358 1006 5413 Sed
1031 5358 1177 5412 venit
1203 5357 1425 5427 angelus
1450 5356 1518 5411 de
1550 5356 1687 5410 coelo
1721 5355 1899 5424 lapsus
1929 5371 2043 5409 ser-

457 5466 592 5523 pens
627 5449 832 5517 factus,
866 5450 991 5520 quia
1028 5449 1285 5504 insidiose
1317 5446 1431 5518 jam
1473 5462 1741 5502 venenum
1789 5462 2043 5518 spargere

458 5544 730 5615 cupiebat,
756 5551 811 5599 et
836 5541 1015 5598 emisit
1046 5556 1332 5596 venenum.
1363 5540 1438 5595 De
1467 5540 1686 5612 praprio
1706 5538 1916 5596 locutus
1937 5546 2040 5605 est,

461 5636 527 5691 de
554 5654 650 5693 suo
678 5656 691 5692 :
725 5636 962 5699 Gustata,
1009 5646 1055 5689 et
1101 5634 1247 5690 eritis
1289 5633 1424 5689 sicut
1456 5634 1531 5687 dii
1558 5631 1709 5702 (Gen.
1741 5632 1845 5704 In).
1872 5633 1937 5686 Et
1966 5631 2039 5688 illi

463 5737 782 5799 appetentes
806 5727 946 5799 quod
981 5745 1084 5785 non
1116 5735 1293 5795 erant,
1324 5725 1622 5782 amiserunt
1653 5724 1796 5796 quod
1820 5738 2039 5795 accepe-

2103 547 2160 594 et
2191 539 2350 609 vulgo
2375 538 2571 592 dicitur
2599 538 2832 593 devotio.
2868 538 3002 594 Nam
3041 539 3296 595 devolare
3323 555 3384 596 se
3416 556 3708 611 quemque

2103 644 2263 686 nemo
2294 629 2408 684 fere
2430 629 2592 693 dicit,
2625 630 2731 685 nisi
2768 646 2827 685 se
2852 630 3202 686 maledicens.
3236 630 3393 687 Unde
3420 630 3554 685 illud
3579 650 3599 686 :
3627 631 3710 686 Et

2105 721 2565 775 anathematizauit
2592 737 2712 774 eum
2736 731 2783 775 et
2813 722 3048 777 civitates
3078 723 3191 792 ejus
3209 764 3225 789 ,
3261 734 3311 778 et
3346 734 3593 779 vocatum
3622 733 3710 778 est

2105 825 2292 863 nomen
2316 808 2416 862 loci
2442 809 2585 863 illius
2608 811 2898 864 Anatltema
2922 809 3114 883 (Num.
3137 814 3271 883 xxi).
3296 813 3433 869 Hinc
3455 823 3711 869 tractum

2106 906 2189 953 est
2220 906 2280 953 ut
2317 901 2606 955 anathema
2649 901 2967 957 detestabile
3002 903 3202 973 aliquid
3234 913 3293 961 et
3326 906 3716 961 abominabile

2107 991 2374 1057 videatur,
2405 1000 2466 1045 ut
2493 993 2627 1047 nihil
2657 993 2780 1048 inde
2813 995 2988 1049 victor
3013 995 3066 1048 in
3092 1010 3225 1050 usus
3263 1011 3393 1052 suos
3420 996 3675 1052 auferret
3694 1038 3714 1062 ,

2108 1081 2201 1136 sed
2227 1090 2393 1136 totum
2422 1082 2475 1136 in
2497 1097 2713 1151 pinnam
2742 1083 2995 1138 luendam
3024 1085 3229 1139 votavit
3255 1103 3268 1139 :
3299 1086 3404 1142 hoc
3423 1095 3547 1141 erat
3570 1103 3717 1141 ana-

2111 1173 2481 1235 thematizare,
2509 1175 2653 1244 quod
2676 1175 2837 1242 vulgo
2863 1175 3064 1230 dicitur
3089 1176 3367 1232 devolare.
3406 1178 3575 1249 Origo
3612 1193 3715 1233 au-

2109 1272 2218 1317 tem
2268 1262 2427 1332 hujus
2467 1265 2613 1319 verbi
2645 1273 2729 1319 est
2772 1267 2824 1319 in
2854 1265 3044 1322 Graeca
3086 1266 3265 1336 lingua
3307 1269 3377 1323 ab
3415 1268 3505 1323 liis
3537 1270 3714 1324 rebus

2110 1370 2232 1425 qua:
2258 1363 2395 1409 votae
2436 1364 2491 1409 et
2524 1356 2815 1425 persoluta:
2833 1396 2849 1422 ,
2879 1357 2932 1410 id
2961 1367 3039 1412 est
3071 1358 3351 1427 promissa:
3389 1368 3445 1413 et
3475 1359 3717 1415 reddita

2110 1461 2326 1501 sursum
2359 1448 2703 1515 ponebantur
2737 1449 2790 1502 in
2826 1441 3043 1518 templis
3069 1461 3084 1502 :
3112 1456 3165 1504 et
3200 1458 3287 1505 est
3323 1449 3532 1505 dictum
3563 1452 3717 1507 εᾶπο

2111 1543 2205 1593 τοῦ
2228 1539 2489 1603 ἀναϐῆναι,
2515 1538 2567 1592 id
2589 1546 2673 1592 est
2698 1555 2913 1594 sursum
2944 1554 3167 1608 ponere.

2185 1626 2348 1682 Vens.
2387 1628 2440 1683 9.
2471 1659 2541 1668 -
2568 1628 2717 1683 Sicut
2763 1630 3124 1700 prardiximus.
3170 1629 3219 1686 Α
3262 1631 3472 1702 majore
3514 1632 3713 1688 infert.

2117 1715 2559 1787 Quandoquidem
2610 1733 2710 1773 nos
2757 1718 2841 1772 vel
2880 1719 3131 1790 angelum
3166 1722 3717 1777 excommunicarem

2041 1795 2087 1855 Β
2115 1808 2290 1878 magis
2313 1809 2519 1878 pseudo
2550 1811 3052 1865 excummunicanai
3084 1821 3231 1866 sunt.

2185 1897 2350 1953 Vsus.
2409 1899 2496 1953 10.
2525 1929 2590 1939 -—
2618 1899 2800 1954 Modo.
2850 1890 2991 1955 Dicit
3024 1899 3184 1957 modo
3216 1901 3343 1971 quia
3390 1901 3524 1957 olim
3574 1902 3716 1959 dum

2116 1990 2255 2046 dixit
2281 1991 2554 2046 hominem
2580 2005 2645 2046 ex
2688 1990 2804 2062 lege
2831 1991 3119 2061 justiﬁcari
3147 2032 3162 2056 ,
3193 1992 3433 2047 hominis
3472 1992 3717 2063 gloriam

2116 2082 2393 2148 inutilem,
2428 2083 2657 2154 gratiam
2687 2082 2781 2137 Dei
2813 2081 3153 2153 praedicavit.
3182 2082 3364 2138 lnnuit
3412 2083 3504 2139 hic
3542 2085 3718 2139 etiam

2116 2174 2222 2230 hoc
2246 2175 2426 2229 facere
2455 2173 2576 2227 illos
2598 2173 2932 2234 seductores,
2954 2181 3015 2226 ut
3044 2173 3402 2229 laudarentur
3426 2190 3456 2229 a
3480 2173 3716 2240 Iudaeis,

2118 2282 2255 2338 quos
2279 2283 2383 2323 non
2408 2267 2561 2322 timet
2585 2266 2858 2323 offendere
2878 2266 3076 2321 Paulus
3112 2283 3211 2337 pro
3254 2267 3427 2339 glon'a
3465 2267 3678 2323 Christi
3699 2309 3717 2331 ,

2120 2373 2228 2429 qua
2260 2359 2506 2412 veniente
2537 2365 2720 2413 cessat
2752 2357 2859 2412 lex.
2883 2355 2943 2412 Si
2964 2358 3156 2412 adhuc.
3185 2357 3323 2413 Hinc
3359 2359 3590 2428 quidam
3617 2374 3720 2428 pu-

2121 2456 2237 2503 tant
2281 2448 2529 2503 sulliccre
2571 2447 2991 2513 conscientiam,
3029 2456 3091 2502 ut
3134 2463 3325 2517 parum
3359 2448 3490 2517 quid
3535 2447 3611 2502 de
3638 2448 3721 2502 eis

2120 2540 2394 2596 existimet
2422 2540 2588 2604 alius,
2624 2547 2848 2604 curent;
2876 2539 2971 2594 sed
2998 2538 3335 2593 conscientia
3382 2552 3576 2592 coram
3607 2537 3721 2592 Deo

2121 2639 2205 2687 est
2240 2630 2550 2686 necessaria
2595 2630 2939 2684 conversatio
2975 2644 3160 2685 coram
3202 2627 3482 2698 proximo;
3514 2640 3650 2697 qua:
3672 2626 3721 2681 si

2120 2722 2477 2794 negligentius
2501 2721 2697 2791 agitur,
2731 2720 2875 2776 laedit
2901 2720 3169 2791 exemplo.
3198 2719 3353 2775 Unde
3377 2718 3503 2773 alibi
3535 2738 3552 2772 :
3584 2718 3721 2773 Pla-

2122 2824 2230 2867 cete
2259 2813 2498 2867 omnibus
2525 2829 2617 2882 per
2643 2813 2838 2878 omnia,
2865 2813 2997 2867 sicut
3029 2820 3077 2866 et
3105 2828 3199 2882 ego
3242 2811 3482 2865 omnibus
3524 2809 3723 2880 places

2125 2903 2211 2976 (11
2255 2904 2377 2959 Cor.
2421 2906 2495 2973 χ).
2528 2903 2698 2958 item:
2731 2901 2856 2958 Siue
2894 2902 3181 2973 offensione
3215 2911 3374 2957 estote
3410 2900 3632 2955 Judcis
3670 2910 3723 2955 et

2125 2993 2323 3051 Gra'cis
2349 2990 2598 3049 Ecclesia!
2619 2994 2717 3047 Dei
2741 2993 2826 3065 (11
2855 2992 2978 3048 Cor.
3004 2993 3143 3063 vm).
3169 2992 3300 3048 Item
3321 3008 3337 3047 :
3362 2989 3722 3045 Providentes

2127 3087 2295 3151 bona,
2314 3102 2416 3140 non
2438 3084 2608 3140 solum
2638 3102 2811 3139 coram
2835 3084 2975 3148 Deo,
3005 3084 3094 3138 sed
3124 3084 3281 3138 etiam
3324 3100 3503 3137 coram
3537 3082 3728 3136 Itami-

2663 3175 2795 3231 ltem
2827 3193 2841 3231 :
2873 3174 3104 3230 Luceant
3135 3191 3290 3245 opera
3327 3184 3494 3228 vestra
3524 3188 3724 3227 coram

2125 3266 2570 3329 lmmiuibus,.etc.
2601 3265 2741 3335 Ergo
2771 3273 2959 3320 contra
2996 3264 3316 3318 temerarios
3337 3263 3589 3334 judices,
3632 3263 3730 3315 deo

2129 3365 2432 3419 tracteres,
2481 3370 2836 3419 susurrones,
2889 3364 3349 3417 murmuratores,
3406 3361 3729 3421 quaerentes

2127 3448 2392 3517 suspicari
2421 3447 2562 3516 quod
2590 3460 2696 3502 non
2729 3446 2930 3510 vident,
2961 3457 3266 3515 quaerentes
3298 3444 3462 3498 etiam
3498 3441 3729 3512 jactare

2127 3538 2271 3609 quod
2315 3551 2420 3591 non
2469 3537 2830 3605 suspicantur,
2878 3533 3073 3590 sufﬁcit
3112 3534 3470 3590 conscientia.
3510 3531 3634 3588 Nec
3670 3532 3728 3586 in

2129 3628 2251 3684 aliis
2279 3628 2474 3700 quibus
2498 3627 2712 3697 placere
2732 3627 2977 3682 volumus
3003 3642 3311 3697 quaeramus
3331 3632 3573 3681 nostram
3606 3623 3735 3693 glo-

2129 3722 2303 3786 riam,
2348 3721 2445 3775 sed
2489 3734 2676 3775 eorum
2731 3718 2986 3783 salutem,
3032 3727 3092 3773 ut
3136 3735 3243 3774 non
3279 3732 3399 3782 nos,
3425 3713 3732 3772 sedDeum

2130 3813 2366 3877 laudent,
2393 3814 2483 3882 qui
2505 3812 2639 3868 tales
2664 3811 2824 3876 fecit;
2854 3812 3034 3868 unde:
3059 3811 3239 3866 Nolite
3262 3810 3434 3880 {acea
3447 3808 3733 3877 justitiam

2131 3914 2359 3960 uestram
2407 3919 2586 3959 coram
2632 3903 2962 3966 hominibus,
3011 3900 3103 3956 ubi
3140 3900 3258 3955 illos
3306 3898 3486 3969 arguit
3519 3898 3621 3966 qui
3655 3898 3732 3951 ita

2132 3995 2397 4051 ventilant
2416 4010 2578 4065 opera
2598 4009 2718 4059 sua,
2743 4002 2803 4049 ut
2822 3993 2984 4048 ﬁnem
3003 4007 3228 4062 operum
3251 4004 3472 4047 suorum
3500 3988 3731 4043 laudem

2134 4086 2414 4143 hominum
2463 4093 2697 4155 ponant,
2754 4085 3109 4154 eamdemque
3156 4081 3370 4138 laudem
3420 4079 3577 4150 quasi
3627 4093 3735 4149 pro

2135 4177 2385 4233 mercede
2412 4191 2636 4245 operum
2667 4190 2884 4231 suorum
2913 4182 3245 4245 computent.

2208 4268 2375 4324 Vsus.
2400 4267 2488 4322 14.
2512 4298 2582 4308 -
2603 4266 2671 4321 Et
2694 4266 3031 4338 proﬁciebam
3054 4265 3108 4320 in
3127 4263 3426 4318 Judaismo.
3452 4259 3623 4328 Quasi
3648 4258 3736 4322 di-

2137 4370 2262 4419 cat:
2297 4361 2397 4428 Qui
2428 4361 2579 4433 prius
2606 4360 2659 4415 in
2695 4359 2800 4435 illis
2846 4359 3110 4430 legalibus
3163 4365 3370 4412 tantum
3401 4354 3578 4417 valui,
3609 4350 3734 4421 jam

2138 4458 2227 4513 illa
2266 4455 2483 4528 reliqui,
2524 4456 2749 4527 ideoque
2774 4471 2872 4511 vos
2902 4470 3023 4511 meo
3048 4453 3297 4524 exemplo
3336 4452 3403 4507 ab
3437 4451 3526 4506 his
3570 4465 3737 4505 rece—

2138 4550 2269 4606 dite.

2211 4640 2375 4695 Vsus.
2421 4638 2508 4694 15.
2539 4669 2610 4680 --
2647 4635 2780 4693 Cum
2824 4648 2997 4691 autem
3048 4635 3267 4707 placuit.
3318 4632 3483 4701 Quasi
3528 4633 3679 4688 dicat
3715 4649 3730 4685 :

2141 4730 2293 4786 Tunc
2323 4736 2546 4799 apparet
2567 4742 2653 4782 me
2689 4743 2793 4782 non
2823 4727 3096 4791 didicisse,
3122 4725 3216 4780 sed
3241 4740 3340 4780 nec
3363 4731 3503 4794 post.
3540 4720 3733 4791 Segre-

2141 4822 2279 4892 gavit
2331 4838 2396 4875 ex
2444 4831 2591 4874 utero
2644 4820 2848 4874 matris.
2898 4818 3052 4874 Unde
3095 4818 3163 4872 de
3207 4815 3440 4872 Ieremia
3484 4813 3730 4884 legitur:

2146 4910 2464 4982 Priusquam
2492 4919 2539 4964 te
2564 4909 2847 4979 formarem
2883 4909 2937 4961 in
2968 4920 3117 4961 utero
3136 4948 3151 4972 ,
3188 4907 3306 4961 novi
3335 4915 3384 4959 te
3413 4901 3633 4975 (Jerem.
3664 4902 3731 4973 ι).

2058 5065 2066 5073 ,
2146 5002 2247 5071 Qui
2276 5019 2405 5074 ergo
2431 5002 2647 5073 praescit
2673 5000 2884 5056 futuros
2905 5010 3192 5070 antequam
3215 5000 3343 5061 sint,
3374 5009 3733 5069 quoscunque

2145 5093 2260 5148 vult
2281 5092 2427 5147 nasci
2450 5132 2464 5157 ,
2488 5089 2619 5146 facit
2646 5097 2705 5144 ut
2736 5091 2840 5145 sint
2862 5131 2876 5153 ,
2907 5097 2962 5145 et
2983 5089 3095 5158 jam
3135 5098 3291 5143 natos
3316 5101 3453 5156 quos
3481 5085 3597 5140 vult
3629 5100 3733 5155 per

2145 5183 2371 5253 gratiam
2398 5191 2553 5237 vocat
2580 5190 2640 5236 ut
2661 5181 2790 5252 justi
2823 5181 2950 5247 sint,
2975 5181 3119 5235 sicut
3142 5179 3367 5234 Paulum
3398 5177 3610 5232 vocavit
3630 5191 3735 5245 per

2147 5275 2374 5345 gratiam
2392 5314 2406 5339 ,
2439 5282 2498 5328 ut
2524 5272 2871 5327 annuntiaret
2899 5271 3196 5327 Christum.
3226 5269 3310 5323 Ex
3335 5278 3500 5322 utero.
3531 5266 3730 5330 Mater,

2147 5364 2462 5436 Synagoga;
2493 5370 2679 5417 uterus
2708 5361 2824 5432 ejus
2854 5370 2909 5436 et
2933 5359 3212 5416 secretarii
3245 5357 3364 5426 ejus
3391 5364 3516 5412 sunt
3542 5354 3732 5411 Phari-

2147 5434 2261 5521 saei,
2293 5434 2360 5511 de
2386 5466 2609 5509 numero
2631 5434 3169 5521 quorum'separatus
3195 5456 3297 5502 est.

2766 5583 2993 5641 CAPUT
3042 5582 3102 5638 11.

2216 5721 2358 5777 Vatis
2414 5721 2464 5775 1.
2503 5751 2573 5762 -
2619 5718 2817 5777 Deinde
2862 5729 2975 5791 post
3025 5733 3191 5773 annos
3234 5712 3644 5787 quatuordecim.
3674 5712 3720 5768 Α
