3958 6314
216 354 317 409 573

1138 348 1397 406 GLOSSA
1436 349 1829 406 ORDINARIA.
1868 379 1940 390 --
1972 349 2185 404 EPIST.
2225 350 2319 405 AD
2353 350 2603 406 GALAT.

3342 356 3451 410 5η

218 464 460 537 passione
486 462 719 525 Domini,
745 461 959 531 quando
984 476 1275 517 conversus
1308 463 1484 517 fuerat
1511 463 1580 517 ad
1603 462 1781 525 fidem,
1811 470 1862 527 Α
1889 462 2100 517 eatione
2136 464 2397 532 gentium,
2439 464 2582 518 sicut
2609 463 2798 518 Petrus
2838 464 2894 518 in
2923 465 3352 522 circumcisione.
3379 467 3447 522 Et

220 556 376 615 venit,
413 555 557 608 sicut
586 552 725 607 Beda
754 568 916 623 super
936 554 1103 609 Actus
1130 553 1496 625 apostolorum
1537 553 1781 608 scribens
1880 554 2019 608 sicut
2039 553 2266 622 apostoli
2301 554 2494 619 Petro,
2523 556 2596 609 ita
2623 554 2898 610 Barnabas
2918 556 3022 611 sibi
3050 558 3369 613 sociaretur.
3400 592 3407 597 ι

220 647 568 701 demonstrat.

286 736 448 799 Vsus.
477 737 531 792 2.
556 766 627 777 ——
656 735 724 790 Et
753 734 950 791 contuli
988 753 1106 790 cum
1131 734 1257 790 illis.
1304 736 1551 791 Ostendit
1587 750 1780 790 senon

218 826 468 882 habuisse
518 827 862 881 securitatem
895 826 1205 897 Evangelii,
1231 825 1335 879 nisi
1362 833 1504 879 esset
1543 823 1780 879 auctori-

220 929 324 974 tate
350 916 496 971 Petri
524 925 577 970 et
610 917 835 972 aliorum
882 918 1212 971 roboratum.
1242 914 1511 979 Seorsum,
1542 924 1650 970 etc.
1682 913 1780 968 Se-

214 1008 441 1080 paratim
473 1008 675 1062 contuli
722 1024 843 1062 cum
882 1008 966 1062 his
1011 1023 1117 1061 non
1156 1006 1365 1076 publice
1390 1045 1405 1067 ,
1437 1020 1503 1059 ne
1537 1004 1780 1059 ﬁdelibus

214 1114 275 1153 ex
302 1096 483 1153 Judma
520 1098 631 1169 (qui
660 1099 923 1168 putabant
944 1097 1113 1167 legem
1144 1111 1263 1151 esse
1289 1094 1629 1160 servandam)
1653 1092 1776 1147 ﬁdei

213 1191 519 1246 scandalum
572 1200 902 1246 nasceretur.
958 1189 1036 1244 Eo
1083 1196 1324 1256 tempore
1374 1201 1497 1240 cum
1544 1184 1780 1238 venisset

210 1281 400 1335 Petrus
427 1280 769 1334 Antiochiam
797 1278 944 1349 (licet
966 1278 1069 1332 hoc
1094 1278 1145 1331 in
1169 1277 1390 1331 Actibus
1417 1273 1780 1345 apostolorum

211 1385 311 1425 non
339 1368 572 1439 legatur)
598 1369 651 1421 in
683 1368 874 1422 faciem
898 1368 946 1421 ei
978 1367 1179 1424 restitit
1197 1365 1415 1420 Paulus.

282 1455 438 1510 Vens.
468 1456 524 1510 4.
548 1487 619 1497 —
649 1455 1101 1511 Subintroductos.
1132 1455 1177 1508 A
1210 1446 1428 1509 Judaeis.
1460 1452 1613 1520 Quod
1633 1451 1776 1507 enim

211 1545 448 1600 infideles
469 1560 567 1614 per
600 1560 658 1599 se
689 1559 793 1598 non
819 1551 1101 1613 poterant,
1118 1556 1214 1611 per
1234 1541 1399 1596 falsos
1429 1541 1629 1595 fratres
1658 1554 1777 1593 mo-

209 1637 493 1699 liebantur,
525 1650 661 1705 quos
685 1636 784 1689 sub
807 1634 985 1703 specie
1022 1633 1294 1703 religionis
1315 1633 1686 1695 immiserant,
1721 1638 1780 1684 ut

209 1728 551 1796 explorarent
596 1741 716 1796 qua:
762 1725 984 1779 libertas
1011 1733 1095 1778 est
1137 1723 1293 1777 nobis
1337 1723 1390 1777 in
1428 1722 1531 1776 ﬁde
1552 1719 1774 1783 Christi,

1952 644 2113 697 Vens.
2147 644 2234 696 li.
2268 673 2342 686 -
2389 643 2595 699 Restiti.
2638 644 2749 700 Hoc
2795 646 2994 702 Paulus
3046 661 3155 702 non
3203 649 3447 714 auderet,

1878 733 1983 787 nisi
2014 748 2072 787 se
2103 749 2208 787 non
2247 733 2507 803 imparem
2541 735 2785 789 sentiret.

1947 820 2110 876 Vsus.
2152 822 2236 875 l2.
2258 851 2330 863 —
2366 821 2527 876 Prius
2555 825 2694 877 enim
2713 840 2872 895 quam
2901 825 3150 891 venirent,
3175 835 3283 881 etc.
3309 827 3414 893 Qui

1877 910 2001 964 dam
2022 911 2361 966 aemulatores
2390 911 2544 982 legis,
2585 912 2676 981 qui
2721 929 2876 982 aequo
2898 914 3018 980 jure
3066 913 3341 970 Christum
3386 921 3445 968 et

1877 1000 2048 1069 legem
2089 1000 2507 1065 venerabantur,
2567 1014 2702 1070 quos
2742 994 2936 1055 timens
2979 1017 3086 1056 non
3115 1002 3445 1057 miscebatur

1876 1089 2141 1159 gentibus.
2172 1082 2323 1158 Quod
2360 1091 2406 1144 si
2435 1089 2606 1144 solum
2644 1097 2805 1154 esset,
2834 1104 2939 1144 non
2971 1099 3116 1145 esset
3152 1092 3447 1161 reprehen-

1877 1178 2050 1233 sibile.
2086 1179 2239 1232 Sicut
2282 1187 2338 1233 et
2372 1178 2485 1248 ipse
2531 1178 2727 1233 Paulus
2753 1193 2852 1248 pro
2878 1180 3132 1234 seandalo
3156 1180 3448 1249 aliquando

1874 1269 2062 1322 cessit.
2086 1267 2194 1323 Sed
2222 1268 2278 1322 in
2310 1270 2413 1323 hoc
2436 1277 2677 1322 erratum
2705 1276 2808 1335 est,
2841 1269 2984 1337 quod
3004 1280 3191 1338 gentes
3216 1270 3448 1339 cogebat

1870 1355 2170 1424 judaizare.

1946 1447 2107 1504 Vsus.
2151 1449 2239 1503 M.
2264 1479 2336 1490 —
2360 1448 2632 1515 Quomodo
2657 1459 2830 1519 gentes
2862 1451 3025 1520 cogis.
3064 1450 3179 1505 Non
3201 1449 3449 1506 docentis

1876 1540 2120 1611 imperio,
2146 1543 2239 1597 sed
2272 1543 2700 1597 conversationis
2722 1541 2989 1611 exemplo.

1950 1632 2105 1686 Vens.
2138 1632 2221 1687 l5.
2274 1663 2344 1672 —
2386 1630 2518 1687 Nos.
2570 1632 2953 1687 Commendata
2977 1629 3297 1687 auctoritate
3329 1643 3446 1695 sua,

1868 1717 1984 1789 jam
2012 1722 2311 1776 rationibus
2357 1722 2548 1792 incipit
2592 1735 2754 1792 agere
2803 1720 2946 1791 quod
2982 1718 3227 1774 carnales
3263 1719 3451 1773 obser-

210 1832 309 1870 non
342 1823 398 1869 ut
422 1832 545 1869 eam
584 1823 862 1878 tenerent,
894 1815 989 1869 sed
1028 1821 1089 1868 ut
1135 1812 1313 1881 aliqua
1340 1811 1685 1867 contentione
1709 1810 1777 1864 ab
1806 1812 1853 1872 Β
1880 1812 2076 1868 vantia:
2101 1821 2222 1882 post
2254 1811 2526 1868 Christum
2552 1827 2659 1866 non
2687 1820 2812 1866 sunt
2839 1809 3205 1867 observandae.
3236 1808 3396 1876 Quasi
3431 1828 3445 1864 :
3523 1819 3526 1822 ’

208 1919 268 1957 ea
296 1904 348 1956 in
390 1902 711 1957 servitutem
738 1901 871 1972 legis
908 1901 1232 1972 redigerent.
1262 1899 1414 1967 Quod
1444 1900 1488 1955 si
1518 1908 1661 1954 esset
1688 1913 1778 1953 ve-

208 1993 337 2047 ritas
364 1992 647 2061 Evangelii
689 1992 829 2061 apud
871 2001 1089 2061 gentes,
1139 2005 1244 2044 non
1290 1998 1655 2054 remanerent,
1685 1989 1778 2044 sed

207 2096 393 2136 omnes
417 2081 780 2151 judaizarent.
815 2080 882 2134 Et
920 2081 1041 2136 ideo
1085 2080 1173 2135 hic
1205 2080 1271 2134 iis
1304 2080 1499 2148 quibus
1526 2078 1781 2134 assertio-

208 2188 324 2226 nem
353 2171 762 2241 prazdicationis
782 2186 892 2225 sua:
924 2168 1255 2236 conferebat,
1285 2154 1588 2225 nullatenus
1613 2170 1780 2224 voluit

208 2264 412 2317 cedere.
443 2262 590 2316 Alibi
624 2277 751 2317 vero
787 2262 876 2316 ubi
922 2276 1029 2316 non
1053 2261 1244 2327 obfuit,
1273 2276 1371 2332 pro
1395 2261 1653 2317 seandalo
1685 2258 1777 2315 Ju-

210 2353 467 2419 dzeorum,
512 2352 853 2407 circumcidit
915 2351 1276 2406 Timotheum.
1320 2350 1382 2405 In
1423 2352 1507 2406 his
1529 2352 1778 2406 omnibus

207 2451 261 2495 et
293 2458 352 2498 se
396 2443 764 2508 commendat,
815 2450 870 2498 et
919 2441 1090 2514 legem
1133 2456 1243 2496 non
1288 2441 1577 2497 tenendam
1630 2455 1778 2495 com-

207 2534 415 2603 prohat.

276 2623 439 2681 Vens.
482 2626 536 2681 5.
581 2656 653 2666 —
692 2624 874 2697 Neque
899 2625 968 2679 ad
995 2625 1201 2678 horam.
1225 2623 1337 2680 Nec
1363 2624 1431 2679 ad
1459 2625 1647 2679 horam
1665 2637 1778 2681 ces-

206 2716 294 2780 sit,
313 2717 405 2785 qui
433 2733 707 2786 nunquam
753 2716 934 2772 cessit.
969 2714 1121 2782 Quod
1173 2715 1219 2769 si
1268 2715 1555 2784 aliquando
1591 2714 1775 2780 cessit,

207 2807 476 2875 quomodo
519 2821 617 2861 nec
651 2808 719 2861 ad
767 2805 992 2860 horam?
1029 2804 1137 2860 Cur
1167 2805 1329 2859 etiam
1362 2814 1582 2874 propter
1609 2802 1776 2858 falsos

205 2894 424 2963 fratres,
451 2899 495 2952 si
521 2912 619 2968 per
638 2912 695 2952 se
717 2896 957 2952 facturus
994 2894 1143 2949 erat?
1186 2893 1360 2950 Cessit
1400 2908 1529 2964 ergo
1557 2901 1777 2964 propter

205 2984 323 3041 illos
352 3001 367 3039 :
399 2988 542 3056 quod
579 3002 676 3056 per
708 3001 767 3040 se
805 3002 912 3039 non
945 2985 1148 3040 faceret
1181 3003 1194 3038 :
1237 2984 1526 3038 humilians
1552 2999 1610 3039 se
1648 2983 1772 3055 legi,

202 3074 529 3129 circumciso
546 3073 827 3129 Timotheo
854 3083 915 3127 ut
955 3073 1109 3128 dolus
1141 3083 1195 3127 et
1221 3072 1533 3127 scandalum
1557 3070 1772 3126 Judaao-

200 3177 325 3215 rum
356 3171 594 3218 cessaret
620 3202 635 3228 ,
666 3163 759 3233 qui
806 3162 981 3232 parati
1019 3169 1175 3216 erant
1202 3175 1542 3215 commovere
1573 3163 1770 3214 tumul-
1800 3152 1845 3215 C

203 3259 316 3304 tum
348 3260 406 3304 et
430 3253 770 3317 seditionem,
798 3253 843 3307 si
888 3251 1034 3305 illum
1067 3251 1234 3305 lilium
1260 3250 1455 3306 Judaaze
1483 3250 1774 3306 incircum-

204 3340 375 3395 cisum
401 3342 719 3410 susciperet,
743 3352 792 3396 et
819 3342 1131 3412 episcopum
1160 3342 1458 3396 ordinaret.

277 3433 443 3487 Vsus.
468 3433 520 3488 6.
549 3463 618 3473 —
645 3432 837 3499 Quales
862 3433 1166 3504 aliquando.
1193 3432 1275 3488 Ad
1316 3433 1498 3503 priora
1542 3448 1649 3488 non
1692 3448 1779 3488 re—

208 3535 386 3588 curro,
418 3524 543 3594 quia
572 3539 637 3579 ea
662 3539 780 3593 qua:
815 3524 973 3579 modo
1018 3531 1172 3585 sunt,
1215 3520 1516 3587 sufﬁciunt;
1561 3522 1656 3577 sed
1682 3521 1774 3590 qui

213 3613 535 3667 videbantur
573 3628 692 3669 esse
730 3613 954 3684 aliquid,
993 3613 1127 3667 nihil
1170 3612 1533 3667 contulerunt.
1576 3612 1633 3666 In
1668 3627 1776 3681 quo

212 3712 431 3774 apparet
453 3704 592 3773 quod
613 3720 719 3760 non
741 3703 965 3759 inferior
982 3705 1052 3758 sit
1071 3703 1196 3759 illis.
1220 3703 1362 3759 Deus
1384 3715 1564 3758 autem
1578 3705 1776 3774 proba-

211 3803 295 3847 tur
320 3810 425 3849 non
451 3796 696 3864 accipere
716 3809 1021 3865 personam,
1038 3794 1163 3863 quia
1179 3794 1222 3847 si
1239 3794 1310 3847 ita
1332 3803 1495 3860 esset,
1527 3809 1625 3865 ego
1636 3793 1778 3847 Pau-

209 3880 288 3938 lus
312 3893 436 3940 ante
457 3885 649 3953 impius
668 3886 754 3939 cui
775 3884 909 3939 tales
929 3883 1061 3938 nihil
1075 3882 1383 3937 conferrent
1408 3899 1513 3938 non
1530 3883 1773 3938 fuissem.

210 3972 303 4028 Vel
324 3974 478 4039 illud,
503 3975 632 4028 nihil
660 3976 892 4040 interest,
924 3975 1018 4029 sed
1045 3974 1179 4027 nihil
1220 3975 1351 4028 mihi
1380 3974 1637 4029 tulerunt.
1672 3972 1776 4039 Qui

209 4064 515 4120 videbantur
545 4065 743 4136 aliquid
778 4082 907 4120 esse.
929 4064 987 4119 ld
1018 4073 1123 4129 est,
1153 4063 1379 4132 alicujus
1405 4063 1772 4118 auctoritatis:

211 4156 328 4222 quia
361 4171 490 4211 cum
518 4157 747 4213 Domino
780 4155 1210 4221 ambulaverant,
1234 4164 1289 4209 ct
1317 4154 1777 4224 transﬁgurationi

211 4242 321 4310 ejus
358 4245 740 4300 interfuerant.
788 4244 1123 4300 Videbantur
1156 4247 1277 4299 dico
1323 4242 1387 4298 ab
1431 4244 1534 4308 Itis,
1577 4245 1628 4298 id
1658 4252 1774 4310 est,

213 4331 357 4390 falsis
389 4336 674 4390 fratribus.
706 4335 841 4402 Quia
878 4336 969 4405 qui
1015 4336 1334 4391 videbantur
1381 4349 1500 4390 esse
1550 4336 1773 4405 aliquid,

213 4426 517 4481 carnalibus
568 4426 829 4480 duntaxat
888 4427 1193 4481 hominibus
1248 4426 1569 4481 videbantur
1623 4441 1770 4493 esse;

215 4526 331 4567 nam
373 4516 477 4586 ipsi
507 4530 612 4570 non
635 4523 761 4569 sunt
786 4515 1005 4585 aliquid.
1033 4515 1145 4569 Etsi
1177 4515 1345 4583 aliqui
1383 4515 1511 4571 boni
1546 4489 1779 4570 ministri
1805 4489 1856 4548 Β

215 4597 306 4654 Dei
334 4614 482 4669 sunt,
513 4603 762 4659 Christus
792 4604 848 4657 in
896 4603 1001 4657 illis
1027 4610 1110 4658 est
1143 4603 1369 4673 aliquid,
1396 4620 1503 4659 non
1538 4604 1638 4673 ipsi
1677 4620 1778 4674 per

218 4701 291 4743 se.
333 4691 469 4747 Nam
507 4693 552 4747 si
582 4693 685 4763 ipsi
714 4701 897 4748 essent
924 4692 1125 4762 aliquid
1164 4708 1261 4763 per
1295 4708 1374 4760 se,
1411 4709 1626 4765 semper
1656 4694 1781 4750 fuis-

219 4788 332 4833 sent
354 4778 581 4851 aliquid.

285 4868 449 4927 Vens.
475 4872 527 4926 9.
564 4902 635 4911 —
661 4868 948 4926 Columnae.
998 4870 1238 4926 Ecclesia
1276 4872 1670 4928 ﬁrmamentum
1699 4874 1780 4929 di-

222 4955 354 5012 citur
382 4962 629 5016 veritatis
660 4978 673 5014 :
698 4976 860 5031 quam
896 4962 1061 5015 etiam
1093 4962 1355 5031 sapientia
1398 4963 1698 5027 azdilieavit,
1729 4964 1783 5019 id

223 5054 321 5111 est,
345 5052 626 5105 constituit
667 5050 721 5104 in
763 5061 969 5122 septem
999 5051 1282 5117 columnis,
1312 5068 1420 5122 quo
1454 5069 1680 5109 numero
1701 5055 1785 5110 vel

224 5136 540 5194 universitas
573 5139 988 5209 praedicatorum
1022 5139 1168 5211 (quia
1191 5141 1328 5196 solet
1366 5143 1490 5211 poni
1528 5158 1628 5212 pro
1666 5145 1784 5198 uni-

224 5231 394 5299 verso)
433 5229 520 5285 vel
566 5231 869 5300 septenaria
907 5232 1148 5300 Operatio
1187 5231 1420 5301 Spiritus
1451 5235 1620 5288 sancti
1656 5235 1786 5289 insi-

228 5326 434 5373 nuatur.
469 5319 689 5375 Dextras
709 5321 981 5375 dederunt.
1009 5320 1161 5377 Unde
1181 5323 1409 5377 contulit
1435 5339 1558 5378 cum
1580 5326 1705 5390 illis,
1732 5336 1787 5382 et

231 5402 439 5463 dextras
467 5410 706 5480 accepit?
728 5411 863 5478 Quia
890 5411 1029 5466 idem
1054 5428 1174 5467 cum
1213 5415 1294 5468 eis
1321 5416 1544 5469 verbum
1572 5417 1781 5472 habuit.

231 5489 339 5559 Ipsa
387 5498 601 5554 collatio
644 5501 903 5555 unitatem
951 5503 1211 5557 doctrinae
1260 5507 1601 5567 monstravit,
1630 5508 1786 5562 aliter

232 5595 331 5638 non
360 5593 600 5645 crederet
635 5591 871 5647 Ecclesia
903 5593 953 5648 ei
1008 5594 1098 5664 qui
1140 5610 1244 5649 non
1296 5595 1472 5652 fuerat
1499 5613 1621 5653 eum
1677 5599 1782 5652 Do-

235 5674 389 5733 mino.
421 5680 489 5736 Ut
530 5698 621 5737 nos
650 5683 896 5752 ingentes.
946 5684 1014 5740 Ut
1061 5701 1235 5742 essem
1262 5689 1469 5757 primus
1506 5689 1559 5745 in
1592 5690 1782 5759 praedi-

1875 1899 2075 1956 Gentes
2098 1918 2202 1956 non
2226 1902 2424 1956 debent
2440 1899 2740 1970 judaizare,
2766 1899 2892 1969 quia
2930 1915 3047 1965 nos,
3071 1898 3162 1969 qui
3184 1898 3449 1952 valuimus

1877 1992 1931 2047 in
1955 1992 2093 2063 lege,
2128 1994 2328 2047 scimus
2364 2008 2485 2048 eam
2513 2007 2619 2047 non
2656 1990 2994 2060 justificare:
3031 2000 3087 2046 et
3114 1990 3254 2055 ideo,
3283 2003 3348 2044 ea
3373 1988 3452 2043 di-

1876 2082 2063 2148 missa,
2092 2083 2159 2137 ad
2186 2081 2459 2137 Christum
2479 2081 2839 2153 confugimus.

1945 2190 2110 2246 Vens.
2134 2190 2221 2244 16.
2257 2220 2329 2231 -
2358 2189 2480 2244 Nisi
2501 2206 2591 2259 per
2607 2188 2787 2257 fidem,
2813 2196 2920 2243 etc.
2946 2184 3061 2242 Non
3088 2184 3206 2239 ideo
3228 2183 3358 2238 dicit
3376 2195 3447 2237 ex

1874 2278 1996 2342 fide,
2025 2278 2167 2348 quod
2194 2293 2358 2348 opera
2382 2279 2521 2334 bona
2542 2276 2892 2343 frustrentur,
2913 2290 3040 2332 cum
3080 2274 3223 2329 Deus
3258 2272 3448 2329 reddat

1874 2369 2164 2440 unicuique
2194 2369 2486 2425 secundum
2506 2382 2672 2438 opera
2694 2381 2793 2423 sua
2814 2383 2830 2420 :
2860 2364 2955 2422 sed
2978 2364 3102 2436 quia
3122 2365 3262 2419 bona
3282 2376 3449 2432 opera

1875 2468 2003 2515 sunt
2024 2475 2097 2514 ex
2121 2458 2317 2530 gratia,
2344 2473 2451 2512 non
2484 2465 2663 2511 autem
2696 2471 2766 2512 ex
2793 2455 3045 2525 operibus
3070 2453 3243 2526 gratia
3278 2470 3291 2505 :
3316 2452 3445 2521 quia

1874 2546 2009 2603 ﬁdes
2034 2563 2132 2618 per
2158 2548 2497 2602 dilectionem
2526 2560 2757 2615 operans
2792 2545 2928 2600 nihil
2974 2551 3310 2614 operaretur,
3335 2541 3444 2597 nisi

1874 2638 1990 2708 ipsa
2011 2638 2229 2693 dilectio
2249 2637 2344 2692 Dei
2368 2636 2759 2692 diﬁ'uuderetur
2789 2636 2843 2690 in
2867 2634 3022 2690 nobis
3050 2647 3148 2704 per
3183 2631 3445 2703 Spiritum

1875 2735 2152 2793 sanctum;
2188 2741 2290 2783 nec
2327 2726 2443 2801 ipsa
2476 2725 2615 2782 ﬁdes
2654 2734 2803 2783 esset
2838 2726 2895 2780 in
2933 2725 3127 2789 nobis,
3174 2722 3278 2778 nisi
3307 2721 3450 2777 Deus

1875 2830 1998 2870 eam
2023 2816 2196 2870 daret.

1948 2927 2112 2982 Vsus.
2156 2927 2245 2983 l7.
2278 2957 2352 2969 -
2390 2926 2543 2993 Quod
2580 2925 2627 2981 si
2658 2935 2964 2997 qum-entes.
3010 2923 3070 2980 Si
3111 2938 3212 2981 nos
3258 2937 3450 2980 revera

1875 3020 2222 3090 cognovimus
2249 3035 2357 3074 non
2379 3033 2537 3089 posse
2564 3017 2849 3087 iustificari
2884 3032 3006 3082 nos,
3031 3016 3135 3071 nisi
3167 3025 3451 3071 transeun-

1876 3115 1959 3163 tes
2010 3108 2078 3161 ad
2115 3106 2409 3169 Christum,
2470 3106 2711 3176 nunquid
2754 3107 2958 3176 patitur
2997 3105 3248 3161 Christus
3282 3104 3452 3160 relabi

1877 3211 1978 3251 nos
2004 3195 2071 3250 ad
2098 3196 2152 3251 id
2177 3198 2319 3264 quod
2346 3196 2596 3250 eramus?
2624 3197 2777 3263 Quod
2804 3196 2851 3250 si
2874 3205 3174 3265 pateretur,
3207 3195 3453 3265 profecto

1874 3286 2124 3341 minister
2163 3285 2316 3339 nobis
2354 3293 2498 3339 esset
2536 3285 2763 3354 peccati,
2815 3284 2868 3338 id
2896 3291 3001 3350 est,
3035 3285 3232 3354 prioris
3275 3294 3454 3339 status

1875 3374 2074 3439 nostri,
2122 3374 2266 3429 sicut
2311 3373 2502 3429 fuisset
2550 3373 2953 3429 transeuntibus
2988 3375 3058 3429 ad
3100 3389 3162 3430 se
3205 3375 3454 3431 minister

1870 3464 2119 3534 justitiie.

1948 3576 2112 3631 Vsus.
2145 3575 2230 3631 19.
2254 3606 2325 3616 -
2344 3575 2458 3646 Ego
2479 3576 2615 3630 enim
2639 3592 2732 3646 per
2751 3574 2935 3648 legem.
2975 3575 3339 3647 Spiritualiter
3360 3576 3451 3632 in-

1874 3668 2167 3723 tellectam.
2207 3666 2449 3722 Mortuus
2489 3685 2627 3722 sum.
2674 3665 2752 3722 Ne
2787 3669 3081 3723 carnaliter
3123 3670 3322 3724 vivam.
3377 3667 3449 3723 Ut

1874 3756 1985 3812 Deo
2012 3760 2196 3812 vivam.
2243 3757 2360 3812 Non
2410 3758 2572 3824 mihi,
2615 3756 2709 3813 sed
2746 3760 2887 3828 quod
2923 3758 3159 3827 Deojam
3190 3759 3451 3830 possum?

1875 3847 1998 3916 quia
2019 3861 2141 3900 cum
2170 3846 2385 3900 Christo
2406 3861 2545 3900 sum.
2570 3845 2838 3915 Conﬁxus.
2861 3845 2917 3900 Id
2945 3855 3048 3912 est,
3090 3862 3222 3901 crux
3251 3846 3454 3902 Christi

1875 3936 2136 3991 exstinxit
2167 3935 2222 3989 in
2268 3951 2354 3989 me
2379 3937 2626 3990 ardorem
2660 3937 2869 4011 peccati
2898 3945 2955 3990 ut
2985 3936 3098 4004 jam
3127 3937 3266 3991 ultra
3297 3940 3364 3992 ad
3397 3938 3452 3993 id

1876 4044 1984 4083 non
2009 4029 2305 4094 extendar,
2352 4029 2505 4097 quasi
2546 4047 2560 4083 :
2602 4030 2769 4084 clavis
2796 4030 2999 4084 habens
3027 4046 3216 4085 manus
3245 4030 3452 4088 afﬁxas.

1949 4117 2111 4173 Vsus.
2159 4118 2249 4171 20.
2285 4146 2358 4157 —
2410 4117 2557 4173 Vivo.
2604 4118 2663 4172 ln
2710 4120 2998 4174 virtutibus
3031 4120 3268 4191 vigorem
3317 4124 3455 4178 bene

1875 4208 2130 4278 operandi
2184 4207 2373 4261 habeo.
2409 4205 2535 4260 lam
2568 4223 2672 4261 non
2723 4222 2837 4278 ego.
2870 4206 2963 4261 llle
3022 4219 3312 4280 peccator,
3358 4213 3451 4281 qui

1876 4298 2026 4368 prius
2049 4311 2219 4351 eram.
2257 4294 2385 4350 Vivit
2406 4311 2525 4350 vero
2552 4297 2609 4351 in
2630 4312 2711 4352 me
2740 4295 3001 4354 Christus.
3030 4300 3088 4355 Id
3108 4311 3212 4370 est,
3240 4305 3457 4359 novitas

1876 4387 2075 4445 Christi
2095 4396 2316 4457 apparet
2343 4388 2399 4442 in
2438 4401 2543 4443 me.
2574 4386 2657 4442 Ad
2690 4387 2821 4457 quid
2849 4404 2980 4462 ergo
3007 4389 3134 4447 lex?

2478 4539 2711 4597 CAPUT
2767 4541 2854 4598 lll.

1958 4689 2117 4746 Vsus.
2147 4692 2198 4745 i.
2223 4720 2300 4733 —
2326 4691 2371 4746 Ο
2396 4692 2665 4747 insensati.
2697 4693 2915 4768 (AIBR.)
2946 4693 3120 4751 Verba
3149 4695 3457 4756 irascentis.

1884 4783 2052 4838 Erant
2074 4791 2255 4837 autem
2283 4784 2542 4840 insensati
2565 4784 2767 4841 Galatas
2792 4789 2881 4856 qui
2911 4802 3015 4842 nec
3033 4802 3093 4843 se
3123 4788 3463 4844 circumven-

1885 4880 1968 4927 tos
2000 4888 2029 4925 a
2061 4875 2262 4942 pseudo
2294 4876 2675 4945 agnoscebant.
2711 4874 3034 4933 Fuscinavit.
3079 4878 3337 4935 Fascinus
3375 4891 3463 4938 est

1885 4964 2099 5034 quando
2114 4966 2336 5036 magicis
2350 4966 2712 5022 delusionibus
2732 4969 2887 5023 aliter
2898 4972 3143 5039 quaedam
3164 4974 3335 5029 oculis
3354 4976 3457 5030 ho-

1886 5057 2093 5111 minum
2119 5060 2477 5112 ostenduntur
2505 5074 2664 5128 quam
2695 5070 2838 5115 sunt.
2870 5063 3076 5117 Dicitur
3099 5065 3265 5121 etiam
3290 5066 3461 5123 fasci-

1887 5163 1988 5202 nus
2023 5147 2181 5217 vulgo
2208 5148 2300 5217 qui
2325 5157 2485 5202 nocet
2516 5148 2827 5205 infantibus.
2864 5151 3128 5209 Dicuntur
3154 5155 3299 5211 enim
3320 5172 3461 5226 quo-

1889 5253 2007 5291 rum
2033 5237 2155 5291 dam
2178 5237 2318 5291 oculi
2340 5238 2458 5291 visu
2485 5247 2718 5305 urentes,
2746 5241 2869 5295 dum
2902 5243 3066 5300 «thic
3086 5260 3273 5300 eorum
3304 5257 3463 5303 actus

1889 5327 2172 5395 fascinatio
2217 5327 2412 5381 dicitur
2452 5346 2465 5380 :
2505 5339 2561 5383 et
2598 5338 2777 5399 potest
2822 5332 2940 5388 ﬁeri
2978 5343 3037 5388 ut
3081 5336 3207 5391 huic
3232 5344 3465 5405 peccato

1887 5417 2188 5471 inserviant
2237 5417 2529 5473 daemones.
2598 5420 2858 5477 Similiter
2922 5423 3121 5479 invidia
3198 5435 3456 5495 tanquam

1886 5505 2126 5561 fascinus
2149 5506 2273 5561 urit.
2307 5507 2521 5564 Invidus
2542 5512 2685 5565 enim
2708 5528 2812 5567 non
2840 5517 3000 5570 modo
3024 5516 3125 5571 sibi
3151 5526 3326 5579 nocet,
3363 5517 3461 5572 sed

1885 5605 1940 5649 et
1976 5596 2060 5650 his
2104 5596 2157 5650 in
2195 5597 2389 5666 quibus
2438 5598 2616 5669 aliqua
2647 5602 2784 5656 bona
2818 5618 2939 5658 esse
2975 5605 3269 5674 incipiunt;
3316 5606 3461 5661 unde

1889 5687 2177 5752 Salomon,
2242 5685 2547 5746 Fasciuatio
2613 5692 2953 5765 malignitatis
3014 5702 3253 5752 obscurat
3319 5697 3464 5752 bono
