3958 6314
422 328 529 385 575

923 312 1599 397 WALAentutsrnAm
1640 343 1840 399 FULD.
1883 342 2044 399 non.
2087 341 2239 398 ore.
2280 340 2459 397 cans
2496 341 2536 395 ι.
2577 372 2647 381 -
2687 337 3142 397 THEOLOGICA.

3588 344 3715 401 576

426 443 581 514 (Sap.
623 446 720 517 tv).
748 446 842 503 Sic
877 447 1076 505 factum
1125 459 1227 515 est,
1258 462 1316 505 ut
1346 455 1508 510 invidi
1554 466 1806 527 tanquam
1840 457 1997 512 fasci-
2025 461 2075 517 A
2173 431 2331 511 V’ens.
2363 455 2448 509 η.
2476 486 2546 495 -—-
2575 455 2682 510 Lex
2715 466 2918 521 autent,
2950 466 3055 511 etc.
3104 456 3179 509 Ex
3225 456 3327 511 ﬁde
3368 468 3455 513 est
3477 459 3713 530 justitia

426 544 621 591 nantes
666 547 926 593 nocerent
957 540 1182 607 Galatis,
1220 558 1392 611 nuper
1432 545 1484 599 in
1519 546 1735 602 Christo
1778 547 2002 612 renatis,

426 631 488 677 ut
513 624 673 679 iidem
694 624 898 683 Galatae
920 629 1042 685 ﬁdei
1073 633 1353 687 stomacho
1379 645 1675 691 nauseante
1698 637 1875 692 cibum
1899 636 2008 706 spi—

428 715 568 771 ritus
623 728 957 775 evomerent.
1004 721 1134 777 Ante
1166 740 1391 793 quorum
1436 727 1631 783 oculos.
1666 728 1804 784 Vere
1847 730 2005 784 fasci-

430 809 566 874 nati,
597 810 725 879 quia
772 820 897 866 ante
924 813 1131 880 oculos,
1167 815 1219 870 id
1258 825 1343 871 est
1368 858 1382 881 ,
1417 818 1471 873 in
1512 828 1690 874 vestra
1724 822 2008 890 praesentia

431 895 521 952 ille
550 906 730 955 tantus
758 901 851 971 qui
897 911 998 957 est.
1040 902 1195 959 Iesus
1223 906 1463 963 Christus
1498 910 1817 980 proscriptus
1838 921 1931 965 est.
1953 910 2011 966 Id

432 997 535 1053 est,
566 992 939 1050 exhzeredatus
964 1013 977 1050 :
1015 1006 1071 1051 et
1092 998 1195 1051 hoc
1221 998 1276 1051 in
1298 1001 1463 1064 vobis,
1488 1001 1540 1054 in
1565 1001 1688 1055 aliis
1711 1017 1816 1056 non
1847 1002 2001 1057 debe-

433 1077 566 1132 retis
595 1081 707 1149 pati
732 1091 793 1135 ut
830 1098 1054 1153 regnum
1091 1093 1147 1140 et
1189 1087 1558 1143 ha‘reditalem
1602 1104 1755 1145 suam
1797 1090 2014 1144 amitte-

436 1179 537 1234 ret,
567 1173 762 1228 nedum
787 1176 841 1229 in
867 1176 1038 1232 vobis.

508 1265 674 1320 Vens.
704 1266 759 1321 2.
801 1296 856 1309 --
896 1268 1013 1324 Hoc
1049 1271 1217 1326 solum
1258 1290 1289 1326 a
1330 1274 1492 1329 vobis.
1530 1273 1890 1329 Commonitis
1919 1287 2017 1342 per

438 1352 886 1424 increpatiouem,
908 1361 1104 1428 probat
1125 1362 1268 1431 quod
1300 1362 1385 1417 lex
1409 1378 1513 1417 non
1549 1371 1633 1418 est
1654 1363 2014 1427 observanda,

440 1443 566 1510 quia
593 1458 700 1498 non
729 1460 797 1499 ex
826 1461 912 1512 ea,
950 1449 1041 1503 sed
1070 1462 1134 1502 ex
1173 1449 1275 1503 ﬁde
1310 1450 1532 1505 veniunt
1555 1452 1734 1505 omnia
1765 1464 2016 1505 necessa-

443 1532 545 1596 ria,
596 1535 818 1604 spiritus
843 1576 858 1601 ,
882 1534 1095 1605 justitia
1119 1579 1134 1603 ,
1163 1540 1486 1595 benedictio.
1519 1541 1685 1608 Quasi
1716 1559 1729 1595 :
1763 1540 2020 1607 Quamvis

443 1621 694 1678 fascinati
737 1633 792 1680 et
838 1628 1008 1694 stulti,
1038 1638 1216 1684 tamen
1259 1632 1355 1685 hoc
1389 1631 1504 1687 volo
1541 1651 1573 1686 a
1605 1633 1745 1688 vobis
1777 1632 1977 1687 discere
2002 1673 2016 1698 ,

447 1715 575 1784 quia
628 1717 731 1773 hoc
780 1721 914 1775 adeo
962 1723 1183 1777 evidens
1223 1732 1339 1789 est,
1395 1734 1452 1778 ut
1504 1733 1558 1780 et
1610 1726 1757 1780 stulti
1823 1727 2017 1780 docere

2107 558 2163 604 et
2201 550 2308 602 vita
2338 564 2350 601 :
2381 548 2475 602 sed
2504 548 2586 601 lex
2618 562 2723 602 non
2752 556 2835 602 est
2863 560 2931 602 ex
2971 548 3095 602 ﬁde.
3138 546 3326 603 Posset
3364 550 3593 618 quidem
3627 550 3716 605 vi.

2109 637 2244 702 deri,
2274 638 2397 707 quia
2427 652 2589 706 opera
2620 636 2754 707 legis
2781 652 2848 691 ex
2877 637 2978 691 ﬁde
3006 636 3219 703 ﬁerent,
3253 647 3311 692 ut
3335 653 3435 708 pro
3467 638 3550 694 eis
3577 656 3718 711 spe-

2109 737 2360 784 rarentur
2380 735 2581 782 :eterna
2608 745 2621 780 :
2654 728 2747 782 sed
2776 727 2827 781 id
2860 741 2964 781 non
2990 735 3104 793 est,
3136 728 3391 797 quoniam
3425 729 3614 785 Judaei
3646 747 3716 786 ex

2112 817 2305 873 timore
2332 832 2506 887 pmnze
2535 815 2624 872 illa
2650 818 2958 872 servabant.
3006 816 3147 872 Vivet
3176 819 3229 873 in
3258 820 3382 876 illis.
3433 819 3554 876 Non
3590 823 3718 875 ait:

2112 911 2214 977 Qui
2244 910 2431 965 fecerit
2463 924 2604 974 eam,
2628 910 2774 963 vivet
2816 909 2869 963 in
2897 924 2962 963 ea
2983 950 2998 973 ,
3031 924 3151 963 cum
3190 911 3548 980 praemisisset
3576 931 3593 965 :
3630 912 3724 967 (es

2114 1017 2219 1056 non
2240 1010 2314 1054 est
2339 1017 2403 1054 ex
2428 1000 2568 1069 ﬁde;
2599 1009 2657 1053 ut
2689 998 2960 1068 intelligas
2996 998 3165 1069 legem
3196 1001 3250 1053 in
3278 1000 3382 1055 hoc
3407 999 3535 1057 loco
3560 1001 3728 1071 posi-

2116 1098 2227 1144 tam
2256 1105 2353 1160 pro
2385 1089 2515 1159 ipsis
2553 1088 2807 1157 operibus
2844 1103 2964 1157 quae
3004 1088 3058 1141 in
3095 1086 3199 1143 illis
3230 1090 3724 1147 observationibus

2118 1181 2332 1236 ﬁebant.
2376 1180 2477 1249 Qui
2520 1190 2701 1235 autem
2742 1180 2999 1234 vivebant
3026 1179 3079 1234 in
3121 1180 3206 1235 his
3234 1181 3516 1250 operibus,
3553 1183 3726 1236 time.

2115 1267 2247 1327 bant
2288 1272 2476 1341 utique
2505 1270 2571 1342 (si
2608 1286 2717 1325 non
2757 1285 2818 1325 ea
2865 1270 3142 1340 fecissent)
3179 1270 3598 1341 lapidationem,
3638 1271 3725 1328 vel

2118 1377 2356 1427 crucem,
2377 1361 2460 1417 vel
2484 1361 2629 1416 aliud
2652 1360 2958 1431 huiusmodi
2982 1358 3114 1430 pati.
3143 1359 3248 1426 Qui
3269 1378 3393 1431 ergo
3413 1362 3607 1431 fecerit
3635 1378 3723 1427 ea,

2119 1453 2249 1508 vivet
2274 1454 2327 1506 in
2350 1452 2490 1506 illis:
2521 1466 2625 1506 non
2652 1451 2793 1521 apud
2836 1450 3034 1517 Deum,
3067 1450 3121 1507 id
3161 1459 3279 1516 est,
3310 1451 3542 1506 habebit
3578 1467 3731 1522 prte-

2121 1543 2324 1608 mium,
2371 1559 2437 1599 ne
2473 1544 2576 1598 ista
2621 1551 2796 1597 morte
2839 1543 3114 1611 phniatur.
3153 1542 3255 1610 Qui
3299 1550 3480 1597 autem
3511 1559 3584 1598 ex
3616 1543 3728 1599 ﬁde

2121 1632 2274 1699 vivit,
2303 1647 2424 1688 cum
2451 1633 2580 1687 hinc
2606 1632 2828 1695 exierit,
2854 1641 2983 1686 tunc
3025 1631 3199 1702 magis
3225 1632 3447 1686 habebit
3470 1647 3728 1701 prazsen-

2124 1724 2389 1779 tissimum
2431 1725 2731 1795 prtemium.
2775 1722 2892 1777 Non
2924 1722 3089 1792 igitur
3114 1738 3181 1777 ex
3212 1722 3317 1777 ﬁde
3344 1723 3521 1787 vivit,
3568 1723 3727 1793 quis-

445 1802 666 1873 queant.
696 1805 752 1862 Si
780 1808 911 1864 nihil
958 1811 1101 1866 aliud
1140 1821 1317 1879 esset,
1364 1814 1467 1869 hoc
1493 1814 1664 1870 solum
1702 1818 1768 1870 ad
1791 1817 2022 1897 proban-
2050 1811 2099 1872 Β
2128 1817 2250 1885 quis
2286 1816 2571 1886 praesentia
2617 1830 2737 1884 quae
2778 1815 3060 1879 videntur,
3092 1814 3176 1870 vel
3221 1814 3371 1886 cupit
3400 1814 3488 1870 vel
3518 1816 3724 1869 timet:

447 1893 575 1950 dum
620 1896 890 1956 sulliceret
920 1941 935 1967 ,
978 1917 1101 1957 cum
1142 1912 1353 1958 constet
1395 1905 1523 1975 quia
1576 1905 1824 1975 spiritum
1867 1893 2023 1961 acce-

447 1986 635 2055 pistis;
683 1991 780 2046 sed
808 2007 877 2046 an
919 2010 984 2049 ex
1016 1995 1272 2064 operibus
1302 1997 1356 2051 in
1379 1997 1575 2067 quibus
1603 1997 1843 2053 laborem
1880 2012 2022 2051 nun-

449 2093 610 2147 quam
639 2082 946 2152 accepistis,
980 2099 1048 2139 an
1097 2101 1162 2141 ex
1190 2087 1295 2142 ﬁde
1338 2102 1459 2157 quae
1508 2089 1724 2144 auditus
1764 2088 2024 2144 facilitate

450 2170 633 2226 venit?

522 2263 685 2319 Vens.
714 2266 769 2320 4.
800 2297 873 2309 —-
900 2267 1024 2324 Sine
1062 2287 1242 2326 causa.
1286 2270 1408 2328 [deo
1450 2272 1581 2328 dicit
1614 2293 1626 2328 :
1672 2272 1810 2340 Quia
1855 2271 2025 2326 multa

446 2354 560 2424 jam
587 2372 685 2426 pro
726 2359 832 2414 ﬁde
871 2361 1251 2429 toleraverant,
1299 2372 1355 2419 et
1391 2366 1443 2419 in
1482 2365 1613 2434 ipsis
1650 2362 2023 2434 passionibus,

451 2449 718 2506 charitate
747 2451 995 2508 timorem
1036 2455 1300 2511 vicerant.
1354 2454 1483 2512 Sine
1520 2472 1684 2512 causa
1724 2471 1855 2526 ergo
1879 2463 2026 2510 tanta

452 2540 596 2607 passi
626 2551 804 2607 erant,
847 2545 939 2613 qui
972 2559 1000 2597 a
1031 2546 1315 2612 charitate,
1342 2564 1463 2618 qtae
1488 2548 1543 2602 in
1574 2548 1654 2603 eis
1683 2555 1833 2602 tanta
1860 2547 2026 2602 susti-

452 2640 667 2697 nuerat,
689 2634 755 2687 ad
786 2634 955 2707 legem
983 2636 1090 2691 labi
1115 2638 1383 2693 volebant.

523 2719 687 2776 Vens.
720 2723 773 2778 5.
815 2756 887 2765 —
934 2725 1038 2791 Qui
1084 2744 1206 2798 ergo
1254 2728 1454 2782 tribuit.
1508 2728 1641 2796 Quia
1693 2744 1788 2784 vos
1830 2745 1934 2784 non
1960 2745 2025 2785 ex

450 2813 703 2880 operibus
746 2831 865 2884 quae
914 2833 1187 2886 nunquam
1224 2819 1492 2874 habuistis
1532 2820 1822 2890 accepistis
1870 2820 2028 2889 spiri-

454 2909 591 2961 tum,
622 2903 718 2956 sed
744 2918 808 2957 ex
840 2903 980 2969 ﬁde;
1020 2920 1150 2975 ergo
1181 2907 1409 2977 potestis
1434 2908 1618 2963 videre
1643 2907 1785 2977 quod
1814 2923 1914 2978 ego
1934 2908 2029 2978 qui

452 2989 613 3044 habui
642 3006 804 3061 opera
835 2993 991 3064 legis,
1025 3010 1130 3049 non
1173 3012 1271 3065 per
1290 3011 1376 3064 ea,
1403 2998 1495 3052 sed
1525 3012 1623 3066 per
1653 2997 1811 3053 ﬁdem
1843 2998 2027 3067 accepi

453 3090 776 3151 potestatem
812 3085 975 3141 dandi
1003 3088 1253 3156 spiritum
1284 3097 1340 3143 et
1364 3090 1623 3158 operandi
1650 3090 1927 3145 miracula.
1953 3091 2028 3145 De

2128 1907 2251 1978 quia
2279 1906 2414 1962 ﬁdes
2434 1905 2528 1960 Dei
2561 1907 2626 1961 ad
2654 1904 2943 1960 invisibilia
2967 1904 3230 1976 pertinet.

2196 1997 2358 2054 Vens.
2406 2000 2492 2054 15.
2520 2029 2590 2039 -
2616 1996 2815 2052 Factus
2844 2014 2938 2068 pro
2983 1998 3159 2064 nobis,
3193 1998 3246 2052 id
3284 2006 3398 2063 est,
3429 2007 3729 2068 reputatae

2112 2105 2233 2147 non
2273 2088 2445 2145 solum
2489 2087 2834 2148 maledictus,
2866 2085 2961 2142 sed
2991 2086 3154 2141 etiam
3182 2086 3559 2141 maledictum.
3606 2084 3724 2149 Vel,

2126 2177 2326 2233 Factus
2366 2185 2450 2232 est
2478 2177 2553 2230 rei
2580 2175 2806 2231 veritate
2842 2174 3151 2228 maledictus
3172 2214 3186 2239 ,
3212 2174 3265 2229 id
3297 2182 3415 2238 est,
3442 2173 3724 2228 mortalis.

2129 2267 2443 2323 Maledictus
2473 2267 2561 2338 qui
2597 2265 2801 2337 pendet.
2854 2264 3057 2331 Quasi:
3099 2262 3244 2320 Satis
3283 2264 3351 2318 ad
3393 2279 3623 2334 pinnam
3658 2263 3727 2317 sit

2127 2359 2269 2430 quod
2295 2373 2587 2431 suspensus
2614 2356 2843 2411 moritur
2873 2370 3028 2410 reus:
3051 2364 3105 2409 et
3130 2356 3272 2425 quod
3295 2354 3405 2409 illic
3433 2362 3518 2408 est
3546 2368 3728 2422 usque

2129 2450 2196 2506 ad
2218 2465 2499 2521 vesperam
2520 2489 2535 2515 ,
2566 2457 2626 2503 ut
2654 2456 2780 2502 tunc
2816 2447 3116 2518 deponatur
3137 2455 3190 2503 et
3212 2447 3537 2518 sepeliatur,
3574 2462 3649 2499 ne
3681 2445 3726 2500 si

2130 2541 2203 2596 ibi
2229 2541 2303 2594 sit
2328 2540 2547 2604 diutius,
2578 2539 2752 2610 majus
2778 2538 2848 2592 sit
2870 2538 3221 2608 opprobrium
3249 2557 3262 2592 :
3293 2545 3348 2593 et
3372 2536 3593 2591 macula
3634 2551 3729 2604 ge-

2129 2630 2249 2685 neri
2294 2628 2430 2697 ejus.
2477 2629 2660 2683 Omnis
2706 2629 2879 2682 homo.
2924 2627 3099 2682 Etiam
3144 2626 3411 2693 Christus,
3446 2640 3515 2679 ne
3548 2623 3727 2679 futuri

2130 2721 2372 2777 lneretici
2404 2728 2602 2790 negent
2626 2717 2741 2788 ejus
2772 2734 2955 2773 veram
2984 2725 3231 2773 mortem.

2201 2812 2362 2868 Vens.
2402 2813 2486 2865 l7.
2516 2842 2584 2852 —
2614 2809 2727 2865 Hoc
2752 2820 2924 2863 autem
2970 2808 3106 2863 dico.
3138 2808 3250 2865 Hoc
3278 2809 3528 2879 promisit
3578 2811 3728 2868 Deus

2129 2904 2381 2969 Abrahze,
2413 2904 2508 2957 hoc
2536 2913 2708 2956 autem
2735 2913 3095 2956 testamentum
3123 2902 3486 2970 confirmatum
3513 2919 3623 2973 per
3639 2907 3728 2976 ju-

2133 3004 2374 3051 ramenta
2400 2995 2516 3049 dico
2551 3003 2606 3049 et
2640 2992 2866 3057 afﬁrmo,
2903 2994 3043 3063 quod
3081 2993 3163 3048 lea
3191 3010 3293 3048 non
3315 2995 3439 3064 facit
3466 2996 3722 3062 irritum,

2133 3088 2199 3143 de
2227 3104 2330 3158 qua
2359 3103 2466 3142 non
2494 3096 2638 3142 eset
2666 3088 2766 3141 hoc
2794 3087 3088 3156 putandum
3117 3104 3130 3138 :
3164 3086 3289 3156 quia
3326 3086 3448 3140 data
3478 3096 3569 3142 est
3604 3097 3724 3142 tan-

454 3185 522 3225 eo
549 3172 690 3241 quod
718 3174 818 3229 sub
850 3175 968 3246 lege
1001 3175 1210 3243 fuerat,
1257 3187 1468 3248 poterat
1495 3181 1729 3235 dubitari
1762 3200 1774 3235 :
1814 3183 1907 3237 sed
1930 3198 2026 3253 per
2053 3176 2096 3239 C
2131 3186 2242 3232 tum
2265 3178 2331 3231 ad
2356 3185 2569 3247 tempus
2595 3194 2607 3229 :
2642 3176 2766 3245 quia
2793 3183 2915 3246 post
2945 3173 3169 3228 multum
3203 3183 3408 3244 tempus
3431 3190 3463 3228 a
3487 3178 3726 3244 promis-

455 3261 859 3319 similitudinem
890 3266 1116 3321 istorum
1155 3275 1324 3322 totum
1357 3269 1546 3338 liquet.

526 3352 686 3409 Vens.
720 3355 771 3410 6.
800 3386 870 3397 -—
889 3357 970 3411 Ad
998 3360 1283 3428 justitiam.
1313 3359 1585 3415 Justitiam
1611 3372 1771 3418 vocat
1796 3363 1884 3417 hic
1905 3377 2030 3432 pec-

455 3455 696 3501 catorum
720 3450 1088 3505 remissionem
1126 3460 1180 3505 et
1206 3453 1359 3507 bonae
1385 3454 1506 3507 vita:
1532 3454 1951 3509 observantiam.

526 3536 688 3593 Vens.
714 3538 767 3592 8.
802 3569 865 3578 —
889 3538 1199 3594 Providens.
1232 3542 1344 3597 Non
1376 3543 1545 3597 solum
1568 3545 1777 3612 justitia
1804 3560 1870 3598 ex
1903 3544 2027 3609 ﬁde,

456 3626 550 3679 sed
583 3636 639 3680 et
674 3628 1001 3692 benedictio,
1027 3631 1151 3699 quia
1185 3631 1465 3702 Scriptura
1497 3634 1630 3688 dicit
1662 3652 1673 3688 :
1706 3635 1773 3688 In
1798 3645 1847 3689 te
1877 3637 2030 3690 bene-

415 3752 423 3761 .
456 3715 709 3779 dicentur,
740 3718 792 3771 id
825 3727 927 3783 est,
968 3719 1020 3773 in
1063 3730 1167 3775 tuae
1194 3721 1317 3776 ﬁdei
1348 3722 1753 3779 conformitate.
1789 3725 1926 3790 Quia
1966 3743 2030 3780 ex

455 3804 580 3874 ﬁde.
613 3805 727 3861 Non
766 3823 830 3863 ex
871 3810 1155 3879 cperibus,
1201 3821 1306 3866 etc.
1351 3811 1737 3868 Prwnuntiavit
1764 3857 1777 3882 ,
1826 3816 1878 3870 id
1921 3825 2027 3884 est,

457 3896 710 3951 ostendit.
740 3894 859 3963 Vel,
887 3903 1275 3969 prwnuntiavit,
1302 3903 1354 3958 id
1386 3912 1486 3966 est,
1522 3906 1757 3961 ostendit
1782 3920 2031 3977 praenun-

459 3985 650 4041 tiatum
700 4004 842 4055 esse,
876 3993 1017 4061 quod
1069 3994 1439 4050 benedicentur
1470 3997 1524 4051 in
1561 4006 1766 4053 :cterna
1802 4000 2033 4055 beatitu-

458 4077 599 4133 dine.
625 4078 691 4133 In
726 4090 793 4134 te.
818 4081 876 4136 in
907 4089 1009 4137 tuae
1034 4083 1157 4139 ﬁdei
1183 4085 1504 4150 imitatione.
1533 4097 1638 4144 etc.

534 4170 692 4226 Vens.
716 4172 802 4226 10.
825 4200 898 4214 —-
929 4174 1236 4247 Quicunque
1261 4179 1419 4244 enim,
1448 4188 1554 4236 etc.
1582 4181 1693 4235 Hoc
1724 4180 2030 4251 intelligen-

458 4260 586 4313 dum
623 4269 722 4325 est,
762 4278 870 4318 non
902 4265 966 4318 de
993 4266 1249 4334 operibus
1277 4283 1396 4336 qua:
1422 4270 1491 4323 ad
1524 4281 1703 4322 mores
1741 4270 2026 4337 pertinent,

457 4353 552 4406 sed
580 4369 698 4422 qua:
722 4355 776 4407 in
802 4357 1268 4413 observationibus
1305 4359 1410 4414 illis
1440 4359 1659 4415 ﬁebant.
1697 4359 1923 4415 Prodest
1943 4360 2029 4415 lex

460 4442 514 4495 in
546 4443 741 4499 tabulis
786 4447 982 4516 scripta
1016 4465 1029 4500 :
1070 4458 1265 4502 caetera
1308 4463 1445 4504 onus
1487 4459 1633 4515 sunt,
1662 4451 1805 4521 quod
1841 4451 2031 4521 probat

459 4535 779 4589 auctoritate
815 4534 1138 4606 Scripturze,
1167 4538 1355 4593 dicens
1384 4558 1395 4592 :
1430 4517 1696 4611 Scriptum
1716 4551 1809 4596 est.
1836 4517 1937 4609 Qui
1965 4557 2030 4597 ex
2060 4517 2110 4577 D

458 4623 710 4691 operibus
760 4623 894 4696 legis
940 4634 1101 4691 sunt,
1154 4627 1422 4683 maledicti
1488 4637 1612 4683 sunt
1645 4671 1660 4696 ,
1714 4631 1839 4701 quia
1892 4633 2031 4689 sicut

459 4715 717 4783 scriptum
738 4724 820 4771 est
845 4732 874 4771 a
904 4716 1084 4788 Moyse
1111 4717 1167 4772 in
1202 4718 1618 4775 Deuteronomio
1655 4721 1833 4791 (Deut.
1869 4723 1983 4795 χχι)
2012 4742 2025 4779 :

461 4798 774 4859 Maledictus
801 4806 966 4861 omnis
995 4808 1169 4873 homo,
1217 4818 1320 4863 etc.
1348 4809 1511 4877 Quasi
1537 4830 1549 4864 :
1585 4811 1745 4866 Multa
1794 4814 2027 4884 prtecepi

458 4907 579 4960 qua:
613 4895 792 4947 omnia
818 4896 992 4951 nullus
1022 4898 1244 4968 implere
1270 4901 1469 4969 poterit
1496 4920 1508 4955 :
1545 4903 1637 4958 sed
1663 4903 1715 4955 in
1742 4918 1880 4957 onus
1904 4904 2029 4959 data

458 4990 604 5046 sunt,
629 4991 685 5037 et
716 4984 835 5039 ideo
854 5001 1040 5042 omnes
1076 4989 1362 5045 maledicti.
1404 4992 1461 5045 In
1490 5008 1596 5062 quo
1627 4993 1798 5047 innuit
1822 4993 2027 5048 deside-

459 5073 684 5126 randum
716 5088 836 5129 esse
864 5074 1219 5145 Salvatorem,
1244 5083 1336 5149 qui
1366 5081 1525 5136 tinem
1549 5090 1716 5150 ponat
1753 5082 1857 5147 his,
1890 5093 1943 5136 et
1966 5081 2029 5135 li-

458 5160 609 5214 beret
638 5177 740 5217 non
782 5163 951 5219 solum
993 5167 1061 5221 ab
1097 5167 1216 5222 aliis
1242 5170 1481 5240 peccatis
1506 5210 1520 5235 ,
1554 5170 1645 5224 sed
1681 5184 1710 5222 a
1742 5169 2029 5225 maledicto

456 5252 608 5319 legis.
640 5252 750 5308 Cur
782 5269 912 5325 ergo
940 5258 1142 5313 Galatze
1169 5269 1453 5315 transeunt
1491 5276 1519 5313 a
1552 5260 1727 5331 gratia
1762 5260 1829 5314 ad
1858 5258 2025 5313 male-

454 5341 704 5397 dictum?

532 5432 686 5487 Vens.
738 5434 823 5488 il.
860 5466 929 5476 —
975 5436 1309 5506 lusti/icatur
1354 5438 1493 5508 apud
1534 5436 1723 5491 Deum.
1770 5437 1872 5505 Qui
1906 5453 2029 5492 eum

453 5525 621 5593 gratis
647 5526 798 5592 colit,
822 5528 1046 5592 scilicet,
1069 5542 1172 5582 non
1203 5528 1496 5599 cupiditate
1519 5529 1804 5601 appetendi
1830 5530 2031 5599 aliquid

451 5614 519 5668 ab
542 5615 658 5684 ipso
697 5625 893 5687 pratter
935 5617 1129 5685 ipsum,
1168 5618 1249 5673 vel
1281 5621 1477 5673 timore
1500 5619 1803 5674 amittendi.
1835 5619 1893 5672 In
1916 5619 2030 5688 ipso

450 5708 594 5763 enim
649 5707 764 5763 solo
795 5721 921 5762 vera
952 5716 1134 5762 nostra
1164 5708 1441 5764 beatitudo
1460 5717 1636 5776 est,et
1663 5708 1898 5779 perfecta
1927 5721 2023 5766 est.

2130 3272 2282 3325 sione
2317 3269 2458 3323 facta
2485 3268 2747 3331 Abrahae,
2782 3268 2868 3323 lex
2900 3270 3024 3322 data
3065 3275 3187 3324 est:
3239 3271 3445 3344 de.qua
3489 3271 3534 3325 si
3572 3283 3728 3328 esset

2130 3359 2469 3423 benedictio,
2497 3357 2745 3413 homines
2771 3356 2911 3411 illius
2940 3358 3198 3427 temporis
3229 3355 3531 3423 Abraham,
3561 3359 3725 3415 Isaac

2129 3457 2183 3502 et
2208 3446 2373 3502 Jacob
2416 3462 2520 3501 non
2549 3460 2666 3499 eam
2708 3445 3038 3500 habuissent.
3066 3445 3177 3499 Lex
3204 3463 3307 3501 non
3329 3447 3451 3516 facit
3478 3448 3724 3503 irritum.

2130 3538 2186 3594 Id
2217 3547 2321 3602 est,
2349 3538 2538 3592 falsum
2565 3557 2575 3590 :
2608 3536 2747 3607 quod
2781 3536 3002 3603 faceret,
3032 3537 3077 3591 si
3101 3553 3200 3608 per
3227 3553 3345 3593 eam
3371 3539 3604 3594 daretur
3634 3541 3728 3596 be-

2133 3627 2384 3681 nedictio.
2413 3626 2708 3680 Promissio
2733 3626 2875 3679 enim
2903 3625 2989 3678 illa
3013 3641 3118 3679 non
3158 3626 3310 3691 dixit,
3338 3628 3481 3696 quod
3509 3644 3617 3698 per
3647 3630 3723 3684 le-

2133 3730 2284 3787 gem,
2317 3716 2409 3770 sed
2434 3730 2533 3785 per
2556 3729 2760 3770 semen.
2795 3713 2947 3781 Quod
2980 3714 3024 3768 si
3049 3730 3148 3784 per
3181 3715 3351 3784 legem
3376 3716 3726 3783 benedictio,

2132 3824 2260 3878 ergo
2286 3806 2487 3863 frustra
2511 3808 2704 3862 semini
2731 3808 3002 3877 promisit,
3026 3816 3081 3863 et
3105 3806 3299 3863 frustra
3325 3824 3509 3865 semen
3535 3811 3725 3882 ipsum

2131 3901 2296 3955 venit.
2337 3900 2445 3956 Lex
2495 3916 2601 3957 non
2635 3900 2764 3955 facit
2799 3901 3012 3955 irritmn
3057 3902 3210 3971 quasi
3249 3901 3362 3971 jam
3399 3903 3610 3959 valeret
3658 3907 3727 3961 ad

2131 3991 2498 4045 cvacuandam
2526 3990 2971 4061 promissionem:
2996 3990 3119 4060 quia
3148 4000 3294 4046 esset
3318 3990 3472 4059 falsa,
3496 4004 3551 4048 et
3569 3993 3729 4050 Deus

2132 4080 2387 4135 tnendax.

2204 4172 2368 4227 Vens.
2404 4172 2492 4227 l9.
2538 4204 2609 4213 —
2656 4171 2880 4243 Pr0pter
2902 4175 3356 4244 transgressiones.
3401 4175 3583 4231 Posita
3636 4190 3726 4234 est

2132 4264 2186 4317 in
2230 4264 2434 4328 medio,
2480 4264 2622 4319 inter
2646 4265 3056 4335 promissionem
3089 4274 3142 4321 et
3170 4280 3393 4321 semen:
3439 4268 3526 4322 cui
3571 4269 3724 4324 facta

2131 4358 2211 4406 est
2241 4352 2544 4421 promissio,
2567 4352 2622 4407 id
2650 4362 2756 4419 est,
2784 4353 2922 4407 inter
2948 4353 3221 4409 Abraham
3246 4363 3301 4408 et
3323 4352 3625 4418 Christum,
3664 4367 3725 4412 ut

2131 4439 2385 4511 populum
2414 4439 2509 4495 Dei
2534 4441 2776 4496 erudiret
2800 4442 2897 4497 sub
2929 4444 3123 4498 timore
3152 4443 3244 4499 Dei
3270 4463 3282 4496 :
3316 4453 3374 4498 ut
3399 4444 3593 4514 dignus
3622 4447 3724 4500 ﬁe-

2136 4540 2219 4586 ret
2244 4532 2491 4601 excipere
2518 4532 2930 4602 promissionem
2962 4548 3083 4602 quze
3122 4541 3210 4588 est
3247 4533 3511 4589 Christus.
3554 4533 3722 4590 Ordi-

2136 4630 2261 4676 nata
2288 4636 2378 4691 per
2402 4620 2629 4691 angelos.
2666 4619 2771 4675 Lex
2804 4621 2922 4676 dico
2963 4621 3211 4677 ordinata
3240 4638 3337 4692 per
3360 4622 3608 4693 angelos,
3666 4625 3719 4677 id

2135 4720 2221 4767 est
2245 4710 2477 4782 Moysen,
2506 4719 2560 4765 et
2591 4711 2723 4766 alios
2745 4710 3019 4766 ministros
3041 4711 3158 4775 Dei,
3188 4714 3271 4768 vel
3297 4713 3595 4767 ministerio
3615 4728 3719 4767 an-

2135 4801 2374 4870 gelorum
2404 4801 2710 4855 hominibus
2738 4802 2859 4856 data
2880 4843 2895 4866 ,
2924 4801 2978 4854 in
3001 4803 3198 4870 quibus
3226 4805 3431 4874 angelis
3454 4813 3571 4858 erat
3598 4807 3712 4859 uti-

2135 4905 2240 4959 que
2276 4889 2438 4944 Pater
2464 4898 2519 4946 et
2546 4890 2712 4945 Filius
2750 4899 2801 4944 et
2842 4890 3077 4961 Spiritus
3123 4901 3359 4948 sanctus.
3404 4894 3713 4964 Aliquando

2133 4981 2249 5037 sine
2275 4979 2380 5033 ulla
2413 4979 2753 5034 distinctione
2775 4996 3039 5051 personaa,
3065 4981 3207 5037 Deus
3234 4998 3333 5054 per
3359 4983 3478 5038 illos
3507 4984 3711 5055 ﬁgura-

2076 5088 2083 5094 θ
2132 5070 2306 5123 batur.
2342 5068 2405 5123 Et
2456 5078 2579 5123 nota
2619 5070 2759 5140 quod
2787 5086 2892 5125 non
2937 5072 3013 5124 ait
3056 5072 3212 5138 data,
3243 5073 3371 5138 sed,
3414 5073 3663 5127 ordinata
3689 5089 3707 5125 :

2133 5162 2290 5231 quasi
2318 5161 2689 5216 ordinabilitcr
2709 5162 2836 5216 data
2875 5162 3019 5216 inter
3049 5171 3260 5233 tempus
3282 5163 3546 5219 naturalis
3571 5163 3708 5235 legis

2135 5252 2222 5323 (de
2250 5267 2352 5321 qua
2373 5252 2604 5306 convicti
2626 5261 2752 5307 sunt
2774 5254 2915 5321 quod
2937 5252 3130 5322 juvare
3151 5268 3256 5308 non
3280 5252 3474 5322 potuit)
3495 5260 3551 5307 et
3571 5263 3709 5308 tem-

2132 5358 2231 5412 pus
2260 5342 2443 5413 gratiae
2473 5350 2758 5410 antequam
2785 5344 2851 5397 de
2880 5341 2995 5414 lege
3025 5343 3377 5398 convincendi
3400 5351 3589 5398 erant:
3614 5345 3705 5413 qui

2126 5450 2255 5505 ergo
2284 5449 2427 5488 nunc
2455 5448 2572 5487 eam
2605 5432 2847 5498 reducit,
2899 5442 3085 5489 contra
3111 5434 3356 5488 ordinem
3388 5432 3703 5502 angelorum

2128 5524 2276 5579 facit.
2309 5523 2376 5577 In
2402 5540 2579 5577 manu.
2616 5523 2669 5578 ld
2697 5532 2800 5589 est,
2829 5524 2880 5577 in
2903 5531 3169 5592 potestate
3193 5523 3423 5589 Christi,
3450 5532 3510 5577 ut
3535 5533 3705 5579 staret

2128 5614 2211 5670 lex
2241 5616 2364 5669 dum
2388 5613 2566 5677 vellet,
2596 5621 2833 5667 cessaret
2853 5628 2977 5666 cum
2998 5612 3174 5666 vellet.
3205 5611 3344 5681 Ergo
3370 5620 3558 5669 multa
3580 5626 3701 5669 eum

2126 5707 2304 5764 facitis
2353 5706 2442 5777 qui
2490 5719 2607 5760 eam
2656 5702 2939 5757 destruxit.
2990 5702 3247 5757 Mediator
3286 5709 3368 5756 cst
3411 5702 3552 5756 inter
3597 5699 3699 5753 duo
