3958 6314
201 354 289 411 5Ἷῖ

971 385 978 391 .
1066 331 1330 391 GLOSSA
1367 325 1762 387 0RDINARIA.
1803 352 1871 362 -—
1906 318 2123 376 EPIST.
2164 318 2254 371 AD
2292 315 2539 371 CALAT.

3312 306 3423 387 51s

210 473 454 524 extrema,
487 462 542 511 et
565 454 634 508 ob
662 453 765 507 hoc
794 450 1062 504 videretur
1093 445 1174 499 vel
1204 444 1344 512 quod
1373 441 1753 495 Christus‘non
1783 446 1828 502 Α
1859 430 2142 485 missiones
2179 429 2334 524 dicite
2368 437 2491 524 sunt
2520 424 2751 524 librabat.
2771 464 2784 488 ,
2827 421 3112 524 ent-.se‘ntini
3146 418 3287 524 ejus.
3320 421 3421 478 Hic

210 558 346 612 esset
365 550 520 609 Deus,
542 545 626 597 vel
652 541 795 610 quod
816 539 922 593 duo
949 537 1022 591 dii
1048 542 1246 589 essent.
1271 532 1349 587 Ad
1376 531 1515 600 quod
1539 543 1756 598 respon-

210 646 322 706 det,
350 635 446 693 etsi
478 631 743 687 mediator
768 643 873 683 non
901 634 984 682 est
1012 624 1169 678 unius
1198 620 1291 675 sed
1318 619 1545 672 duarum
1573 626 1749 670 extre-

209 734 464 791 mitatum,
495 733 671 779 tamen
705 729 785 776 est
812 719 956 773 Deus
984 728 1122 768 unus
1164 725 1284 766 cum
1320 711 1430 764 Deo
1469 706 1629 760 Patre
1660 719 1757 773 per

210 821 430 878 divinam
457 822 722 875 naturam,
744 809 834 866 cui
864 806 1062 862 mediat
1088 818 1184 873 per
1208 802 1518 856 humanam.

274 910 426 964 Vens.
454 903 541 958 20.
568 932 638 942 —
664 898 944 954 Mediator.
964 896 1073 950 Lex
1095 908 1254 963 quam
1285 892 1443 945 habet
1473 888 1755 952 mediator,

209 997 356 1053 unius
378 991 555 1064 populi
587 997 792 1044 tantum
823 996 943 1041 est:
977 982 1070 1039 sed
1108 990 1282 1035 tamen
1319 980 1432 1048 ipse
1462 977 1756 1038 mediator,

211 1101 306 1140 non
331 1090 411 1138 est
441 1088 647 1135 tantum
688 1078 845 1133 unius
872 1075 1074 1145 pepuli,
1108 1074 1160 1128 id
1190 1081 1303 1137 est,
1333 1070 1636 1125 Iudaeorum
1666 1068 1757 1137 qui

208 1176 365 1245 legem
394 1168 697 1224 habuerunt
723 1167 814 1222 sed
846 1174 901 1221 et
929 1162 1227 1236 gentilium,
1253 1169 1308 1215 et
1330 1160 1450 1215 ideo
1479 1174 1583 1213 non
1614 1173 1760 1227 quae-

208 1268 330 1323 ratis
352 1265 555 1336 legem,
589 1271 648 1317 ut
688 1260 930 1316 habeatis
962 1258 1331 1313 mediatorem.
1364 1254 1625 1309 Mediator
1653 1267 1760 1306 non

206 1366 281 1413 cst
301 1356 472 1417 unius,
502 1353 598 1408 sed
628 1360 806 1408 tamen
847 1359 934 1406 est
974 1364 1146 1404 unus:
1186 1345 1451 1403 sufﬁciens
1477 1346 1544 1400 ad
1573 1359 1761 1399 omnes

204 1444 620 1502 reconciliandos
660 1442 804 1510 Deo,
836 1442 963 1513 quia
1004 1440 1146 1496 Deus
1168 1480 1182 1506 ,
1214 1448 1268 1495 et
1311 1439 1431 1495 ideo
1474 1437 1619 1492 aliud
1655 1452 1761 1492 non

202 1534 500 1605 adjungatis
525 1533 595 1592 ei.

268 1626 426 1680 Vens.
455 1624 551 1677 21.
573 1653 644 1662 -
664 1620 772 1676 Lex
796 1637 940 1692 ergo,
966 1627 1070 1677 etc.
1099 1616 1539 1687 Quandoquidem
1567 1614 1654 1669 lex
1680 1619 1764 1668 est

197 1725 410 1788 propter
438 1712 957 1784 transgressionem,
1002 1726 1133 1782 ergo
1170 1718 1253 1765 est
1298 1711 1373 1763 ita
1413 1715 1600 1762 contra
1638 1720 1763 1775 pro-

1855 529 2031 577 autem
2058 533 2241 575 semen
2266 518 2496 572 Abraha:
2527 516 2653 570 dicti
2683 524 2807 569 sunt
2844 513 2933 566 lilii
2961 511 3196 578 Christi,
3226 508 3277 565 id
3304 520 3418 575 est,

1854 622 2040 664 omnes
2067 605 2368 661 credentes.
2395 604 2590 659 Verum
2613 603 2823 671 quoties
2843 600 3088 655 Christus
3114 600 3425 655 nominatur

1855 712 2035 753 semen
2064 696 2324 761 Abrahae,
2357 693 2707 764 corporaliter
2742 693 3077 748 sentiendum
3118 700 3239 746 est:
3279 689 3423 760 quod

1855 786 2060 841 scilicet
2082 802 2145 841 ex
2174 786 2291 856 ejus
2321 786 2487 854 stirpe
2523 794 2827 855 generetur.
2866 783 3087 850 Quoties
3118 792 3295 838 autem
3321 798 3422 837 nos

1856 877 1945 946 qui
1977 877 2245 931 credimus
2280 877 2332 930 in
2365 892 2488 930 eum
2528 875 2760 930 dicimur
2804 891 2985 931 semen
3016 874 3263 939 Abrahae,
3298 882 3423 927 tunc

1856 965 2208 1037 spiritualiter
2234 980 2415 1021 semen
2444 965 2570 1020 ﬁdei
2599 965 2843 1034 accipere
2873 965 3148 1019 debemus.

2489 1117 2713 1174 CAPUT
2744 1118 2830 1170 IV.

1930 1237 2090 1291 Vens.
2124 1237 2175 1290 1.
2202 1267 2270 1276 -
2300 1235 2427 1290 Dico
2452 1246 2646 1299 autem,
2678 1243 2783 1288 etc.
2816 1233 2970 1288 Modo
2999 1248 3094 1288 vos
3120 1233 3344 1303 gentiles
3371 1239 3426 1286 et

1860 1343 1960 1383 nos
1983 1327 2152 1383 Iudaei
2178 1343 2364 1381 sumus
2385 1326 2608 1390 Christi,
2636 1334 2691 1380 et
2713 1339 2897 1379 semen
2930 1323 3157 1378 Abrahae
3180 1332 3230 1378 et
3262 1325 3429 1378 haere—

1860 1419 1973 1473 des.
2008 1416 2113 1472 Sed
2142 1417 2269 1472 olim
2299 1432 2396 1471 nos
2424 1414 2589 1470 Judaei
2632 1416 2730 1469 sub
2756 1414 2870 1484 lege
2897 1429 3113 1487 eramus
3143 1415 3267 1468 dum
3300 1429 3427 1483 par-

1860 1509 1969 1563 vuli
2009 1509 2207 1565 fuimus
2244 1509 2384 1564 sicut
2422 1508 2596 1563 haeres
2635 1506 2878 1573 futurus,
2927 1514 2982 1561 et
3021 1521 3052 1561 a
3096 1514 3249 1576 patre
3296 1506 3428 1559 sub—

1863 1599 2103 1653 stitutus.

1934 1686 2095 1742 Vens.
2121 1688 2175 1742 5.
2199 1719 2262 1728 —
2287 1674 2393 1743 Sub
2414 1686 2693 1741 elementis.
2716 1685 2773 1740 In
2796 1685 3073 1740 elementis
3100 1684 3429 1747 ncomenias,

203 1776 377 1872 inissa,
405 1813 463 1861 ut
491 1776 736 1876 per'eam
760 1803 1045 1874 impleatur
1069 1776 1232 1855 aliter
1256 1814 1416 1870 quam
1439 1797 1761 1868 promissum
1792 1783 1836 1842 Β
1865 1779 1919 1876 id
1948 1781 2267 1876 e§l1003ff35
2295 1780 2430 1846 dies,
2457 1788 2511 1832 ει
2536 1779 2815 1833 εθῦῧίὶιυῐη
2846 1779 3131 1876 ξίεηίῦξιειιν
3161 1776 3433 1876 ηοη-ιιιξοά

200 1905 308 1952 est:
336 1911 439 1951 non
470 1896 599 1965 quia
636 1910 702 1949 ex
731 1894 847 1964 lege
876 1909 981 1948 non
1024 1902 1108 1949 est
1142 1893 1251 1946 vita
1272 1932 1286 1957 ,
1327 1891 1378 1945 id
1414 1899 1531 1955 est,
1561 1897 1761 1943 aeterna

202 1988 462 2043 beatitudo
487 2004 504 2040 :
556 1986 682 2056 quia
707 1986 752 2040 si
781 1985 903 2039 inde
940 1992 1084 2040 esset
1110 1984 1218 2038 vita
1239 2023 1255 2049 ,
1284 1990 1414 2037 tunc
1442 1991 1497 2036 et
1515 1980 1720 2050 justitia
1747 1993 1763 2032 :

208 2077 294 2132 sed
324 2092 428 2130 non
456 2084 546 2130 est
568 2090 636 2131 ex
664 2090 728 2129 ea
751 2073 978 2145 justitia,
1010 2073 1103 2129 sed
1120 2072 1298 2144 potius
1333 2072 1673 2136 condemnat,
1712 2076 1768 2125 et

201 2163 295 2221 sub
319 2175 549 2237 peccato
577 2164 864 2220 concludit.
892 2164 958 2219 Et
986 2166 1089 2219 hoc
1114 2173 1197 2219 est
1226 2164 1367 2235 quod
1390 2163 1586 2219 dicitur
1610 2180 1622 2215 :

265 2254 365 2310 Sed
387 2252 653 2308 concludit
677 2252 965 2324 Scriptura.
989 2251 1200 2309 Iudaeos
1220 2254 1438 2309 omnino
1458 2253 1648 2307 clausit
1668 2253 1768 2307 sub

199 2342 399 2413 peccati
428 2341 669 2397 dominio
697 2341 779 2396 lex
814 2342 952 2411 ipsa,
979 2349 1034 2396 et
1058 2342 1295 2397 ostendit
1317 2356 1504 2396 omnes
1524 2341 1770 2396 homines

202 2433 407 2488 clausos
442 2432 546 2488 sub
583 2441 801 2501 peccato
820 2472 834 2496 ,
869 2440 929 2485 ut
955 2432 1148 2487 dicitur
1172 2431 1333 2486 etiam
1364 2431 1428 2485 ad
1453 2431 1722 2485 Romanos
1751 2447 1764 2484 :

202 2521 465 2577 Conclusit
496 2521 637 2576 Deus
668 2522 842 2576 omnia
868 2522 924 2575 in
945 2521 1188 2592 justitia,
1238 2530 1294 2574 ut
1339 2521 1572 2575 omnium
1613 2521 1771 2575 mise-

201 2622 395 2666 reatur.
429 2611 586 2667 Notis
609 2612 848 2682 peccatis
875 2626 971 2681 per
998 2610 1170 2682 legem
1193 2610 1428 2666 conclusi
1456 2618 1603 2676 sunt,
1630 2618 1688 2665 ut
1714 2625 1771 2665 se

201 2715 459 2758 excusare
488 2717 596 2757 non
626 2702 870 2772 possint,
906 2701 1000 2756 sed
1028 2710 1273 2770 quzerant
1301 2699 1745 2756 misericordiam.

272 2792 435 2849 Vens.
500 2793 590 2848 εδ.
649 2823 720 2835 --
756 2778 1093 2864 Priusquam.
1137 2791 1276 2846 Ante
1323 2791 1446 2845 ﬁdei
1486 2791 1773 2846 adventum

196 2886 346 2941 utilis
385 2895 506 2941 erat
543 2886 625 2940 lex
670 2884 886 2940 Iudaeis.
926 2883 1133 2938 Veniret
1178 2883 1326 2952 ﬁdes.
1359 2882 1665 2953 Spontanea
1690 2888 1774 2936 est

194 2977 335 3034 ﬁdes
363 2992 529 3047 quam
573 2977 775 3031 nullum
815 2978 1065 3030 meritum
1107 2976 1405 3031 advocavit.
1438 2974 1774 3028 Custodieba-

197 3085 335 3122 mur.
369 3067 489 3124 Non
518 3068 695 3133 liberi,
731 3070 824 3123 sed
853 3067 1015 3124 servi.
1046 3067 1310 3122 Conclusi.
1344 3066 1414 3122 Ut
1455 3067 1534 3121 sic
1569 3066 1768 3121 assueti

194 3158 542 3212 duceremur.
574 3157 641 3211 In
668 3173 803 3211 eam.
825 3156 883 3212 Id
908 3166 1010 3222 est,
1028 3166 1154 3229 [tam
1183 3159 1377 3212 bonam
1409 3156 1588 3210 ﬁdem.
1616 3156 1767 3220 Quce.

194 3247 472 3317 Tempore
508 3240 718 3303 Christi
747 3255 880 3303 erat.
920 3246 1233 3301 Revelanda.
1283 3245 1546 3318 Tempore
1573 3246 1774 3301 Christi

194 3337 366 3392 multa
396 3345 586 3407 aperta
617 3346 771 3402 sunt,
822 3353 940 3407 qua:
966 3338 1118 3406 prius
1154 3337 1402 3392 obscura.
1433 3337 1573 3392 Ecce
1604 3336 1776 3391 honor

196 3426 372 3498 legis:
410 3426 538 3496 quia
582 3427 871 3483 custodivit
908 3435 968 3481 ut
1007 3426 1364 3497 paedagogus:
1401 3424 1497 3480 sed
1538 3426 1640 3480 hoc
1669 3440 1775 3479 non

201 3531 461 3587 magnum
498 3524 626 3581 est,
658 3517 785 3587 quia
818 3517 921 3572 hoc
967 3529 1256 3585 puerorum
1301 3522 1417 3581 est,
1466 3529 1572 3569 non
1622 3512 1774 3568 adul-

200 3612 322 3660 101⁸1]
329 3621 380 3660 ιη
389 3645 405 3661 ο

273 3698 443 3752 Vens.
469 3695 562 3751 24.
579 3694 988 3766 —Pwdagogus
1011 3704 1184 3749 noster
1203 3694 1303 3764 fuit
1326 3696 1381 3749 in
1403 3693 1606 3749 Christo
1626 3693 1776 3748 Iesu.

195 3783 549 3840 institutione
576 3783 776 3841 Christi
803 3802 816 3837 :
847 3785 939 3853 qui
962 3783 1081 3838 ideo
1111 3782 1362 3849 instituit,
1385 3791 1445 3837 ut
1465 3783 1543 3838 sic
1567 3784 1781 3838 venieno

200 3884 282 3932 tes
313 3877 382 3931 ad
413 3876 600 3942 ﬁdem,
650 3876 803 3946 quasi
833 3875 986 3947 pueri
1013 3874 1080 3930 ad
1110 3874 1497 3945 perfectionem
1518 3874 1782 3944 iustiﬁce—

203 3983 340 4023 mur.
373 3967 481 4025 Vel
508 3970 563 4022 in
585 3966 813 4033 Christo,
840 3967 892 4022 id
912 3974 1015 4033 est,
1041 3966 1094 4021 in
1125 3968 1479 4037 exsequendis
1502 3966 1783 4037 prmeeptis

196 4054 427 4112 Christi.

272 4153 441 4209 Vens.
475 4150 565 4206 26.
589 4181 662 4192 —
689 4149 880 4206 Omnes
917 4150 1016 4220 ﬁlii
1059 4151 1155 4205 Dei
1194 4150 1316 4205 estis
1349 4167 1440 4220 per
1465 4150 1645 4218 ﬁdem.
1677 4147 1786 4203 Nos

203 4241 373 4298 Judaei
424 4253 672 4312 tempore
713 4241 836 4296 ﬁdei
863 4242 1204 4311 paedagogum
1249 4240 1621 4296 deseruimus:
1661 4240 1785 4308 quia

206 4346 397 4388 omnes
439 4347 545 4387 vos
575 4332 826 4403 gentiles,
859 4333 951 4402 qui
980 4348 1085 4387 non
1113 4331 1377 4386 habuistis
1422 4331 1593 4402 legem
1614 4371 1629 4396 ,
1656 4330 1789 4385 estis

206 4419 321 4475 ﬁlii.
351 4421 516 4489 Quod
543 4436 673 4491 ergo
699 4431 881 4476 vestro
914 4421 1158 4490 exemplo
1184 4421 1539 4485 deseruimus,
1567 4435 1665 4474 vos
1693 4435 1722 4473 a

205 4510 434 4581 cipitis?
465 4510 631 4578 Quasi
674 4511 911 4566 diceret:
954 4510 1069 4565 Non
1099 4511 1305 4565 debetis
1334 4510 1437 4565 hoc
1479 4509 1679 4565 facere.
1720 4507 1787 4562 In

206 4598 419 4656 Christo
451 4599 604 4655 Iesu.
633 4601 690 4655 In
721 4601 1058 4657 institutione
1085 4600 1307 4667 Christi,
1339 4609 1394 4655 et
1435 4601 1502 4655 ad
1542 4599 1790 4655 similitu-

208 4688 392 4744 dinem
417 4690 612 4747 mortis
636 4689 771 4759 ejus.

280 4780 452 4836 Vens.
503 4780 591 4834 27.
619 4810 691 4821 —
720 4779 994 4836 Induistis.
1044 4780 1099 4835 id
1137 4789 1222 4837 est
1248 4781 1554 4838 conformes
1579 4782 1630 4836 ei
1665 4781 1791 4836 facti

214 4868 370 4935 estis,
397 4869 545 4939 quod
574 4878 657 4925 est
680 4869 831 4925 vobis
852 4870 1024 4925 honor
1044 4879 1098 4925 et
1116 4880 1304 4926 contra
1326 4880 1488 4926 aestus
1510 4872 1791 4941 protectio.

213 4956 372 5023 Quod
395 4967 581 5014 autem
607 4958 856 5015 Christus
882 4959 1251 5014 indumentum
1281 4961 1381 5026 sit,
1420 4960 1547 5015 alibi
1572 4960 1799 5029 Aposto-

213 5045 302 5102 lus
347 5048 528 5118 aperit
573 5047 797 5103 dicens:
850 5047 1063 5102 Induite
1106 5065 1192 5103 ros
1238 5048 1519 5103 Dominum
1564 5059 1796 5103 nostrum

217 5135 403 5191 Iesum
428 5136 713 5192 Christum.
747 5136 978 5193 lnduunt
1005 5146 1182 5194 autem
1206 5140 1452 5196 homines
1486 5139 1790 5196 Christum:

220 5227 519 5298 aliquando
547 5244 718 5299 usque
743 5230 810 5285 ad
847 5231 1245 5300 perceptionem
1290 5232 1652 5287 sacramenti:
1695 5232 1795 5287 ali-

220 5320 448 5386 quando
468 5320 632 5374 etiam
661 5335 831 5390 usque
857 5320 924 5375 ad
951 5321 1076 5376 vita:
1110 5321 1610 5377 sanctificationem.
1641 5322 1706 5376 Et
1736 5322 1798 5376 il-

221 5405 314 5463 lud
345 5410 581 5478 primum
610 5410 765 5465 bonis
793 5419 847 5465 et
887 5411 1043 5466 malis
1077 5420 1161 5467 est
1184 5427 1486 5467 commune.
1529 5413 1641 5467 Hoc
1666 5412 1799 5467 alte-

226 5510 348 5550 rum
378 5512 507 5552 vero
527 5499 801 5567 proprium
830 5507 913 5554 est
934 5501 1220 5555 bonorum.

303 5586 473 5642 Vnus.
514 5588 604 5643 29.
642 5618 715 5628 —
749 5587 890 5658 Ergo
931 5589 1154 5643 Abralue
1198 5606 1369 5644 semen
1412 5590 1551 5644 estis.
1603 5588 1800 5643 Semen

1866 1871 1919 1925 in
1966 1871 2246 1926 elementis
2285 1879 2565 1941 sperarent
2596 1878 2653 1924 ut
2678 1870 2906 1940 pagani,
2951 1870 3044 1924 sed
3087 1871 3228 1939 quod
3267 1870 3320 1924 in
3349 1869 3434 1923 his

1866 1963 2032 2016 Deum
2064 1972 2468 2016 venerarentur.
2501 1961 2709 2015 Mundi.
2760 1958 2895 2026 Quia
2926 1959 3012 2014 lex
3048 1975 3154 2015 non
3197 1959 3433 2015 caelestia

1868 2053 1960 2107 sed
2013 2061 2224 2107 terrena
2268 2052 2658 2122 promittebat:
2715 2050 2796 2104 vel
2845 2051 3195 2116 transitoria,
3248 2057 3307 2104 ut
3352 2058 3438 2104 est
3492 2053 3496 2058 ’

1868 2143 2117 2197 mundus.

1937 2233 2102 2288 Vens.
2138 2232 2193 2286 4.
2223 2263 2288 2272 -
2320 2231 2472 2286 Venit
2504 2230 2770 2303 plenitudo
2800 2231 3062 2300 temporis.
3093 2230 3148 2284 id
3179 2236 3260 2283 est
3285 2238 3437 2299 post—

1869 2339 2030 2393 quam
2060 2332 2227 2378 totum
2253 2323 2485 2391 spatium
2514 2321 2641 2376 illud
2667 2320 2769 2375 fuit
2806 2320 3150 2389 adimpletum
3169 2359 3184 2384 ,
3216 2333 3322 2389 quo
3352 2318 3438 2372 lex

1870 2415 2067 2468 durare
2096 2414 2302 2479 debuit,
2326 2422 2453 2467 tunc
2482 2412 2630 2466 misit
2665 2413 2828 2477 Deus,
2856 2418 2963 2467 etc.
3005 2410 3282 2464 Plenitudo
3305 2417 3436 2461 tem-

1869 2506 2028 2575 poris.
2059 2505 2277 2559 Sciebat
2301 2503 2515 2573 quando
2535 2504 2719 2558 venire
2747 2503 2987 2567 deberet,
3012 2502 3095 2556 vel
3120 2503 3282 2556 etiam
3302 2492 3435 2569 pati,

1869 2605 1974 2652 etc.
2008 2595 2126 2652 Non
2154 2604 2238 2651 est
2256 2597 2398 2651 enim
2422 2597 2555 2650 hora
2585 2594 2701 2666 ejus
2718 2595 2803 2649 vel
2832 2602 3038 2658 nostra,
3063 2592 3166 2648 nisi
3195 2591 3441 2647 voluntas

1869 2687 2003 2758 ejus.
2053 2688 2191 2744 Ante
2227 2695 2416 2747 tamen
2443 2687 2599 2756 longa
2648 2686 2815 2741 series
2854 2698 3162 2756 praeconum
3205 2682 3441 2753 praemit-

1872 2779 2031 2834 tenda
2058 2786 2194 2833 erat.

1943 2869 2087 2924 Misit
2110 2869 2249 2923 Deus
2273 2867 2492 2924 Filium.
2519 2867 2691 2933 Unde,
2717 2867 2830 2938 Ego
2851 2885 2883 2921 η
2908 2866 3064 2920 Patre
3084 2864 3239 2927 exivi,
3261 2873 3309 2916 et
3331 2862 3443 2916 veni

1872 2962 1927 3015 in'
1956 2961 2093 3013 hunc
2132 2960 2385 3013 mundum
2408 2958 2590 3030 (Ioan.
2624 2958 2756 3029 xvr).
2799 2958 2864 3011 Et
2889 2965 3067 3011 tamen
3098 2957 3163 3010 de
3194 2954 3283 3008 illo
3314 2952 3445 3007 dicit

1878 3049 2216 3119 Evangelista
2243 3047 2478 3103 Joannes
2502 3066 2515 3101 :
2544 3046 2611 3101 1η
2635 3047 2828 3101 mundo
2851 3055 2985 3111 erat,
3016 3055 3061 3099 et
3090 3042 3314 3097 mundus
3356 3057 3437 3110 per

1799 3124 1843 3185 C
1875 3138 2043 3205 ipsum
2063 3137 2233 3205 factus
2255 3145 2351 3200 est,
2373 3145 2421 3189 et
2442 3137 2663 3189 mundus
2683 3152 2798 3189 eum
2822 3151 2923 3188 non
2943 3135 3172 3203 cognorit
3195 3131 3357 3201 (Ibid.
3383 3130 3446 3199 ι).

1872 3225 2075 3280 Deinde
2101 3226 2377 3294 conjungit
2407 3239 2421 3277 :
2455 3223 2520 3277 In
2545 3226 2754 3294 propria
2774 3224 2929 3277 venit.
2952 3223 3079 3277 llluc
3104 3236 3230 3293 ergo
3254 3222 3451 3276 missus

1873 3326 1987 3399 est,
2025 3319 2114 3373 ubi
2150 3327 2284 3372 erat.
2320 3318 2469 3373 Unde
2507 3326 2562 3373 et
2589 3317 2716 3372 illud
2745 3316 3008 3386 Propheta
3040 3317 3168 3371 dicit
3199 3333 3211 3368 :
3249 3314 3446 3371 Cadunt

1874 3418 1920 3462 et
1942 3418 2135 3462 terram
2154 3424 2246 3478 ego
2268 3407 2452 3476 impleo
2468 3406 2792 3478 (Ier.xxtn).
2823 3406 3176 3474 Quaerendum
3200 3411 3283 3459 est
3322 3417 3450 3476 ergo

1876 3497 2144 3565 quomodo
2172 3497 2502 3568 intelligatur
2534 3497 2638 3552 ista
2665 3497 2870 3552 missio.
2900 3495 2957 3550 Si
2999 3511 3128 3567 ergo
3170 3494 3347 3550 sobrie
3380 3493 3448 3548 de

1876 3589 1975 3644 Dei
2004 3589 2138 3645 Filio
2178 3604 2298 3659 qua:
2326 3591 2483 3661 digna
2510 3598 2636 3645 sunt
2659 3590 2959 3656 opinemur,
2982 3590 3102 3646 ideo
3122 3591 3342 3644 missum
3375 3590 3456 3644 in.

1880 3682 2119 3752 telligere
2139 3679 2418 3746 debemus,
2440 3682 2565 3751 quia
2589 3696 2656 3736 ex
2680 3680 2771 3735 illo
2809 3678 3330 3749 incomprehensibili
3373 3678 3456 3732 in.

1879 3773 2280 3843 enarrabilique
2324 3782 2530 3828 secreto
2556 3771 2854 3840 majestatis
2877 3770 3155 3842 profundae
3201 3771 3346 3826 dedit
3391 3784 3453 3824 se

1881 3867 2443 3936 comprehendendum
2486 3867 2758 3921 mentibus
2800 3865 3000 3920 nostris
3042 3865 3137 3920 Dei
3186 3864 3452 3926 Verbum,

1883 3973 1989 4011 non
2015 3938 2186 4011 solum
2213 3971 2332 4011 cum
2362 3971 2420 4010 se
2444 3957 2752 4011 exinaniret
2770 3996 2785 4020 ,
2827 3956 2919 4010 sed
2958 3956 3121 4010 etiam
3150 3972 3269 4010 cum
3295 3955 3453 4008 habi-

1885 4055 2026 4100 taret
2053 4046 2107 4099 in
2136 4045 2308 4099 nobis.
2339 4046 2423 4098 Ea:
2461 4046 2693 4098 muliere.
2736 4043 2877 4099 Usus
2912 4045 3147 4098 Hebraeae
3171 4043 3457 4098 locutionis

1887 4135 2144 4189 mulieres
2171 4134 2304 4188 dicit
2330 4149 2436 4188 non
2464 4141 2769 4202 corruptas,
2809 4134 2905 4187 sed
2946 4133 3194 4187 feminas.
3230 4131 3459 4185 Factum

1887 4226 1981 4281 sub
2012 4225 2139 4295 lege.
2157 4224 2226 4280 Ut
2253 4234 2505 4295 appareat
2528 4225 2875 4280 circumcisus
2894 4224 3045 4294 quasi
3067 4224 3206 4279 ﬁlius
3226 4223 3458 4277 Abrahze

1890 4318 2101 4379 signum
2126 4316 2327 4371 habens
2351 4316 2468 4383 ejus
2491 4315 2576 4370 cui
2603 4315 2900 4385 promissus
2920 4313 3125 4385 fuerat;
3151 4315 3202 4368 in
3231 4329 3338 4382 quo
3359 4314 3458 4368 im—

1727 4435 1786 4474 c_
1821 4388 2022 4474 npleta
2048 4398 2132 4443 est
2169 4388 2549 4442 circumcisio:
2601 4384 2783 4455 itaque
2841 4387 3054 4456 signum
3099 4384 3213 4454 jam
3260 4389 3459 4439 cesset.

1816 4458 1864 4518 D
1878 4458 2127 4539 Credidit
2172 4480 2318 4535 enim
2375 4478 2650 4534 Abraham
2693 4493 2752 4534 se
2795 4478 3103 4533 habiturum
3156 4475 3357 4542 ﬁlium,
3405 4475 3460 4530 in

1878 4588 1986 4646 quo
2015 4572 2462 4628 benedicerentur
2482 4586 2671 4628 omnes
2696 4581 2884 4642 gentes
2908 4588 2919 4623 :
2949 4566 3090 4639 quod
3117 4568 3231 4640 jam
3255 4567 3462 4624 factum

1877 4665 2166 4721 credimus.
2808 4703 2813 4707 .
2925 4682 2929 4686 »

1949 4756 2019 4815 Ut
2049 4759 2401 4829 adoptionem.
2424 4759 2480 4815 ld
2500 4766 2604 4827 est,
2627 4768 2686 4814 ut
2706 4759 2996 4831 participes
3010 4774 3252 4815 essemus
3264 4756 3460 4813 divinae

1879 4850 2085 4924 gloriae.
2137 4851 2291 4907 Sicut
2340 4853 2487 4907 enim
2535 4853 2650 4922 ipse
2692 4861 2884 4908 natura
2935 4852 3244 4923 participat,
3292 4852 3365 4907 ita
3396 4851 3462 4905 ad

1881 4945 2056 5016 ipsam
2083 4943 2369 4999 videndam
2394 4959 2494 4999 nos
2519 4945 2752 5015 adoptat.
2788 4943 2924 4999 Hinc
2943 4945 3087 4999 enim
3121 4944 3465 5015 adoptionem

1884 5036 2197 5107 recipimus,
2221 5036 2364 5105 quod
2390 5033 2477 5090 ille
2498 5034 2691 5090 unicus
2710 5035 2805 5090 Dei
2825 5033 2996 5090 Filius
3016 5050 3123 5090 non
3147 5035 3466 5106 dedignatus

1874 5117 1971 5185 est
1998 5126 2470 5199 participationem
2516 5137 2717 5181 nostrae
2761 5134 2988 5191 naturas,
3040 5125 3213 5180 factus
3246 5141 3313 5180 ex
3348 5139 3466 5178 mu-

1878 5219 2036 5285 liere,
2081 5226 2142 5273 ut
2165 5232 2273 5271 non
2312 5216 2486 5272 solum
2513 5216 2821 5286 unigenitus
2847 5223 3012 5283 esset,
3043 5215 3137 5272 sed
3166 5215 3329 5270 etiam
3353 5213 3466 5284 pri-

1875 5314 2184 5384 mogenitus
2234 5311 2288 5365 in
2336 5309 2520 5365 multis
2576 5307 2832 5364 fratribus
2876 5307 3052 5365 ﬁeret.
3101 5306 3465 5377 Adoptionem

1877 5415 2059 5459 autem
2103 5401 2255 5468 dicit,
2304 5409 2363 5455 ut
2406 5401 2659 5457 distincte
2702 5399 3065 5472 intelligamus
3104 5399 3323 5452 unicum
3368 5393 3462 5449 Dei

1875 5496 2097 5552 Filium.
3360 5532 3420 5549 α.
3458 5548 3461 5553 ⁴

1950 5588 2115 5645 Vens.
2160 5586 2213 5642 6.
2238 5617 2312 5627 —
2342 5587 2485 5642 Misit
2513 5586 2676 5641 Deus.
2709 5585 2780 5642 Ut
2807 5586 2951 5642 enim
2984 5585 3341 5657 probaremur
3364 5582 3460 5636 ad-

227 5677 466 5733 Abrahz
497 5678 673 5735 dictus
720 5687 803 5736 est
833 5679 1120 5735 Christus:
1158 5681 1247 5737 ubi
1280 5682 1475 5753 legitur
1511 5679 1650 5752 quod
1679 5692 1805 5750 pro—
1882 5683 2051 5754 optati
2072 5697 2232 5740 essea
2258 5683 2367 5739 Deo
2389 5682 2441 5737 in
2465 5680 2622 5750 ﬁlios,
2649 5678 2910 5753 Spiritum
2951 5694 3107 5736 suum
3129 5676 3277 5733 dedit
3302 5675 3459 5732 nobis
