3948 6314
464 374 572 432 579

967 374 1359 431 WALAFRIDI
1397 376 1646 432 STRABI
1685 375 1888 432 FULD.
1928 371 2091 430 ΜΟΝ.
2132 372 2282 428 OPP.
2324 372 2503 428 PARS
2541 373 2579 426 Ι.
2618 403 2684 412 -
2723 371 3180 431 THEOLOGICA.

3637 370 3745 426 380

465 492 561 563 qui
590 491 801 562 signum
826 489 1007 546 Patris
1036 490 1289 545 ostendat
1318 491 1372 546 in
1400 489 1563 556 ﬁlios,
1592 499 1653 545 ut
1681 491 1807 561 quia
1830 504 1928 544 nos
1950 488 2055 543 hoc
2080 491 2133 549 Α
2155 460 2489 554 Apostolus),
2507 494 2690 565 utrum
2722 486 2919 540 timore
2942 486 3258 541 desererent
3282 498 3427 548 eum,
3456 498 3532 538 an
3554 482 3746 539 chari-

469 599 581 639 non
611 583 935 638 auderemus
967 582 1151 637 dicere
1181 582 1496 637 inﬁrmitate
1533 592 1588 637 et
1618 583 1934 653 indignitate
1958 596 2057 635 no-

471 683 587 730 stra
610 713 626 738 ,
670 681 923 743 suggerat
960 681 1018 725 ut
1046 672 1341 728 audeamus
1370 674 1568 728 dicere.
1605 672 1861 743 Spiritum
1902 669 2053 724 Filii.

472 762 612 819 Nota
642 762 903 832 Spiritum
941 761 1104 816 etiam
1134 777 1257 817 esse
1302 761 1445 816 Filii.
1492 762 1560 816 Et
1603 770 1728 817 nota
1773 761 1934 815 etiam
1966 759 2058 815 hic

470 853 792 909 trinitatem.
827 850 1009 924 (Auo.)
1038 850 1096 906 Si
1122 851 1351 907 forsitan
1393 852 1588 922 aliquis
1618 859 1824 920 qua'rat
1874 857 2054 902 utrum

475 959 508 999 a
537 943 675 998 Filio
700 943 960 1014 procedat
997 940 1251 1012 Spiritus,
1281 951 1410 1008 etc.,
1450 959 1611 1013 usque
1636 942 1704 994 ad
1729 941 1797 995 ab
1832 939 1924 994 illo
1960 940 2057 994 ha-

475 1033 593 1101 bet,
621 1043 680 1089 ut
707 1042 762 1088 et
787 1034 853 1088 de
874 1033 966 1088 illo
996 1034 1255 1103 procedat
1284 1032 1519 1103 Spiritus
1547 1040 1784 1087 sanctus.

543 1124 893 1180 Clamantem.
925 1123 1230 1178 Notandum
1269 1124 1413 1192 quod
1445 1123 1650 1176 clamor
1675 1122 1728 1175 in
1760 1118 2057 1189 Scripturis

471 1231 582 1272 non
615 1231 826 1286 magna:
848 1214 998 1270 vocis
1022 1214 1242 1269 emissio
1265 1253 1281 1279 ,
1309 1216 1403 1268 sed
1435 1213 1674 1269 scientia:
1700 1210 2052 1293 intelligatur,

471 1316 528 1363 et
552 1307 867 1377 dogmatum
896 1304 1231 1376 magnitudo.

544 1397 691 1452 Abba
714 1406 882 1468 pater.
912 1396 1200 1466 Eleganter
1221 1396 1326 1451 duo
1349 1395 1513 1450 verba
1539 1394 1677 1450 idem
1699 1392 2059 1463 significantia

474 1492 677 1559 posuit,
704 1495 928 1558 propter
953 1488 1264 1541 universum
1296 1486 1548 1556 populum
1575 1486 1667 1554 qui
1695 1485 1762 1539 de
1781 1481 1979 1539 Iudaeis
2005 1492 2061 1538 et

473 1577 726 1647 gentibus
754 1576 810 1629 in
842 1575 1107 1630 unitatem
1137 1576 1259 1630 fidei
1290 1584 1515 1631 vocatus
1557 1582 1642 1629 est
1662 1614 1677 1638 ,
1714 1582 1775 1628 ut
1810 1572 2060 1627 Hebrzeo-

478 1682 600 1722 rum
629 1666 853 1721 verbum
879 1666 948 1720 ad
982 1664 1269 1730 Hebraeos,
1305 1664 1551 1720 Graecum
1580 1665 1647 1719 ad
1674 1672 1863 1734 gentes
1893 1662 2061 1732 perti-

475 1763 624 1832 neat.
674 1754 969 1824 Utriusque
1009 1765 1187 1810 autem
1231 1756 1381 1809 verbi
1425 1756 1613 1809 eadem
1642 1754 1962 1825 significatio
1990 1753 2059 1808 ad

474 1844 717 1915 ejusdem
745 1847 868 1901 ﬁdei
904 1845 1247 1915 Spiritusque
1268 1845 1528 1900 unitatem
1559 1845 1811 1915 pertinet.

549 1935 655 2003 Qui
685 1947 875 1991 natura
904 1953 1008 1990 non
1036 1947 1181 2001 sunt,
1208 1945 1315 1990 etc.
1351 1935 1523 1991 Unam
1546 1935 1640 1989 Dei
1671 1934 1782 1988 veri
1814 1947 1934 1988 esse
1963 1948 2059 1987 na—

477 2033 657 2081 turam
701 2025 961 2089 ostendit,
988 2025 1194 2080 scilicet
1218 2024 1415 2089 Patris,
1458 2033 1513 2079 et
1542 2024 1687 2090 Filii,
1725 2032 1781 2079 et
1825 2022 2061 2093 Spiritus

474 2115 668 2170 sancti.
685 2114 823 2182 Quid
846 2122 1026 2168 autem
1055 2122 1138 2169 est
1160 2122 1352 2168 natura
1378 2114 1547 2168 Deum
1575 2129 1715 2177 esse,
1747 2113 1851 2167 nisi
1875 2127 2060 2167 verum

475 2206 644 2261 Deum
671 2206 826 2261 esse?
860 2205 1011 2261 Unde
1037 2205 1163 2259 alibi
1192 2205 1483 2274 Apostolus
1507 2222 1520 2258 :
1548 2203 1797 2259 Conversi
1816 2204 1935 2257 estis
1957 2218 2066 2257 ser-

476 2298 585 2352 vire
610 2296 718 2351 Deo
748 2298 859 2351 vivo
880 2306 930 2349 et
952 2311 1070 2350 vero
1094 2294 1145 2367 (Ι
1174 2294 1316 2349 Petr.
1353 2294 1435 2366 ιι).

547 2414 713 2470 Vsus.
735 2413 791 2469 9.
813 2444 884 2454 —
907 2412 1027 2468 Ima
1058 2414 1251 2484 cogniti
1285 2414 1428 2468 estis.
1461 2412 1574 2469 Hoc
1601 2427 1800 2484 genere
1828 2412 2060 2468 locutio-

476 2501 565 2558 nis
593 2502 913 2571 frequenter
942 2503 1112 2556 utitur
1135 2502 1450 2572 Scriptura;
1483 2504 1623 2557 unde
1647 2521 1661 2557 :
1692 2500 1781 2556 Sic
1805 2504 1859 2555 in
1880 2512 2061 2555 sancto

473 2584 699 2661 apparui
718 2590 834 2656 tibi,
850 2601 905 2644 ut
925 2591 1152 2645 viderem
1178 2592 1417 2646 virtutem
1442 2602 1588 2645 tuam
1610 2601 1655 2647 et
1676 2591 1901 2662 gloriam
1919 2601 2063 2645 tuam

475 2678 650 2752 (Psal.
673 2681 834 2751 uti),
868 2681 921 2735 id
944 2689 1052 2747 est,
1078 2682 1258 2737 vidisti
1282 2698 1388 2747 me,
1413 2694 1472 2737 ut
1492 2683 1734 2738 viderem
1759 2690 1829 2736 te.
1854 2682 2065 2750 Cogno-

477 2771 582 2827 scit
611 2787 709 2827 nos
742 2771 906 2836 Deus,
935 2772 988 2826 id
1012 2780 1116 2836 est,
1146 2772 1510 2843 cognitionem
1539 2774 1620 2828 sui
1643 2773 1799 2828 nobis
1821 2779 2062 2843 prmstat.

478 2862 598 2918 Non
623 2863 769 2919 enim
795 2879 826 2918 a
854 2864 1009 2919 nobis
1032 2873 1138 2928 est,
1166 2867 1312 2934 quod
1335 2866 1586 2921 novimus
1605 2880 1751 2930 eum,
1772 2866 1840 2921 ab
1861 2873 2065 2919 aeterno

475 2956 696 3026 quidem
727 2956 878 3011 novit
906 2974 919 3009 :
955 2957 1048 3012 sed
1080 2966 1208 3013 tunc
1238 2973 1570 3028 cognoscere
1598 2957 1820 3021 dicitur,
1850 2955 2065 3027 quando

474 3056 536 3102 ut
562 3064 626 3103 ea
650 3057 1066 3119 cognoscantur,
1097 3048 1245 3104 facit.
1278 3048 1526 3112 Inﬁrma.
1558 3050 1697 3106 Vere
1727 3051 1813 3104 lex
1835 3060 1920 3105 est
1939 3063 2064 3120 ege-

475 3153 606 3192 num
636 3138 963 3194 elementum
989 3157 1001 3193 :
1035 3140 1162 3210 quia
1190 3140 1430 3210 perfecte
1456 3156 1563 3196 non
1587 3140 1871 3211 justiﬁcat.

545 3226 749 3298 Egena.
780 3227 914 3295 Quia
937 3237 1198 3299 quantum
1219 3230 1407 3301 juvat,
1450 3246 1556 3285 non
1586 3246 1684 3300 per
1717 3246 1811 3295 se,
1844 3230 1939 3286 sed
1978 3245 2066 3286 re-

473 3330 661 3389 spectu
684 3321 874 3391 gratiae
904 3320 1054 3377 facit.
1085 3321 1268 3392 Egena
1288 3322 1544 3376 elementa
1571 3323 1824 3377 dicuntur
1842 3338 1963 3392 qua:
1981 3323 2065 3378 sui

477 3411 710 3466 invicem
738 3420 900 3483 egent
921 3412 991 3466 ad
1021 3413 1317 3483 regendum
1348 3413 1627 3467 mundum.

549 3521 711 3578 Vsus.
758 3522 847 3576 10.
889 3553 961 3562 -
1002 3522 1147 3577 Dies.
1186 3523 1313 3578 Dies
1357 3524 1651 3578 observant
1692 3524 1787 3593 qui
1837 3523 2060 3579 dicunt:

473 3612 645 3668 Hodie
671 3629 779 3669 non
809 3622 897 3670 est
922 3612 1126 3684 aliquid
1152 3615 1537 3685 incipiendum.
1567 3615 1792 3669 Menses.
1819 3615 1921 3683 Qui
1946 3632 2067 3672 cur-

475 3718 569 3757 sus
611 3703 751 3758 luna:
793 3712 1204 3773 perscrutantes
1238 3706 1458 3760 dicunt:
1502 3706 1617 3761 Tali
1661 3708 1787 3761 luna
1832 3724 1939 3763 non
1980 3716 2066 3764 est

442 3792 680 3861 .aliquid
715 3793 1077 3848 inchoandum
1108 3813 1123 3850 :
1151 3795 1188 3849 ii
1217 3810 1430 3851 menses
1453 3798 1748 3852 observant
1773 3806 1830 3852 et
1858 3799 2060 3853 colunt.

480 3878 758 3951 Tempora.
799 3881 871 3937 Ut
917 3898 1039 3937 cum
1076 3884 1298 3939 dicunt:
1338 3884 1494 3940 Modo
1534 3896 1618 3941 est
1648 3886 1862 3941 initium
1895 3888 2059 3942 veris.

476 3967 548 4022 Et
579 3986 768 4026 annos.
800 3967 934 4029 Cum
962 3972 1187 4028 dicunt:
1228 3973 1412 4030 Novus
1438 3990 1611 4030 annus
1636 3985 1737 4031 est.
1779 3974 1886 4032 Sed
1915 3976 2063 4031 nulla

476 4057 640 4112 debet
681 4060 917 4129 suspicio
962 4076 1083 4116 esse
1130 4063 1322 4117 harum
1372 4078 1588 4129 rerum,
1636 4066 1763 4134 quia
1806 4079 2064 4137 prospere

473 4157 656 4221 potest
699 4152 898 4208 cedere
937 4154 1199 4224 quidquid
1247 4155 1566 4225 simpliciter
1604 4158 1708 4212 sub
1754 4157 1849 4212 Dei
1893 4158 2061 4215 devo-

477 4241 625 4297 tione
655 4242 734 4297 fit.

544 4353 714 4409 Vens.
745 4356 834 4411 11.
854 4386 926 4397 -
946 4356 1124 4411 Timeo
1148 4374 1256 4423 vos,
1285 4376 1349 4413 ne
1375 4359 1525 4429 forte,
1569 4371 1678 4417 etc.
1719 4363 1835 4418 Hoc
1875 4362 2063 4419 obser-

477 4452 609 4497 vant
630 4445 723 4513 qui
760 4446 925 4500 certis
972 4446 1186 4510 diebus,
1235 4449 1518 4504 mensibus
1545 4451 1629 4505 vel
1671 4454 1828 4507 annis
1875 4454 2063 4509 volunt

476 4536 562 4592 vel
594 4537 787 4593 nolunt
814 4539 1071 4596 inchoare
1103 4558 1117 4594 :
1145 4542 1302 4610 quasi
1328 4540 1531 4610 fausta,
1557 4545 1644 4600 vel
1672 4546 1909 4603 infausta
1952 4551 2061 4604 sint
2086 4551 2138 4611 Ι)

478 4640 745 4702 tempora.

549 4745 713 4803 Vens.
769 4749 857 4804 l2.
883 4780 956 4791 —
981 4749 1165 4806 Estote
1208 4752 1347 4807 sicut
1385 4771 1498 4826 ego.
1535 4756 1605 4811 Et
1627 4773 1730 4826 ego
1769 4760 1860 4828 qui
1889 4758 2061 4832 legem

476 4838 668 4905 habui,
712 4856 829 4896 sum
862 4844 1022 4898 modo
1052 4844 1169 4900 sine
1222 4845 1338 4917 lege
1384 4849 1525 4904 sicut
1570 4866 1667 4905 vos
1709 4851 1919 4909 debetis
1943 4870 2065 4911 esse

476 4933 597 4988 sine
623 4932 734 4988 illa.
767 4934 902 5006 Ego,
935 4938 1177 5007 inquam,
1207 4941 1302 5010 qui
1339 4958 1460 4998 cum
1486 4942 1704 5000 Judaeus
1741 4956 1901 5002 natus
1936 4949 2060 5013 sim,

468 5023 587 5094 jam
616 5023 715 5078 ista
744 5025 980 5081 carnalia
1027 5029 1296 5098 spirituali
1323 5033 1711 5104 dijudicatione
1748 5045 2058 5093 contemno.

480 5114 642 5181 Quia,
673 5124 803 5183 etc.,
836 5118 974 5173 sicut
998 5137 1108 5186 vos,
1135 5130 1242 5177 etc.
1276 5121 1451 5180 Homo
1490 5141 1611 5180 sum
1639 5127 1731 5196 qui
1775 5127 1840 5181 de
1873 5143 2062 5183 errore

477 5213 758 5261 correctus
797 5222 919 5263 sum
945 5218 1002 5264 et
1046 5210 1120 5266 ita
1164 5228 1263 5271 vos
1290 5216 1520 5284 potestis
1549 5216 1771 5288 corrigi.
1818 5215 2060 5284 Fratres,

478 5294 713 5351 obsecro.
740 5296 950 5370 Aspero
995 5316 1275 5365 correctos
1324 5315 1537 5361 recreat
1559 5322 1661 5376 per
1704 5308 1844 5364 bene
1887 5317 2059 5380 gesta.

479 5381 632 5440 Nihil
667 5405 766 5443 me.
797 5389 1035 5449 Excusat
1056 5409 1135 5461 se,
1164 5397 1290 5467 quia
1325 5399 1530 5466 pseudo
1556 5382 1817 5454 dixerant
1835 5399 2061 5456 Paulum

477 5477 685 5535 Galatis
727 5481 1005 5540 inimicum
1060 5500 1161 5540 nec
1202 5486 1436 5543 voluisse
1471 5503 1566 5544 eos
1600 5490 1965 5562 docere,'qu:e
2006 5491 2062 5547 in

478 5567 602 5625 aliis
622 5572 869 5630 ecclesiis
895 5575 1253 5645 prmdicabat.

553 5660 713 5718 Vnus.
749 5666 834 5720 15.
858 5696 929 5705 -
953 5666 1311 5723 Tentationem
1359 5648 1603 5726 vestram.
1652 5672 1869 5728 Tentati
1917 5675 2062 5730 enim

481 5758 767 5827 sunt(cum
786 5757 1189 5816 tribulationem
1210 5763 1504 5819 secundum
1532 5781 1752 5823 carnem
1786 5766 2066 5838 pateretur

2162 580 2274 627 tate
2303 574 2784 643 amplecterentur.

2232 666 2394 721 Vens.
2420 665 2716 720 M.—Sed
2742 667 2877 720 sicut
2908 668 3150 738 angelum
3173 665 3293 732 Dei,
3326 673 3437 722 etc.
3469 663 3590 721 Hoc
3611 665 3750 721 dicit

2158 758 2285 826 quia
2327 757 2468 811 Deus
2513 757 2752 826 loquitur
2799 758 2853 811 in
2900 760 3105 814 sanctis
3139 759 3271 822 suis.
3313 765 3368 812 et
3400 756 3605 811 Paulus
3638 773 3748 813 non

2159 847 2417 915 seipsum,
2448 847 2541 901 sed
2570 846 2739 901 Deum
2762 845 2815 900 in
2843 848 3023 918 seipso
3050 848 3196 919 diligi
3228 847 3474 912 volebat;
3512 847 3747 916 ideoque

2159 937 2405 1005 perhibet
2429 936 2797 991 testimonium
2843 938 3185 1006 quibusdam,
3222 940 3365 1008 quod
3400 938 3547 993 sicut
3579 951 3749 1007 ange-

2159 1027 2269 1080 lum
2301 1027 2395 1081 Dei
2440 1036 2495 1081 et
2525 1027 2664 1081 sicut
2704 1026 2977 1082 Christum
3011 1026 3194 1082 .lesum
3235 1045 3359 1084 eum
3386 1037 3747 1098 exceperant.
3794 1088 3795 1091 η

2157 1114 2216 1169 In
2232 1116 2484 1170 omnzbus
2496 1130 2627 1185 ergo
2648 1115 2851 1169 sanctis
2872 1118 2985 1170 suis
3004 1116 3114 1185 ipse
3131 1124 3214 1171 est
3228 1119 3491 1171 amandus
3515 1119 3615 1186 qui
3637 1118 3745 1173 ait:

2159 1201 2395 1271 Esurivt',
2429 1214 2476 1259 et
2511 1204 2731 1259 dedistis
2781 1205 2910 1258 mihi
2953 1206 3275 1260 manducare
3324 1205 3547 1276 (Matth.
3592 1208 3745 1277 xxv).

2156 1296 2341 1356 Tanta
2360 1306 2445 1351 est
2473 1297 2716 1352 charitas
2740 1298 2934 1367 capitis
2962 1313 3091 1368 erga
3121 1313 3316 1369 corpus
3342 1314 3524 1353 suum.

2230 1383 2394 1440 Vsus.
2439 1385 2744 1441 i5.—Ubi
2791 1397 2867 1441 est
2911 1403 3058 1457 ergo,
3106 1397 3214 1441 etc.
3266 1389 3565 1443 Admirans
3614 1405 3749 1459 opus

2160 1491 2349 1532 eorum
2379 1478 2680 1548 spirituale,
2712 1480 3059 1534 commendat
3082 1489 3160 1546 ut,
3199 1480 3303 1536 hoc
3340 1482 3647 1548 intuentes,
3696 1485 3749 1539 in

2162 1569 2409 1622 timorem
2452 1569 2728 1624 carnalem
2771 1586 2877 1625 non
2928 1572 3201 1627 decidant.
3253 1572 3318 1626 Et
3371 1574 3501 1643 quia
3551 1576 3748 1630 mutati

2165 1668 2325 1712 erant
2354 1659 2409 1712 in
2438 1659 2958 1730 deterius,increpat
2981 1676 3094 1717 eos.
3123 1662 3238 1717 Etsi
3261 1663 3406 1718 enim
3437 1666 3750 1734 receperint

2161 1762 2284 1802 eum
2316 1749 2457 1803 sicut
2480 1749 2752 1820 angelum,
2777 1765 2882 1804 non
2904 1750 3024 1805 ideo
3048 1760 3228 1806 tamen
3255 1753 3435 1822 parcit
3466 1768 3667 1808 secare
3695 1761 3748 1808 et

2086 1834 2136 1896 B
2165 1853 2345 1904 urere,
2369 1840 2494 1908 quia
2525 1855 2629 1894 non
2673 1841 2866 1909 quaerit
2902 1856 3024 1905 sua,
3063 1842 3157 1897 sed
3200 1858 3322 1912 qua:
3357 1843 3592 1898 Christi.
3634 1844 3749 1900 Non

2161 1934 2357 2001 quierit
2374 1933 2457 1988 lac
2476 1942 2532 1987 et
2550 1933 2729 1988 lanam
2757 1934 2823 1988 de
2848 1936 3058 2002 ovibus,
3086 1935 3226 1992 idem
3250 1938 3608 1992 commodum
3634 1954 3753 2008 sup

2158 2022 2368 2094 plendae
2394 2025 2734 2080 necessitatis
2767 2034 2817 2080 et
2852 2024 3091 2081 favorem
3120 2027 3363 2090 honoris,
3392 2027 3490 2081 sed
3514 2028 3750 2082 salutem

2161 2115 2421 2169 omnium.
2455 2113 2514 2170 Si
2552 2117 2669 2184 ﬁeri
2708 2128 2901 2188 posset.
2931 2117 3119 2174 Nonne
3149 2120 3278 2174 illud
3301 2119 3421 2175 ﬁeri
3458 2123 3747 2191 potuisset,

2162 2209 2305 2276 quod
2331 2211 2407 2262 ait
2430 2208 2756 2278 Apostolus?
2778 2210 2892 2266 Non
2924 2220 3101 2282 potest
3131 2212 3247 2267 fieri
3286 2213 3431 2282 quod
3454 2212 3611 2281 juste
3647 2229 3751 2268 non

2164 2298 2244 2353 fit.
2274 2299 2391 2353 Non
2423 2315 2580 2370 posse
2612 2317 2671 2356 se
2710 2302 2866 2365 dixit,
2898 2304 3040 2372 quod
3062 2303 3178 2358 sine
3209 2304 3375 2359 dubio
3395 2314 3621 2375 poterat
3660 2320 3753 2374 per

2161 2391 2482 2461 potentiam,
2516 2393 2608 2447 sed
2655 2408 2761 2447 non
2802 2401 3018 2463 poterat
3040 2409 3137 2465 per
3171 2395 3462 2464 justitiam.

2237 2482 2402 2536 Vens.
2438 2482 2614 2537 16.-
2644 2482 2833 2537 Verum
2862 2485 3041 2539 dicens
3065 2485 3230 2540 vobis.
3266 2485 3404 2553 Quia
3438 2502 3607 2542 nemo
3644 2486 3749 2540 vult

2166 2588 2225 2629 se
2266 2577 2418 2647 argui
2463 2584 2758 2641 errantem,
2782 2584 2837 2631 et
2857 2578 3036 2633 omnis
3080 2580 3489 2649 reprehendens
3535 2579 3751 2635 videtur

2165 2666 2438 2722 inimicus.

2240 2756 2404 2812 Vens.
2430 2758 2517 2811 17.
2541 2748 2997 2813 —zEmulantur.
3036 2760 3151 2831 Ego
3179 2775 3287 2815 non
3313 2775 3433 2815 sum
3472 2759 3751 2823 inimicus.

2168 2848 2262 2904 sed
2292 2848 2369 2902 illi
2389 2848 2732 2915 aemulantur,
2761 2859 2869 2905 etc.
2898 2849 3247 2906 Emulantur
3272 2861 3452 2907 autem
3475 2867 3592 2906 non
3622 2852 3751 2907 bene

2168 2938 2206 2993 ii
2231 2940 2324 3010 qui
2357 2957 2464 2995 non
2482 2950 2589 2994 tam
2612 2942 2836 3010 cupiunt
2857 2958 2951 2997 eos
2970 2958 3090 2998 esse
3115 2943 3388 3005 meliores,
3409 2957 3581 3012 quam
3611 2948 3752 3013 ipsos

2166 3031 2356 3087 volunt
2382 3031 2561 3087 facere
2589 3033 2804 3103 pejores
2831 3041 2885 3087 et
2931 3041 3228 3088 retrorsum
3272 3033 3489 3087 trahere
3524 3032 3751 3086 aemula-

2171 3122 2318 3178 tione
2354 3138 2626 3193 perversa.

2091 3183 2139 3248 (ἶ
2247 3183 2412 3268 VEB-8.
2469 3212 2847 3268 l9.—Donec
2896 3211 3156 3269 Christus.
3209 3214 3381 3283 Quem
3431 3214 3753 3295 deformatis

2179 3303 2453 3359 formosus
2476 3304 2547 3359 sit
2571 3304 2626 3358 in
2655 3305 2830 3360 vobis.
2862 3303 2978 3369 Vel,
3006 3315 3067 3360 ut
3085 3305 3356 3362 formosus
3385 3306 3508 3361 aliis
3526 3323 3637 3377 per
3664 3323 3755 3363 vos

2177 3405 2457 3465 appareat.
2488 3394 2718 3451 Gravius
2743 3396 2965 3462 dictum,
2995 3413 3158 3468 quam
3190 3398 3238 3453 si
3281 3400 3484 3454 diceret
3512 3415 3617 3455 eos
3644 3399 3755 3454 for-

2174 3502 2261 3539 na
2271 3487 2314 3539 ri
2353 3485 2406 3540 in
2429 3485 2664 3541 Christo.

2233 3566 2402 3632 Vens.
2431 3577 2522 3632 20.
2546 3606 2616 3618 --
2658 3575 2850 3632 Vellem
2873 3586 3066 3634 autem.
3105 3568 3296 3637 sciens
3331 3582 3635 3652 Apostolus
3664 3585 3758 3638 ha-

2166 3668 2296 3723 bere
2321 3669 2580 3739 majorem
2606 3670 2714 3722 vim
2755 3684 3059 3725 sermonem
3099 3673 3191 3741 qui
3214 3674 3283 3728 ad
3325 3684 3640 3741 praesentes
3678 3679 3756 3741 tit,

2167 3758 2315 3828 cupit
2352 3758 2703 3829 apostolicam
2727 3773 2915 3814 vocem
2958 3759 3154 3815 litteris
3199 3765 3660 3834 comprehensam
3704 3769 3757 3819 in

2166 3850 2510 3920 prmsentiam
2539 3859 2894 3906 commutare.
2927 3850 3209 3922 Scriptura
3231 3856 3374 3909 enim
3407 3855 3592 3909 divina
3627 3858 3759 3910 redi-

2165 3938 2292 3993 ﬁcat
2323 3938 2480 4005 lecta,
2512 3940 2605 3993 sed
2635 3940 2805 3996 multo
2840 3941 2961 4010 plus
2990 3944 3214 4012 prodest
3242 3944 3286 3997 si
3311 3944 3378 3997 de
3403 3944 3605 3999 litteris
3643 3963 3756 4001 mu-

2168 4040 2312 4085 tatur
2349 4031 2404 4084 in
2438 4045 2646 4085 vocem.
2690 4031 2935 4102 Magnam
2975 4034 3019 4087 si
3043 4035 3261 4103 quidem
3300 4036 3408 4088 vim
3449 4036 3623 4090 habet
3654 4052 3755 4090 vos
3834 4072 3839 4080 ι

2163 4123 2306 4185 viva,
2336 4138 2440 4177 vox
2469 4124 2535 4177 de
2557 4125 2795 4178 auctoris
2819 4124 2904 4178 sui
2934 4140 3029 4180 ore
3060 4141 3344 4192 resonans,
3374 4142 3496 4196 quae
3527 4143 3591 4181 ea
3624 4146 3755 4199 pro-

2164 4214 2502 4267 nuntiatione
2526 4214 2820 4283 profertur,
2847 4223 2901 4268 et
2924 4215 3291 4286 distinguitur,
3331 4218 3456 4286 quia
3490 4217 3544 4271 in
3569 4220 3755 4274 homi-

2164 4305 2250 4359 nis
2271 4307 2434 4360 corde
2458 4314 2715 4377 generata
2738 4315 2839 4363 est.

2240 4397 2400 4450 Vens.
2441 4397 2832 4463 2L—Dicite,
2869 4408 2974 4454 etc.
3018 4398 3380 4469 Respondete.
3411 4399 3597 4471 Usque
3645 4403 3752 4457 huc

2165 4489 2308 4543 enim
2340 4490 2537 4557 pendet
2567 4490 2853 4545 sententia.
2896 4491 2965 4545 Et
3001 4492 3364 4563 interponitur
3411 4491 3542 4545 illud
3572 4510 3586 4545 :
3618 4510 3753 4563 quos

2164 4578 2350 4632 iterant
2379 4582 2630 4647 parturis,
2679 4590 2781 4635 etc.
2821 4580 3006 4652 Legem
3050 4599 3155 4636 non
3200 4582 3421 4654 legistis.
3468 4584 3750 4654 Quidquid

2118 4721 2123 4726 .
2165 4670 2388 4742 eligant,
2407 4673 2704 4741 probantur
2728 4675 2897 4729 stulti.
2927 4674 2984 4728 Si
3007 4690 3113 4731 non
3130 4676 3395 4747 legerunt,
3411 4691 3519 4730 non
3540 4678 3753 4741 debent

2164 4761 2408 4839 recipere
2436 4772 2579 4840 quod
2606 4771 2876 4841 ignorant.
2921 4769 2978 4826 Si
3022 4772 3288 4842 legerunt,
3316 4772 3429 4841 ipsa
3452 4773 3655 4842 probat
3693 4787 3751 4826 se

2169 4859 2569 4914 dimittendam.
2603 4859 2756 4927 Quod
2783 4861 2826 4916 si
2858 4877 2967 4916 non
2999 4861 3326 4932 intelligunt,
3355 4862 3507 4918 stulti
3532 4872 3687 4917 sunt.

2241 4951 2398 5005 Vens.
2428 4950 2518 5004 22.
2542 4981 2613 4990 -
2635 4949 2901 5021 Scriptum
2928 4961 3025 5018 est,
3054 4962 3161 5007 etc.
3189 4952 3510 5022 Complures
3530 4953 3747 5014 habuit,

2165 5041 2259 5095 sed
2284 5041 2351 5096 de
2389 5041 2598 5096 duobus
2626 5049 2833 5096 tantum
2867 5040 3152 5112 Scriptura
3182 5042 3494 5112 specialiter
3530 5043 3748 5113 singula

2162 5131 2501 5201 exsequitur,
2528 5132 2765 5187 innuens
2793 5131 2997 5203 aliquid
3026 5134 3304 5202 egregium
3345 5134 3403 5187 in
3437 5132 3524 5188 his
3565 5133 3748 5202 praefi-

2167 5221 2370 5292 gurari.
2407 5217 2581 5274 Unum
2607 5220 2670 5275 de
2692 5219 2889 5274 ancilla
2909 5231 2959 5275 et
2988 5238 3172 5288 unum,
3202 5230 3312 5276 etc.
3345 5220 3455 5276 Nec
3493 5222 3600 5277 hoc
3626 5221 3748 5276 [rn-

2167 5319 2282 5367 stra
2301 5310 2548 5365 distinxit
2579 5328 2592 5365 :
2624 5319 2854 5381 uterque
2880 5311 3102 5380 quidem
3138 5320 3301 5368 natus
3337 5321 3423 5368 est
3450 5312 3519 5368 de
3559 5314 3743 5368 Abra-

2149 5400 2314 5466 -ham,
2350 5402 2442 5457 sed
2469 5402 2535 5456 dc
2561 5401 2776 5457 diversa
2801 5402 3140 5472 operatione.
3166 5402 3302 5469 Quia
3326 5403 3417 5473 qui
3444 5404 3511 5459 de
3546 5403 3745 5458 ancilla

2167 5492 2459 5547 secundum
2502 5493 2684 5548 carnis
2716 5502 2987 5560 naturam,
3037 5509 3143 5564 qua
3165 5493 3457 5563 juvencula
3499 5496 3571 5551 de
3613 5510 3747 5549 sene

2166 5584 2302 5640 solet
2331 5584 2637 5654 concipere.
2667 5582 2769 5651 Qui
2797 5586 2867 5640 de
2904 5586 3097 5652 libera,
3140 5601 3246 5641 non
3289 5586 3586 5643 secundum
3630 5588 3744 5640 vim

2165 5677 2368 5742 carnis,
2396 5684 2456 5730 ut
2483 5675 2664 5731 vetula
2694 5677 2898 5733 sterilis
2932 5679 2999 5734 de
3028 5679 3235 5744 vetulo,
3268 5679 3364 5736 sed
3407 5695 3503 5750 per
3549 5692 3743 5747 opera.

2171 5760 2371 5823 tionem
2420 5767 2544 5832 Dei,
2576 5768 2668 5838 qui
2710 5770 2980 5838 promisit.
3028 5770 3181 5825 Illum
3218 5786 3349 5843 ergo
3392 5771 3602 5844 genuit,
3639 5771 3740 5824 dc-
