3948 6314
168 357 257 429 681

1028 353 1297 412 GLOSSA
1328 348 1730 409 ORDINARIA.
1770 375 1841 387 -—
1874 343 2094 399 EPIST.
2138 343 2233 397 AD
2269 341 2520 399 GALAT.

3302 335 3408 393 582

170 488 466 543 monstrans
507 471 838 532 consuetudo
873 479 1147 528 naturam.
1204 470 1355 526 Illum
1397 484 1526 525 vero
1576 466 1722 521 dedit
1748 467 1797 525 Α
1823 460 1964 531 parit
1992 475 2023 513 a
2047 466 2268 529 peccato
2291 465 2540 511 naturam
2578 453 2813 509 liberans
2853 451 3050 524 gratia.
3088 450 3221 518 Quae
3250 449 3405 504 habet

114 636 123 649 ν
170 541 464 646 promissio,
518 565 831 638 signiﬁcans
879 564 1133 634 gratiam.
1183 562 1261 617 Ibi
1287 565 1560 617 humanus
1599 573 1732 614 usus
1831 554 2020 649 virum.
2051 550 2332 620 Synagoga
2359 547 2754 649 quippe
2780 544 2986 649 habuit,
3012 542 3177 649 idest
3207 541 3401 649 legem,

171 659 480 722 ostenditur,
507 657 596 712 hic
628 656 871 711 divinum
899 653 1223 709 beneﬁcium
1254 651 1688 708 commendatur.

237 776 397 834 Vsus.
426 772 518 828 24.
543 801 615 812 -—
644 769 752 824 Per
773 768 1102 839 allegoriam.
1133 767 1338 822 Dicitur
1387 764 1438 818 id
1480 778 1576 833 per
1604 762 1734 817 alle-

173 865 389 938 goriam,
417 861 632 932 quando
658 858 859 928 aliquid
890 858 1037 912 aliud
1064 858 1279 912 videtur
1309 871 1504 911 sonare
1533 855 1585 908 in
1614 869 1731 909 ver-

173 957 272 1022 bis,
314 961 371 1011 et
419 952 564 1007 aliud
609 949 887 1006 intellectu
939 945 1264 1017 signiﬁcare,
1319 946 1461 1001 sicut
1505 946 1593 1000 hic
1639 961 1736 1015 per

172 1043 455 1107 Abraham,
490 1040 634 1095 Deus
646 1038 808 1093 Pater
831 1055 844 1090 :
864 1038 977 1106 ipse
995 1044 1079 1092 est
1103 1036 1246 1090 enim
1264 1045 1419 1106 pater
1446 1036 1733 1090 multarum

173 1134 424 1206 gentium.
446 1131 590 1187 Abba
606 1130 772 1194 enim,
787 1137 974 1198 pater;
994 1145 1101 1194 am,
1123 1128 1434 1183 multarum.
1453 1127 1520 1182 Et
1541 1128 1739 1183 subau-

174 1226 332 1290 ditur,
371 1222 622 1295 gemium.
648 1220 715 1275 In
745 1216 916 1274 maiae
963 1216 1115 1273 Sina.
1149 1217 1296 1272 Talis
1322 1217 1425 1272 loci
1456 1208 1737 1272 mentione

173 1315 450 1388 Apostolus
474 1314 742 1386 signiﬁcat
767 1310 909 1383 quod
934 1309 1103 1365 Judmi
1126 1319 1316 1365 contra
1339 1317 1529 1380 gentes
1556 1316 1739 1364 essent

172 1405 378 1475 superbi
412 1404 478 1459 de
501 1404 773 1467 mandato,
806 1401 892 1455 vel
939 1400 1042 1469 ipsi
1071 1408 1259 1455 essent
1299 1399 1517 1470 superbi
1551 1407 1606 1454 et
1651 1407 1738 1453 tu-

173 1497 298 1554 midi
322 1506 515 1551 contra
538 1494 712 1564 ipsum
740 1490 1234 1559 mandatum,quod
1257 1498 1341 1545 est
1369 1489 1532 1559 Agar,
1551 1488 1604 1543 id
1633 1499 1738 1553 est,

171 1586 503 1662 signiﬁcatur
536 1600 634 1654 per
673 1583 838 1653 Agar.
881 1580 1027 1650 Agar
1076 1579 1223 1635 enim
1267 1578 1553 1647 alienatio,
1612 1579 1739 1648 quia

171 1677 364 1733 alienat
393 1675 461 1730 ab
493 1672 831 1730 haereditate.

233 1791 403 1846 Vens.
429 1786 527 1843 25.
555 1817 625 1828 —-
654 1785 828 1842 Mons.
857 1784 961 1840 Per
984 1783 1165 1840 omnia
1190 1791 1275 1839 est
1299 1782 1634 1852 conjunctus,
1683 1789 1741 1837 et

168 1879 361 1936 similis
405 1879 456 1934 ei
488 1876 849 1941 Hierusalem,
882 1874 937 1929 id
981 1881 1066 1929 est
1111 1872 1337 1928 Judaico
1382 1871 1602 1941 populo,
1646 1870 1740 1940 qui

167 1985 305 2027 nunc
342 1976 451 2034 est,
481 1968 534 2023 id
562 1975 649 2023 est
687 1967 778 2036 qui
810 1965 1179 2035 temporaliter
1213 1962 1404 2018 servit.
1446 1962 1614 2016 Totus
1642 1974 1742 2031 po-

166 2059 316 2130 pulus
346 2068 540 2124 mater,
570 2056 767 2128 singuli
793 2062 920 2110 sunt
948 2054 1067 2119 ﬁlii,
1090 2053 1174 2108 vel
1199 2052 1474 2124 proselyti,
1507 2052 1598 2121 qui
1627 2066 1746 2106 om-

167 2163 262 2204 nes
290 2148 495 2203 timore
542 2161 717 2217 ptume
759 2144 1023 2200 serviunt.
1068 2142 1176 2199 Per
1212 2143 1327 2196 haec
1372 2143 1553 2195 omnia
1596 2149 1744 2210 patet

166 2238 304 2308 quod
328 2245 492 2292 vetus
523 2236 610 2293 lex
634 2252 741 2291 non
769 2243 854 2291 est
880 2234 1129 2296 tenenda,
1167 2233 1261 2289 sed
1300 2247 1438 2287 nova
1474 2246 1593 2302 quae
1622 2247 1744 2285 sur-

169 2344 305 2396 sum,
367 2342 487 2399 quae
512 2327 702 2382 libera.
743 2326 960 2392 Arabia,
999 2333 1107 2380 etc.
1136 2322 1440 2388 Humilitas,
1486 2323 1572 2378 vel
1607 2322 1746 2377 ami-

167 2421 291 2486 ctio,
320 2420 457 2490 quia
483 2418 857 2490 alﬁigebautur
897 2418 1000 2473 sub
1031 2416 1340 2471 carnalibus
1364 2415 1744 2470 observantiis.

231 2531 405 2588 Vitas.
428 2531 518 2587 26.
545 2563 615 2572 —
642 2532 773 2598 Qua:
817 2547 1026 2586 sursum
1061 2538 1157 2584 est.
1205 2527 1449 2599 Superna
1496 2536 1580 2584 est
1623 2544 1748 2583 san-

165 2633 382 2680 etorum
418 2625 630 2696 civitas,
662 2624 791 2680 licet
815 2624 868 2678 in
895 2623 1242 2693 quisbusdam
1271 2636 1408 2691 quos
1446 2621 1536 2676 hic
1578 2622 1745 2692 parit,

167 2720 346 2774 adhuc
398 2718 790 2790 peregrinetur.
843 2715 978 2771 Sara
1026 2714 1229 2771 sterilis
1287 2714 1557 2786 signiﬁcat
1604 2710 1748 2785 quod

167 2818 369 2864 natura
397 2810 617 2864 humani
649 2809 863 2880 generis
883 2816 1106 2878 peccato
1132 2807 1344 2873 vitiata,
1371 2817 1426 2862 et
1454 2807 1575 2862 ideo
1599 2806 1749 2861 dam-

167 2909 295 2955 nata
337 2892 476 2955 nihil
502 2914 643 2955 verae
691 2898 969 2954 felicitatis
1005 2898 1058 2952 in
1100 2905 1374 2967 posterum
1416 2898 1744 2952 merebatur.

167 2991 321 3046 Isaac
344 3006 442 3060 per
462 2989 940 3060 repromissionem
971 2997 1130 3042 natus
1159 2988 1339 3058 signat
1363 2985 1500 3042 ﬁlios
1525 2988 1744 3059 gratiae:

164 3090 220 3139 et
245 3084 380 3153 quia
410 3083 514 3136 hoc
537 3096 644 3135 non
675 3095 773 3150 per
798 3080 1288 3150 regenerationem,
1332 3079 1428 3133 sed
1467 3093 1564 3148 per
1590 3093 1749 3150 gene-

164 3174 439 3227 rationem
470 3170 710 3226 futurum
735 3179 877 3235 erat,
908 3170 1028 3225 ideo
1056 3178 1185 3224 tunc
1210 3170 1471 3239 imperata
1509 3178 1593 3224 est
1640 3170 1749 3224 cir-

166 3262 457 3327 cumcisio,
489 3261 704 3332 quando
724 3261 875 3315 Sara:
891 3260 1190 3330 promissus
1214 3267 1299 3314 est
1315 3258 1477 3313 ﬁlius.
1503 3258 1755 3313 Circum-

166 3351 308 3407 eisio
337 3352 487 3405 enim
518 3349 786 3422 signiﬁcat
818 3357 1066 3404 naturam
1094 3356 1257 3404 exuta
1290 3357 1563 3405 vetustate
1591 3364 1753 3404 nova-
1794 3410 1801 3421 ι

170 3456 306 3501 tam.
337 3443 493 3512 Quod
518 3459 710 3499 omnes
735 3442 874 3498 ﬁlios
898 3452 952 3497 et
1000 3457 1185 3498 servos
1215 3442 1528 3498 circumcidi
1571 3442 1752 3513 jubet;

168 3536 233 3592 ad
257 3550 456 3591 omnes
485 3534 644 3590 istam
674 3535 905 3605 gratiam
930 3533 1206 3604 pertinere
1234 3541 1481 3588 testatur.
1519 3531 1650 3598 Qum
1681 3543 1758 3587 est

165 3636 362 3681 mater.
393 3625 529 3693 Quia
558 3625 756 3696 singuli
790 3624 958 3680 verbo
996 3632 1050 3679 et
1076 3622 1326 3694 exemplo
1357 3621 1475 3692 ejus
1503 3622 1754 3678 instructi

165 3729 231 3770 ex
260 3716 537 3772 charitate
564 3714 825 3770 serviunt.

237 3825 415 3881 Vens.
449 3825 541 3880 27.
567 3855 619 3865 —
658 3822 923 3894 Scriptum
952 3832 1045 3878 est.
1071 3821 1223 3889 Quod
1238 3822 1407 3877 libera
1422 3822 1561 3878 sitet
1584 3830 1757 3877 mater

167 3921 499 3977 auctoritate
541 3918 695 3973 Isaia:
736 3917 931 3987 probat
972 3916 1206 3971 subdens
1236 3932 1249 3968 :
1277 3914 1502 3969 Lcetare.
1536 3913 1751 3980 chtari,

167 4027 486 4083 erumpere,
533 4011 786 4072 clamare,
829 4007 1102 4079 pertinent
1131 4008 1199 4061 ad
1249 4006 1576 4061 libertatem.
1632 4004 1758 4059 Non

166 4106 338 4173 paris.
384 4101 498 4158 Hoc
525 4101 658 4157 dicit
697 4099 823 4170 quia
865 4098 955 4152 illo
984 4106 1226 4166 tempore
1267 4095 1419 4165 quasi
1456 4096 1632 4150 nullos
1661 4109 1755 4166 ge-

169 4197 309 4250 nuit.
334 4192 466 4249 Non
497 4191 756 4264 parturis,
813 4188 937 4260 quia
990 4187 1217 4242 necdum
1270 4193 1522 4240 conatum
1548 4183 1752 4238 habuit.

172 4286 410 4351 Laetare,
439 4285 493 4339 in
533 4282 717 4338 corde.
767 4277 1014 4349 Erumpe.
1056 4277 1322 4333 Laetitiam
1368 4276 1565 4332 mentis
1604 4283 1758 4330 extra

170 4378 425 4434 ostende.
448 4372 654 4431 Clama.
687 4371 951 4428 Gaudium
992 4379 1144 4426 tuum
1174 4370 1297 4425 aliis
1334 4370 1587 4439 pracdica.
1617 4367 1756 4446 Quia

170 4470 327 4524 multi
371 4466 492 4536 ﬁlii.
517 4464 629 4519 Hoc
653 4464 886 4535 pertinet
914 4463 982 4517 ad
1019 4469 1266 4517 matrem.
1296 4460 1461 4515 Isaias
1487 4461 1756 4530 aspiciens

1832 650 1887 697 et
1914 640 2084 696 fetosa
2130 640 2397 707 quondam
2443 636 2546 690 fuit
2588 636 2641 689 in
2674 634 2877 689 liberis.
2906 631 3120 688 Sterilis
3153 647 3280 687 vero
3305 632 3406 687 Ec-

1832 732 1993 788 clesia
2014 732 2132 786 sine
2155 731 2271 785 viro
2292 728 2528 793 Christo,
2548 727 2665 783 sine
2687 727 2795 780 ullo
2821 726 3005 797 sponsi
3043 725 3280 795 alloquio
3308 725 3401 780 diu

1827 824 1998 895 jacuit
2024 826 2077 879 in
2105 825 2341 879 deserto.
2386 820 2492 876 Sed
2527 828 2813 891 postquam
2836 819 2922 873 illa
2966 819 3166 872 librum
3195 818 3405 888 repudii

1835 914 2065 983 accepit,
2088 920 2142 966 et
2166 925 2328 966 omne
2353 919 2730 965 ornamentum
2764 909 2864 962 viri
2888 908 2956 963 ad
2992 907 3114 961 idoli
3137 906 3409 961 convertit

1834 1012 2234 1068 ornamentum,
2265 1010 2393 1055 tunc
2420 1000 2668 1063 maritus,
2706 999 2887 1068 priore
2926 1003 3267 1068 putresceute
3293 995 3408 1051 ciu-

1835 1094 1959 1166 gulo
1979 1134 1992 1159 ,
2021 1094 2186 1148 alium
2216 1093 2411 1147 lumbis
2437 1092 2550 1146 suis
2579 1090 2841 1155 balteum,
2876 1088 3019 1143 aliud
3058 1089 3125 1143 de
3159 1088 3409 1159 gentibus

1836 1185 2095 1262 lumbare
2109 1185 2406 1247 contexuit,
2438 1198 2556 1252 qua:
2585 1183 2766 1238 statim
2795 1189 2853 1235 ut
2880 1182 2999 1237 viro
3020 1181 3304 1250 conjuncta
3326 1189 3411 1236 est

1836 1275 2083 1345 concepit
2123 1283 2177 1330 et
2216 1275 2446 1345 peperit.
2487 1272 2642 1328 Unde
2684 1273 2851 1327 Isaias
2890 1272 3197 1326 exclamat:
3228 1271 3412 1326 Dilata

1836 1364 2008 1419 locum
2052 1362 2378 1419 tabernaculi
2424 1363 2523 1429 tui,
2578 1370 2628 1416 et
2681 1360 2930 1431 protende
2978 1359 3243 1429 funiculo:
3288 1371 3407 1415 tuos

1839 1454 1973 1526 (lsa.
2005 1455 2134 1525 ων).

1908 1545 2070 1601 Vens.
2111 1545 2200 1601 28.
2226 1543 2496 1599 ——Isaac.
2542 1542 2727 1609 Risus,
2770 1542 2823 1596 id
2870 1549 2954 1597 est
2994 1540 3088 1611 qui
3134 1541 3190 1597 in
3225 1541 3411 1598 Iretitia

1837 1637 2100 1702 serviunt,
2124 1651 2232 1692 non
2262 1651 2328 1691 ex
2355 1635 2602 1700 tristitia,
2636 1633 2720 1687 vel
2751 1631 3094 1687 necessitate.

1911 1728 2073 1782 Vens.
2099 1726 2191 1782 29.
2222 1756 2293 1769 --
2326 1723 2764 1794 Persequebatur.
2798 1720 2912 1775 Non
2941 1730 3070 1790 puto
3094 1734 3194 1775 nos
3228 1719 3295 1807 de
3326 1718 3411 1773 Ia-

1771 1822 1813 1882 B
1841 1818 1929 1875 cili
1952 1818 2196 1873 invenire
2218 1832 2376 1886 posse
2399 1815 2487 1869 ubi
2507 1812 2700 1870 lsmael
2720 1817 3038 1882 persecutus
3058 1810 3222 1864 fuerit
3240 1810 3414 1876 Isaac,

1843 1908 1937 1963 sed
1979 1915 2189 1961 tantum
2219 1906 2368 1971 illud,
2391 1905 2535 1974 quod
2572 1918 2694 1958 cum
2721 1901 2863 1955 ﬁlius
2901 1897 3170 1970 Egyptian
3210 1900 3419 1955 luderet

1842 2013 1966 2054 cum
1992 1996 2161 2079 Isaac,
2194 1996 2471 2067 indignata
2504 1995 2577 2049 sit
2602 1993 2761 2048 Sara.

1913 2088 2079 2143 Vens.
2113 2088 2201 2143 3i.
2230 2117 2302 2127 -—
2328 2085 2448 2152 Qua
2493 2085 2748 2140 libermte.
2781 2085 3028 2141 Libertas
3058 2098 3166 2154 qua
3203 2080 3418 2138 liberati

1824 2195 2033 2235 .sumus
2060 2194 2090 2233 a
2118 2178 2355 2243 Christo,
2401 2183 2486 2232 est
2529 2183 2873 2247 peccatorum
2912 2176 3180 2239 remissio,
3212 2183 3267 2229 et
3296 2173 3421 2228 ﬁdei

1844 2282 1944 2340 per
1971 2268 2316 2323 dilectionem
2340 2265 2619 2336 operantis
2642 2264 2981 2334 justiﬁeatio.

2476 2396 2703 2455 CAPUT
2738 2397 2805 2452 V.

1916 2533 2080 2589 Vsus.
2105 2534 2161 2588 2.
2183 2563 2254 2574 ——
2272 2532 2330 2588 Si
2355 2531 2825 2586 circumcidamini.
2854 2529 3207 2585 Circumcisio
3232 2536 3289 2583 et
3319 2543 3423 2584 cae—

1847 2634 1962 2681 tera
1988 2623 2181 2694 legalia
2208 2622 2282 2676 ita
2307 2622 2450 2676 natis
2475 2629 2529 2674 et
2555 2619 2816 2675 institutis
2848 2634 2953 2673 non
2984 2628 3109 2673 sunt
3141 2618 3320 2681 noxia,
3355 2617 3422 2670 li-

1847 2727 1935 2776 cet
1981 2733 2088 2773 non
2132 2713 2656 2783 necessaria,magis
2699 2711 2916 2766 noxium
2968 2717 3089 2764 erat
3130 2709 3422 2779 prohibere

1847 2810 2000 2881 quasi
2026 2800 2215 2863 noxia.”
2236 2805 2478 2861 Gentiles
2504 2817 2632 2858 vero
2652 2803 2721 2857 ad
2744 2800 2868 2855 talia
2891 2815 2997 2855 non
3026 2807 3152 2855 sunt
3170 2798 3423 2868 cogendi.

1849 2902 1955 2957 Sed
1982 2900 2027 2955 si
2055 2899 2246 2953 nolunt
2272 2897 2351 2961 eis
2373 2907 2691 2966 congruere,
2713 2901 2773 2947 ut
2800 2891 3139 2956 Timotheus,
3169 2906 3275 2946 non
3301 2897 3427 2944 sunt

1847 2989 2192 3065 prohibendi,
2234 2988 2328 3043 sed
2356 2987 2402 3042 si
2432 2986 2483 3040 in
2514 2985 2600 3040 his
2623 2982 2924 3049 conﬁdunt,
2949 2989 3075 3037 sunt
3100 2981 3328 3053 perditi;
3363 2981 3427 3035 lie

1849 3091 1937 3138 cet
1956 3082 2043 3136 his
2054 3095 2183 3151 ergo
2205 3078 2293 3133 illa
2317 3086 2500 3132 tenere
2524 3091 2591 3131 ne
2617 3075 2902 3129 videantur
2922 3072 3218 3142 improbata
3244 3072 3424 3142 potius

1778 3169 1823 3232 C
1854 3190 2017 3247 quam
2042 3173 2348 3228 terminata.
2374 3169 2639 3226 Gentibus
2662 3182 2789 3222 vero
2805 3183 2910 3221 non
2939 3166 3424 3235 suntimpouenda,

1857 3280 1927 3321 ne
1955 3266 2239 3320 videantur
2262 3270 2356 3316 aut
2390 3276 2496 3315 non
2533 3274 2697 3315 causa
2727 3256 3059 3329 promittenti
3086 3256 3311 3321 Christi,
3349 3255 3428 3309 in-

1859 3356 2067 3419 stituta,
2121 3362 2214 3408 aut
2263 3353 2440 3407 adhuc
2488 3350 2823 3421 promittere,
2865 3348 2956 3402 sed
3011 3346 3274 3401 cessando
3314 3345 3430 3415 jam

1857 3452 2048 3516 patent
2071 3443 2222 3514 signa
2249 3440 2413 3495 futuri
2439 3439 2627 3504 fuisse,
2659 3453 2779 3508 quae
2802 3452 2924 3492 cum
2942 3437 3148 3491 honore
3174 3434 3430 3507 paulatim

1859 3536 2156 3594 deserendo
2182 3543 2339 3589 erant
2367 3531 2828 3604 sepelienda,non
2876 3538 2938 3585 ut
2974 3528 3259 3600 sacrilegia
3304 3543 3434 3599 gen-

1860 3630 1992 3685 tium
2017 3626 2288 3696 fugienda.

1926 3716 2093 3773 Vens.
2138 3716 2193 3771 5.
2225 3746 2294 3757 —-
2316 3715 2533 3770 Debitor
2558 3721 2652 3768 est.
2685 3711 2799 3767 Hoc
2842 3710 2963 3765 ideo
3002 3710 3097 3775 ait,
3136 3719 3197 3764 ut
3224 3717 3433 3765 terrore

1859 3820 1967 3867 tam
2026 3796 2500 3864 innumerabilium
2554 3802 2990 3860 Observationum
3041 3815 3160 3870 quae
3207 3800 3261 3854 in
3315 3799 3433 3871 lege

1858 3902 2070 3973 scripta?
2088 3908 2230 3961 sunt,
2252 3914 2320 3953 ne
2343 3912 2533 3953 omnes
2559 3894 2780 3965 implere
2806 3901 3146 3963 cogerentur,
3164 3891 3307 3961 quod
3334 3907 3436 3946 nec

1857 3992 1957 4062 ipsi
1980 3989 2173 4054 Judaei,
2196 4003 2294 4043 nec
2314 3994 2497 4056 patres
2523 3998 2713 4039 eorum
2739 3982 2962 4052 implere
2991 3988 3301 4051 potuerunt,
3325 3981 3433 4035 sic-

1858 4091 1917 4139 ut
1949 4082 2143 4136 Petrus
2188 4079 2284 4141 ait,
2316 4077 2653 4131 abstinerent
2690 4074 2757 4129 ab
2796 4073 2879 4127 his
2911 4070 3105 4142 quibus
3137 4085 3231 4124 eos
3269 4069 3435 4138 aliqui

1860 4173 2127 4242 subjicere
2154 4170 2463 4242 cupiebant.

1929 4262 2094 4318 Vens.
2123 4260 2320 4316 L—A
2350 4260 2522 4332 gratia
2555 4257 2840 4313 excidistis.
2870 4254 2999 4323 Quae
3035 4254 3101 4309 ad
3126 4254 3228 4310 hoc
3265 4253 3434 4318 venit,

1858 4366 1918 4413 ut
1943 4363 2193 4413 cessante
2218 4369 2382 4409 onere
2404 4351 2699 4423 justiﬁcet;
2739 4349 2881 4421 quod
2915 4347 3005 4419 qui
3037 4346 3267 4412 reducit,
3297 4346 3437 4400 hanc

1864 4448 2063 4521 perdit.

176 4572 429 4632 tempore
463 4519 671 4614 Christi
708 4555 1005 4610 Ecelesiam
1048 4554 1289 4625 gentium
1335 4559 1460 4606 ante
1498 4519 1758 4618 sterilem,

1866 4519 1881 4521 θ
1940 4537 2100 4592 Vens.
2132 4536 2186 4591 5.
2221 4566 2286 4575 -—
2315 4533 2428 4589 Nos
2464 4532 2621 4587 enim.
2653 4530 2752 4599 Qui
2784 4531 2837 4584 in
2864 4529 2983 4599 lege
3010 4527 3252 4592 conlidit,
3277 4526 3438 4580 amit-
3524 4571 3537 4581 .

175 4659 309 4706 tunc
366 4648 597 4703 fetosam
629 4659 748 4700 eam
794 4644 1110 4712 alloquitur,
1162 4642 1389 4696 dicens:
1431 4640 1476 4697 Ο
1518 4641 1760 4698 Ecclesia

175 4740 409 4803 sterilis,
440 4752 561 4808 quae
600 4745 841 4805 tempore
871 4732 1001 4803 legis
1025 4745 1125 4786 nec
1161 4731 1364 4785 virtute
1395 4730 1640 4786 miraculi
1670 4746 1763 4802 pa-

175 4831 278 4897 ris,
310 4838 424 4886 etc.
446 4827 698 4882 Desertaa.
731 4823 923 4879 Plures
949 4821 1045 4876 ﬁlii
1078 4829 1205 4876 sunt
1231 4820 1486 4877 Ecclesiae
1515 4821 1643 4877 olim
1670 4822 1764 4878 de-

176 4932 383 4988 Sertze,
430 4935 593 4992 quam
641 4915 942 4990 Synagogae
986 4915 1296 4987 generantia
1354 4912 1591 4968 interim.
1648 4911 1763 4967 Hoc

178 5008 459 5082 superﬂue
488 5009 554 5063 de
583 5008 807 5078 antiqua
827 5004 963 5060 Sara
992 5005 1198 5060 diceret
1216 5003 1408 5069 Isaias,
1436 5003 1502 5058 de
1523 5001 1765 5057 Ecclesia

178 5119 317 5176 ergo
352 5101 537 5157 dicere
567 5097 950 5170 intelligendus
976 5105 1078 5152 est.
1110 5095 1326 5152 Sterilis
1351 5103 1532 5151 autem
1560 5103 1679 5150 erat
1710 5094 1765 5149 in

178 5196 445 5252 omnibus
485 5192 776 5266 gentilibus
805 5190 1070 5255 Ecclesia,
1122 5197 1411 5258 antequam
1454 5188 1557 5243 iste
1601 5186 1766 5252 fetus,

176 5302 352 5359 quem
402 5284 675 5341 cernimus
708 5281 963 5337 oriretur.
1018 5278 1302 5350 Synagoga
1347 5292 1479 5348 ergo
1525 5285 1610 5332 est
1647 5292 1768 5347 qua:

177 5377 356 5432 habet
380 5375 577 5439 virum,
612 5372 663 5428 id
693 5381 775 5427 est
806 5371 1000 5444 legem.
1033 5368 1252 5423 Deserta
1289 5382 1433 5431 vero,
1459 5374 1514 5421 et
1543 5382 1676 5436 vaga
1702 5373 1757 5422 et

177 5467 308 5521 sine
340 5465 448 5519 ulla
474 5470 741 5537 potestate
789 5463 892 5517 viri
940 5460 1149 5525 vivens,
1191 5458 1430 5530 gentium
1479 5456 1766 5512 multitudo

178 5564 289 5623 est,
318 5571 442 5626 qua:
470 5563 527 5611 et
546 5552 748 5610 sterilis
771 5560 912 5617 erat,
942 5550 1139 5606 nullius
1181 5547 1406 5620 legitimi
1450 5547 1600 5602 verbi
1641 5562 1781 5622 pro—i

176 5645 376 5701 ferens
399 5658 641 5717 germen.
670 5641 822 5698 Parit
851 5642 1067 5713 quidem
1097 5640 1243 5695 cives
1274 5647 1505 5693 terrena:
1536 5637 1772 5694 civitatis

177 5746 420 5809 peccato
447 5737 635 5792 vitiata
666 5744 891 5801 natura;
922 5732 1160 5792 cmlestis
1186 5746 1313 5786 vero
1349 5729 1585 5787 civitatis
1626 5730 1772 5786 cives

1865 4634 1931 4689 tit
1951 4631 2200 4702 gratiam,
2224 4627 2367 4698 quod
2396 4642 2462 4681 ex
2494 4623 2768 4681 contrario
2795 4629 2972 4693 potest
2994 4618 3187 4683 videri,
3209 4618 3335 4686 quia
3367 4631 3434 4671 ex

1865 4725 1972 4780 ﬁde
2001 4721 2230 4791 justitia.
2261 4728 2317 4774 et
2355 4733 2499 4789 spes,
2528 4718 2582 4771 id
2622 4722 2725 4781 est,
2771 4722 2996 4768 externa
3039 4708 3352 4764 beatitudo:
3386 4717 3442 4763 et

1864 4816 1970 4872 hoc
2012 4811 2242 4867 facimus
2264 4824 2361 4881 per
2389 4807 2658 4877 spiritum,
2686 4803 2778 4874 qui
2825 4816 2929 4856 non
2976 4806 3155 4870 potest
3197 4795 3307 4851 falli
3348 4806 3442 4853 aut

1865 4903 2068 4960 fallere.
2088 4903 2244 4972 Spem
2250 4898 2495 4970 justitia.
2511 4895 2567 4951 Id
2587 4902 2689 4959 est,
2706 4906 2866 4962 quam
2892 4897 3075 4960 sperat
3088 4886 3320 4957 justitia,
3337 4886 3442 4942 sci-

1867 4999 1996 5054 licet
2022 4995 2189 5050 vitam
2216 4986 2619 5053 mternam,vel,
2650 4999 2770 5055 quae
2798 4988 3047 5051 speratur
3076 4978 3193 5048 ipsa
3208 4977 3437 5046 justitia.

1867 5090 2030 5147 Fides
2062 5086 2206 5141 enim
2229 5082 2476 5139 esuriens
2505 5086 2561 5133 et
2588 5076 2779 5131 sitiens
2798 5072 3066 5144 justitiam
3096 5077 3276 5141 sperat
3298 5069 3352 5123 in
3375 5083 3442 5122 ea

1869 5179 2118 5238 renovari
2146 5185 2200 5233 et
2220 5174 2502 5248 proﬁcere.
2518 5168 2638 5235 Vel,
2664 5182 2787 5238 spes
2807 5163 3033 5235 justitia:
3059 5169 3142 5218 est
3171 5159 3441 5224 Christus,

1870 5288 1937 5330 ex
1963 5286 2070 5343 quo
2093 5277 2341 5340 speratur
2363 5263 2572 5337 justitia
2595 5260 2732 5330 ipsa.

1942 5338 2105 5418 V—sas.
2122 5338 2411 5414 '6.—Nam
2436 5356 2491 5408 in
2515 5351 2742 5409 Christo.
2765 5347 2862 5403 His
2888 5359 3016 5400 vero
3035 5342 3126 5416 qui
3156 5343 3208 5397 in
3229 5338 3447 5397 Christo

1872 5454 1999 5512 Jesu
2049 5451 2239 5506 volunt
2278 5448 2367 5518 pie
2410 5445 2611 5508 vivere,
2650 5441 2879 5495 virtutes
2922 5434 3234 5507 appetenda:
3279 5438 3444 5494 sunt,

1875 5556 1930 5603 et
1951 5544 2081 5599 vitia
2110 5540 2383 5612 fugienda.
2413 5536 2585 5593 Media
2627 5548 2756 5589 vero
2796 5545 2916 5601 quae
2952 5529 3093 5583 inter
3127 5526 3356 5579 virtutes
3393 5529 3449 5576 et

1874 5637 2003 5695 vitia
2032 5642 2177 5702 sunt,
2208 5647 2306 5688 nec
2328 5628 2625 5702 appetenda
2653 5634 2796 5691 sunt,
2836 5638 2935 5678 nec
2963 5616 3233 5688 fugienda,
3258 5622 3317 5668 ut
3340 5613 3440 5667 cir-

1879 5727 2143 5787 cumcisio
2169 5733 2224 5781 et
2253 5722 2593 5795 praeputium,
2621 5734 2740 5790 qua:
2763 5713 2897 5772 nihil
2926 5710 3105 5765 valent
3127 5709 3179 5763 iu
3208 5704 3427 5761 Christo
