3948 6314
522 312 629 371 583

1018 316 1407 371 WALAFRIDI
1449 318 1696 372 STRABI
1733 318 1935 373 FULD.
1975 314 2137 370 MON.
2179 312 2329 370 ΟΡΡ.
2364 316 2544 374 PARS
2580 318 2621 373 l.
2660 347 2733 360 --
2768 316 3227 375 THEOLOGICA.
3283 308 3291 313 ’

3660 319 3760 377 58L

522 428 633 486 Sed
650 430 799 499 ﬁdes.
822 428 955 485 Sine
975 429 1262 485 dilectione
1290 430 1423 486 ﬁdes
1451 431 1627 485 inanis
1654 441 1756 486 est.
1787 430 1945 485 Fides
1963 446 2084 483 cum
2112 430 2161 488 Α
2188 428 2312 496 quia
2340 430 2554 484 dilectio
2580 430 2673 482 Dei
2698 429 2751 483 in
2796 430 3084 484 dilectione
3131 429 3362 499 proximi
3409 431 3759 499 continetur;

521 518 806 575 dilectione
829 518 1123 573 Christiani
1160 528 1261 573 est.
1292 520 1410 574 Alia
1440 528 1524 574 est
1556 521 1833 574 daemonis.
1862 520 2002 573 Nam
2035 529 2083 574 et

518 607 779 661 demones
802 607 1019 660 credunt
1048 616 1101 660 et
1135 611 1536 663 contremiscunt
1579 610 1718 679 (lac.
1748 610 1831 679 ιι).
1858 609 1958 675 Qui
1984 624 2083 663 au-

518 704 627 750 tem
673 710 780 750 non
826 696 1073 758 credunt,
1101 698 1367 753 tardiores
1393 707 1518 753 sunt
1568 708 1624 753 et
1666 701 1876 770 pejores
1921 715 2083 769 quam

517 785 805 841 dazmones.
838 785 943 840 Sed
972 785 1199 841 multum
1241 787 1486 853 interest,
1518 797 1699 843 utrum
1744 790 1867 858 quis
1899 790 2083 843 credat

517 874 691 943 ipsum
715 888 834 928 esse
861 873 1157 940 Christum,
1201 890 1272 929 an
1315 878 1503 932 credat
1540 878 1591 931 in
1620 878 1913 932 Christum.
1946 878 2080 932 Nam

516 963 690 1034 ipsum
716 964 993 1020 Christum
1019 981 1138 1021 esse
1166 968 1435 1022 daemones
1472 968 1837 1032 crediderunt,
1865 983 1965 1023 nec
1999 977 2073 1022 ta-

514 1070 637 1110 men
668 1055 725 1109 in
767 1055 1040 1112 Christum
1086 1059 1455 1115 crediderunt.
1498 1060 1591 1115 Ille
1635 1060 1779 1115 enim
1808 1061 1980 1116 credit
2022 1062 2078 1116 in

514 1146 806 1213 Christum,
838 1148 931 1218 qui
972 1157 1153 1219 sperat
1192 1148 1245 1203 in
1280 1149 1573 1216 Christum,
1616 1159 1672 1206 et
1704 1151 1880 1221 diligit
1916 1152 2076 1207 Chri-

511 1244 678 1290 stum.
774 1302 785 1315 ι

583 1324 747 1381 Vnus.
774 1327 828 1381 7.
856 1357 927 1367 —
948 1326 1268 1384 Currebatis.
1296 1330 1394 1387 Hic
1415 1331 1596 1386 laudat
1621 1331 1868 1396 Galatas,
1904 1341 1961 1388 et
1981 1347 2077 1389 eos

512 1428 609 1481 per
629 1430 764 1483 quos
794 1416 1000 1472 inducti
1032 1426 1157 1471 sunt
1191 1427 1251 1472 ut
1294 1420 1573 1489 judaizare
1615 1420 1832 1486 vellent,
1870 1422 2077 1492 vitupe-

512 1511 628 1568 rat;
651 1513 793 1559 etne
822 1505 928 1561 illis
948 1508 1312 1574 consentiant,
1339 1518 1543 1566 monet.

579 1612 742 1667 Vens.
776 1612 1169 1700 l0.—Conﬁdo.
1197 1616 1321 1672 ldeo
1344 1618 1614 1674 conﬁdere
1641 1619 1709 1674 de
1731 1619 1815 1674 his
1839 1635 1899 1675 se
1920 1620 2070 1687 dicit,

509 1703 636 1773 quia
660 1719 766 1759 non
791 1714 981 1776 sponte
1008 1708 1102 1761 sed
1131 1708 1484 1764 circumventi
1520 1712 1797 1766 errabant.
1845 1711 1912 1765 Et
1951 1712 2072 1768 ideo

2186 526 2243 571 et
2270 519 2388 572 ideo
2414 520 2465 572 in
2508 521 2610 573 hoc
2640 528 2909 588 praecepto
2937 518 3200 587 perfectio
3249 520 3438 573 salutis
3486 529 3594 585 est,
3637 521 3758 590 quia

2186 605 2303 658 sine
2331 608 2576 674 proximo
2604 622 2709 661 non
2737 607 2975 676 diligitur
3000 608 3141 662 Deus
3164 625 3177 659 ε
3204 608 3307 672 Qui
3334 610 3473 662 enim
3514 625 3620 661 non
3645 610 3763 663 diti.
3806 613 3820 630 '

2182 695 2254 762 git
2276 696 2566 763 proximum
2593 713 2769 759 suum,
2803 712 2953 765 quem
2979 696 3136 760 videt,
3159 696 3347 762 Deum,
3378 713 3530 767 quem
3564 714 3671 751 non
3693 716 3763 751 rs-

2182 783 2299 848 det,
2360 788 2617 856 quomodo
2665 795 2829 855 potest
2891 786 3156 856 diligere?
3202 786 3253 858 (I
3293 785 3456 841 Joan.
3503 788 3606 856 tv.)
3633 788 3762 843 Cum

2182 876 2346 945 igitur
2372 887 2661 948 utrumque
2682 886 3006 947 praeceptum
3037 878 3111 931 ita
3144 879 3236 940 sit,
3280 889 3339 932 ut
3363 888 3620 933 neutrum
3649 881 3760 934 sine

2179 968 2548 1039 altero‘possit
2604 970 2796 1033 teneri,
2828 985 2993 1023 unum
3050 985 3239 1024 eorum
3294 970 3491 1025 suflicit
3526 986 3761 1025 commeo

2179 1074 2407 1113 morare.
2453 1059 2601 1115 Sicut
2646 1062 2884 1129 teipsum.
2940 1059 3056 1114 Non
3096 1070 3272 1131 potest
3297 1064 3612 1131 proximum
3640 1063 3759 1117 dili-

2177 1160 2321 1213 gere,
2343 1148 2433 1215 qui
2458 1162 2563 1200 non
2585 1147 2757 1217 diligit
2780 1162 2857 1201 se.
2888 1146 2960 1202 Se
2984 1156 3163 1201 autem
3193 1164 3297 1203 non
3338 1150 3511 1221 diligit
3563 1151 3662 1220 qui
3687 1152 3760 1205 di-

2173 1234 2250 1305 git
2297 1236 2651 1304 iniquitatem.
2714 1234 2818 1301 Qui
2877 1237 3014 1289 enim
3061 1237 3231 1307 diligit
3277 1239 3634 1309 iniquitatem,
3657 1241 3758 1292 odit

2180 1326 2411 1379 animam
2447 1343 2598 1380 suam
2624 1325 2796 1397 (Psal.
2823 1328 2901 1398 ι).

2245 1415 2405 1470 Vens.
2440 1417 2527 1470 15.
2549 1446 2622 1458 -
2646 1414 2948 1471 Comeditis.
2998 1417 3095 1472 Vel
3140 1420 3517 1483 criminnmini,
3564 1421 3623 1474 id
3660 1431 3755 1481 est,

2173 1506 2397 1560 crimina
2449 1506 2599 1562 vobis
2645 1508 2875 1562 invicem
2924 1509 3284 1578 imponentes.
3336 1508 3418 1565 Ne
3467 1511 3756 1565 abinriceui

2172 1598 2577 1652 consumamini.
2612 1598 2715 1653 Per
2736 1600 2972 1654 schisma
2999 1600 3319 1658 Christianae
3341 1604 3647 1673 religionis,
3670 1619 3760 1673 per

2171 1703 2363 1742 vanam
2409 1689 2634 1759 gloriam
2684 1704 2983 1759 vanamque
3011 1692 3293 1747 victoriam
3339 1702 3549 1747 mutata
3596 1708 3755 1749 occa-

509 1760 719 1848 tistensa
747 1760 905 1850 ωδόο
931 1760 1059 1851 vera
1078 1760 1352 1853 vianfacile
1587 1760 2067 1857 eosW-reversu-ro's:
2098 1760 2146 1820 Β
2176 1781 2328 1835 δίοηθ
2347 1782 2629 1836 Charilaus
2657 1782 2760 1836 hoc
2810 1798 2997 1837 90mm
3024 1785 3214 1839 νίῑίηῐη
3264 1784 3463 1856 ωιίείιο
3491 1785 3628 1854 «ιοίι
3652 1788 3757 1841 dis‘

507 1879 810 1938 Conturbat.
842 1885 913 1939 Ut
934 1886 1140 1942 scilicet
1163 1897 1372 1945 mutato
1395 1891 1589 1946 ordine
1613 1893 1677 1947 de
1702 1892 2070 1962 spiritualibus

507 1970 624 2025 sitis
642 1973 908 2028 carnales.
929 1974 1256 2046 Quicunque.
1272 1977 1518 2045 Occulte,
1547 1981 1817 2049 inquiunt,
1845 1982 2070 2038 Petrum

504 2060 727 2127 lacerat,
763 2065 851 2117 cui
891 2079 1054 2134 supra
1082 2066 1136 2120 in
1180 2066 1374 2123 faciem
1422 2084 1480 2124 se
1519 2071 1787 2126 restitisse
1830 2073 2047 2140 scripsit

503 2151 650 2218 quod
670 2166 778 2206 non
805 2163 955 2209 recto
984 2156 1118 2223 pede
1148 2157 1433 2214 incesserit
1462 2161 1530 2215 ad
1555 2160 1833 2231 Evangelii
1867 2163 2100 2221 verita—.

503 2242 613 2294 tem
656 2258 671 2294 :
713 2242 807 2297 sed
859 2259 959 2298 nec
1006 2243 1207 2301 Paulus
1250 2257 1358 2302 tam
1407 2252 1618 2319 procaci
1668 2252 1953 2308 maledicto
2003 2254 2069 2309 de

501 2326 760 2385 Ecclesiae
786 2332 1029 2403 principe
1054 2334 1386 2403 loqueretur,
1412 2353 1512 2393 nec
1539 2339 1731 2395 Petrus
1757 2342 1972 2412 dignus,
2009 2350 2070 2398 ut

499 2426 744 2486 portaret
768 2419 1028 2488 judicium
1066 2424 1340 2481 Ecclesiae.
1386 2426 1648 2494 Quocirca
1693 2430 2067 2487 arbitrandum

498 2515 588 2563 est
609 2506 725 2563 lucc
753 2508 820 2565 de
845 2510 951 2565 alio
976 2513 1209 2580 quodam
1235 2515 1363 2580 dici,
1401 2518 1493 2586 qui
1533 2517 1618 2572 vel
1643 2535 1765 2573 cum
1807 2521 2065 2590 apostolis

498 2594 692 2664 fuerat,
718 2600 804 2656 vel
832 2602 899 2656 de
925 2601 1108 2659 Judaza
1135 2616 1377 2672 venerat,
1407 2609 1488 2662 vel
1528 2625 1594 2664 ex
1625 2608 1913 2667 Pbarisaais
1946 2628 2066 2669 cre-

499 2689 731 2757 diderat,
768 2693 854 2747 vel
879 2693 1073 2765 aliquis
1099 2712 1325 2768 magnus
1361 2700 1441 2753 sic
1485 2700 1626 2771 apud
1660 2700 1881 2757 Galatas
1913 2705 2062 2759 testi-

497 2788 700 2846 tnatus,
721 2789 784 2836 ut
806 2791 983 2852 portet
998 2784 1259 2854 judicium
1288 2789 1543 2845 Ecclesia:
1571 2793 1917 2861 perturbatae.

568 2893 734 2953 Vsus.
769 2899 855 2954 11.
908 2900 1022 2971 Ego
1069 2914 1265 2957 autem.
1321 2905 1703 2975 lmponebatur
1756 2923 1785 2960 a
1836 2910 2058 2977 pseudo,

498 2990 643 3060 quod
672 2989 869 3045 Paulus
913 2990 1039 3045 alibi
1077 2992 1543 3048 circumcisionem
1593 2995 1926 3064 praedicaret,
1966 2994 2061 3052 sed

499 3094 607 3135 non
641 3080 721 3135 eis
752 3079 909 3135 facile
933 3082 1253 3137 sententiam
1285 3099 1436 3138 suam
1474 3085 1686 3155 aperire
1714 3085 1893 3139 vellet.

570 3167 712 3233 Quid
760 3169 932 3225 adhuc
962 3173 1386 3241 persecutionem.
1420 3173 1626 3245 (lin-zu.)
1655 3173 2062 3231 Persecutiones

495 3258 641 3314 enim
667 3260 1025 3315 creberrimas
1053 3262 1306 3317 sustinuit
1334 3280 1363 3317 a
1392 3262 1610 3328 Judazis,
1640 3278 1705 3319 eo
1735 3266 1876 3334 quod
1904 3265 2063 3320 doce-

495 3356 580 3405 ret
599 3364 715 3415 eos,
747 3351 837 3420 qui
866 3352 930 3406 de
953 3353 1204 3423 gentibus
1232 3354 1571 3410 crediderant
1606 3355 1659 3409 in
1684 3355 1923 3422 Christo,
1953 3372 2059 3412 non

494 3439 697 3497 debere
718 3441 1051 3497 circumcidi.

564 3530 884 3587 Scandalum
910 3535 1098 3588 crucis.
1132 3533 1455 3590 Scandalum
1484 3544 1604 3590 erat
1638 3534 1837 3591 Iudaeis
1861 3538 2057 3605 praedi-

492 3622 636 3677 catio
659 3622 856 3686 crucis,
885 3623 1009 3691 quia
1034 3624 1316 3679 sabbatum
1366 3634 1419 3681 et
1448 3625 1913 3680 circumcisionem
1941 3643 2061 3682 eva-

493 3711 707 3765 cuabat.
760 3710 817 3766 Si
867 3726 998 3767 vero
1058 3714 1368 3769 admitteret
1413 3716 1900 3783 circumcisionem,
1949 3733 2056 3772 non

490 3811 634 3858 esset
659 3805 737 3859 eis
765 3805 1098 3873 scandalum,
1135 3815 1190 3862 et
1216 3807 1426 3878 paciﬁci
1454 3816 1653 3863 essent.

561 3914 726 3971 Vsus.
744 3918 1140 3974 f2.——Utinam
1165 3922 1557 3977 abscinduntur.
1585 3923 1691 3993 Ipsi
1720 3938 1815 3978 vos
1839 3932 2056 3979 contur-

488 4007 638 4071 bant,
688 4009 781 4064 sed
818 4011 1022 4065 utinam
1053 4012 1454 4077 abscindantur,
1484 4030 1588 4069 non
1618 4014 1929 4076 carnaliter,
1960 4015 2053 4069 sed

487 4103 596 4157 vim
619 4104 911 4173 generandi
930 4106 1157 4175 perdant
1177 4107 1228 4161 in
1255 4108 1424 4171 vobis,
1451 4108 1536 4163 vel
1554 4109 1607 4162 in
1625 4107 1744 4162 aliis
1770 4108 1901 4161 nihil
1920 4123 2052 4177 pro-

487 4194 671 4248 ficiant
691 4209 798 4249 non
826 4196 998 4251 solum
1022 4182 1325 4253 circumcisi
1353 4200 1445 4253 sed
1489 4199 1735 4263 abscissi,
1767 4190 1833 4252 ut
1852 4199 2051 4253 nullam

485 4285 706 4340 omnino
731 4287 1018 4356 generandi
1045 4287 1336 4358 potentiam
1365 4289 1619 4352 habeant,
1645 4295 1700 4343 et
1725 4288 1917 4343 merito
1948 4292 2051 4344 hoc

483 4384 612 4446 opto
640 4392 708 4431 ne
733 4392 828 4432 vos
856 4378 1101 4449 redigant
1135 4380 1187 4433 in
1217 4380 1528 4434 servitutem
1556 4378 1687 4450 legis
1712 4398 1725 4433 :
1764 4379 1867 4436 Vos
1906 4382 2043 4436 enim

483 4465 651 4518 vocati
674 4466 796 4519 estis
823 4484 855 4518 (ι
886 4466 995 4520 Deo
1025 4468 1080 4520 in
1107 4466 1413 4522 libertatem.

553 4553 717 4609 Vens.
758 4556 1043 4611 l5.—Ne
1093 4557 1401 4613 libertatem.
1455 4558 1657 4615 Sensus
1703 4562 2047 4618 est:Cavete

482 4661 550 4701 ne
588 4647 771 4702 audito
797 4648 1015 4703 nomine
1041 4649 1327 4714 libertatis,
1357 4651 1569 4721 impune
1615 4653 1768 4707 vobis
1812 4670 2045 4722 peccan-

482 4735 607 4789 dum
637 4751 756 4791 esse
786 4738 1144 4792 arbitremini.
1188 4737 1294 4793 Sed
1331 4757 1422 4809 per
1461 4741 1768 4795 charitatem
1798 4742 2041 4812 Spiritus.

479 4822 597 4877 Non
626 4840 723 4894 per
746 4824 992 4880 allectum
1025 4827 1207 4882 carnis
1246 4830 1484 4885 charitas
1528 4831 1773 4885 habenda
1804 4840 1905 4897 est,
1952 4833 2045 4887 sed

478 4926 579 4981 per
600 4914 864 4983 spiritum.

549 5023 713 5077 Vsus.
746 5023 828 5077 14.
860 5056 931 5066 -
954 5026 1137 5083 Omnis
1164 5030 1299 5084 enim
1326 5031 1428 5086 lex.
1453 5030 1589 5085 Nam
1623 5039 1679 5087 et
1715 5031 1804 5085 illa
1830 5048 1949 5102 quae
1974 5034 2045 5089 ad

478 5112 649 5167 bonos
663 5128 839 5169 meres
849 5117 1135 5186 pertinent,
1152 5129 1206 5174 et
1232 5121 1320 5174 illa
1338 5137 1457 5190 quae
1474 5123 1525 5175 in
1545 5121 1900 5176 sacramentis
1916 5131 2044 5178 sunt

479 5200 624 5270 (cum
674 5203 809 5259 bene
861 5221 892 5260 a
941 5207 1126 5265 liberis
1178 5210 1564 5282 intelligantur,
1613 5228 1713 5265 nec
1757 5213 2046 5268 carnaliter

478 5291 830 5350 observantur
858 5312 887 5350 a
911 5298 1102 5371 servis)
1148 5299 1214 5353 ad
1244 5302 1561 5354 cliaritatem
1615 5300 1917 5357 referantur
1948 5317 2042 5357 ne-

478 5396 630 5437 cesse
688 5395 788 5439 est.
848 5384 1045 5456 Diliges
1093 5391 1406 5457 proximum.
1468 5390 1580 5445 Hoc
1632 5392 1890 5460 scriptum
1958 5401 2043 5445 est

480 5468 534 5523 in
567 5470 1008 5546 Levitico(Levit.
1042 5479 1183 5545 xu),
1226 5478 1280 5532 in
1314 5496 1420 5548 quo
1466 5489 1609 5535 recte
1652 5481 1782 5535 dicit
1833 5480 2041 5550 impleri

479 5560 647 5632 legem
705 5567 1033 5631 universam,
1071 5583 1194 5623 cum
1248 5579 1424 5626 tamen
1470 5573 1575 5627 duo
1626 5573 1733 5627 sint
1774 5583 2039 5644 praecepta

478 5654 754 5714 charitatis
801 5660 855 5713 in
889 5659 1083 5730 quibus
1132 5670 1243 5717 tota
1276 5664 1360 5718 lex
1395 5665 1591 5735 pendet
1636 5675 1691 5719 et
1743 5667 2035 5736 prophetat,

2171 1874 2351 1928 sensio
2374 1873 2589 1928 inimica
2611 1882 2695 1928 est
2725 1875 3045 1930 dilectionis.
3077 1876 3191 1931 Hoc
3215 1879 3359 1933 enim
3411 1878 3661 1935 maxime
3678 1881 3758 1933 vi-

2171 1965 2246 2018 tio
2267 1966 2631 2020 contentionis
2659 1972 2714 2020 et
2736 1966 2949 2021 invidiae
3003 1976 3058 2022 et
3106 1969 3408 2038 perniciosa
3464 1970 3614 2023 inter
3667 1985 3754 2023 eos

2163 2052 2341 2125 jurgia
2392 2054 2788 2119 nutriebantur,
2836 2055 3030 2124 quibus
3074 2057 3410 2113 consumitur
3433 2059 3751 2113 societaset

2174 2143 2305 2196 vita.

2240 2230 2403 2288 Vens.
2432 2233 2518 2287 16.
2539 2264 2610 2275 ——
2654 2235 2782 2290 Dico
2808 2246 2980 2292 autem
3000 2239 3055 2292 in
3077 2236 3303 2299 Christo,
3355 2245 3464 2293 etc.
3496 2237 3751 2295 Ostendit

2168 2336 2331 2390 quam
2361 2322 2629 2380 sutiiciens
2652 2326 2722 2379 sit
2747 2326 2877 2382 ﬁdes
2919 2327 3120 2382 Christi
3152 2328 3268 2382 sine
3311 2328 3447 2398 lege,
3492 2330 3629 2397 quia
3651 2345 3748 2396 per

2167 2428 2285 2469 eam
2309 2429 2526 2470 carnem
2574 2417 2793 2471 vincunt
2846 2426 2902 2472 et
2929 2418 3046 2485 ejus
3100 2433 3286 2488 opera,
3336 2427 3394 2473 et
3444 2429 3752 2488 sequuntur

2166 2506 2452 2575 Spiritum;
2485 2509 2639 2577 quasi
2670 2510 2854 2563 dicat:
2884 2509 2962 2564 Ne
2987 2510 3123 2565 detis
3148 2510 3452 2565 libertatem
3499 2512 3556 2565 in
3587 2527 3748 2566 occa—

2165 2594 2370 2650 sionem
2397 2597 2597 2660 carnis.
2637 2599 2731 2652 sed
2756 2614 2854 2667 per
2880 2600 3201 2655 charitatem
3246 2600 3468 2668 spiritus
3521 2603 3749 2656 servite.

2166 2687 2279 2744 Hoc
2305 2697 2486 2744 autem
2507 2690 2629 2745 dico
2653 2706 2809 2760 posse
2829 2706 2948 2746 esse
2972 2692 3126 2747 vobis
3162 2692 3215 2746 in
3245 2692 3482 2753 Christo.
3533 2702 3595 2744 et
3625 2708 3754 2745 nun-

2164 2793 2325 2847 quam
2349 2778 2523 2834 aliter.
2558 2777 2680 2833 Non
2710 2780 3011 2848 perﬁcietis,
3052 2789 3157 2835 etc.
3187 2780 3301 2834 Non
3332 2780 3408 2833 ait
3451 2795 3560 2833 non
3611 2779 3754 2834 fece-

2162 2869 2282 2925 ritis
2327 2870 2412 2925 vel
2458 2885 2564 2925 non
2622 2871 2920 2926 habueritis
2966 2872 3090 2941 quia
3121 2886 3183 2925 ea
3228 2874 3333 2924 non
3385 2870 3595 2924 habere
3646 2886 3751 2924 non

2162 2968 2432 3030 poterant.
2457 2960 2551 3015 sed
2576 2975 2680 3014 non
2705 2960 3017 3029 perﬁcietis,
3043 2961 3097 3015 id
3115 2968 3197 3014 est
3221 2974 3328 3015 non
3350 2974 3517 3028 opera
3546 2973 3745 3014 eorum

2163 3066 2427 3107 consensu
2457 3051 2753 3107 voluntatis
2781 3052 3088 3121 iinplebitis.

2235 3142 2395 3199 Vsus.
2432 3143 2517 3197 17.
2534 3142 2751 3197 -—Caro
2774 3144 2910 3198 enim
2935 3145 3271 3215 concupiscit,
3295 3153 3401 3200 etc.
3424 3143 3572 3200 Caro
3602 3146 3747 3200 dicta

2162 3240 2245 3288 est
2286 3234 2690 3302 concupiscere,
2745 3235 2870 3304 quia
2924 3236 3027 3291 hoc
3064 3236 3357 3292 secundum
3404 3238 3580 3306 ipsam
3638 3239 3749 3305 agit

2162 3322 2363 3385 anima,
2402 3322 2545 3377 sicut
2573 3325 2720 3378 auris
2748 3325 2944 3379 dicitur
2973 3326 3180 3389 audire,
3220 3335 3277 3381 et
3300 3326 3490 3381 oculus
3527 3326 3743 3389 videre,

2161 3427 2284 3466 cum
2314 3413 2491 3481 potius
2519 3413 2699 3466 anima
2728 3423 2784 3467 et
2828 3429 2926 3483 per
2971 3430 3159 3469 aurem
3183 3414 3387 3479 audiat,
3413 3424 3467 3470 et
3489 3430 3592 3484 per
3615 3431 3746 3471 ocn-

2132 3501 2269 3555 lum
2299 3502 2498 3556 videat.
2531 3501 2669 3555 Caro
2710 3503 2854 3556 enim
2891 3503 3042 3566 nihil,
3089 3504 3192 3558 nisi
3213 3518 3311 3573 per
3336 3504 3573 3558 animam
3606 3521 3745 3560 con-

2159 3592 2412 3659 cupiscit,
2442 3590 2534 3645 sed
2564 3592 2943 3660 concupiscere
2979 3593 3196 3657 dicitur,
3248 3608 3370 3647 cum
3418 3594 3605 3647 anima
3631 3611 3731 3650 car

2158 3681 2264 3734 nali
2295 3681 2728 3749 concupiscentia
2749 3682 2960 3749 spiritui
2997 3682 3312 3737 reluctatur.
3366 3682 3539 3752 Ipsius
3583 3686 3745 3739 enim

2157 3771 2390 3824 carnalis
2446 3771 2891 3839 concupiscentiae
2940 3787 3104 3826 causa
3147 3787 3255 3826 non
3283 3782 3365 3827 est
3421 3773 3476 3826 in
3526 3774 3743 3839 anima,

2155 3878 2222 3918 ex
2254 3871 2482 3932 utroque
2510 3864 2653 3918 enim
2685 3862 2784 3929 ﬁt,
2835 3864 2961 3934 quia
2995 3864 3112 3919 sine
3158 3875 3389 3935 utroque
3434 3865 3744 3921 delectatio

2155 3952 2301 4006 nulla
2333 3953 2585 4008 sentitur.

2224 4045 2389 4100 γωδ.
2420 4045 2504 4100 18.
2532 4074 2606 4084 —
2632 4044 2786 4110 Quod
2819 4046 2865 4098 si
2920 4044 3120 4114 Spiritu
3165 4046 3451 4111 ducimini,
3484 4056 3591 4101 etc.
3650 4049 3733 4103 Et

2153 4152 2260 4206 quo
2287 4146 2507 4206 apparet
2534 4151 2656 4191 eum
2689 4135 2949 4206 Spiritum
2979 4147 3222 4193 sanctum
3260 4154 3365 4192 non
3397 4138 3603 4192 habere
3644 4142 3738 4209 qui

2153 4229 2251 4282 sub
2278 4228 2392 4295 lege
2420 4238 2523 4291 est,
2575 4242 2678 4280 non
2710 4227 3092 4296 dispensative,
3122 4228 3216 4283 sed
3246 4243 3392 4282 vene.
3438 4228 3562 4281 Non
3608 4232 3739 4282 estis

2150 4318 2243 4372 sub
2276 4317 2402 4388 lege.
2462 4318 2574 4373 lloc
2625 4319 2964 4373 commodum
2998 4319 3110 4387 jam
3161 4318 3403 4382 habetis,
3449 4320 3568 4374 ideo
3614 4321 3738 4374 hzec

2071 4444 2123 4504 Β
2150 4426 2279 4494 pars
2308 4410 2571 4480 eligenda.
2610 4410 2721 4465 Hos
2744 4411 3120 4465 damnabiliter
3155 4410 3284 4465 dicit
3311 4426 3431 4464 esse
3456 4410 3558 4504 sub
3587 4410 3736 4482 lege,

2154 4517 2290 4571 quos
2318 4516 2438 4556 rcos
2466 4501 2594 4555 facit
2636 4501 2719 4554 lex
2747 4542 2762 4565 ,
2796 4517 2901 4556 non
2931 4502 3213 4572 implentes
3248 4501 3417 4572 legem
3460 4500 3587 4553 dum
3640 4517 3736 4555 ne-

2154 4594 2390 4648 scientes
2435 4594 2658 4663 gratiam
2689 4593 2755 4647 de
2784 4610 2841 4648 se
2868 4602 3217 4663 prmsumunt.
3244 4593 3416 4649 Porro
3463 4595 3566 4648 sub
3612 4594 3735 4664 lege

2151 4692 2253 4747 est,
2286 4684 2376 4751 qui
2405 4683 2618 4744 timore,
2649 4698 2753 4736 non
2784 4697 2990 4747 amore,
3018 4684 3248 4737 abstinet
3269 4699 3300 4737 a
3322 4682 3489 4740 malo.
3517 4698 3646 4736 reus
3675 4684 3734 4736 in

2150 4773 2445 4828 voluntate.
2472 4770 2596 4826 Haec
2623 4773 2704 4826 lex
2737 4773 2984 4826 timorem
3016 4774 3229 4837 incutit,
3256 4788 3359 4827 non
3393 4789 3665 4828 amorem.

2224 4860 2822 4929 Vsas.2l.—Regnum
2849 4877 2951 4915 non
2983 4862 3077 4915 Dei
3105 4875 3499 4933 consequentur.
3532 4863 3730 4918 Nullus

2149 4952 2360 5006 medius
2394 4950 2542 5004 locus
2575 4959 2691 5012 est,
2723 4959 2784 5004 ut
2821 4966 2927 5004 non
2975 4951 3047 5005 sit
3087 4951 3141 5006 in
3179 4951 3461 5021 supplicio,
3492 4952 3583 5022 qui
3610 4968 3728 5005 non

2148 5041 2253 5096 erit
2279 5041 2333 5094 in
2364 5054 2549 5110 regno.

2219 5131 2384 5186 Vens.
2443 5132 2533 5185 92.
2584 5163 2653 5172 —
2710 5129 2974 5186 Charitas.
3026 5133 3199 5204 Caput
3257 5134 3538 5205 praemisit,
3577 5136 3728 5189 unde

2146 5221 2389 5277 membra
2419 5229 2734 5290 sequuntur.
2763 5219 2877 5276 Non
2905 5223 3050 5276 enim
3095 5223 3232 5278 bene
3260 5223 3454 5293 aliquis
3477 5226 3681 5293 gaudet
3708 5265 3726 5285 ,

2147 5312 2238 5381 qui
2287 5327 2394 5365 non
2441 5310 2614 5382 diligit
2641 5311 2839 5366 bonum
2868 5311 3009 5367 unde
3039 5312 3254 5383 gaudet.
3280 5312 3395 5367 Non
3426 5316 3585 5369 habet
3616 5330 3723 5383 pa-

2145 5414 2259 5455 cem
2301 5414 2484 5454 veram
2530 5415 2651 5454 cum
2691 5400 2899 5470 aliquo,
2930 5400 3032 5454 nisi
3062 5416 3184 5462 eum
3221 5401 3424 5470 diligat.
3469 5400 3584 5456 Non
3608 5398 3725 5454 est

2145 5489 2463 5559 langanimis
2505 5498 2913 5559 perseveranter
2938 5489 3303 5559 exspectando
3349 5489 3451 5543 nisi
3506 5489 3724 5542 ferveat

2145 5579 2429 5649 diligendo.
2460 5578 2578 5633 Non
2608 5588 2691 5634 est
2715 5580 3013 5650 benignus,
3062 5579 3164 5633 nisi
3200 5578 3384 5649 diligat
3420 5578 3505 5633 cui
3530 5578 3717 5648 opitu-

2144 5668 2304 5724 latur.
2328 5668 2442 5725 Non
2465 5680 2545 5723 est
2575 5670 2766 5732 bonus,
2814 5670 2916 5723 nisi
2953 5668 3239 5739 diligendo.
3273 5668 3387 5723 Non
3418 5667 3585 5722 ﬁdelis
3620 5680 3723 5719 sa-
