3948 6314
437 373 535 432 591

930 372 1319 428 WALAFRIDI
1357 370 1602 428 STRABI
1639 370 1842 455 ULD.
1884 367 2046 426 MON.
2087 368 2236 423 OPP.
2280 367 2459 425 PARS
2496 368 2535 422 1.
2577 397 2646 409 -
2683 366 3138 427 THEOLOGICA.

3578 370 3695 426 ἐςθὶ

440 494 487 548 si
530 486 765 546 inimicis
787 485 903 541 hac
931 484 1054 539 data
1097 474 1222 540 sunt
1242 525 1258 549 ,
1300 484 1472 553 magis
1495 483 1683 538 amicis
1711 482 2004 545 dabuntur,
2033 485 2085 543 Α
2110 478 2231 535 dem
2246 479 2581 551 gloriandum
2598 492 2702 551 est,
2719 498 2843 538 cum
2861 483 2997 540 ﬁdes
3010 494 3064 540 et
3083 484 3263 539 omnia
3280 500 3346 539 ex
3367 487 3539 556 gratia
3554 488 3692 542 sint.

441 598 562 653 quae
604 576 879 649 apostolus
901 584 1086 645 optat;
1112 575 1264 644 quasi
1303 575 1449 630 dicat
1476 592 1488 628 :
1520 572 1693 643 Caput
1720 580 1803 628 est
1829 571 2007 627 omnis

443 671 697 731 Ecclesia:
721 677 777 722 et
801 675 1038 722 vestrum
1055 706 1071 731 ,
1090 665 1224 734 quia
1256 679 1354 721 vos
1373 664 1774 718 convivtﬁcavit
1809 677 1824 716 :
1852 677 1972 717 cum
1990 701 2007 725 ,

443 764 495 817 id
516 769 619 826 est,
648 748 894 829 quamvis
942 755 1135 811 essetis
1166 754 1385 810 mortui.
1410 754 1508 809 Vel
1534 769 1634 808 nos
1660 755 1750 823 qui
1782 751 2012 807 credidi-

442 866 587 916 mus,
620 850 882 904 habemus
925 860 1077 915 spem
1127 844 1494 909 haereditatis,
1544 853 1598 897 et
1632 858 1761 907 vos,
1806 840 2012 897 scilicet

441 940 772 998 credidistis.
802 937 945 992 Dens
972 945 1158 991 autem
1172 932 1691 999 conviviﬁcavit,vel
1710 930 1895 987 Iesum
1922 946 2012 986 su-

440 1032 660 1090 scitavit
675 1070 691 1097 ,
726 1040 833 1087 etc.

513 1123 677 1179 Vens.
706 1124 762 1178 2.
802 1152 874 1162 —
909 1121 1226 1191 Principem.
1278 1119 1496 1175 Scilicet
1538 1116 1869 1179 Beelzebub,
1919 1115 2011 1186 qui

442 1226 526 1273 est
570 1218 821 1287 princeps
857 1214 1214 1284 malignorum
1261 1212 1542 1281 spirituum
1563 1251 1578 1273 ,
1607 1209 1719 1272 vel,
1753 1208 2012 1262 intransi-

445 1308 555 1363 tive
598 1307 900 1377 principem
944 1303 1251 1374 spirituum.
1304 1302 1610 1372 Principem
1656 1299 1858 1353 erroris
1886 1297 2016 1352 dicit

445 1403 699 1473 spiritum
725 1401 903 1465 aeris,
954 1400 1013 1453 in‘
1036 1413 1142 1467 quo
1173 1398 1500 1453 dominatur.
1535 1395 1704 1448 Aeris.
1741 1392 2013 1460 Caligino-

447 1513 539 1553 sus
565 1512 658 1552 aer
684 1495 926 1551 infernus
948 1500 1038 1550 est
1061 1494 1385 1547 dmntonum.
1411 1488 1658 1559 Spiritus.
1686 1485 1743 1540 ld
1772 1493 1877 1547 est,
1902 1483 2014 1552 spi-

448 1591 653 1643 rituum
684 1606 698 1641 :
736 1585 951 1656 ponitur
973 1584 1117 1639 enim
1145 1581 1416 1652 genitivus
1449 1575 1738 1646 singularis
1768 1588 1867 1644 pro
1893 1572 2015 1642 plu-

446 1677 568 1734 rali.
601 1674 866 1746 Operatur
886 1673 941 1728 in
967 1672 1105 1742 ﬁlios
1149 1670 1466 1741 difﬁdentiae.
1511 1666 1687 1733 Quid?
1723 1663 1826 1718 nisi
1853 1676 2018 1732 opera

448 1783 547 1823 sua
593 1765 733 1821 mala
765 1784 781 1818 :
809 1774 864 1820 et
894 1764 949 1818 in
976 1762 1167 1833 primis
1211 1758 1478 1823 maxime,
1504 1757 1631 1827 quia
1660 1756 1830 1824 ipsam
1878 1749 2017 1807 difﬁ-

2176 569 2341 626 Vens.
2375 572 2462 627 11.
2483 602 2558 617 —
2578 572 2804 644 Propter
2828 577 2989 646 quod.
3030 576 3098 631 Ut
3128 577 3314 633 sciatis
3351 578 3540 632 omnia
3567 594 3696 634 esse

2108 676 2138 715 a
2183 663 2355 734 gratia
2404 664 2521 719 Dei.
2552 663 2872 720 Contulerat
2900 664 3116 723 Iudaeos
3164 676 3220 722 et
3267 675 3491 737 gentes,
3543 669 3696 736 quod

2109 754 2323 821 utrique
2359 753 2459 808 sub
2497 762 2720 822 peccato
2751 755 3012 820 fuissent,
3044 772 3188 811 nunc
3217 757 3457 811 ostendit
3495 766 3699 827 gentes

2109 839 2275 895 fuisse
2323 840 2651 911 indigniores
2694 851 2751 897 et
2797 843 3125 914 improperia
3188 844 3498 901 Iudaeorum
3567 861 3700 915 per-

2108 945 2326 1000 pessas,
2371 942 2431 985 ut
2476 931 2637 986 modo
2676 933 2910 1003 aequales
2954 933 3193 991 Iudaeis.
3237 937 3409 1005 magis
3438 936 3553 991 sint
3598 937 3700 992 ob-

2111 1023 2256 1076 noxii
2285 1023 2471 1094 gratite
2496 1023 2609 1078 Dei.
2643 1022 2941 1095 Aliquando
2966 1042 3077 1080 vos.
3107 1026 3165 1080 In
3192 1025 3516 1095 quibusdam
3544 1027 3705 1082 codi-

2112 1111 2266 1166 cibus
2316 1098 2588 1182 reperitur
2630 1114 2890 1183 scriptum
2937 1128 3058 1169 esse
3094 1133 3108 1168 :
3140 1116 3258 1185 qui,
3306 1116 3380 1170 ibi
3424 1132 3441 1169 :
3486 1132 3581 1169 vos
3607 1116 3705 1186 qui

2111 1213 2283 1273 gentes
2308 1204 2494 1267 eratis,
2542 1210 2599 1258 et
2642 1204 2936 1259 secundum
2980 1204 3087 1259 hoc
3137 1204 3454 1273 suspensive
3493 1204 3705 1275 legitur

2112 1308 2283 1363 usque
2304 1294 2375 1350 ibi
2404 1312 2418 1349 :
2443 1294 2600 1349 Nunc
2620 1306 2797 1350 autem
2816 1297 2874 1351 in
2889 1295 3115 1363 Christo,
3140 1305 3274 1363 etc.;
3294 1299 3486 1369 eodem
3511 1308 3701 1354 tamen

2113 1394 2365 1441 manente
2410 1402 2596 1442 sensu.

2186 1477 2348 1533 Vens.
2392 1479 2479 1534 12.
2502 1510 2574 1520 -
2599 1478 2862 1550 Hospites.
2892 1480 3101 1552 Hospes
3123 1483 3278 1552 quasi
3303 1483 3429 1539 ostii
3456 1500 3590 1555 pes,
3637 1500 3705 1540 eo

2117 1570 2258 1639 quod
2291 1585 2415 1624 cum
2442 1570 2838 1641 suscipiebatur
2867 1573 2922 1626 in
2953 1572 3169 1628 domum
3193 1615 3208 1639 ,
3237 1576 3477 1645 ponebat
3516 1578 3706 1633 domi-

2117 1676 2222 1717 nus
2232 1663 2442 1729 domus,
2458 1670 2513 1717 et
2531 1663 2623 1732 qui
2646 1664 3062 1734 suscipiebatur,
3084 1667 3274 1736 pedem
3292 1682 3458 1737 super
3470 1670 3706 1733 ostium,

2119 1759 2175 1804 et
2221 1752 2361 1807 datis
2397 1752 2601 1808 dextris
2638 1751 2862 1822 iurabat
2913 1753 3058 1825 quod
3101 1755 3361 1826 paciﬁcus
3416 1767 3572 1814 esset
3619 1760 3707 1812 in-

450 1859 688 1915 dentiam
714 1867 772 1913 et
801 1855 1170 1912 inﬁdelitatem
1194 1867 1301 1923 qua
1343 1852 1453 1906 sint
1496 1847 1701 1905 inimici
1733 1845 1889 1910 ﬁdei,
1920 1858 2017 1916 per
2046 1832 2090 1890 Β
2118 1856 2358 1912 gressus.

442 1967 608 2022 quem
635 1951 740 2006 scit
766 1964 860 2004 eos
890 1963 1048 2019 posse
1073 1944 1365 2001 mandari?

517 2040 685 2096 Vens.
734 2041 790 2094 5.
811 2070 882 2080 -
905 2038 968 2091 Et
1002 2052 1211 2091 eramus
1251 2044 1473 2096 natura,
1502 2040 1607 2086 etc.
1639 2028 1804 2097 Quasi
1838 2045 1852 2081 :
1884 2025 2018 2081 Cum

447 2135 567 2189 haec
592 2130 849 2201 praedicta
876 2128 1093 2182 fuerunt
1120 2126 1173 2179 in
1207 2124 1395 2187 nobis,
1426 2136 1533 2176 non
1567 2121 1817 2188 desperet
1852 2116 2023 2181 genti-

450 2223 520 2277 lis
545 2222 674 2292 quin
699 2234 800 2291 par
826 2216 1024 2272 Iudaeis
1052 2215 1163 2269 liat.
1210 2211 1340 2266 Filii
1364 2214 1476 2265 iraa.
1505 2210 1639 2265 Cum
1672 2209 1749 2263 ira
1778 2207 1868 2260 Dei
1899 2220 2023 2259 nas-

454 2318 655 2366 cuntur
688 2305 964 2369 mortales,
996 2303 1144 2372 quia,
1175 2308 1433 2371 peccante
1460 2299 1663 2361 Adam,
1702 2296 1890 2349 vitium
1924 2307 2022 2362 pro

453 2411 646 2458 natura
678 2398 919 2455 inolevit.
964 2395 1272 2450 Tenebatur
1315 2392 1458 2448 enim
1504 2391 1650 2460 justa
1681 2385 2023 2442 damnatione

455 2505 627 2564 genus
656 2491 975 2550 humanum,
1002 2495 1057 2540 et
1082 2492 1238 2539 erant
1273 2496 1462 2537 omnes
1486 2488 1679 2534 natura
1707 2477 1800 2564 ﬁlii
1836 2478 1953 2530 irae.

523 2583 689 2639 Vens.
726 2579 782 2635 5.
807 2609 879 2621 ——
900 2575 1287 2644 Conviviﬁcavit
1323 2589 1437 2627 nos.
1464 2570 1560 2625 Vel
1589 2584 1688 2624 nos
1713 2563 1923 2624 Judmos
1946 2566 2022 2620 si-

453 2673 655 2730 militer
685 2679 741 2727 et
769 2684 866 2725 vos
887 2667 1147 2740 gentiles,
1177 2674 1233 2719 et
1253 2665 1357 2719 hoc
1392 2673 1476 2718 est
1504 2679 1519 2715 :
1552 2660 1707 2730 cujus
1729 2660 1902 2729 gratia
1929 2673 2026 2714 vos

457 2772 644 2835 gentes
667 2763 801 2821 estis
822 2759 1060 2816 salvatae.
1089 2757 1155 2810 Et
1179 2763 1437 2823 utrosque
1463 2751 1929 2808 conresuscitavit.

530 2854 692 2908 Vens.
749 2853 804 2907 6.
845 2845 1225 2903 ——Consedere
1268 2845 1419 2915 fecit,
1467 2852 1575 2898 etc.
1604 2843 1722 2897 Non
1768 2841 2022 2905 inaniter,

456 2947 554 3003 sed
574 2943 807 3000 ﬁdeliter
822 2941 935 3010 jam
957 2946 1230 3008 computat
1260 2935 1458 2991 factum
1481 2934 1621 3003 quod
1650 2933 1887 2987 futurum
1906 2945 2026 2986 esse

459 3053 567 3093 non
592 3035 821 3091 dubitat.
851 3031 1012 3086 Certe
1053 3029 1196 3084 enim
1227 3027 1280 3082 in
1308 3025 1620 3081 ctelestibus
1642 3022 1888 3079 Christus
1910 3023 2024 3093 jam

457 3131 637 3195 sedet,
666 3127 901 3185 nondum
926 3135 1107 3181 autem
1132 3138 1264 3190 nos;
1292 3122 1387 3178 sed
1415 3136 1510 3192 spe
1539 3128 1686 3175 certa
1720 3127 1985 3175 tenemus.

530 3221 695 3278 Vens.
729 3220 781 3274 7.
805 3215 1387 3289 —-Superuenientibus
1422 3213 1776 3277 abundantes,
1813 3221 1920 3266 etc.
1968 3208 2026 3264 In

462 3312 647 3366 futuro
670 3308 815 3365 enim
844 3306 1058 3371 Steculo,
1090 3304 1368 3376 apparebit
1395 3303 1593 3358 donum
1623 3301 1740 3367 Dei,
1773 3303 1825 3356 in
1854 3316 2033 3355 remu-

460 3401 741 3461 neratione
766 3397 1103 3454 credentium
1131 3413 1148 3461 ;
1183 3395 1327 3466 quod
1352 3393 1540 3450 oculus
1583 3408 1691 3448 non
1736 3391 1899 3457 vidit,
1929 3406 2032 3446 nec

450 3472 608 3553 ,auris
640 3488 864 3545 audivit.
896 3486 964 3540 Et
991 3486 1108 3541 haec
1155 3494 1280 3541 sunt
1325 3486 1660 3542 abundantes
1704 3484 1938 3548 divitite,
1972 3491 2033 3538 ut

461 3590 670 3637 tantum
694 3580 852 3637 detur
877 3585 1140 3645 quantum
1169 3591 1323 3633 mens
1351 3575 1675 3645 investigare
1703 3588 1809 3628 non
1835 3580 2030 3644 potest.

472 3734 477 3739 1
535 3670 699 3724 Vens.
730 3668 784 3723 8.
808 3697 879 3707 —
900 3665 972 3719 Et
998 3665 1094 3719 hoc
1119 3680 1225 3718 non
1247 3680 1311 3717 ex
1339 3664 1478 3718 vobis
1498 3703 1513 3728 ,
1543 3671 1650 3717 etc.
1678 3660 1757 3717 Ne
1784 3660 1921 3717 forte
1949 3661 2032 3715 di-

463 3746 557 3817 cas
584 3773 602 3813 :
627 3754 943 3821 Promerui,
975 3755 1097 3810 ideo
1132 3754 1336 3823 accepi.
1381 3753 1497 3807 Non
1522 3760 1680 3819 putes
1722 3762 1776 3806 te
1818 3764 2037 3821 prome-

465 3849 633 3905 rendo
675 3844 967 3916 accepisse.
999 3840 1186 3898 Gratia
1230 3843 1510 3912 praecessit
1553 3841 1805 3896 meritum
1836 3850 1986 3894 tuum
2016 3856 2031 3893 :

468 3956 572 3999 non
600 3936 772 4011 gratia
810 3951 878 3991 ex
913 3934 1108 3989 merito
1127 3973 1143 4001 ,
1171 3933 1266 3989 sed
1296 3932 1549 3988 meritum
1581 3948 1647 3987 ex
1677 3932 1869 4003 gratia.
1900 3930 2036 3984 Nam

466 4032 511 4085 si
570 4029 742 4102 gratia
787 4042 855 4082 ex
898 4024 1116 4089 merito,
1157 4024 1362 4088 emisti,
1404 4037 1511 4078 non
1546 4024 1715 4093 gratis
1759 4021 2031 4091 accepisti.

467 4122 658 4177 Omnia
689 4119 878 4174 merita
919 4114 1174 4188 praecedit
1219 4114 1390 4185 gratia
1411 4155 1426 4180 ,
1457 4123 1517 4168 ut
1542 4116 1684 4170 dona
1711 4113 1805 4168 Dei
1847 4127 2037 4168 conse-

464 4220 701 4283 quantur
727 4208 914 4262 merita
944 4220 1087 4260 mea.

540 4302 703 4357 Vens.
732 4299 784 4353 9.
805 4326 877 4337 —
898 4295 981 4349 Ne
1002 4294 1116 4365 quis
1137 4295 1410 4365 glorietur.
1451 4292 1569 4348 Non
1595 4292 1698 4347 hoc
1722 4292 1841 4348 ideo
1874 4291 2035 4357 dicit,

469 4392 592 4464 quia
639 4403 801 4458 opera
844 4387 986 4441 bona
1012 4384 1099 4453 pia
1130 4384 1461 4454 cogitatione
1505 4383 1646 4438 facta
1682 4381 2037 4447 frustrentur,

463 4497 589 4538 cum
622 4480 762 4535 Dens
787 4477 977 4532 reddat
1019 4475 1214 4544 cuique
1239 4473 1531 4529 secundum
1556 4489 1719 4544 opera
1762 4472 1907 4541 ejus,
1941 4473 2039 4528 sit-

458 4588 574 4644 que
602 4569 771 4643 gloria
813 4567 907 4622 Dei
957 4566 1204 4635 operanti
1238 4566 1437 4620 bonum
1459 4604 1473 4628 ,
1496 4563 1592 4619 sed
1622 4564 1745 4635 quia
1775 4579 1937 4633 opera
1969 4579 2036 4618 ex

459 4661 677 4732 gratia,
716 4674 823 4713 non
866 4672 935 4711 ex
982 4655 1237 4725 operibus
1277 4655 1470 4726 gratia.
1503 4653 1713 4710 Bonum
1748 4656 1909 4728 igitur
1956 4663 2040 4712 est

468 4748 717 4814 homini,
748 4756 809 4802 ut
836 4746 903 4802 de
926 4745 1132 4799 viribus
1176 4744 1387 4800 arbitrii
1428 4746 1512 4800 sui
1546 4760 1654 4801 non
1697 4756 1988 4816 praesumat
2021 4764 2036 4813 ;

469 4839 599 4911 quia
630 4836 717 4892 ille
759 4837 849 4906 qui
886 4834 1097 4907 putavit
1141 4834 1257 4890 sine
1300 4834 1416 4905 ejus
1459 4834 1725 4903 adjutorio
1776 4852 1836 4891 se
1882 4852 2041 4907 posse

466 4929 750 4987 custodire
777 4929 919 4998 quod
944 4928 1124 4991 dedit,
1156 4926 1427 4996 profectus
1452 4927 1505 4982 in
1530 4928 1850 4998 longinqua,
1881 4938 1937 4984 et
1963 4930 2041 4985 vi-

472 5036 606 5077 vens
634 5020 854 5090 prodige
877 5029 1070 5075 cuncta
1096 5020 1426 5091 consumpsit
1449 5038 1463 5075 :
1486 5030 1543 5075 et
1561 5021 1779 5076 miseria
1805 5023 2042 5088 attritus,

473 5121 529 5169 ct
558 5111 612 5165 in
647 5125 706 5165 se
748 5125 997 5166 reversus
1033 5111 1167 5167 dixit
1204 5131 1217 5167 :
1246 5110 1507 5183 Surgam,
1552 5122 1603 5167 et
1628 5113 1711 5166 ibo
1738 5112 1809 5167 ad
1845 5123 2045 5184 patrem

475 5217 648 5257 meum
677 5199 826 5275 (Luc.
851 5201 963 5273 xv).
1000 5199 1175 5271 Quam
1198 5204 1579 5274 cOgitationem
1606 5204 1800 5258 bonam
1828 5219 1932 5258 non
1953 5204 2046 5259 ha-

380 5306 395 5313 “
469 5293 658 5357 heret,
691 5292 797 5347 nisi
834 5302 888 5348 et
914 5293 1083 5364 ipsam
1112 5292 1189 5346 illi
1212 5293 1267 5346 in
1296 5290 1511 5347 occulto
1540 5291 1701 5348 Pater
1734 5293 2046 5350 misericor-

475 5384 733 5441 dissimus
761 5384 1098 5454 inspirasset.

546 5474 710 5531 Vens.
740 5474 908 5531 10.—
923 5475 1099 5547 Ipsius
1121 5477 1277 5542 enim,
1302 5484 1406 5532 etc.
1433 5476 1602 5534 Nemo
1624 5480 1782 5535 debet
1802 5479 2044 5550 gloriari,

471 5569 602 5640 quia
631 5583 729 5623 nos
748 5568 921 5623 creati
946 5568 1001 5622 in
1031 5567 1137 5623 ﬁde
1156 5576 1211 5623 et
1236 5568 1291 5623 in
1311 5570 1568 5639 cperibus
1602 5586 1788 5627 sumus
1812 5570 2042 5637 factura,

477 5656 531 5712 id
559 5665 644 5712 est
694 5673 829 5727 opus
857 5656 993 5728 ejus,
1022 5659 1107 5715 vel
1133 5675 1317 5716 sumus
1345 5663 1514 5718 creati
1544 5678 1640 5734 per
1667 5662 1927 5719 facturam
1945 5705 1959 5727 ,
1992 5664 2044 5719 id

476 5758 561 5805 ost
588 5751 957 5822 operationem
983 5750 1098 5823 eius
1130 5769 1144 5807 :
1174 5761 1230 5809 et
1252 5754 1323 5809 ita
1350 5770 1451 5811 nec
1486 5756 1552 5810 de
1585 5756 1837 5825 operibus
1864 5769 1959 5826 per
1982 5758 2051 5811 li-.

2190 1929 2352 1986 Vens.
2398 1932 2485 1986 14.
2507 1962 2578 1973 -—
2600 1931 2704 1999 Qui
2732 1933 2854 2003 fecit
2885 1944 3106 2005 utraque
3147 1952 3331 1992 unum.
3382 1937 3504 2006 Ipse
3553 1938 3708 1993 enim

2119 2029 2203 2075 est
2227 2020 2362 2090 lapis
2387 2023 2692 2091 angularis,
2722 2025 2776 2079 in
2801 2039 2910 2094 quo
2938 2026 3046 2080 duo
3086 2026 3268 2096 populi
3307 2037 3572 2098 tanquam
3605 2044 3706 2098 pa-

2118 2116 2282 2171 rietes
2300 2117 2367 2171 de
2391 2117 2605 2173 diverso
2646 2117 2842 2187 angulo
2876 2118 3154 2175 venientes
3184 2120 3426 2187 sibimet,
3451 2122 3621 2191 quasi
3648 2122 3705 2175 in

2120 2209 2270 2278 pacis
2292 2208 2478 2265 osculo
2505 2208 2844 2279 copulantur.
2887 2196 3171 2266 Parietem.
3203 2212 3263 2267 ld
3302 2221 3417 2279 est,
3446 2214 3709 2269 obstacu-

2121 2299 2230 2353 lum
2263 2299 2387 2354 hinc
2409 2315 2477 2354 ex
2507 2299 2653 2370 lege,
2682 2300 2806 2356 inde
2833 2316 2897 2356 cs
2937 2301 3261 2357 idololatria.

2190 2388 2354 2444 Vens.
2388 2391 2475 2446 15.
2497 2421 2569 2430 -
2588 2390 2812 2447 Faciens
2841 2409 3049 2462 pacem,
3082 2403 3189 2449 etc.
3215 2393 3368 2449 Facit
3392 2409 3591 2464 pacem
3620 2395 3706 2449 in-

2121 2489 2205 2536 ter
2232 2481 2396 2551 ipsos,
2419 2490 2479 2535 ut
2502 2483 2689 2537 ambos
2715 2482 2967 2537 conciliet
2987 2484 3098 2539 Deo
3118 2483 3286 2538 Patri.
3309 2483 3377 2539 In
3400 2484 3710 2555 semetipso.

2121 2571 2240 2628 Non
2267 2573 2425 2628 aliter
2449 2589 2609 2643 quam
2632 2590 2728 2645 per
2748 2590 2963 2632 crucem
2979 2616 2993 2641 ,
3019 2577 3072 2631 id
3093 2587 3178 2632 est
3201 2584 3455 2641 mortem,
3478 2576 3711 2632 interfe-

2123 2661 2197 2717 cit
2215 2662 2556 2717 inimicitiam
2571 2679 2690 2733 qute
2711 2664 2854 2719 inter
2867 2664 3035 2720 Deum
3051 2674 3106 2721 et
3120 2666 3389 2733 homines,
3403 2667 3456 2724 id
3472 2676 3559 2721 est
3581 2682 3711 2736 pec-

2122 2761 2244 2808 cata
2271 2753 2494 2808 dimisit.
2510 2751 2767 2809 Omnibus
2789 2756 2931 2810 enim
2960 2756 3188 2827 profecit
3209 2772 3356 2813 mors
3374 2756 3709 2813 Salvatoris.

2195 2844 2360 2901 Vens.
2393 2844 2767 2917 17.——Longe
2808 2847 3016 2918 fuistis,
3061 2858 3168 2905 etc.
3212 2847 3271 2905 Si
3313 2848 3509 2905 aﬁ'ectu
3544 2865 3711 2906 amas

2126 2935 2327 3003 Deum,
2354 2953 2518 3008 prope
2548 2954 2607 2993 es
2639 2955 2653 2992 :
2686 2939 2732 2994 si
2758 2940 2950 3007 odisti,
2980 2940 3139 3011 longe
3166 2957 3245 2998 es.
3291 2941 3409 2997 Non
3431 2943 3583 2997 enim
3616 2958 3711 2999 re-

2125 3030 2375 3100 gionibus
2397 3030 2554 3101 longe
2582 3037 2665 3086 est
2686 3030 2972 3102 quisquam
3000 3049 3031 3088 a
3061 3033 3198 3097 Deo,
3229 3035 3323 3089 sed
3359 3034 3679 3090 atl‘ectibus.

2202 3120 2368 3177 Vens.
2404 3122 2490 3177 19.
2510 3153 2580 3162 —
2603 3120 2727 3177 Non
2752 3124 2873 3178 estis
2898 3124 3146 3196 hospites.
3172 3126 3229 3180 Id
3254 3133 3340 3181 est
3371 3126 3715 3197 indigniores

2132 3211 2185 3267 in
2211 3211 2346 3277 ﬁde,
2385 3213 2524 3268 sicut
2545 3214 2671 3268 olim
2709 3216 2913 3284 recepti
2939 3216 2994 3271 in
3024 3216 3163 3288 lege.
3189 3217 3259 3271 Et
3281 3217 3517 3272 aduente.
3536 3218 3598 3272 Id
3616 3228 3711 3282 est

2131 3301 2373 3356 extranei
2421 3317 2452 3356 a
2478 3303 2605 3357 Deo.
2646 3302 2752 3357 Sed
2789 3306 2911 3358 estis
2937 3306 3089 3359 cives.
3119 3305 3175 3360 Id
3212 3317 3321 3369 est,
3350 3304 3596 3374 eiusdem
3620 3307 3713 3376 ju-

2134 3391 2210 3445 ris
2237 3400 2291 3445 et
2324 3390 2601 3461 dignitatis
2624 3393 2676 3447 in
2704 3394 2865 3449 domo
2900 3394 3016 3448 Dei.
3055 3394 3394 3451 Sanctorum.
3425 3395 3546 3452 Non
3584 3413 3717 3454 car-

2132 3482 2271 3537 nalis
2316 3481 2502 3537 lsrael.
2538 3482 2604 3535 Et
2651 3482 2941 3539 domestici.
2988 3485 3045 3540 1d
3086 3496 3172 3541 cst
3215 3485 3533 3543 familiares.
3582 3487 3717 3545 Dei.

2134 3570 2342 3639 Quibus
2374 3587 2571 3626 arcana
2586 3573 2820 3637 revelat.

2205 3659 2367 3715 Vens.
2395 3660 2484 3715 20.
2522 3692 2582 3702 -—
2613 3661 2737 3732 Ipso
2770 3680 2973 3718 summa
3008 3664 3272 3736 angulari,
3307 3674 3415 3723 etc.
3439 3667 3633 3737 (Auc.,
3659 3670 3717 3723 in

2137 3753 2282 3809 Psal.
2300 3753 2543 3827 eum.)
2557 3753 2633 3809 Ne
2645 3754 2885 3825 Apostoli
2901 3756 2985 3825 vel
2999 3759 3270 3828 prophetae
3284 3761 3359 3831 (in
3372 3760 3569 3830 quibus
3587 3759 3719 3816 fun-

2136 3846 2262 3901 data
2291 3856 2375 3902 est
2403 3847 2614 3917 civitas)
2643 3864 2702 3904 se
2728 3858 3002 3912 tenerent,
3035 3852 3089 3907 in
3119 3863 3414 3908 sesecutus
3434 3856 3551 3909 ait:
3580 3854 3722 3926 Ipso

2135 3953 2338 3991 summa
2352 3937 2595 4009 angulari
2616 3937 2788 4009 lapide
2809 3938 3016 3995 Christo
3028 3941 3159 3997 Iesu
3174 3961 3191 4009 ;
3208 3945 3406 4000 etenim
3426 3947 3477 3999 in
3492 3945 3723 4005 Christo

2137 4035 2307 4082 totum
2325 4029 2574 4084 innititur
2587 4030 2875 4087 tediﬁcium
2897 4034 3108 4089 velutin
3130 4037 3304 4105 primo
3327 4037 3719 4097 fundamento;

2136 4119 2279 4187 quod
2298 4120 2704 4175 fundamentum
2737 4123 2791 4177 in
2820 4139 3032 4183 summo
3059 4134 3178 4193 est,
3203 4141 3311 4182 non
3342 4128 3395 4182 in
3421 4131 3553 4196 imo,
3574 4133 3724 4186 utin

2135 4212 2398 4281 corporali
2426 4211 2650 4269 fabrica.

2205 4300 2368 4358 Vens.
2406 4303 2496 4358 21.
2524 4332 2597 4347 -ο-
2620 4302 2815 4360 Crescit
2859 4308 2915 4362 in
2956 4310 3203 4380 templum
3235 4321 3474 4366 sanctum
3522 4313 3579 4367 in
3599 4312 3723 4368 Do-

2134 4396 2298 4450 mino.
2327 4392 2496 4450 Nemo
2527 4404 2635 4451 tam
2680 4397 2952 4467 perfectus
2974 4401 3065 4470 qui
3105 4417 3210 4458 non
3236 4403 3411 4475 possit
3437 4417 3720 4460 crescere;

2746 4536 2973 4595 CAPUT
3021 4540 3108 4596 III.

2178 4665 2381 4720 .Vens.
2438 4666 2779 4738 1.—Hujus
2838 4672 2950 4736 rei,
2995 4678 3105 4728 etc.
3155 4673 3384 4729 Ostenso
3431 4676 3575 4745 quod
3614 4691 3725 4747 per

2144 4754 2417 4810 Christum
2446 4757 2583 4813 facta
2607 4768 2689 4814 est
2709 4774 2813 4829 pax
2839 4770 2894 4815 et
2920 4748 3307 4830 reconciliatio,
3330 4765 3419 4821 hic
3444 4767 3599 4837 ponit
3617 4783 3723 4837 per

2145 4860 2306 4916 quem
2354 4846 2454 4918 ipsi
2478 4859 2603 4902 sunt
2631 4850 2979 4917 coaediﬁcati,
3013 4852 3139 4922 quia
3168 4853 3310 4908 Deus
3348 4855 3606 4909 revelavit
3627 4871 3723 4910 sae

2146 4938 2311 4994 intem
2338 4941 2405 4993 ad
2435 4949 2619 5009 gentes
2664 4942 2969 5009 pertinere,
3020 4953 3076 4998 et
3109 4945 3255 4999 misit
3280 4946 3362 5000 eis
3389 4946 3721 5015 pumicare,

2146 5038 2202 5082 et
2228 5027 2356 5083 facit
2383 5029 2492 5098 pati
2518 5044 2616 5098 pro
2638 5030 2720 5084 eis
2741 5070 2755 5094 ,
2779 5039 2838 5084 ut
2861 5032 3031 5102 magis
3062 5032 3170 5087 sint
3198 5033 3309 5088 Deo
3338 5033 3499 5105 grati.

2218 5121 2378 5177 Vens.
2408 5122 2461 5175 2.
2488 5151 2554 5161 —
2590 5118 2649 5175 Si
2710 5132 2885 5178 tamen
2924 5125 3169 5180 audistis.
3199 5126 3258 5181 Id
3297 5136 3412 5191 est,
3460 5125 3506 5181 si
3554 5123 3716 5179 intel-

2146 5210 2355 5266 lexistis
2383 5213 2645 5282 gratiam,
2690 5214 2743 5269 id
2772 5223 2858 5268 est
2896 5216 3255 5285 apostolatnm
3286 5217 3656 5287 dispensatutn
3684 5238 3719 5278 a

2147 5300 2290 5365 Deo,
2322 5302 2412 5371 qui
2447 5301 2548 5355 scit
2574 5318 2741 5371 quare
2770 5319 2853 5357 me
2891 5304 2956 5359 ad
3000 5305 3102 5360 hoc
3128 5306 3360 5364 cilicium
3387 5308 3593 5380 elegit?
3617 5312 3718 5368 Vel

2148 5389 2538 5459 apostolatum,
2571 5406 2669 5461 per
2693 5407 2853 5460 quem
2896 5392 3123 5448 diversis
3153 5396 3366 5450 diversa
3401 5412 3714 5467 pensamus.

2148 5480 2252 5536 Per
2284 5483 2383 5538 hoc
2426 5481 2539 5537 vult
2577 5497 2672 5539 eos
2699 5483 2876 5549 scire,
2920 5485 3043 5554 quia
3077 5486 3169 5541 Dei
3196 5485 3405 5555 judicio
3441 5504 3473 5543 a
3501 5488 3717 5545 Christo

2149 5572 2349 5626 missus
2376 5579 2458 5627 est
2477 5573 2767 5641 praedicare
2788 5573 3037 5644 gentibus
3056 5576 3370 5645 mysterium
3400 5578 3712 5648 gratiasbei.

2219 5660 2384 5716 Vens.
2422 5664 2479 5722 5.
2501 5692 2570 5704 -—-
2591 5662 2735 5718 Sicut
2757 5681 2918 5734 supra
2950 5666 3169 5736 scripsi,
3199 5678 3307 5723 etc.
3360 5667 3609 5731 Scilicet,
3638 5670 3712 5723 ibi

2147 5756 2255 5827 ipse
2275 5765 2348 5810 est
2373 5772 2477 5826 par:
2500 5766 2695 5810 nostra.
2720 5755 2795 5810 lbi
2825 5772 3053 5828 namque
3082 5759 3465 5829 mysteriorum
3493 5760 3596 5814 sibi
3622 5773 3709 5813 re-
