3948 6314
213 411 309 468 593

1075 405 1340 461 CLOSSA
1380 402 1774 462 ORDINARIA.
1810 431 1877 440 —-
1912 399 2128 454 EPIST.
2167 399 2259 452 AD
2300 399 2541 454 EPHES.

3335 395 3439 450 59L

221 522 503 579 relatorum
525 534 787 574 summam
809 534 906 588 pro
928 520 1138 574 modico
1162 534 1410 574 sermone
1433 517 1770 588 perstrinxit,
1799 517 1847 574 Α
1876 514 2036 567 homo
2064 529 2189 566 vere
2215 521 2299 568 est
2324 523 2478 584 pater
2504 522 2562 567 ut
2588 513 2730 567 Deus
2765 513 2856 581 qui
2885 521 2966 565 est
2991 519 3147 580 pater
3170 508 3441 571 omnium,

221 631 321 672 non
352 624 455 668 tam
501 620 670 666 totum
714 610 856 680 quod
897 620 1122 664 noverat
1156 611 1465 680 proferens,
1495 622 1655 678 quam
1681 621 1771 662 os-

221 707 436 764 tendens
457 717 525 758 ex
552 701 780 756 modico.

286 793 442 849 Vens.
465 791 518 846 5.
543 820 616 831 —
634 790 701 844 Et
723 791 1002 860 prophetis.
1025 789 1306 858 Propheta:
1325 789 1540 860 quidem
1565 789 1774 858 priores

219 883 561 958 praeierunt
591 881 719 936 olim
764 883 866 935 hoc
905 881 972 936 de
1015 882 1290 950 gentibus,
1330 881 1473 949 quod
1517 879 1776 934 vocandae

217 982 424 1037 essent,
447 979 505 1027 et
529 970 723 1026 futura:
743 971 1036 1040 participes
1058 971 1181 1025 doni
1203 971 1320 1035 Dei,
1350 972 1442 1026 sed
1470 971 1573 1024 hoc
1596 969 1773 1034 latuit,

216 1063 352 1133 quod
381 1062 500 1116 sine
534 1061 650 1132 lege
688 1061 834 1115 salus
863 1062 944 1116 eis
969 1071 1112 1116 esset
1136 1076 1235 1131 per
1261 1063 1419 1118 ﬁdem
1448 1060 1668 1115 Christi.

283 1153 442 1210 Vens.
473 1153 526 1206 6.
553 1181 623 1193 —-
644 1150 752 1205 Per
779 1151 1120 1220 Evangelium
1141 1193 1155 1216 ,
1179 1164 1285 1208 etc.
1317 1151 1420 1206 Per
1445 1151 1779 1220 praedicatio—

215 1263 332 1303 nem
363 1246 638 1316 cognitum
681 1253 766 1299 est
794 1245 992 1299 donum
1037 1245 1162 1309 Dei,
1193 1245 1335 1314 quod
1368 1245 1510 1299 Deus
1534 1245 1626 1298 dat
1654 1257 1780 1312 gen-

213 1339 350 1392 tibus
373 1337 532 1406 juxta
557 1335 924 1404 operationem
945 1335 1162 1388 virtutis
1193 1351 1302 1389 sua:
1333 1353 1345 1388 :
1372 1350 1474 1403 qua
1500 1332 1778 1388 suscitavit

211 1427 504 1486 Christum,
526 1426 577 1478 in
591 1441 696 1494 quo
713 1440 902 1479 omnes
923 1434 1048 1478 sunt
1070 1425 1202 1478 salvi
1225 1425 1340 1478 sine
1356 1422 1607 1492 operibus
1624 1423 1778 1492 legis.

279 1510 440 1569 Vsus.
475 1516 530 1569 7.
552 1545 624 1555 —-
643 1515 901 1568 Minister.
922 1515 1039 1569 Non
1061 1515 1206 1569 enim
1229 1524 1312 1569 est
1339 1529 1514 1569 meum
1539 1513 1631 1568 sed
1662 1513 1781 1578 Dei,

211 1615 262 1661 et
287 1607 354 1660 ita
385 1605 546 1659 nulla:
575 1606 704 1660 mihi
739 1606 926 1675 gratia:
955 1607 1270 1670 reddendae,
1298 1606 1391 1660 sed
1421 1606 1550 1659 Deo.

278 1698 438 1753 Vsus.
490 1699 544 1754 8.
569 1727 640 1738 -—-
662 1697 1078 1768 Investigabiles.
1121 1699 1226 1754 Per
1257 1709 1506 1753 naturam
1539 1699 1778 1764 scilicet,

205 1789 299 1845 sed
327 1806 422 1859 per
455 1791 690 1858 gratiam
722 1800 776 1844 et
802 1791 1179 1847 revelationem
1219 1793 1389 1846 sancti
1429 1791 1664 1863 Spiritus
1697 1792 1782 1846 in-

207 1881 554 1952 vestigabiles
577 1892 704 1936 sunt
728 1882 996 1937 fidelibus.

274 1970 438 2025 Vitas.
466 1971 522 2025 9.
547 2002 618 2012 —
637 1971 938 2025 Absconditi
959 1991 991 2026 a
1012 1974 1238 2027 mestis.
1264 1974 1322 2027 ln
1346 1973 1786 2028 mundoabscon-

208 2059 328 2114 dita:
373 2069 504 2114 sunt
534 2076 710 2115 causa:
742 2062 1087 2115 rationabiles
1131 2063 1370 2116 omnium
1419 2079 1633 2126 rerum,
1667 2077 1786 2131 quae

209 2151 532 2205 naturaliter
555 2149 722 2216 fiunt,
751 2151 896 2206 sicut
913 2151 1258 2207 absconditus
1287 2152 1385 2206 fuit
1415 2153 1542 2206 Levi
1569 2154 1622 2206 in
1651 2153 1774 2206 lum-

208 2243 289 2297 bis
320 2242 580 2308 Abrahaa,
621 2243 837 2311 quando
868 2243 1170 2298 decimatus
1213 2251 1316 2298 est.
1353 2244 1410 2297 In
1457 2245 1566 2298 Deo
1605 2254 1786 2297 autem

207 2336 540 2391 absconditae
561 2346 686 2391 sunt
705 2351 884 2390 causa:
907 2351 1094 2391 eorum
1117 2353 1236 2406 quae
1260 2351 1358 2404 per
1377 2338 1606 2408 gratiam
1631 2337 1785 2400 ﬁunt,

207 2425 318 2479 sive
366 2441 556 2480 eorum
596 2441 716 2495 qua:
761 2424 828 2478 ad
876 2427 980 2480 hoc
1020 2426 1428 2496 signiﬁcandum
1471 2427 1788 2481 mirabiliter

205 2527 263 2571 et
292 2533 398 2571 non
429 2518 755 2572 naturaliter
787 2518 954 2578 ﬁunt,
981 2533 1102 2588 qua:
1136 2519 1568 2574 ministrantibus
1588 2519 1790 2590 angelis

207 2605 349 2661 facta
383 2617 532 2663 sunt.
565 2607 633 2661 In
665 2608 798 2662 Deo.
827 2607 1001 2662 Habet
1034 2609 1178 2662 enim
1215 2610 1357 2662 Deus
1379 2610 1431 2662 in
1462 2610 1639 2678 seipso
1662 2609 1787 2663 abs-

209 2698 466 2752 conditus
501 2698 864 2768 quorumdam
915 2697 1181 2752 factorum
1206 2713 1432 2763 causas,
1463 2714 1598 2767 quas
1629 2700 1790 2753 rebus

206 2790 448 2843 conditis
477 2806 583 2845 non
623 2791 880 2852 inseruit,
914 2806 1115 2860 easque
1137 2790 1356 2858 implet,
1380 2807 1485 2844 non
1511 2790 1602 2844 illo
1627 2805 1790 2860 opere

204 2881 593 2948 providentiae,
631 2897 738 2950 quo
769 2891 990 2936 naturas
1021 2882 1300 2936 substituit
1328 2890 1388 2935 ut
1414 2882 1521 2936 sint
1541 2923 1556 2945 ,
1603 2882 1694 2936 sed
1723 2897 1788 2936 eo

203 2983 314 3037 quo
345 2971 469 3025 illas
497 2972 847 3025 administrat
891 2981 949 3024 ut
991 2971 1243 3035 voluerit,
1288 2987 1459 3040 quas,
1494 2980 1554 3024 ut
1597 2972 1786 3036 voluit,

199 3059 474 3113 condidit.
503 3059 580 3112 lbi
610 3067 692 3112 est
719 3068 773 3114 et
802 3060 974 3127 gratia
1013 3075 1106 3129 per
1146 3075 1308 3128 quam
1341 3061 1473 3113 salvi
1503 3061 1636 3112 ﬁunt
1661 3075 1788 3128 pec-

199 3159 448 3204 catores.
479 3148 595 3202 Non
638 3149 781 3202 enim
808 3163 906 3216 per
943 3157 1191 3202 naturam
1234 3149 1366 3202 vitio
1407 3149 1786 3217 depravatum,

200 3239 303 3293 sed
335 3254 440 3308 per
463 3237 558 3292 Dei
589 3240 820 3308 gratiam
851 3240 1012 3294 homo
1048 3247 1404 3293 restauratur.

277 3327 452 3382 Vsus.
492 3329 578 3383 10.
602 3360 672 3369 —
693 3329 761 3383 Ut
792 3331 1099 3384 innotescat.
1138 3331 1330 3383 Datum
1358 3339 1440 3383 est
1467 3329 1595 3382 mihi
1625 3344 1791 3382 evan-

204 3417 448 3487 gelizare
471 3427 525 3472 et
543 3419 870 3473 illuminare.
903 3421 1090 3474 Videte
1114 3429 1378 3488 quantum
1401 3428 1485 3473 est
1512 3421 1642 3483 hoc,
1669 3420 1794 3488 quia

203 3522 308 3577 per
336 3509 445 3563 hoc
469 3511 706 3564 accrevit
751 3510 953 3579 aliquid
981 3511 1184 3580 angelis
1207 3551 1221 3575 ,
1253 3512 1344 3580 qui
1377 3511 1542 3564 multa
1583 3520 1792 3565 secreta

205 3603 264 3656 in
310 3603 400 3656 his
445 3603 769 3658 didicerunt.
813 3603 879 3658 In
915 3604 1222 3659 caelestibus.
1261 3606 1396 3672 Quia
1428 3606 1499 3660 ibi
1546 3605 1794 3674 primitus

205 3692 456 3750 Ecclesia
486 3693 612 3755 fuit,
644 3711 751 3763 quo
776 3703 898 3764 post
922 3697 1370 3750 resurrectionem
1400 3705 1455 3750 et
1483 3697 1582 3749 ista
1614 3695 1794 3750 Eccle-

205 3785 288 3838 sia
311 3786 696 3854 congreganda
719 3794 832 3849 est,
864 3795 925 3839 ut
953 3787 1122 3840 simus
1149 3787 1384 3855 gequales
1411 3787 1615 3855 angelis
1643 3787 1757 3840 Dei.

277 3875 453 3932 Vens.
498 3878 584 3930 11.
608 3908 679 3917 -
699 3876 998 3931 Secundum
1033 3880 1457 3949 pra'ﬁnitionem.
1493 3879 1623 3946 Quae
1647 3880 1792 3934 enim

204 3966 487 4034 sapientia
532 3966 586 4020 in
633 3968 715 4021 sui
745 3977 936 4020 natura
986 3968 1216 4037 simplex
1261 3979 1376 4034 est,
1409 3970 1700 4023 secundum
1730 3985 1794 4023 ea

203 4069 328 4122 qua:
366 4064 612 4126 aguntur
656 4057 708 4110 in
758 4057 986 4122 seculo,
1024 4075 1143 4127 qua:
1188 4059 1330 4114 Deus
1374 4060 1692 4129 praeﬁnivit,
1744 4061 1796 4114 id

205 4153 294 4200 est
350 4147 780 4216 praeordinavit,
827 4157 912 4202 est
967 4148 1338 4214 multiformis,
1388 4166 1509 4204 cum
1559 4152 1798 4204 variatur

205 4234 648 4291 multiformiter.
679 4237 747 4291 Et
783 4253 850 4292 ne
891 4237 1176 4294 videantur
1199 4241 1299 4294 sibi
1337 4243 1709 4297 contradicere
1740 4245 1795 4298 in

205 4326 496 4392 praedictis
517 4328 801 4382 sententiis
838 4344 1008 4384 sacra:
1045 4331 1252 4400 paginae
1279 4332 1554 4397 doctores,
1597 4333 1672 4387 ita
1702 4350 1795 4403 po-

206 4421 313 4469 test
343 4416 702 4471 determinari
749 4419 893 4488 quod
921 4420 1122 4475 dictum
1153 4431 1236 4475 est
1273 4440 1284 4474 :
1311 4431 1368 4474 ut
1395 4422 1528 4492 illis,
1557 4424 1648 4492 qui
1679 4440 1794 4478 ma-

199 4503 344 4575 joris
372 4505 658 4575 dignitatis
693 4519 847 4572 sunt,
876 4517 928 4563 et
950 4525 1046 4578 per
1066 4527 1293 4579 quorum
1321 4491 1679 4568 ministerium
1705 4515 1792 4569 illa

205 4597 469 4650 nuntiata
490 4607 638 4662 sunt,
663 4600 877 4668 cognita
901 4599 1099 4653 fuerint
1124 4618 1188 4654 ex
1219 4614 1392 4670 parte,
1413 4611 1470 4657 ut
1485 4612 1613 4672 puta
1639 4604 1793 4658 fami-

204 4685 444 4742 liaribus
479 4699 535 4742 et
581 4689 788 4742 nuntiis
835 4689 971 4756 illis;
1006 4691 1072 4744 iis
1103 4700 1284 4746 autem
1313 4695 1405 4763 qui
1453 4695 1676 4749 minoris
1714 4697 1793 4750 di-

207 4779 446 4846 gnitatis
468 4787 624 4844 sunt,
656 4780 926 4850 incognita
958 4793 1158 4837 essent.

284 4868 458 4926 Vens.
495 4870 673 4924 14.-
697 4871 872 4942 Hujus
913 4873 986 4925 rei
1016 4873 1208 4942 gratia.
1252 4873 1358 4928 Vos
1398 4886 1552 4945 peto,
1593 4888 1648 4931 et
1688 4877 1795 4933 Deo

208 4963 498 5031 supplico,
553 4974 614 5017 ut
660 4965 833 5034 gratia
883 4976 1203 5035 cooperetur
1251 4967 1420 5022 vobis.
1463 4968 1530 5020 Et
1570 4967 1671 5022 hoc
1715 4978 1794 5023 est

207 5057 360 5122 quod
412 5056 564 5110 addit
594 5073 608 5110 :
644 5056 821 5127 Hujus
851 5059 925 5110 rei
950 5059 1145 5127 gratia.
1179 5059 1234 5112 In
1275 5074 1383 5128 quo
1426 5061 1662 5115 ostendit
1703 5076 1796 5116 eos

210 5147 425 5201 habere
466 5149 699 5218 propria:
744 5149 1034 5204 voluntatis
1065 5151 1369 5205 arbitrium.
1417 5151 1525 5206 Sed
1565 5169 1632 5206 ne
1668 5153 1796 5207 illud

208 5236 466 5292 Inﬁicere
486 5248 695 5308 putent,
720 5241 867 5295 addit
895 5259 906 5294 :
947 5239 1124 5294 Flecto
1145 5260 1311 5312 genua
1336 5260 1448 5297 mea
1469 5245 1537 5297 ad
1560 5242 1792 5318 Patrem.

211 5329 458 5387 Tantum
490 5334 542 5388 in
585 5334 773 5391 Graeco
803 5338 1064 5404 habetur;
1093 5340 1235 5407 quod
1281 5349 1460 5394 autem
1506 5342 1560 5395 in
1591 5342 1795 5396 Latinis

211 5423 502 5479 codicibus
527 5424 764 5480 additum
795 5438 916 5481 est:
962 5429 1171 5483 Domini
1217 5431 1380 5483 nostri
1411 5430 1538 5485 Jesu
1570 5431 1791 5496 Christi,

212 5514 358 5569 bene
399 5518 670 5581 convenit,
721 5519 863 5586 quod
899 5521 1119 5583 orabat,
1166 5531 1222 5574 ut
1256 5523 1450 5575 merito
1492 5522 1607 5590 ejus
1651 5525 1789 5579 obti-

215 5620 451 5660 neamus
483 5609 568 5661 cui
601 5612 817 5679 proprie
840 5619 892 5664 et
922 5612 1238 5666 naturaliter
1263 5622 1346 5667 est
1371 5624 1540 5684 pater,
1574 5632 1678 5668 non
1701 5633 1793 5668 au-

216 5704 330 5748 tem
367 5698 632 5768 adoptive.

294 5788 462 5843 Vi-zns.
527 5792 1045 5859 l5.——Paternitas,
1088 5805 1190 5850 etc.
1244 5796 1350 5850 Nec
1409 5796 1649 5866 angelus,
1699 5812 1794 5848 nec

1818 3222 1862 3283 C

1875 606 2179 668 creatione,
2207 614 2261 658 et
2287 604 2522 658 ﬁdelium
2555 605 2908 664 rccreatione,
2930 617 3067 669 quos
3089 598 3361 667 adoptavit
3393 599 3443 650 in

1875 695 2032 749 ﬁlios.
2066 695 2160 750 Vel
2185 696 2508 758 nominatur,
2536 696 2588 749 id
2620 704 2703 750 est
2731 692 3078 749 nominabilis
3111 702 3210 746 est.
3249 691 3328 744 Ab
3357 689 3447 743 illo

1875 791 2018 845 enim
2045 791 2136 858 qui
2166 800 2246 844 est
2270 799 2422 860 pater
2443 791 2705 854 omnium,
2727 799 2783 844 et
2812 788 2986 858 angeli
3009 788 3061 840 in
3086 786 3244 849 coelo,
3271 797 3327 840 et
3354 785 3446 839 bo-

1875 882 2048 936 mines
2085 883 2139 935 in
2177 891 2319 935 terra
2359 891 2687 951 acceperunt
2720 891 2976 951 utpatres
3005 879 3139 934 alios
3166 887 3446 932 vocarent.

1877 971 1944 1026 Et
1973 980 2100 1026 nota
2128 973 2270 1042 quod
2299 972 2548 1027 Christus
2577 972 2670 1025 Dei
2709 972 3015 1041 unigenitns
3039 986 3136 1040 per
3164 977 3412 1023 naturam
3431 1006 3446 1030 ,

1877 1065 2182 1134 adoptionis
2203 1063 2464 1119 beneﬁcio
2487 1072 2692 1132 patrem
2716 1077 2774 1116 se
2802 1078 2922 1118 esse
2949 1061 3216 1132 signiﬁcat
3243 1061 3450 1122 dicens,

1882 1153 2020 1220 Fili,
2053 1155 2390 1209 dimittuntur
2420 1154 2510 1208 tibi
2539 1164 2748 1223 peccata
2790 1164 2880 1206 tua
2921 1152 3132 1224 (Matth.
3168 1152 3250 1222 tt).
3286 1150 3451 1204 Simi-

1877 1245 2003 1299 liter
2035 1253 2088 1298 et
2120 1245 2351 1315 Spiritus
2392 1255 2638 1308 sanctus,
2668 1261 2765 1314 per
2791 1260 2948 1318 quem
2974 1245 3104 1313 justi
3129 1245 3454 1312 adoptantur

1881 1334 1936 1388 in
1965 1335 2126 1389 ﬁlios.
2157 1336 2328 1390 llomo
2362 1346 2540 1389 autem
2591 1335 2788 1390 dicitur
2818 1349 2971 1404 pater
3001 1335 3086 1388 vel
3125 1344 3336 1397 natura,
3371 1332 3456 1385 vel

1883 1427 2206 1480 auctoritate
2239 1427 2507 1496 exempli,
2540 1427 2621 1479 vel
2667 1427 2872 1480 ratione
2903 1425 3171 1479 beneﬁcii.

1954 1517 2115 1570 Vsus.
2157 1516 2242 1569 17.
2266 1545 2337 1555 —
2361 1517 2427 1569 In
2457 1515 2730 1569 cltaritate.
2763 1517 2872 1570 Oro
2904 1517 3069 1570 etiam
3099 1524 3156 1567 ut
3195 1515 3419 1568 radicati
3439 1556 3454 1577 ,

1884 1605 1937 1659 id
1966 1615 2049 1660 est
2087 1605 2318 1660 ﬁrmiter
2360 1606 2610 1676 plantati,
2633 1623 2663 1660 a
2687 1607 3042 1661 similitudine
3069 1607 3280 1660 arboris
3301 1647 3314 1668 ,
3339 1622 3460 1674 qua:

1885 1706 2089 1764 quanto
2132 1697 2251 1766 plus
2298 1706 2454 1751 terra:
2509 1697 2710 1766 ﬁgitur,
2769 1705 2918 1751 tanto
2956 1697 3076 1766 plus
3116 1697 3347 1760 crescit,
3407 1704 3462 1748 et

1887 1788 2193 1843 uberiorem
2223 1788 2458 1842 fructum
2493 1789 2686 1842 reddit.
3455 1779 3468 1790 “

1810 1873 1857 1932 Β
1956 1878 2118 1934 Vens.
2151 1880 2236 1934 l8.
2260 1879 2480 1933 —Cum
2502 1881 2740 1933 omnibus
2774 1881 2989 1933 sanctis.
3029 1879 3154 1933 Haec
3197 1889 3281 1933 est
3311 1893 3462 1932 com-

1887 1971 2070 2024 niunio
2097 1970 2335 2025 cmlestis
2364 1971 2691 2041 reipublicze.
2717 1971 2782 2025 Hi
2810 1986 2916 2026 non
2946 1986 3043 2024 sua
3066 1978 3339 2039 quaarunt,
3366 1969 3461 2023 sed

1885 2079 2006 2132 quae
2036 2062 2237 2116 Christi
2277 2071 2421 2123 sunt,
2451 2063 2503 2116 id
2535 2072 2648 2127 est,
2682 2062 2963 2118 commoda
2987 2063 3193 2129 privata
3219 2076 3322 2114 non
3351 2075 3464 2114 sec-

1887 2162 2092 2218 tantur,
2133 2155 2228 2208 sed
2273 2155 2326 2208 in
2356 2155 2739 2208 communione
2777 2154 2869 2208 ubi
2916 2153 3061 2207 salus
3100 2152 3338 2206 omnium
3383 2159 3468 2205 est

1887 2245 2195 2299 consulunt.

1960 2339 2091 2405 Quae
2129 2340 2196 2392 sit
2235 2337 2477 2391 latitudo.
2522 2337 2846 2402 Charitatis,
2889 2353 3010 2406 quae.
3051 2351 3223 2406 usque
3262 2335 3330 2390 ad
3365 2335 3466 2389 ini-

1889 2430 2059 2484 micos
2096 2429 2312 2482 extendi
2355 2427 2545 2490 debet,
2588 2438 2642 2482 et
2679 2444 2802 2482 cum
2848 2428 3120 2482 hilaritate
3155 2428 3294 2482 bene
3333 2441 3465 2495 ope-

1892 2521 2032 2585 rari,
2072 2520 2200 2588 quia
2233 2519 2324 2587 qui
2368 2517 2540 2572 tristis
2584 2517 2711 2582 dat,
2758 2518 2937 2587 perdit
2976 2517 3119 2586 quod
3163 2517 3272 2569 dat.
3321 2514 3470 2585 Opus

1890 2626 2020 2679 ergo
2047 2619 2128 2664 est
2166 2609 2450 2662 latitudine
2505 2609 2823 2674 eharitatis,
2875 2623 2941 2662 ne
2982 2617 3170 2678 pereat
3208 2608 3466 2676 quidquid

1891 2700 2016 2754 boni
2048 2699 2200 2754 facis.
2232 2698 2340 2753 Sed
2360 2698 2484 2766 quia
2511 2698 2818 2754 abundante
2848 2698 3130 2766 iniquitate
3160 2696 3465 2766 refrigescit

1889 2792 2130 2846 charitas
2161 2791 2450 2844 multorum
2469 2831 2484 2855 ,
2513 2805 2650 2860 opus
2677 2800 2761 2844 est
2790 2791 2954 2843 etiam
2991 2789 3344 2858 longitudine.

1963 2882 2030 2935 Et
2053 2881 2367 2936 sublimitas.
2397 2879 2708 2934 Chai-italis.
2740 2878 2866 2933 Haac
2885 2879 3120 2946 estquod
3134 2893 3348 2931 sursum
3377 2893 3470 2932 cor

1892 2975 2176 3044 dirigatur,
2219 2980 2279 3026 ut
2304 2972 2444 3026 Deus
2473 2971 2526 3025 in
2569 2971 2850 3039 przemium
2877 2957 3237 3038 cxspectetui'.
3268 2967 3400 3020 Nam
3425 2967 3470 3021 si

1894 3067 2028 3140 bene
2055 3063 2300 3134 Operaris
2329 3063 2492 3116 etiam
2521 3077 2692 3130 usque
2733 3061 2801 3115 ad
2832 3061 3098 3125 inimicos,
3144 3068 3200 3114 et
3227 3059 3473 3113 hilariter

1897 3158 2116 3221 tribuis,
2148 3155 2315 3211 habes
2349 3155 2726 3220 latitudinem;
2759 3161 2814 3206 et
2849 3155 2892 3207 si
2929 3153 2982 3206 in
3018 3153 3101 3207 his
3128 3167 3299 3222 usque
3323 3153 3375 3206 in
3409 3153 3473 3205 ﬁ-

1896 3265 2019 3302 nem
2058 3261 2395 3317 perseveras,
2428 3245 2596 3299 habes
2623 3245 3030 3314 longitudinem.
3064 3243 3170 3297 Sed
3199 3243 3243 3296 si
3292 3243 3492 3296 omnia

1898 3340 2011 3393 haec
2039 3354 2142 3392 non
2173 3345 2394 3406 propter
2423 3337 2724 3390 mercedem
2755 3349 3040 3405 supernam
3078 3332 3267 3397 facias,
3293 3333 3474 3386 altitu-

1895 3431 2074 3485 dinem
2108 3444 2214 3483 non
2253 3428 2451 3482 habet:
2480 3436 2535 3480 et
2580 3427 2651 3481 ita
2677 3425 2790 3495 jam
2833 3442 2932 3481 nec
2969 3426 3195 3480 latitudo
3223 3426 3342 3486 erit,
3373 3440 3474 3479 nec

1895 3519 2192 3590 longitudo.
2253 3517 2387 3572 Nam
2446 3517 2650 3572 habere
2701 3517 3042 3571 altitudinem
3097 3525 3180 3571 est
3233 3516 3475 3586 cogitare

1895 3611 2084 3673 Deum,
2114 3623 2297 3663 amare
2328 3609 2517 3671 Deum,
2548 3616 2602 3660 et
2637 3608 2804 3677 gratis
2839 3621 3023 3660 amare
3049 3605 3222 3674 ipsum
3261 3603 3473 3673 adjuto-

1896 3715 2031 3764 rem,
2054 3701 2230 3769 ipsum
2261 3707 2664 3762 coronatorem,
2694 3705 2966 3766 postremo
2995 3697 3169 3766 ipsum
3192 3695 3473 3766 praemium

1895 3793 2153 3862 deputare
2190 3807 2296 3845 non
2329 3790 2473 3844 aliud
2497 3791 2563 3844 ab
2588 3790 2724 3859 ipso,
2748 3803 2909 3858 quam
2935 3787 3109 3857 ipsum
3135 3796 3471 3856 exspectare.

1897 3885 1952 3938 Si
1985 3900 2153 3948 amas,
2199 3883 2368 3953 gratis
2399 3897 2540 3936 ama.
2587 3880 2644 3936 Si
2675 3897 2801 3935 vere
2822 3895 2993 3943 amas,
3023 3880 3135 3948 ipse
3161 3881 3234 3933 sit
3265 3893 3475 3934 merces

1895 3992 2052 4047 quem
2079 3991 2249 4029 amas.
2282 3973 2704 4043 Etlprofundum.
2734 3973 3051 4036 Charitatis,
3078 3973 3129 4026 id
3156 3981 3237 4026 est
3257 3972 3490 4039 possitis-

1895 4065 2194 4134 intelligere
2217 4063 2484 4117 occultum
2526 4063 2618 4115 Dei
2655 4062 2951 4132 judicium;
3001 4077 3169 4128 quare
3211 4062 3299 4115 isti
3347 4062 3488 4120 dat...

1874 4167 2004 4212 'non
2028 4171 2155 4209 vero
2182 4155 2276 4208 illi.
2305 4154 2380 4208 De
2407 4153 2672 4222 profundo
2698 4153 2840 4206 enim
2859 4152 3184 4219 judiciorum
3211 4152 3326 4215 Dei,
3350 4167 3468 4222 qua:

1896 4247 2126 4302 scrutari
2177 4256 2230 4300 et
2261 4244 2629 4314 'contemplari
2675 4245 2979 4313 nequimus,
3024 4244 3267 4312 procedit
3311 4259 3472 4298 omne

1897 4339 2038 4409 quod
2071 4353 2371 4408 possumus.
2403 4318 2554 4402 Quod
2585 4351 2820 4406 possum,
2849 4336 3032 4397 video;
3063 4335 3202 4387 unde
3227 4349 3467 4404 possum,

1899 4446 2004 4484 non
2035 4429 2220 4494 video;
2257 4428 2358 4482 nisi
2383 4427 2508 4496 quia
2544 4427 2664 4480 novi
2705 4440 2822 4480 esse
2858 4441 2888 4479 a
2931 4426 3058 4480 Deo.
3085 4425 3262 4491 Quare
3287 4435 3466 4480 autem

1901 4522 1974 4576 illi
2001 4522 2088 4576 det
2113 4561 2128 4586 ,
2156 4521 2242 4574 isti
2273 4537 2377 4574 non
2413 4521 2532 4585 det,
2567 4519 2790 4574 multum
2818 4528 2900 4573 est
2924 4535 2952 4572 a
2986 4535 3068 4572 me
3088 4559 3102 4582 ,
3133 4521 3360 4588 abyssus
3391 4527 3476 4572 est

1897 4621 1951 4666 et
1977 4612 2320 4680 profundum.
2353 4609 2505 4664 Nune
2527 4626 2654 4680 ergo
2682 4611 2794 4679 ipsa
2819 4610 3056 4663 Charitas
3079 4609 3129 4660 in
3162 4608 3316 4662 bonis
3344 4624 3470 4676 0pc-

1902 4706 2049 4760 rihus
2077 4712 2363 4758 exercetur
2387 4702 2454 4756 ad
2480 4702 2900 4756 subveniendum
2933 4700 3083 4763 aliis,
3115 4708 3167 4752 et
3204 4714 3370 4765 usque
3399 4699 3465 4750 ad

1900 4795 2144 4849 inimicos
2170 4792 2488 4862 porrigitur;
2515 4799 2569 4845 et
2591 4792 2705 4845 haec
2732 4789 2957 4842 latitudo
2979 4797 3080 4841 est.
3112 4785 3259 4841 Nunc
3289 4786 3472 4858 longa-

1901 4887 2143 4941 nimitate
2173 4887 2397 4940 adversa
2434 4884 2645 4946 tolerat,
2673 4893 2727 4938 et
2756 4884 2807 4936 in
2831 4898 2894 4936 eo
2924 4881 3064 4952 quod
3104 4880 3366 4934 veraciter
3396 4891 3467 4933 te-

1900 4979 2034 5041 nuit,
2060 4986 2388 5046 perseverat;
2418 4983 2472 5029 et
2494 4976 2606 5029 hanc
2631 4975 2904 5044 longitudo
2925 4983 3025 5028 est.
3044 4973 3156 5027 Hoc
3178 4983 3358 5027 autem
3387 4980 3468 5024 to-

1899 5077 2010 5122 tum
2027 5079 2246 5138 propter
2258 5066 2657 5136 adipiscendam
2672 5064 2899 5133 patriam
2914 5073 3167 5118 aeternam
3186 5062 3334 5126 facit,
3350 5077 3470 5131 quae

1900 5160 1972 5213 illi
2003 5159 2332 5227 promittitur
2353 5155 2675 5232 inexcelso;
2705 5164 2759 5210 et
2780 5156 2881 5209 hoc
2901 5155 3124 5210 altitudo
3145 5163 3248 5207 est.
3277 5151 3472 5206 Exislit

1898 5266 2025 5305 vero
2051 5268 2117 5305 ex
2143 5249 2354 5304 occulto
2385 5249 2470 5303 illa
2497 5248 2754 5311 Charitas.
2786 5256 2838 5301 et
2859 5248 2971 5301 hzec
3007 5255 3091 5300 est
3121 5244 3464 5315 profundum.

1972 5341 2133 5395 Vens.
2165 5343 2248 5395 l9.
2295 5372 2362 5380 —
2386 5338 2449 5393 Ut
2479 5338 2815 5409 impleamini.
2843 5337 2976 5404 Quia
3001 5349 3127 5390 tunc
3155 5335 3287 5389 nihil
3321 5336 3471 5388 deest

1897 5434 2224 5496 Christiano,
2252 5449 2372 5486 cum
2399 5432 2611 5486 Patrem
2640 5441 2692 5485 et
2721 5431 2912 5484 Filium
2942 5431 3019 5484 sic
3039 5429 3334 5499 cognoscit.
3362 5427 3471 5480 Ali-

1899 5533 1981 5577 ter
2011 5538 2117 5577 non
2150 5533 2232 5577 est
2262 5523 2463 5593 integra
2501 5521 2761 5592 professio
2789 5521 3025 5585 deitatis,
3056 5520 3178 5590 quia
3209 5518 3341 5571 ﬁdes
3369 5531 3472 5569 nec

1901 5618 1952 5670 in
1979 5616 2093 5669 solo
2106 5615 2266 5669 Patre
2297 5615 2500 5685 integra
2527 5624 2630 5678 est,
2650 5613 2966 5669 necinFilio
2988 5612 3103 5668 solo
3124 5609 3380 5681 perfecta.
3402 5607 3466 5669 In

1900 5722 2101 5760 omnem
2126 5705 2497 5775 plenitudinem
2523 5706 2635 5759 Dei.
2669 5705 2781 5761 Non
2815 5713 2875 5759 ut
2904 5706 3011 5760 sint
3045 5703 3264 5776 (plenus
3295 5699 3465 5776 Deus)

1901 5797 2035 5851 sicut
2061 5797 2275 5867 quidam
2300 5806 2542 5853 errantes
2572 5798 2872 5860 voluerunt,
2907 5796 2998 5852 sed
3022 5803 3075 5849 ut
3102 5793 3335 5866 perfecte
3360 5794 3466 5848 sint
