3948 6314
440 380 546 437 599

950 377 1340 435 WALAFRIDI
1378 377 1623 438 STRABI
1661 383 1862 442 FULD.
1905 385 2071 443 MON.
2110 385 2260 444 OPP.
2300 387 2479 446 PARS
2516 392 2554 446 l.
2592 424 2661 433 —
2696 389 3149 452 THEOLOGICA.

3591 397 3702 455 ῦξκύ

445 494 705 549 uxoribus
726 533 743 558 ,
767 501 822 550 et
847 493 1013 550 verbo
1051 493 1178 549 vita:
1203 508 1300 551 eas
1323 495 1622 564 instruere,
1645 508 1705 554 ut
1730 500 2020 556 exhibeant
2045 503 2094 562 Α
2121 503 2436 560 inimicitias
2463 524 2476 560 :
2508 507 2633 576 quia
2661 516 2716 562 et
2767 509 2908 577 quod
2936 496 3188 579 patimur
3216 510 3461 566 homines
3493 469 3705 582 impur-

445 599 540 643 ωε
561 582 691 638 Deo.

514 675 679 731 Vsus.
723 675 814 731 29.
843 705 914 716 ——
938 675 1108 731 Nemo
1147 678 1286 732 enim
1313 695 1565 750 unquam.
1599 680 1700 748 Qui
1747 697 1874 752 ergo
1899 698 2017 738 ma-

432 768 556 824 vult
581 782 703 824 esse
731 769 850 823 sine
870 782 1124 839 corpore,
1149 785 1258 826 non
1278 784 1476 840 corpus
1496 811 1510 836 ,
1533 773 1625 826 sed
1649 774 2018 843 corruptiones

436 873 495 920 et
517 863 727 934 pondus
751 863 869 936 ejus
889 864 1030 920 odit.
1060 865 1212 922 Sicut
1241 876 1289 920 et
1317 866 1557 922 Christus
1589 867 1896 923 Ecclesium.
1939 869 2018 924 lla

444 954 617 1010 faciat'
633 955 718 1010 vir
743 957 810 1011 de
847 971 1048 1023 uxore,
1075 971 1196 1027 quae
1233 965 1318 1014 est
1348 974 1476 1016 caro
1501 960 1617 1030 ejus
1647 979 1658 1012 :
1695 961 1822 1030 quia
1857 961 1936 1016 sic
1964 967 2020 1015 et

439 1045 691 1103 Christus
713 1049 883 1103 nutrit
911 1049 1206 1105 Ecclesiam
1231 1051 1354 1105 cibo
1383 1050 1628 1121 corporis
1653 1051 1757 1116 sui,
1789 1059 1843 1105 et
1877 1050 2022 1106 fovet

439 1137 808 1207 spiritualibus
855 1139 1184 1196 indumentis
1224 1151 1645 1214 praeceptorum,
1680 1141 1939 1196 virtutum
1966 1149 2022 1195 et

439 1227 706 1285 bonorum
728 1246 972 1300 operum.

514 1320 679 1378 Vsus.
720 1323 810 1377 52.
836 1353 908 1362 -
932 1322 1328 1380 Sacramentum
1378 1327 1474 1380 hoc
1504 1342 1769 1396 magnum.
1802 1323 1879 1378 Ne
1925 1325 2022 1378 ali-

437 1413 566 1482 quis
588 1421 806 1484 putaret
830 1415 882 1468 in
912 1415 1029 1471 viro
1051 1432 1170 1472 esse
1197 1427 1250 1472 et
1279 1433 1468 1481 uxore,
1500 1419 1794 1473 secundum
1823 1417 2025 1471 utrius.

443 1518 552 1574 que
601 1506 863 1562 naturalis
903 1522 1064 1563 sexus
1112 1510 1539 1579 cepulationem,
1583 1509 2022 1580 corporalemque

442 1595 786 1663 mixtionem,
809 1597 958 1652 addit
983 1617 995 1652 :
1037 1596 1150 1669 Ego
1177 1600 1293 1653 dico
1319 1601 1374 1653 in
1403 1598 1611 1654 Christo
1632 1639 1645 1664 ,
1671 1610 1803 1663 etc.,
1833 1614 2022 1654 secun-

446 1686 575 1742 dum
616 1688 720 1743 hoc
767 1703 897 1759 ergo
951 1691 1092 1759 quod
1144 1691 1196 1744 in
1232 1689 1451 1746 Christo
1499 1699 1556 1745 et
1590 1677 1827 1745 Ecclesia
1860 1731 1875 1755 ,
1930 1704 2020 1743 ac-

358 1853 363 1858 ,
443 1777 650 1846 cipitur
673 1779 814 1848 quod
836 1780 1038 1834 dictum
1059 1789 1142 1834 est
1170 1798 1182 1833 :
1214 1779 1328 1835 Non
1348 1781 1460 1851 jam
1489 1781 1612 1846 duo,
1638 1781 1730 1835 sed
1764 1795 1866 1833 una
1895 1794 2020 1834 caro

2119 601 2309 658 tunos,
2360 594 2435 649 illi
2484 596 2709 652 faciunt.
2757 598 3019 670 lustigant
3061 600 3204 655 enim
3251 609 3308 655 et
3357 601 3707 658 inﬂammant

2117 681 2236 738 illos
2271 694 2325 738 et
2360 691 2613 754 tanquam
2641 703 2768 740 vasa
2800 705 2895 742 sua
2937 699 3153 743 movent
3175 731 3190 755 ,
3220 700 3274 744 et
3300 690 3450 746 velut
3491 707 3704 762 organa

2121 780 2362 842 tangunt.
2389 773 2589 830 Contra
2630 775 2750 831 illos
2779 777 3039 834 habemus
3063 779 3326 835 occultam
3355 780 3560 836 luctam
3582 824 3598 846 ,
3635 784 3709 835 ad

2119 878 2278 932 quam
2312 879 2410 921 nos
2438 877 2614 921 armat
2645 868 2950 938 Apostolus.
2988 869 3362 924 Tenebrarum.
3396 872 3474 925 Ne
3499 884 3714 943 puten-

2115 967 2211 1010 tur
2232 958 2500 1013 daemones
2527 961 2670 1014 hunc
2687 961 2959 1016 visibilem
2986 963 3241 1016 mundum
3273 980 3487 1033 regere,
3518 966 3714 1019 subdit

2119 1051 2250 1120 quid
2275 1052 2492 1106 nomine
2516 1053 2697 1107 mundi
2722 1054 3080 1108 intellexerit:
3109 1053 3460 1108 Tenebrarum
3486 1058 3713 1119 harum,

2120 1141 2172 1196 id
2197 1151 2278 1197 est
2300 1153 2678 1212 peccatorum;
2704 1146 2856 1214 quasi
2886 1159 2900 1198 :
2923 1145 3038 1200 Non
3063 1147 3411 1201 dominantur
3428 1150 3715 1202 daemones

2120 1234 2322 1287 mundo
2347 1235 2439 1302 qui
2467 1244 2678 1288 constat
2704 1236 2839 1290 coelo
2877 1244 2930 1290 ct
2977 1247 3120 1290 terra
3140 1277 3154 1300 ,
3181 1237 3272 1291 sed
3302 1239 3714 1306 peccatoribus.

2121 1323 2318 1378 Contra
2345 1325 2622 1394 spiritalia.
2657 1326 2819 1392 Quasi
2851 1345 2862 1380 :
2897 1326 3141 1381 Timendi
3176 1328 3357 1381 hostes
3388 1329 3517 1395 quia
3547 1328 3718 1396 spiri-

2123 1416 2259 1470 tales
2304 1423 2358 1471 et
2403 1416 2732 1480 invisibiles,
2763 1425 2818 1470 et
2860 1418 2986 1486 quia
3042 1433 3268 1486 nequam
3304 1432 3317 1470 :
3348 1427 3405 1471 et
3455 1433 3568 1470 non
3609 1433 3719 1486 pro

2121 1521 2284 1576 parva
2315 1522 2402 1571 re,
2454 1508 2549 1561 sed
2595 1522 2693 1576 pro
2734 1507 2941 1562 cmlesti
2985 1507 3296 1561 hmreditate
3341 1507 3580 1561 tollenda
3610 1523 3719 1575 pu-

2123 1606 2308 1664 gnant.
2345 1597 2415 1652 Ut
2441 1598 2682 1652 cmlestia
2709 1598 2844 1652 dicit
2872 1599 3124 1663 virtutes,
3157 1598 3209 1650 in
3246 1597 3444 1667 quibus
3471 1612 3719 1666 pugnam

2125 1691 2426 1745 dmmonum
2452 1692 2711 1761 patimur,
2740 1691 2825 1745 vel
2847 1690 3069 1759 spiritus
3090 1705 3320 1759 nequam
3349 1699 3478 1743 sunt
3505 1689 3561 1742 in
3599 1702 3722 1742 003'-

2124 1779 2370 1846 lestibus,
2402 1782 2454 1835 id
2479 1793 2563 1837 est
2593 1784 2647 1837 in
2677 1782 2782 1836 hoc
2809 1783 3056 1837 infcriori
3075 1797 3221 1835 aere.
3250 1781 3353 1850 ipsi
3381 1781 3531 1835 enim
3557 1779 3722 1849 quasi

445 1877 600 1931 sunt,
653 1877 710 1924 et
734 1871 1001 1939 quomodo
1044 1885 1274 1940 sponsus
1310 1880 1366 1926 et
1392 1886 1586 1941 sponsa
1619 1872 1904 1933 dicuntur,
1944 1871 2023 1924 sic
2053 1841 2097 1900 Β
2126 1872 2337 1940 equites
2365 1881 2607 1942 pugnant
2651 1873 2705 1926 in
2739 1872 2896 1940 equis
2939 1841 3286 1924 hominibus.-
3311 1870 3540 1940 Equites
3575 1841 3725 1938 ergo

447 1966 611 2027 caput
637 1967 694 2014 et
725 1975 940 2030 corpus.
977 1960 1103 2016 Sive
1128 1976 1257 2033 ergo
1286 1961 1498 2016 dicatur
1517 1969 1676 2030 caput
1711 1970 1764 2016 et
1794 1976 2021 2030 corpus,

443 2048 560 2106 sive
585 2059 818 2121 sponsus
845 2059 902 2107 et
934 2068 1130 2122 sponsa
1151 2093 1166 2119 ,
1192 2069 1358 2108 unum
1405 2052 1709 2122 intelligite.
1754 2051 1842 2106 Fit
1879 2052 2023 2106 enim

445 2156 514 2196 ex
550 2141 760 2196 duobus
801 2142 954 2212 quasi
993 2157 1098 2196 una
1127 2144 1372 2213 quaedam
1425 2157 1685 2211 persona,
1717 2143 1921 2198 scilicet
1957 2157 2026 2196 ex

449 2231 626 2302 capite
647 2241 703 2286 et
729 2247 976 2302 corpore,
1007 2248 1074 2288 ex
1101 2249 1300 2302 sponso
1327 2241 1382 2289 et
1426 2248 1620 2302 sponsa
1663 2250 1675 2285 :
1719 2248 1877 2303 quam
1910 2233 2027 2287 uni-

450 2329 620 2376 tatem
666 2322 858 2377 miram
895 2333 951 2378 et
988 2324 1336 2380 excellentem
1366 2324 1709 2378 commendat
1733 2323 1918 2381 Isaias.
1971 2325 2025 2377 in

444 2427 553 2482 quo
574 2412 824 2470 Christus
845 2413 1094 2485 loquens,
1119 2415 1225 2468 ait:
1245 2414 1398 2470 Sicut
1415 2429 1616 2484 sponso
1630 2414 1874 2484 alligavit
1892 2414 2025 2468 mihi

443 2504 662 2559 mitram
686 2546 702 2571 ,
751 2513 808 2561 et
855 2506 997 2561 sicut
1025 2521 1279 2575 sponsam
1327 2504 1547 2560 ornavit
1572 2519 1659 2559 me
1687 2513 2023 2560 ornamento.

443 2596 615 2672 Btﬁus
662 2597 960 2669 spiritualis
1012 2599 1241 2654 unitatis
1293 2587 1695 2653 sacramentum
1746 2596 1847 2650 fuit
1898 2597 2028 2651 illud

437 2691 587 2760 quod
629 2689 682 2744 in
719 2688 917 2746 Genesi
964 2690 1031 2746 de
1061 2689 1262 2745 unione
1298 2687 1533 2758 conjugii
1570 2689 1639 2742 ad
1667 2687 1902 2742 litteram
1943 2687 2026 2743 di-

449 2781 593 2836 citur
899 2777 906 2783 ”

1054 2849 1282 2907 CAPUT
1320 2849 1407 2904 Vl.

518 2961 680 3018 Vsus.
721 2965 776 3018 2.
803 2994 871 3004 -—
901 2961 1164 3018 Primum.
1207 2962 1427 3019 Scilicet
1455 2964 1597 3018 inter
1624 2963 1878 3018 mandata
1908 2977 2030 3032 qua

450 3064 580 3109 sum
600 3055 666 3110 ad
692 3055 966 3111 hominem
992 3056 1048 3110 in
1072 3057 1308 3116 secunda
1336 3054 1539 3110 tabula.
1564 3053 1645 3108 Ad
1667 3055 1771 3109 duo
1797 3067 2030 3122 namque

437 3156 721 3215 praecepta
745 3145 1029 3200 charitatis
1074 3146 1167 3202 Dei
1197 3155 1249 3200 et
1278 3145 1509 3216 proximi
1535 3145 1770 3214 pertinet
1806 3143 2026 3198 Decalo-

448 3249 566 3306 gus.
595 3236 676 3291 Ad
706 3235 940 3307 primum
984 3245 1314 3308 praeceptum
1346 3236 1440 3291 Dei
1477 3247 1586 3291 tres
1615 3235 1831 3291 chordae
1858 3236 2023 3305 perti-

443 3335 608 3392 nent,
635 3326 688 3382 id
713 3333 796 3381 est
815 3365 835 3392 ,
874 3327 976 3382 tria
1022 3327 1306 3391 mandata,
1335 3326 1460 3396 quia
1483 3326 1626 3381 Deus
1650 3325 1888 3380 Trinitas
1922 3333 2028 3378 est.

443 3419 523 3474 Ad
546 3418 775 3474 alterum
793 3435 923 3476 vero
937 3429 1284 3491 prazceptum,
1313 3419 1520 3475 scilicet
1544 3417 1797 3489 proximi,
1822 3425 2028 3486 septem

443 3511 681 3574 chordae,
703 3509 757 3565 id
781 3519 867 3567 est
886 3521 1093 3582 septem
1117 3511 1393 3566 mandata.
1422 3511 1490 3564 Et
1511 3509 1600 3564 illa
1631 3510 1734 3562 tria
1763 3509 1832 3564 ad
1860 3509 2032 3563 Deum

446 3602 773 3673 pertinentia
805 3611 930 3657 sunt
974 3602 1028 3656 in
1053 3603 1228 3671 prima
1259 3601 1456 3656 tabula.
1487 3601 1554 3654 Et
1581 3600 1686 3653 alia
1713 3609 1922 3669 septem
1961 3599 2032 3652 ad

445 3693 785 3762 proximum,
827 3692 882 3747 in
919 3693 1153 3748 secunda
1195 3691 1370 3746 tabula
1419 3691 1622 3758 scripta
1665 3698 1843 3744 erant.
1888 3687 2035 3742 Inter

447 3799 569 3853 qua:
591 3783 694 3839 hoc
720 3783 915 3838 merito
938 3783 1173 3854 primum
1200 3790 1304 3847 est,
1321 3783 1472 3852 quia,
1502 3782 1642 3836 sicut
1669 3781 1810 3836 Deus
1830 3780 2034 3851 princi-

449 3875 648 3947 paliter
691 3875 1014 3946 principium
1066 3884 1150 3930 est
1197 3875 1466 3940 hominis,
1520 3874 1601 3929 sic
1646 3882 1802 3944 pater
1844 3889 2034 3928 secun-

362 4043 368 4049 _
450 3969 624 4025 dario.
675 3967 842 4037 Cujus
870 3968 1110 4022 mandati
1161 3967 1378 4023 additur
1409 3965 1698 4038 promissio
1735 3966 1878 4036 quod
1923 3981 2032 4021 non

451 4062 508 4116 in
530 4060 654 4117 aliis
671 4069 775 4117 est.

526 4150 687 4206 Vsus.
721 4151 776 4206 5.
802 4181 872 4192 —-—
901 4149 1070 4215 Servi,
1091 4150 1310 4204 obedite.
1344 4148 1590 4204 Servitus
1615 4148 1782 4217 carpit
1819 4162 1886 4202 ex
1910 4161 2036 4217 pec-

450 4251 599 4308 cato;
631 4241 808 4311 prima
839 4241 983 4296 enim
1020 4241 1297 4296 servitutis
1323 4255 1485 4295 causa
1511 4248 1792 4309 peccatum
1830 4246 1945 4304 est,
1980 4244 2039 4291 ut

2056 3189 2099 3252 C

2127 1963 2458 2027 occidamus,
2481 1978 2652 2032 equos
2673 1963 3067 2030 possideamus.

2199 2055 2361 2109 Vens.
2391 2053 2480 2108 14.
2502 2083 2574 2093 -—
2611 2051 2872 2107 Succincti
2901 2052 3103 2105 lumbos
3129 2060 3345 2111 vestros,
3373 2057 3484 2104 etc.
3533 2049 3592 2104 Id
3628 2057 3725 2104 est

2128 2144 2374 2198 carnales
2399 2143 2867 2212 concupiscentias
2888 2141 3104 2212 cingulo
3135 2141 3398 2194 castitatis
3433 2140 3724 2194 frenantes

2129 2253 2234 2290 nou
2265 2235 2618 2301 simulatorie,
2647 2237 2738 2290 sed
2761 2235 2816 2289 in
2847 2235 3097 2298 veritate,
3133 2232 3213 2287 vel
3241 2247 3336 2301 per
3365 2233 3722 2286 charitatem.

2130 2329 2314 2383 Induti
2337 2328 2554 2381 loricam
2583 2328 2829 2397 justitiw.
2858 2326 3026 2381 Recte
3052 2327 3217 2379 lorica
3243 2324 3475 2393 justiti-ae
3495 2340 3724 2393 compa-

2129 2428 2300 2482 ratur,
2336 2417 2486 2487 quia,
2515 2418 2655 2472 sicut
2692 2417 2860 2472 lorica
2903 2416 3085 2471 multis
3123 2415 3341 2469 circulis
3378 2413 3722 2479 contexitur,

2129 2510 2203 2564 ita
2226 2509 2436 2578 justitia
2457 2508 2640 2563 multis
2661 2508 2951 2562 virtutibus
2975 2512 3206 2561 constat.
3233 2504 3410 2558 Aliter
3439 2522 3454 2556 :
3485 2502 3713 2557 Justiti:

2129 2603 2314 2658 loricae
2350 2610 2529 2672 potest
2562 2601 2865 2670 comparari
2903 2600 3049 2669 quia,
3099 2599 3240 2654 sicut
3285 2598 3467 2652 lorica
3513 2606 3720 2666 pectus

2131 2693 2324 2757 munit,
2355 2701 2599 2748 ventrem
2630 2692 2864 2761 stringit,
2892 2689 3098 2744 femora
3125 2689 3375 2759 protegit,
3406 2689 3483 2742 ita
3503 2688 3722 2757 justiti:

2130 2781 2427 2854 superﬂuas
2447 2782 2805 2854 cogitationes
2821 2797 2940 2851 qua:
2963 2781 3017 2834 in
3042 2789 3260 2848 pectore
3283 2779 3490 2833 versari
3516 2778 3726 2842 solent,

2131 2875 2342 2945 repellit
2367 2890 2381 2928 :
2411 2874 2700 2946 ingluviem
2731 2873 2940 2928 ventris
2968 2871 3216 2941 stringit,
3263 2869 3544 2924 luxuriam
3581 2883 3723 2938 quo—

2131 2980 2236 3034 que
2263 2965 2538 3034 opprimit.

2202 3058 2366 3114 Vsus.
2427 3058 2513 3113 15.
2562 3088 2632 3098 -—-
2675 3056 2928 3111 Calceati.
2979 3056 3187 3110 Marcus
3252 3053 3384 3107 dicit
3441 3049 3727 3120 apostolos

2132 3152 2404 3208 calceatos
2445 3149 2736 3215 sandaliis,
2785 3148 2870 3203 vel
2919 3146 3114 3210 soleis,
3167 3155 3227 3199 ut
3273 3159 3452 3212 neque
3501 3157 3606 3212 pes
3656 3140 3729 3196 sit

2133 3252 2345 3309 rectus,
2383 3257 2486 3297 nec
2515 3242 2690 3296 nudus
2720 3240 2785 3295 ad
2813 3250 3012 3295 terram
3033 3278 3048 3301 ,
3080 3237 3132 3291 id
3167 3245 3250 3290 est
3292 3250 3392 3289 nec
3411 3231 3729 3288 occultetur

2132 3334 2504 3405 Evangelium,
2527 3348 2627 3387 nec
2647 3331 2878 3386 terrenis
2899 3328 3195 3384 commodis
3218 3326 3495 3379 innitatur.
3524 3320 3726 3376 Pedes.

2131 3429 2188 3483 Id
2219 3437 2303 3482 est
2343 3425 2654 3480 affectiones
2687 3424 2794 3477 sint
2820 3422 3041 3476 munitae
3073 3417 3365 3472 virtutibus
3406 3431 3475 3469 ne
3504 3429 3533 3468 a
3569 3415 3730 3470 vitiis

2134 3528 2464 3592 pungantur,
2493 3527 2554 3572 ut
2582 3517 2657 3570 ita
2681 3517 2790 3571 sint
2821 3514 2994 3585 parati
3024 3513 3091 3566 ad
3112 3509 3514 3582 prmdicandum
3540 3507 3732 3561 Evano

2140 3613 2340 3683 gelium
2367 3610 2513 3681 quod
2541 3608 2754 3662 nuntiat
2772 3621 2957 3676 pacem
2979 3605 3122 3658 inter
3147 3603 3315 3656 Deum
3338 3607 3392 3654 et
3405 3599 3732 3663 hominem;

2135 3702 2222 3758 vel
2261 3711 2321 3756 ut
2353 3701 2464 3756 sint
2491 3699 2666 3770 parati
2693 3696 2964 3766 complere
2987 3701 3249 3764 praecepta
3274 3691 3582 3762 Evangelii.

2207 3795 2372 3849 Vens.
2422 3791 2507 3845 lii.
2536 3820 2609 3832 —
2633 3788 2852 3844 Scutum
2889 3787 3034 3855 ﬁdei.
3064 3785 3224 3840 Fides
3243 3794 3325 3838 est
3353 3792 3597 3848 scutum,
3631 3782 3737 3836 sub

2137 3901 2245 3956 quo
2300 3891 2414 3938 tuta
2449 3890 2536 3938 est
2562 3880 2805 3949 justitia,
2850 3878 2991 3934 sicut
3023 3878 3122 3932 sub
3147 3875 3442 3930 munimine
3471 3875 3733 3930 omnium

2137 3977 2398 4031 virtutum
2427 4014 2442 4038 ,
2491 3971 2634 4041 quod
2681 3970 3024 4041 protenditur
3069 3975 3194 4022 ante
3238 3967 3416 4021 omnia
3464 3981 3632 4018 arma
3683 3973 3739 4018 et

2139 4067 2284 4138 quod
2311 4065 2486 4136 primo
2520 4061 2761 4117 omnium
2787 4063 3066 4132 impugnat
3087 4059 3350 4115 diabolus.

2210 4157 2377 4211 Vsus.
2409 4153 2497 4208 l7.
2527 4183 2598 4193 —
2620 4152 2690 4206 Et
2733 4152 2957 4223 galeam.
2983 4151 3147 4206 Galea
3185 4157 3271 4204 est
3317 4147 3459 4201 salus
3493 4155 3735 4208 aeterna,

2141 4247 2294 4316 cujus
2317 4245 2578 4301 memoria
2606 4253 2840 4300 mentem
2871 4243 3105 4299 obvolvit
3132 4259 3199 4298 ne
3237 4241 3467 4296 deficiat.
3502 4237 3570 4291 Et
3612 4239 3738 4310 gla-

451 4346 612 4388 uomo
644 4333 849 4388 homini
877 4332 1210 4388 conditionis
1253 4333 1466 4388 vinculo
1507 4333 1860 4396 subderetur,
1893 4331 2037 4402 quod
2142 4341 2290 4394 dium
2318 4338 2554 4408 spiritus.
2595 4337 2831 4392 Verbum
2869 4335 2966 4390 Dei
3007 4342 3091 4389 est
3131 4333 3339 4403 gladius
3385 4331 3468 4385 bis
3508 4340 3738 4392 acutus,

455 4440 563 4480 non
600 4425 703 4480 fuit
731 4425 832 4480 nisi
862 4425 971 4480 Deo
992 4423 1289 4492 judicante,
1327 4425 1468 4494 apud
1493 4438 1654 4494 quem
1690 4438 1793 4477 non
1820 4432 1904 4478 est
1929 4423 2035 4477 ini-

2144 4429 2344 4484 docens
2367 4428 2432 4483 de
2465 4425 2848 4496 temporalibus
2873 4433 2929 4480 et
2955 4423 3189 4478 azternis.
3233 4421 3446 4476 illorum
3477 4419 3740 4474 consola-

458 4517 658 4588 quitas,
686 4524 741 4571 et
766 4516 915 4572 novit
956 4517 1200 4572 diversas
1239 4531 1432 4585 pteuas
1458 4514 1668 4568 meritis
1715 4514 2038 4570 distribuere
2065 4539 2119 4600 Β
2147 4522 2346 4576 tionem
2386 4519 2442 4574 in
2498 4517 2680 4573 Veteri
2704 4557 2720 4582 ,
2771 4517 2998 4570 istorum
3047 4511 3435 4584 perfectionem
3487 4509 3545 4563 in
3574 4508 3743 4563 Novo

464 4609 912 4679 delinquentium.
943 4607 1011 4661 In
1039 4607 1389 4678 simplicitate.
1418 4604 1669 4659 Liberam
1708 4603 1835 4658 facit
1865 4605 2037 4659 servi-

459 4709 664 4765 tutem;
693 4714 800 4754 non
852 4698 1046 4753 timore
1091 4697 1317 4752 subdolo
1343 4737 1359 4761 ,
1402 4695 1496 4751 sed
1543 4694 1687 4750 ﬁdeli
1729 4695 2039 4762 dilectione,

465 4794 638 4850 donec
680 4800 920 4848 transeat
961 4790 1254 4861 iniquitas,
1297 4798 1352 4843 et
1399 4787 1575 4842 omnis
1615 4798 1907 4843 evacuetur
1942 4802 2043 4859 po-

465 4894 654 4942 testas.

533 4980 695 5034 Vens.
739 4977 826 5033 10.
857 5007 927 5015 ——
957 4975 1034 5029 De
1078 4985 1285 5030 cwtero.
1328 4974 1459 5030 Post
1485 4975 1738 5044 specialia
1773 4985 2040 5043 praecepta

461 5073 661 5142 quibus
685 5067 963 5124 admonuit
993 5066 1229 5140 singulos
1253 5061 1492 5128 ordines,”
1515 5067 1568 5121 in
1602 5065 1872 5120 communi
1900 5081 2042 5120 nunc

463 5167 722 5221 admonet
743 5177 962 5227 omnes;
997 5161 1192 5231 quasi:
1223 5161 1338 5215 Huc
1367 5175 1538 5230 usque
1582 5175 1678 5214 vos
1719 5159 1835 5228 juvi
1877 5157 2043 5213 verbo

465 5269 522 5312 rt
563 5255 1074 5326 opere;deinccps,
1105 5257 1157 5310 in
1198 5255 1408 5321 futuro,
1441 5256 1493 5308 in
1536 5253 1740 5322 reliquo
1773 5262 2040 5322 tempore,

438 5337 442 5340 ’
469 5347 576 5401 fide
596 5356 652 5400 et
675 5345 982 5401 dilectione.

543 5439 706 5494 Vens.
743 5439 830 5493 12.
866 5471 935 5479 -
964 5439 1150 5494 Mundi
1181 5449 1420 5492 rectores.
1451 5437 1567 5492 Non
1613 5437 1732 5491 ideo
1760 5435 1839 5491 sic
1866 5437 2048 5506 appel-

470 5529 687 5595 lantur,
713 5531 838 5600 quia
870 5540 1063 5600 regunt
1106 5530 1394 5594 mundum,
1431 5530 1520 5599 qui
1571 5534 1782 5582 constat
1809 5542 1877 5581 ex
1911 5526 2050 5582 coelo

477 5629 532 5677 et
560 5631 704 5677 terra
730 5641 744 5688 ;
774 5623 867 5678 sed
889 5623 1145 5677 mundum
1170 5632 1482 5691 peccatores
1505 5621 1656 5684 dicit,
1682 5620 1747 5674 de
1768 5634 1874 5688 quo
1893 5617 2052 5674 Joan-

473 5729 571 5769 nes
598 5732 611 5768 :
644 5714 711 5769 Et
742 5715 970 5769 mundus
1011 5730 1130 5768 eum
1162 5729 1264 5766 non
1295 5713 1529 5782 cognovit
1566 5711 1746 5781 (Joan.
1773 5709 1834 5780 ι).
1868 5708 2052 5764 Talem

475 5807 733 5864 mundum
760 5808 831 5862 illi
863 5816 1072 5878 regunt,
1104 5815 1288 5862 contra
1319 5821 1454 5875 quos
1482 5805 1743 5859 habemus
1769 5813 2053 5874 perpetuas

2147 4614 2493 4669 Testamento
2507 4610 2847 4680 promittens.
2863 4607 3014 4676 Quod
3029 4606 3174 4660 enim
3188 4603 3559 4674 temporaliter
3572 4603 3743 4656 nobis

2148 4707 2472 4780 promissum
2517 4713 2635 4770 est,
2667 4703 2734 4758 ad
2763 4718 2922 4757 unam
2956 4710 3164 4772 partem
3195 4697 3357 4770 gladii
3385 4714 3398 4750 :
3430 4697 3576 4766 quod
3606 4712 3742 4751 vero

2148 4801 2201 4856 in
2226 4801 2612 4869 sempiternum
2636 4796 2704 4850 ad
2725 4795 2883 4849 aliam
2900 4802 3109 4864 partem
3137 4791 3298 4864 gladii
3321 4790 3575 4860 pertinet.
3595 4789 3741 4843 Nam

2147 4900 2202 4946 et
2227 4891 2347 4945 ideo
2367 4890 2471 4945 duo
2491 4887 2840 4942 Testamenta
2861 4885 3142 4948 dicuntur,
3169 4882 3295 4952 quia
3319 4880 3488 4935 Vetus
3512 4889 3742 4934 terrena

2150 4979 2438 5052 prdmittit,
2483 4977 2690 5032 Novum
2722 4987 2943 5031 aeterna.
2976 4975 3051 5029 De
3105 4973 3208 5028 hoc
3255 4972 3430 5042 gladio
3469 4969 3743 5024 Dominus

2152 5074 2228 5128 ait
2257 5091 2270 5127 :
2297 5073 2420 5127 Non
2448 5071 2560 5127 veni
2592 5088 2772 5142 pacem
2796 5075 2998 5125 mittere
3035 5070 3090 5122 in
3125 5079 3341 5131 terram,
3367 5067 3455 5122 sed
3496 5065 3742 5134 gladium

2154 5164 2370 5232 (Matth.
2404 5165 2480 5227 Χ).
2528 5163 2633 5219 Isle
2663 5163 2870 5233 gladius
2903 5175 3032 5216 vere
3069 5168 3263 5214 acutus
3299 5166 3412 5224 est,
3457 5156 3586 5226 quia
3611 5169 3743 5208 cum

2153 5267 2314 5323 quem
2355 5252 2482 5308 fecit
2507 5268 2536 5306 a
2566 5251 2767 5306 mundo
2797 5250 3006 5305 dividit.

2226 5345 2392 5400 Vsus.
2417 5347 2503 5400 l8.
2529 5375 2600 5384 —
2624 5343 2691 5398 In
2715 5343 2921 5414 spiritu.
2946 5341 3077 5398 Orat
3098 5341 3149 5395 in
3178 5339 3390 5410 spiritu,
3416 5337 3506 5408 qui
3535 5335 3739 5389 munda

2153 5435 2483 5491 conscientia
2513 5443 2569 5489 et
2609 5433 2818 5504 integra
2851 5432 2956 5486 fide
2999 5439 3138 5486 orat.
3169 5431 3226 5485 In
3261 5443 3424 5484 carne
3462 5437 3613 5488 orat,
3645 5423 3739 5492 qui

2152 5524 2353 5595 polluta
2390 5535 2568 5580 mente
2589 5525 2783 5580 iterum
2808 5532 3026 5594 peccat,
3056 5538 3162 5576 non
3203 5536 3333 5576 casu
3353 5561 3369 5586 ,
3399 5516 3497 5574 sed
3524 5519 3590 5578 de
3612 5529 3739 5586 pro-

2156 5616 2353 5686 posito.

2228 5706 2391 5762 Vsus.
2438 5706 2522 5761 19.
2549 5736 2618 5746 -
2648 5704 2714 5759 In
2740 5705 3083 5771 apertionem,
3111 5711 3214 5757 etc.
3256 5700 3312 5756 ld
3339 5707 3422 5754 est
3470 5707 3527 5753 ut
3553 5705 3735 5767 aperte

2159 5802 2360 5870 possim
2388 5815 2628 5856 reserare
2657 5797 2972 5868 mysterium
3002 5793 3304 5866 Evangelii,
3337 5793 3389 5848 id
3413 5798 3500 5847 est
3519 5799 3733 5860 secreta
