3948 6314
171 398 257 458 ὕοι

996 383 1263 443 ϐωδδΑ
1299 379 1694 440 ORDINARIA.
1734 407 1803 418 —-
1842 378 2057 434 EPlST.
2094 379 2186 434 AD
2223 377 2511 434 PHILIPP.

3294 374 3402 429 602

174 503 547 568 incarnationis
581 511 635 557 et
673 499 955 572 passionis.
998 498 1161 565 Quasi
1188 516 1202 551 :
1231 496 1309 553 Ne
1341 506 1594 565 pressura
1628 491 1728 546 tri-
1751 494 1802 553 Α
1900 489 2063 546 Vens.
2088 490 2179 545 25.
2212 519 2282 531 -
2313 488 2432 543 Pax
2457 485 2726 558 fratribus.
2751 484 2948 542 Pacem
2975 493 3125 556 optat
3144 485 3254 549 eis,
3283 493 3403 554 qua:

175 598 448 659 bulationis
505 596 619 666 ipsa
687 593 976 650 formidine
1027 605 1265 646 acumen
1317 586 1579 643 doctrinm
1632 584 1731 639 ob-

178 692 372 748 tundat.

190 832 499 855 ψ

1833 589 1917 637 est
1935 582 2101 653 janua
2127 579 2448 636 dilectionis.

505 810 3396 851 ΜΨ

984 927 1485 1007 EPISTULA
1562 921 1697 997 AD
1770 910 2548 993 PHILIPPENSES.

696 1175 1200 1239 ARGUMENTUM.

241 1304 610 1373 Philippeuses
649 1304 778 1351 sunt
820 1291 1155 1347 Macedones.
1206 1285 1290 1349 lli,
1325 1291 1546 1352 accepto
1572 1277 1737 1333 verbo

174 1369 433 1459 veritatis,
460 1389 810 1463 perstiterunt
840 1385 894 1437 in
927 1381 1059 1441 ﬁde,
1089 1394 1187 1433 uec
1216 1380 1539 1444 receperunt
1572 1369 1733 1423 falsos

173 1487 459 1563 apostolos.
502 1483 613 1538 Hoc
635 1477 901 1536 collaudat
925 1473 1167 1530 scribens
1180 1469 1259 1525 eis
1285 1484 1316 1521 a
1342 1468 1511 1521 Roma
1535 1463 1600 1519 de
1619 1476 1739 1516 car-

172 1594 288 1637 cere
314 1591 412 1648 per
432 1570 881 1644 Epaphroditum.
1044 1634 1047 1639 Q

665 1677 892 1736 CAPUT
930 1672 1219 1731 PRIMUM.

1848 1234 1849 1237 η
1912 1160 2073 1215 Vens.
2101 1158 2187 1214 12.
2217 1188 2287 1198 -
2308 1154 2457 1211 Scire
2484 1161 2654 1207 autem
2680 1150 2815 1215 volo,
2843 1159 2947 1205 etc.
2973 1149 3244 1207 Hactenus
3266 1167 3417 1207 com-

1838 1255 2074 1312 muniter
2095 1254 2304 1307 locutus
2324 1258 2422 1310 est.
2464 1247 2587 1301 inde
2616 1245 2766 1315 ponit
2793 1243 3103 1315 specialiter
3131 1259 3250 1313 qua:
3284 1242 3416 1299 tole-

1839 1345 2074 1400 rantiam
2103 1341 2385 1403 suadeant,
2432 1337 2659 1403 scilicet,
2698 1331 2805 1387 Pro
2852 1333 2989 1387 vobis
3035 1335 3233 1403 gratias
3275 1346 3416 1403 ago:

1842 1420 2090 1502 Conﬁdo.‘
2123 1430 2221 1484 Vos
2249 1439 2421 1483 autent
2452 1425 2564 1481 volo
2589 1426 2744 1490 scire,
2766 1434 2892 1486 etc.,
2917 1425 3069 1494 quasi
3092 1424 3417 1479 dicat:Cunt

1843 1524 1917 1579 ita
1940 1523 2058 1578 sitis
2083 1520 2691 1591 pcrfecti,pcrseveratc
2731 1522 2785 1569 et
2834 1517 3039 1577 cavete,
3080 1528 3148 1567 ne
3194 1512 3422 1567 tribula-

1844 1612 2018 1667 tiones
2044 1612 2304 1665 instantes
2334 1609 2474 1661 hanc
2498 1614 2734 1659 vestram
2783 1603 3084 1657 diminuaut
3130 1602 3417 1672 perfectio-

1844 1719 1991 1767 nem,
2024 1702 2116 1757 sed
2150 1698 2451 1768 exemplum
2479 1697 2581 1749 mei
2612 1694 2883 1764 respicite.
2914 1754 2924 1764 ,

239 1798 400 1852 Vens.
433 1797 490 1850 1.
521 1824 593 1835 -
616 1790 841 1846 Paulus.
874 1787 1022 1842 More
1040 1785 1198 1842 solito
1218 1781 1590 1840 salutationem
1607 1791 1742 1848 ιπε-
1769 1787 1800 1846 ῃ

1912 1791 2077 1845 Vens.
2109 1789 2194 1843 15.
2222 1817 2292 1829 -——
2323 1783 2388 1839 Ut
2418 1781 2648 1847 vincula,
2671 1790 2775 1835 etc.
2807 1780 2942 1847 Quia
2965 1795 3194 1849 namque
3215 1780 3424 1849 patien-

169 1889 357 1952 mittit;
393 1886 592 1942 deinde
638 1882 840 1954 gratias
860 1880 983 1934 ‘Deo
1021 1878 1130 1948 agit
1173 1891 1273 1945 pro
1309 1875 1407 1939 eis,
1451 1870 1745 1941 implorans

158 1978 247 2033 veis
273 1975 488 2043 majora
522 1975 662 2028 bona
683 2012 698 2037 ,
724 1978 787 2025 ut
823 1977 879 2023 et
922 1968 979 2022 in
1014 1964 1306 2020 virtutibus
1332 1966 1638 2017 crescentes
1679 1957 1746 2011 ad

170 2066 559 2139 perfectionem
602 2060 939 2132 perveniant.
970 2056 1174 2111 Deinde
1216 2051 1530 2124 patientiam
1558 2049 1610 2102 in
1651 2046 1749 2101 tri-

171 2156 542 2214 bulationibus
576 2159 760 2208 monet
806 2147 1053 2218 exemplo
1078 2146 1160 2201 sui
1207 2153 1262 2199 et
1291 2141 1523 2206 Christi,
1561 2145 1748 2210 postea

175 2260 232 2304 ut
255 2257 490 2304 caveant
517 2263 548 2302 a
575 2244 830 2300 versutiis
878 2237 1449 2311 pseudoapostolornm
1475 2250 1491 2300 ;
1534 2224 1769 2288 tandem'

173 2339 598 2395 admonitionem
639 2333 897 2390 moralem
941 2329 1249 2392 interserit,
1291 2335 1348 2381 et
1384 2338 1552 2395 prope
1589 2322 1751 2376 tinem

176 2430 241 2486 de
267 2430 461 2501 gratia,
496 2441 659 2497 quam
698 2425 800 2481 sibi
831 2423 1056 2478 Romam
1081 2434 1180 2490 per
1208 2415 1626 2487 Epaphroditum
1653 2410 1754 2465 mi-

158 2528 360 2574 serant
378 2559 395 2585 ,
423 2518 662 2590 gaudere
691 2530 751 2570 se
785 2512 934 2568 dicit.
963 2510 1283 2564 Timotheus.
1314 2507 1469 2561 Hune
1511 2501 1752 2573 apponit,

177 2611 303 2679 quia
335 2624 463 2664 eum
498 2608 766 2662 missurus
792 2612 913 2659 erat
954 2602 1022 2656 ad
1062 2599 1221 2654 illos:
1252 2605 1471 2668 propter
1492 2596 1595 2650 hoc
1630 2606 1754 2647 eum

177 2700 580 2772 quodammodo
621 2694 1034 2758 commendans,
1077 2698 1141 2746 ut
1172 2690 1373 2769 eadem
1421 2702 1541 2757 quae
1570 2682 1759 2741 scribit

178 2766 247 2845 ab
292 2804 361 2845 eo
415 2789 704 2858 recipiant.
760 2783 926 2839 Servi.
980 2766 1179 2835 Servos
1224 2778 1390 2842 dixit,
1431 2783 1493 2829 ut
1551 2782 1606 2829 et
1655 2773 1756 2841 ipsi

175 2894 278 2949 pro
304 2879 539 2935 Domino
572 2877 750 2933 ferant
796 2875 949 2930 dura.
977 2871 1192 2927 Christi.
1233 2869 1302 2926 Ut
1330 2876 1520 2924 contra
1558 2865 1760 2936 pseudo

177 2976 346 3021 stent.
877 3022 881 3031 ε

249 3060 428 3113 Vens.
468 3058 524 3111 '5.
551 3086 623 3097 --
662 3055 874 3110 Gratias
920 3068 1018 3124 ago
1050 3052 1160 3106 Deo
1202 3065 1335 3104 tneo.
1369 3047 1533 3115 Quasi
1569 3046 1714 3100 dicat
1743 3060 1756 3097 ι

1846 1890 1932 1936 ter
1957 1879 2208 1950 quaelibet
2248 1875 2388 1931 mala
2433 1872 2691 1934 sustineo,
2741 1878 2889 1939 patet
2933 1885 3038 1923 non
3080 1883 3201 1924 esse
3246 1868 3425 1924 scelus

1846 1948 2100 2029 falsitatis
2125 1985 2285 2042 quam
2324 1969 2378 2023 in
2408 1981 2495 2022 me
2539 1963 2685 2034 justa
2730 1962 2966 2017 vindicta
3007 1948 3284 2033 percellat,
3329 1960 3426 2015 sed

1849 2064 2138 2133 quamdam
2173 2058 2422 2115 veritatis
2454 2057 2703 2112 virtutem
2732 2069 2894 2124 quam
2922 2052 3223 2108 sustinendi
3273 2051 3427 2108 forti-

1852 2155 1977 2211 tudo
2015 2151 2346 2223 magniﬁcat.

1919 2245 2082 2299 Vens.
2104 2242 2191 2299 14.
2211 2270 2284 2282 -—
2306 2240 2588 2304 Auderent,
2616 2246 2722 2292 etc.
2758 2235 3073 2292 Constantia
3125 2234 3269 2289 enim
3313 2232 3430 2303 ejus

1852 2335 2050 2392 multos
2071 2335 2144 2389 ita
2171 2331 2448 2396 animavit,
2492 2337 2684 2383 utnon
2725 2328 2978 2381 timerent
3026 2323 3425 2395 evangelizare.

1923 2425 2088 2481 Vens.
2117 2426 2200 2477 l7.
2228 2453 2300 2463 -
2331 2420 2558 2487 Quidam
2582 2428 2774 2483 autem,
2797 2426 2900 2471 etc.
2927 2415 3168 2470 Convicti
3199 2414 3252 2467 in
3300 2428 3431 2467 con-

1856 2517 2097 2573 tentione
2130 2530 2159 2568 a
2190 2529 2295 2579 me,
2324 2510 2621 2582 praedicant
2647 2505 2940 2562 secundum
2969 2506 3112 2575 quod
3156 2519 3249 2558 cos
3295 2517 3430 2557 cou-

1856 2610 1959 2665 vici
1988 2608 2182 2663 debere
2206 2604 2519 2676 praedicare.
2572 2598 2657 2653 Ea:
2686 2597 3032 2651 contentione.
3100 2595 3182 2649 Ex
3220 2593 3432 2664 privato

1857 2701 2002 2764 odio,
2029 2696 2169 2768 quod
2192 2692 2477 2763 aliquando
2500 2704 2709 2744 mecum
2738 2686 3103 2751 contulerunt,
3144 2687 3199 2740 et
3241 2681 3430 2738 confu-

1859 2790 1953 2845 tati
1982 2797 2125 2843 sunt.
2155 2787 2221 2841 Et
2245 2800 2313 2839 ne
2332 2783 2644 2837 viderentur
2663 2778 2913 2844 correcti,
2938 2776 3087 2832 addit
3112 2790 3127 2829 :
3154 2772 3277 2829 Non
3300 2787 3434 2844 puro

1859 2879 2054 2932 animo.

1931 2969 2101 3023 Vens.
2133 2967 2218 3023 18.
2248 2995 2317 3006 -
2344 2962 2485 3029 Quid
2513 2959 2692 3021 enim?
2713 2958 2826 3013 Non
2850 2957 3103 3028 prohibet
3149 2967 3433 3010 mercena-

1864 3060 1995 3122 ries,
2020 3057 2111 3112 sed
2134 3054 2416 3127 permittit,
2443 3051 2568 3121 quia
2594 3057 2651 3104 et
2670 3049 2771 3119 ipsi
2796 3046 2956 3103 utiles
2981 3053 3107 3101 sunt
3136 3044 3202 3099 ad
3229 3043 3430 3112 aliqua.

171 3150 341 3221 Agite
371 3162 498 3216 qua:
523 3146 703 3217 agitis,
746 3144 871 3213 quia
894 3143 1020 3196 talia
1047 3149 1195 3205 sunt,
1225 3140 1367 3194 unde
1386 3138 1556 3193 Deum
1577 3136 1756 3189 laudo.
1787 3156 1800 3208 ε

1880 3148 1967 3203 Sed
1998 3156 2043 3200 et
2070 3143 2323 3215 gaudebo.
2368 3142 2490 3196 Ideo
2518 3141 2723 3211 gaudeo
2766 3138 2833 3192 de
2878 3131 3033 3191 malis
3065 3135 3217 3199 meis,
3242 3129 3324 3186 vel
3367 3130 3435 3185 de

250 3239 428 3295 Vens.
469 3238 523 3293 5.
568 3268 640 3279 -—
668 3234 1165 3290 Comntunicatione.
1222 3230 1324 3285 Per
1372 3243 1533 3299 quam
1584 3235 1763 3281 vestra

177 3329 501 3387 communia
530 3326 757 3391 fecistis,
790 3326 842 3379 in
872 3321 1162 3393 Evangelia
1186 3320 1494 3376 exaltando.

258 3421 429 3477 Vens.
470 3419 523 3473 6.
551 3448 624 3458 ——
648 3415 944 3485 Conﬁdens.
987 3413 1151 3481 Quasi
1183 3427 1198 3466 :
1236 3413 1506 3482 Deprecor
1549 3416 1608 3464 ut
1654 3416 1766 3462 ste-

179 3512 277 3576 tis,
324 3518 386 3566 et
414 3507 627 3564 conﬁdo
652 3507 755 3561 hoc
780 3505 955 3574 ipsum
982 3503 1098 3557 ﬁeri
1125 3517 1156 3555 a
1181 3500 1334 3555 vobis
1362 3500 1504 3569 quod
1550 3511 1767 3569 precor,

181 3616 292 3656 non
317 3607 508 3654 autem
536 3596 711 3661 aliud;
733 3596 826 3650 sed
855 3593 1033 3647 videte
1059 3607 1126 3646 ne
1149 3590 1348 3646 frustra
1378 3588 1667 3644 conﬁdam.

252 3686 676 3757 Per/iciethse
695 3694 755 3739 nt
785 3682 1010 3738 velimus
1049 3690 1304 3750 operatur
1349 3678 1631 3748 incipiens,
1676 3675 1768 3747 qui
1800 3718 1801 3723 η

180 3780 499 3837 volentibus
518 3782 839 3846 cooperator
860 3772 1163 3842 perﬁciens.

250 3873 427 3929 Vens.
459 3871 512 3925 7.
554 3898 625 3910 -—
667 3867 814 3922 Sicut
844 3876 918 3920 est
961 3864 1108 3918 mihi.
1164 3862 1240 3916 Ita
1279 3860 1483 3931 gratias
1508 3873 1631 3928 ago,
1679 3857 1773 3912 de-

179 3970 383 4033 precer
407 3968 473 4016 et
495 3957 726 4021 conﬁdo,
757 3957 891 4010 sicut
928 3954 1134 4024 justum
1160 3962 1234 4007 est
1264 3930 1472 4015 sentire,
1508 3951 1669 4004 id-est
1696 3948 1773 4003 ita

178 4052 343 4108 velle.
376 4050 457 4104 Et
477 4046 698 4118 exponit
745 4061 986 4109 causam,
1029 4060 1090 4097 eo
1139 4043 1277 4114 quod
1324 4042 1544 4095 habeam
1587 4056 1676 4095 vos
1719 4041 1775 4094 in

180 4146 365 4210 corde,
386 4145 597 4199 bonum
620 4143 773 4207 vobis
792 4141 1060 4215 desidero,
1083 4140 1199 4193 sive
1219 4139 1320 4192 sim
1344 4138 1574 4199 vinctus,
1598 4136 1776 4191 sciens

180 4251 281 4293 vos
335 4250 567 4306 quoque
619 4234 846 4297 vinctos,
900 4232 1015 4286 sive
1065 4229 1355 4285 defendens
1406 4227 1774 4298 Evangelium,

181 4328 328 4396 quod
352 4334 414 4382 et
447 4338 544 4379 vos
568 4321 766 4377 facitis.

261 4414 430 4469 Vens.
463 4413 515 4467 8.
541 4441 610 4451 —-
637 4409 857 4480 Cupiunt
882 4424 1058 4462 omnes
1084 4424 1193 4472 vos,
1217 4416 1321 4461 etc.
1387 4406 1443 4460 ld
1472 4414 1554 4460 est
1586 4404 1777 4460 intimo

184 4522 377 4562 amore
403 4504 635 4570 Christi,
668 4513 728 4557 ut
760 4503 827 4556 ab
851 4517 917 4556 eo
943 4500 1183 4570 perfecte
1218 4499 1511 4569 diligamini
1532 4538 1547 4563 ,
1595 4498 1680 4553 vel
1711 4512 1776 4552 eo

183 4599 385 4654 aﬂ'ectu
438 4595 674 4667 diligatis
722 4594 890 4648 Deum
939 4599 995 4645 et
1035 4591 1329 4662 proximos,
1379 4604 1487 4659 quo
1536 4587 1781 4643 Christus

184 4697 281 4764 qui
302 4695 552 4749 animam
584 4691 782 4761 posuit.
813 4688 909 4743 Vel
938 4689 1043 4743 hoc
1069 4686 1301 4742 refertur
1340 4686 1407 4741 ad
1441 4686 1493 4741 id
1520 4685 1660 4755 quod
1688 4699 1781 4738 su-

184 4801 285 4856 pra
328 4786 495 4849 dixit,
533 4797 592 4838 se
621 4783 928 4837 desiderare
956 4795 1048 4835 eos
1075 4794 1193 4835 esse
1216 4778 1395 4834 socios
1438 4777 1616 4849 gaudii
1669 4776 1776 4831 sui.

189 4880 257 4933 Et
280 4877 619 4935 determinat
639 4875 925 4945 quomodo,
966 4872 1172 4928 scilicet
1199 4887 1383 4927 amore
1414 4870 1639 4938 Christi,
1674 4886 1783 4925 non

188 4970 470 5034 humano,
493 4975 553 5020 ut
574 4966 865 5036 participes
885 4964 1081 5019 habent
1104 4963 1157 5017 in
1191 4962 1318 5017 Deo.

264 5060 445 5114 Vens.
497 5056 583 5110 10.
609 5086 678 5096 --
705 5053 772 5108 Ut
802 5053 1028 5125 probetis
1055 5053 1282 5123 potiora.
1335 5051 1388 5105 Id
1422 5059 1523 5115 est,
1555 5058 1616 5106 ut
1666 5062 1787 5106 cre-

191 5162 317 5208 scat
338 5151 586 5207 cbaritas
611 5157 791 5204 vestra
822 5147 877 5202 in
903 5146 1475 5214 scientia,utprobare
1501 5153 1555 5197 et
1582 5144 1786 5199 discer-

192 5258 333 5298 nere
365 5241 557 5297 sciatis
583 5255 686 5294 uon
709 5238 879 5293 solum
908 5251 1027 5307 quae
1045 5242 1171 5290 sunt
1196 5234 1335 5289 mala
1381 5240 1436 5288 et
1483 5233 1640 5294 bona,
1693 5231 1788 5287 sed

193 5334 372 5389 etiam
400 5333 545 5387 inter
567 5332 704 5386 bona
728 5345 848 5400 quae
874 5330 982 5384 sint
1012 5328 1241 5397 potiora,
1267 5334 1327 5379 ut
1359 5333 1480 5393 post
1516 5322 1789 5394 probatio-

197 5439 329 5479 nem
361 5423 482 5477 sitis
523 5422 715 5475 sinceri
738 5420 792 5475 in
825 5419 995 5483 vobis,
1029 5418 1144 5474 sine
1184 5416 1437 5487 Operihus
1490 5413 1790 5483 corruptio-

198 5512 311 5576 nis,
347 5520 411 5566 et
430 5518 686 5581 quantum
709 5510 775 5563 ad
805 5508 1131 5578 proximum,
1160 5505 1274 5560 sine
1294 5504 1597 5573 o/fensione.

275 5603 454 5659 Vens.
497 5604 585 5658 11.
612 5600 900 5671 —Repleti
940 5601 1135 5671 fructu,
1174 5606 1277 5654 etc.
1335 5598 1389 5652 ld
1422 5605 1505 5653 est
1543 5595 1793 5652 mercede

178 5712 183 5717 τ
197 5696 461 5766 iustitiae,
487 5697 622 5756 adeo
641 5705 698 5751 nt
723 5694 841 5751 sitis
863 5693 1031 5766 gloria
1058 5701 1115 5748 et
1142 5692 1261 5747 laus
1283 5691 1401 5757 Dei,
1432 5700 1490 5745 ut
1515 5704 1614 5760 pro
1638 5687 1791 5744 vobis

205 5789 436 5845 dicatur
468 5807 480 5821 υ
509 5788 769 5845 Hirabilis
798 5788 936 5844 Deus
965 5787 1019 5841 in
1045 5786 1237 5841 sanctis
1269 5786 1377 5840 suis
1401 5781 1571 5854 (I’sal.
1601 5783 1787 5851 ικνη).

1866 3234 2109 3306 profectu
2138 3229 2435 3300 Evangelii,
2459 3229 2582 3297 quia
2608 3227 2731 3280 inde
2756 3226 2883 3280 mihi
2914 3224 3078 3279 salus.

1937 3326 2104 3381 Vens.
2131 3323 2221 3377 21.
2242 3352 2313 3361 -
2342 3319 2485 3373 Mihi
2516 3328 2688 3372 autem
2727 3317 2890 3371 vivere
2931 3313 3168 3369 Christus
3201 3320 3296 3376 est,
3328 3319 3434 3365 etc.

1867 3415 2029 3483 Quasi
2060 3414 2300 3469 diceret:
2326 3408 2519 3463 Merito
2546 3405 2817 3461 Christum
2848 3400 3133 3473 magniﬁco
3164 3401 3276 3455 sive
3302 3398 3437 3463 vita,

1868 3507 1981 3562 sive
2010 3511 2202 3568 morte,
2233 3502 2359 3573 quia
2399 3499 2638 3554 Christus
2684 3496 2813 3551 mihi
2847 3495 3033 3559 vivere,
3079 3491 3134 3547 id
3177 3501 3261 3547 est
3302 3489 3441 3544 mihi

1848 3597 1978 3651 'vita
2000 3595 2089 3650 hic
2116 3608 2212 3664 per
2237 3572 2394 3647 fidem
2429 3599 2485 3646 et
2507 3604 2677 3659 spem,
2705 3586 2832 3642 etin
2863 3585 3042 3640 futuro
3067 3596 3163 3654 per
3182 3572 3438 3654 speciem.

1868 3687 1975 3742 Pro
1998 3687 2101 3741 hac
2128 3685 2236 3738 vita
2265 3680 2493 3738 mortale
2519 3694 2715 3749 corpus
2741 3676 2981 3741 tradidit,
3035 3682 3094 3729 ut
3126 3674 3300 3743 ipsum
3342 3671 3444 3725 im-

1871 3776 2098 3832 mortale
2120 3776 2174 3830 in
2200 3782 2461 3829 aeternum
2487 3769 2730 3840 recipiat,
2756 3766 2898 3822 unde
2920 3772 2974 3821 et
3006 3763 3186 3820 subdit
3214 3771 3270 3817 et
3306 3760 3445 3816 mori

1869 3873 2099 3928 lucrum.

1942 3958 2107 4013 Vens.
2132 3954 2221 4010 22.
2247 3984 2318 3995 --
2348 3950 2502 4018 Quod
2522 3950 2567 4003 si
2594 3949 2782 4011 vivere,
2802 3953 2908 4000 etc.
2941 3943 3188 3999 Christus
3208 3948 3291 3995 est
3313 3937 3447 3993 mihi

1873 4049 2075 4110 vivere,
2106 4053 2166 4100 ut
2190 4059 2313 4099 eum
2342 4038 2703 4112 magniﬁcem.
2737 4034 2889 4102 Quod
2916 4034 2959 4087 si
2982 4040 3086 4094 est,
3118 4038 3243 4084 tunc
3264 4026 3448 4082 nescio

1875 4138 2003 4209 quid
2024 4136 2240 4206 eligam,
2271 4131 2429 4194 mori,
2468 4145 2537 4184 an
2566 4128 2770 4181 vivere.
2802 4124 3003 4191 Quasi:
3041 4120 3156 4175 Nisi
3199 4120 3288 4174 hic
3336 4118 3451 4173 fru-

1877 4208 1997 4286 ctus
2020 4234 2186 4292 esset,
2210 4239 2316 4280 non
2344 4222 2563 4279 dubium
2599 4219 2727 4290 quin
2762 4217 2897 4271 mori
2925 4214 3177 4283 eligerem
3210 4220 3269 4266 ut
3295 4208 3452 4266 Chri-

1878 4329 2020 4378 stum
2048 4319 2305 4373 haberem
2324 4312 2602 4386 prazmium
2635 4326 2650 4365 :
2674 4316 2729 4366 et
2750 4308 2889 4373 ideo,
2917 4322 2987 4362 ne
3031 4302 3286 4360 dubitetis
3312 4299 3451 4356 mori

1876 4428 1977 4484 pro
2004 4410 2239 4467 Christo.

1805 4498 1856 4556 ι)
1950 4505 2116 4561 Vens.
2142 4500 2232 4555 24.
2260 4529 2329 4540 -—
2359 4496 2674 4553 Permanere
2717 4502 2912 4557 autent,
2958 4500 3065 4546 etc.
3128 4487 3268 4543 Ecce
3310 4486 3455 4556 quod

1880 4614 1988 4653 non
2033 4594 2134 4651 sibi
2167 4592 2381 4655 melius,
2425 4588 2518 4646 sed
2564 4587 2706 4658 quod
2754 4584 2937 4642 multis
2981 4582 3230 4652 expedit,
3286 4579 3454 4650 eligit,

1858 4690 2101 4760 propter
2122 4684 2460 4747 charitatem,
2486 4695 2605 4750 quae
2630 4693 2739 4749 prae
2784 4676 3034 4732 omnibus
3063 4671 3304 4744 eligenda
3352 4679 3455 4725 est.

1956 4776 2119 4831 Vens.
2153 4773 2245 4828 25.
2269 4804 2341 4813 -
2366 4771 2436 4827 Et
2463 4770 2716 4842 gaudium
2740 4767 2889 4837 ﬁdei,
2919 4775 3024 4821 etc.
3050 4764 3105 4818 ld
3129 4770 3212 4818 est
3242 4779 3255 4816 :
3282 4761 3354 4818 Ut
3391 4760 3460 4816 de

1885 4867 1988 4923 ﬁde
2020 4874 2201 4920 vestra
2227 4863 2585 4935 gaudeamus,
2622 4858 2706 4912 vel
2732 4865 2791 4911 ut
2815 4869 2911 4910 vos
2953 4854 3020 4909 de
3052 4853 3157 4909 ﬁde
3183 4851 3461 4925 gaudeatis

1884 4959 1938 5013 in
1961 4972 2021 5012 ea
2044 4954 2409 5026 proﬁcientes.
2442 4949 2595 5017 Quod
2620 4948 2727 5002 non‘
2753 4952 2838 5001 est
2885 4943 2990 4998 nisi
3023 4942 3113 4996 uhi
3143 4949 3227 4997 est
3260 4939 3462 4995 munda

1885 5045 2233 5104 conscientia.
2586 5058 2595 5065 ’

1955 5135 2120 5190 Vens.
2142 5136 2234 5190 28.
2265 5162 2327 5173 -
2358 5132 2427 5186 Et
2450 5132 2545 5185 hoc
2566 5146 2600 5183 a
2632 5128 2754 5192 Deo,
2784 5135 2888 5183 etc.
2913 5125 3088 5181 Etiam
3134 5123 3278 5196 quod
3318 5122 3462 5194 pati-

1884 5228 2018 5284 mini
2064 5243 2170 5283 non
2193 5242 2221 5280 a
2244 5225 2397 5280 vobis
2444 5230 2547 5289 est,
2596 5221 2691 5276 sed
2713 5221 2870 5274 aDeo
2900 5237 2913 5273 :
2943 5218 3068 5288 quia
3109 5232 3209 5288 pro
3268 5214 3465 5271 merito

1886 5326 2086 5384 Christi
2131 5324 2221 5395 qui
2264 5322 2412 5377 Patri
2459 5319 2717 5385 obedivit,
2759 5318 2873 5373 lucc
2911 5316 3053 5371 inter
3083 5313 3217 5368 alias
3260 5309 3466 5382 gratias

1888 5417 2011 5474 data
2031 5423 2114 5471 est
2142 5412 2311 5468 vobis.

1958 5506 2125 5561 Vens.
2163 5502 2257 5557 29.
2284 5530 2355 5543 -——
2378 5499 2503 5554 Non
2521 5497 2711 5562 solum,
2738 5505 2844 5551 etc.
2878 5495 3176 5562 Utrumque
3221 5501 3352 5559 ergo
3394 5485 3464 5540 ad

1889 5600 1989 5664 Dei
2019 5595 2249 5668 gratiam
2274 5592 2530 5664 pertinet,
2572 5597 2627 5646 et
2653 5588 2784 5643 ﬁdes
2826 5583 3181 5646 credentium,
3226 5586 3281 5633 et
3324 5575 3463 5631 tole-

1891 5688 2064 5747 rantia
2079 5685 2416 5757 patientium,
2440 5682 2564 5753 quia
2584 5688 2871 5751 utrumque
2893 5676 3158 5732 dixitesse
3180 5670 3461 5726 donatum.

1964 5779 2125 5833 Vens.
2158 5775 2247 5831 50.
2273 5804 2341 5817 ——
2366 5772 2532 5842 Quale
2553 5782 2598 5827 et
2626 5769 2823 5827 vidistis
2851 5768 2907 5822 in
2929 5780 3027 5819 me.
3088 5758 3314 5830 Quando
3360 5773 3460 5812 nn-
