3948 6314
505 410 607 475 607

1036 404 1428 467 WALAFBIDI
1465 402 1713 461 STRABI
1752 401 1956 457 FULD.
1997 397 2162 455 MON.
2202 394 2352 451 OPP.
2393 391 2574 448 PARS
2610 390 2652 445 ι.
2688 416 2755 427 -ον
2793 380 3249 442 THEOLOGICA.

3672 378 3775 434 688

576 527 744 583 Vm.
771 526 863 581 20.
893 552 962 565 -—
988 522 1188 578 Nostra
1216 514 1556 574 conversatio.
1582 515 1641 571 ld
1664 523 1751 571 est
1770 511 1997 567 vivendo
2020 517 2075 565 et
2100 514 2149 572 Α
2174 512 2237 562 ιιι
2256 504 2538 560 modestus
2572 502 2835 565 incessus,
2866 497 3085 555 humilis
3118 508 3301 552 sermo
3334 500 3393 548 et
3430 491 3774 563 huiusmodi.

507 615 855 687 intelligendo
891 613 1062 669 simus
1112 608 1318 666 similes
1350 605 1572 677 angelis.
1618 604 1770 659 Unde
1810 600 1997 664 etiam,
2026 596 2083 652 id

507 715 613 772 est,
637 714 836 775 praeter
853 702 1138 759 commoda
1185 715 1307 771 qua:
1339 698 1453 768 jam
1480 696 1763 759 habemus,
1796 693 1954 748 etiam
1981 689 2087 743 Do-

508 799 710 854 minam
730 807 1105 867 exspectamus.

1096 918 1320 981 CAPUT
1357 918 1447 977 ιν.

484 1092 489 1097 -
580 1059 746 1114 Vna.
784 1058 837 1112 1.
872 1086 943 1099 -—
979 1054 1267 1118 Gaudium,
1304 1062 1354 1107 et
1406 1048 1715 1106 consolatio.
1757 1044 1816 1100 Id
1866 1052 1952 1099 est
1988 1056 2088 1112 per

482 1164 648 1220 -quos
686 1150 741 1203 in
778 1145 1033 1218 praesenti
1071 1144 1314 1200 lzetilicor
1359 1151 1415 1197 et
1455 1141 1510 1195 in
1557 1138 1738 1193 futuro
1766 1134 2083 1192 coronabor.

511 1237 801 1309 Discipulis
818 1237 963 1291 enim
993 1236 1048 1290 in
1077 1249 1247 1305 agone
1272 1231 1588 1296 victoribus,
1617 1229 1811 1299 dignus
1853 1226 1959 1282 erit
1996 1239 2090 1280 co-

488 1341 644 1383 .rona
677 1326 952 1396 magister.

581 1414 749 1470 Vsus.
800 1414 852 1469 2.
885 1413 1230 1469 -—Evodiam
1277 1428 1422 1481 rogo,
1461 1418 1567 1465 etc.
1602 1407 1806 1464 Omnes
1851 1419 2047 1462 moneo
2068 1443 2087 1471 ,

494 1506 611 1571 sed
635 1506 940 1577 specialiter
963 1505 1221 1560 Evodiam
1252 1513 1307 1558 et
1343 1502 1641 1573 Syntichen
1671 1520 1685 1555 :
1709 1502 1838 1571 quia
1860 1502 1944 1555 ha:
1971 1514 2091 1554 mu-

512 1597 677 1653 lieres
705 1598 970 1669 religiosaa
994 1597 1380 1666 praedicatores
1410 1594 1688 1662 suscipere
1723 1592 1988 1647 solebant.

495 1746 501 1751 ,
588 1690 752 1745 Vsus.
783 1690 836 1744 3.
869 1718 936 1730 -—-
962 1687 1218 1742 Nomina.
1246 1688 1346 1751 Qui
1369 1687 1586 1741 discreti
1622 1693 1751 1740 sunt
1780 1683 1990 1738 meritis
2011 1684 2087 1737 di-

515 1794 703 1834 versas
727 1780 1034 1835 mansiones
1058 1780 1329 1834 habebunt
1370 1778 1424 1832 in
1453 1787 1655 1832 aeterna
1684 1777 1858 1832 domo.
1893 1774 2046 1830 Unde
2071 1792 2086 1828 :

2255 596 2418 651 Bome
2445 594 2625 665 fama.
2654 590 2838 664 (Αυε.)
2868 588 3034 645 Nobis
3062 587 3173 641 vita
3202 594 3418 649 nostra,
3458 583 3584 638 aliis
3629 583 3779 641 bona

2184 689 2328 744 fama
2362 684 2668 741 necessaria
2695 691 2797 738 est.
2836 680 3070 737 Proinde
3094 676 3339 749 quisquis
3378 691 3412 731 a
3437 674 3779 745 ﬂagitiorum

2183 777 2500 833 criminibus
2546 775 2717 829 vitam
2766 785 2922 827 suam
2977 767 3244 830 custodit,
3301 765 3406 821 sibi
3456 763 3777 825 benefacit;

2182 867 2429 939 quisquis
2460 873 2642 920 autem
2670 862 2889 927 famam,
2913 858 3079 914 etiam
3102 858 3156 911 in
3175 856 3312 910 alios
3330 853 3661 910 misericors
3676 859 3779 905 est.

2174 1007 2179 1011 .
2255 958 2421 1013 Vens.
2451 956 2540 1011 10.
2563 985 2635 997 -—
2659 953 2901 1016 Gavisus,
2923 959 3033 1006 etc.
3060 950 3159 1005 Hic
3183 953 3605 1008 commemorat,
3632 944 3781 1012 quod

2185 1048 2290 1104 sibi
2341 1062 2483 1118 saepe
2524 1043 2830 1101 necessaria
2884 1041 3184 1105 miserant,
3234 1037 3378 1092 unde
3425 1035 3780 1090 alacritatem

2184 1155 2340 1196 suam
2365 1138 2771 1210 propensiorem
2797 1134 2997 1190 factam
3021 1132 3263 1188 ostendit
3285 1131 3414 1201 quia
3455 1130 3514 1184 in
3547 1144 3665 1198 quo
3690 1143 3783 1182 ne.

2184 1232 2450 1304 gligentes
2487 1229 2616 1285 facti
2657 1228 2887 1289 fuerant,
2925 1224 3168 1280 adhibita
3207 1222 3432 1279 solertia
3478 1221 3780 1283 iterarunt,

2189 1331 2249 1379 ut
2287 1337 2554 1379 memores
2575 1321 2703 1377 facti
2731 1317 2956 1388 apostoli
2997 1316 3081 1392 sui
3116 1313 3325 1368 fructus
3357 1311 3689 1365 emitterent
3727 1309 3783 1362 in

2188 1414 2385 1469 horreo
2413 1411 2624 1471 caelesti
2675 1407 3002 1465 condendos.
3055 1403 3379 1473 Aliquando,
3428 1410 3540 1455 etc.
3580 1400 3782 1467 Aliquo

2188 1511 2453 1572 tempore,
2483 1500 2609 1569 quia
2634 1515 2742 1554 non
2770 1496 2917 1552 omni
2947 1502 3258 1565 potuerunt.
3288 1490 3658 1561 Reﬂoruistis.
3690 1489 3783 1543 li-

2188 1593 2471 1649 nistrando
2504 1591 2637 1647 mihi
2668 1588 2993 1645 necessaria.
3038 1586 3171 1653 Quae
3206 1584 3544 1640 ministratio
3582 1583 3784 1637 dicitur

2187 1685 2310 1750 ﬂos,
2340 1685 2470 1754 quia
2501 1683 2627 1738 inde
2670 1682 2879 1737 fructus
2908 1680 3034 1733 vitae
3083 1686 3298 1733 aeterna:
3338 1675 3618 1745 provenit.
3672 1673 3781 1727 Pro

2187 1793 2290 1830 me.
2320 1776 2458 1842 Quia
2482 1773 2618 1829 mihi
2644 1772 2865 1842 prodest
2891 1777 3071 1824 vestra
3106 1766 3434 1835 compassio.
3476 1763 3562 1818 Ne
3598 1772 3781 1817 autem

513 1864 585 1921 In
631 1866 784 1922 domo
827 1865 1006 1922 Patris
1042 1869 1144 1922 mei
1183 1868 1480 1921 mansiones
1526 1864 1706 1920 multa:
1757 1873 1876 1918 sunt
1905 1864 2085 1932 (Joan.
2117 1862 2163 1921 B
2188 1867 2502 1921 viderentur
2552 1864 2732 1933 aliqua
2770 1861 2915 1917 mala
2963 1874 3130 1915 causa
3169 1856 3543 1912 intermisisse
3587 1854 3778 1908 addit:

499 1958 651 2031 ων).
698 1959 856 2014 Libro
888 1961 1025 2015 vita.
1064 1959 1474 2015 Prasdestinatio
1518 1958 1571 2011 in
1603 1972 1709 2025 qua
1749 1970 1939 2010 omnes
1985 1953 2093 2008 sal-

494 2048 680 2104 .vandi
705 2050 1070 2118 praedestinati
1099 2058 1244 2104 sunt.
1271 2049 1438 2115 Quasi
1467 2067 1481 2102 :
1510 2047 1706 2113 Nolite,
1730 2062 1763 2101 ο
1784 2046 2093 2116 Philippen-

519 2154 629 2203 ses,
662 2141 900 2211 graviter
923 2139 1070 2199 ferre
1099 2140 1240 2208 quod
1270 2152 1458 2194 omnes
1496 2153 1594 2192 vos
1622 2138 1679 2191 in
1712 2135 1937 2204 epistola
1971 2150 2092 2190 mea
2182 2182 2185 2189 .

504 2232 796 2303 .sigillatim
843 2248 951 2287 non
994 2234 1286 2296 nominavi,
1323 2234 1448 2302 quia
1489 2232 1594 2297 etsi
1625 2233 1678 2285 in
1728 2246 1792 2286 ea
1822 2246 1926 2285 non
1963 2229 2096 2285 estis

521 2323 730 2392 scripti,
767 2323 821 2377 in
850 2324 990 2379 libro
1025 2333 1204 2379 tamen
1230 2323 1354 2378 vitae
1381 2322 1754 2378 continemini.

592 2409 756 2468 Vens.
795 2412 850 2466 4.
876 2412 1219 2479 —Gaudete,
1265 2421 1368 2468 etc.
1412 2414 1647 2468 Lanatus
1672 2413 1724 2467 in
1771 2411 1874 2467 (ide
1907 2426 2096 2465 eorum

498 2510 581 2557 ,ει
613 2502 891 2570 operibus,
937 2503 1226 2574 Apostolus
1277 2510 1336 2557 ut
1381 2502 1672 2558 alacriores
1697 2503 1825 2567 sint,
1852 2508 1997 2572 optat
2041 2502 2095 2555 in

521 2591 628 2648 hoc
672 2593 850 2659 studio
889 2594 1235 2663 proﬁcientes
1262 2594 1499 2665 gaudere
1546 2594 1601 2647 in
1654 2593 1902 2657 Domino,
1950 2600 2005 2647 et
2040 2590 2096 2647 id

521 2681 708 2747 iterat,
749 2691 808 2736 ut
835 2698 895 2738 se
919 2683 974 2737 in
1005 2684 1087 2739 eis
1110 2698 1239 2738 vere
1266 2684 1503 2752 gaudere
1521 2682 1790 2737 ostendat.
1882 2728 1887 2733 ,

595 2772 762 2827 Vens.
789 2771 1223 2826 5.——Modestia.
1265 2772 1321 2826 ld
1342 2780 1427 2826 est
1459 2780 1638 2827 rectus
1686 2772 1897 2834 modus,
1936 2779 1996 2824 ut
2040 2770 2095 2825 in

502 2859 755 2926 ,Domino
799 2860 872 2915 sit
919 2876 1079 2915 omne
1127 2862 1401 2930 gaudium,
1430 2871 1488 2915 et
1527 2862 1632 2915 hoc
1671 2876 1769 2930 per
1819 2876 1915 2915 vos
1955 2861 2101 2915 addi-

498 2956 683 3003 -scant
715 2947 828 3001 alii.
854 2947 952 3003 Vel
972 2949 1226 3003 modestia
1260 2958 1385 3002 nota
1404 2949 1471 3002 sit
1498 2949 1736 3003 omnibus
1759 2948 2002 3005 ﬁdelibus
2043 2955 2097 3002 et

500 3035 854 3100 inﬁdelibus,
896 3044 959 3093 ut
997 3037 1276 3092 imitentur
1313 3053 1381 3093 ne
1428 3037 1638 3107 possint
1679 3038 2093 3106 reprehendere.

522 3126 784 3183 Dominus
805 3145 964 3198 prope
982 3138 1083 3193 est,
1115 3129 1168 3183 id
1191 3137 1275 3183 est
1297 3139 1522 3198 paratus
1532 3129 1664 3185 dare
1682 3129 1939 3197 quidquid
1962 3144 2099 3199 opus

2192 1954 2346 2009 modo
2372 1953 2700 2023 reﬂoruistis,
2731 1951 2827 2006 sed
2867 1958 2994 2005 ante
3019 1948 3188 2004 eratis
3223 1948 3480 2017 occupati
3528 1956 3591 2001 et
3620 1946 3785 2015 impe-

2192 2043 2289 2098 diti
2317 2042 2584 2111 aliquibus
2607 2040 2871 2097 adversis.

2266 2134 2435 2189 Veas:
2464 2133 2547 2187 11.
2568 2162 2639 2171 —
2667 2129 2792 2185 Non
2816 2129 2987 2201 quasi.
3008 2127 3129 2183 Non
3161 2136 3385 2199 propter
3425 2142 3509 2191 se,
3537 2127 3637 2181 sed
3660 2140 3782 2195 pro-

2193 2207 2393 2277 fectum
2425 2237 2612 2276 eorum
2643 2221 2861 2292 gaudet.

2262 2313 2426 2369 Vsus.
2459 2314 2545 2368 12.
2576 2343 2648 2354 -——
2676 2311 2796 2368 Scio
2820 2321 2875 2366 et
2912 2310 3205 2365 humiliari.
3252 2308 3355 2376 Qui
3398 2308 3636 2377 penuria
3680 2323 3783 2361 non

2193 2403 2481 2474 frangitur,
2509 2419 2539 2458 a
2575 2403 2874 2474 gratiarum
2914 2401 3128 2456 actione
3158 2415 3266 2455 non
3314 2397 3646 2453 retrahitur.
3679 2396 3779 2462 Qui

2196 2510 2380 2552 rerum
2428 2495 2803 2564 temporalium
2843 2492 3111 2548 desiderio
3152 2507 3259 2545 non
3304 2490 3657 2551 accenditur,
3687 2487 3785 2542 scit

2195 2590 2490 2653 humiliari,
2537 2588 2591 2642 id
2620 2595 2704 2642 est
2736 2585 2971 2654 inopiam
2993 2584 3124 2653 pati.
3154 2581 3463 2635 Abundare.
3497 2580 3608 2647 Qui
3638 2593 3784 2633 acce-

2185 2685 2303 2753 .p:is
2326 2684 2488 2738 rebus
2509 2696 2617 2736 non
2643 2680 2943 2744 extollitur,
2967 2677 3060 2747 qui
3089 2690 3184 2732 eas
3208 2676 3275 2729 ad
3300 2689 3462 2728 usum
3493 2688 3654 2726 vana:
3677 2671 3783 2741 glo-

2195 2776 2291 2829 riae
2319 2789 2422 2828 non
2457 2773 2750 2841 intorquet,
2777 2769 2870 2839 qui
2907 2768 3056 2824 solus
3089 2781 3199 2822 non
3238 2764 3489 2833 possidet
3510 2763 3668 2832 quod
3702 2776 3783 2815 ac-

2196 2866 2355 2934 cepit,
2405 2864 2499 2919 sed
2528 2879 2653 2918 cum
2695 2861 3060 2931 indigentibus
3110 2856 3549 2913 misericorditer
3572 2853 3784 2916 dividit,

2196 2956 2300 3011 scit
2332 2954 2625 3010 abundare.
2657 2953 2759 3020 Qui
2784 2952 3025 3021 acceptis
3053 2950 3469 3013 alimentisnon
3496 2948 3571 3001 ad
3605 2947 3782 3016 ingur—

2197 3045 2512 3116 gitationem
2536 3045 2762 3109 ventris,
2806 3057 2908 3097 nec
2934 3041 3054 3112 plus
3072 3040 3223 3096 carni
3258 3038 3449 3093 tribuit
3485 3052 3658 3107 quam
3700 3050 3786 3090 ne-

2198 3136 2421 3190 cessitas
2463 3134 2617 3204 petit,
2671 3134 2776 3188 scit
2821 3131 3032 3187 satiari.
3078 3130 3180 3198 Qui
3228 3129 3624 3183 alimentorum
3675 3127 3784 3180 ino-

527 3225 614 3273 est
650 3218 703 3272 in
727 3218 1095 3288 spiritualilms
1116 3219 1201 3273 vel
1231 3219 1632 3288 temporalibus.
1662 3219 1737 3274 De
1763 3219 1906 3274 nulla
1934 3236 1994 3274 re
2021 3220 2095 3275 si-
2120 3208 2165 3271 C
2195 3224 2338 3295 piam
2377 3224 2493 3278 sine
2533 3222 2960 3279 murmuratione
2998 3220 3212 3295 tolerat,
3252 3233 3353 3273 nec
3388 3231 3492 3286 pro
3540 3214 3784 3271 necessi-

525 3307 598 3363 tis
625 3308 840 3364 solliciti
867 3319 923 3365 et
949 3310 1142 3367 timidi.
1181 3309 1292 3367 Sed
1314 3311 1604 3382 petitiones
1627 3312 1695 3367 de
1721 3304 1805 3366 liis
1834 3326 1955 3381 quae
1981 3312 2096 3367 vui-

525 3397 595 3455 tis
624 3399 936 3468 impetrare.

602 3489 766 3545 Vens.
796 3491 848 3546 6.
880 3521 952 3532 —
977 3490 1080 3546 Sed
1110 3493 1165 3546 in
1195 3494 1336 3548 omni
1363 3495 1617 3549 oratione.
1641 3493 1826 3552 Oratio
1857 3505 1911 3551 et
1932 3496 2092 3552 obse»

526 3583 723 3644 cratio,
749 3585 1110 3639 communiter
1132 3600 1230 3655 pro
1273 3601 1333 3641 se
1359 3585 1445 3640 vel
1474 3585 1613 3650 aliis,
1648 3587 1714 3642 de
1745 3588 2096 3657 quibuslibet,

532 3680 591 3725 at
623 3673 812 3740 petitio
838 3673 903 3726 de
931 3673 1094 3728 rebus
1126 3675 1440 3729 nominatim
1469 3678 1793 3731 necessariis
1822 3678 1901 3731 lit.
1928 3678 2095 3733 Inno-

528 3771 748 3816 tescant.
779 3761 906 3819 lizec
934 3764 1124 3818 notitia
1154 3765 1469 3821 assiduitate
1499 3765 1580 3831 ﬁt,
1604 3774 1661 3820 et
1680 3767 1952 3836 vigilantia
1976 3784 2099 3823 ora-

531 3852 713 3907 tionis.
744 3852 896 3907 Tunc
937 3854 1153 3909 demum
1196 3871 1297 3924 pax
1320 3857 1552 3912 custodit
1578 3858 2094 3915 cordainChristu.

533 3939 649 4039 [loc
676 3943 797 3998 ideo
831 3943 976 4039 dicit,
1003 3946 1129 4015 quia
1155 3948 1247 4016 qui
1273 3963 1392 4001 cum
1420 3949 1529 4003 Deo
1558 3949 1720 4004 habet
1747 3963 1957 4018 pacem,
1991 3967 2097 4007 non

530 4034 685 4090 timet
729 4034 960 4091 mcn'tcm
987 4039 1287 4093 adversam.
1321 4038 1474 4110 Apud
1516 4040 1703 4094 Deum.
1734 4041 1828 4095 Vel
1872 4042 2096 4111 angelis,

531 4127 623 4195 qui
654 4126 763 4182 Deo
807 4142 900 4182 cas
935 4128 1184 4183 oll‘erunt.
1222 4129 1373 4185 Unde
1399 4146 1412 4183 :
1438 4129 1570 4184 Cum
1613 4131 1865 4195 oraretis,
1897 4112 2100 4187 oratio-

534 4231 657 4270 nem
702 4226 935 4272 vestram
965 4219 1130 4273 obtuli
1160 4220 1299 4288 apud
1332 4220 1519 4277 Deum.
1568 4218 1665 4274 Vel
1692 4221 1848 4277 nobis
1893 4221 2101 4277 innote-

529 4314 689 4362 scant
711 4308 850 4375 apud
877 4308 1045 4361 Deum
1071 4323 1169 4376 per
1196 4309 1557 4374 tolerantiam,
1600 4325 1707 4367 non
1742 4312 1884 4381 apud
1922 4312 2100 4368 homi-

506 4410 627 4461 nes
650 4410 748 4464 per
765 4398 1105 4462 jactantiam.
2072 4442 2077 4451 .

609 4485 768 4541 Vens.
805 4487 858 4541 7.
885 4518 956 4528 —
1010 4488 1077 4542 Et
1102 4505 1207 4558 pax
1244 4469 1377 4553 Dei:
1393 4490 1446 4544 id
1488 4499 1571 4545 est
1598 4491 1739 4546 Deus
1768 4492 1858 4560 qui
1887 4501 1972 4546 est
1998 4508 2099 4562 pax

2199 3293 2308 3367 tate
2356 3312 2532 3367 victus
2581 3313 2692 3382 agit
2749 3311 2972 3380 aliquid,
3018 3293 3162 3364 unde
3213 3307 3395 3361 anima
3427 3306 3655 3376 peccati
3705 3304 3782 3357 la-

2196 3419 2395 3474 qucum
2426 3403 2690 3467 incurrat,
2731 3403 2836 3458 scit
2855 3402 3084 3458 esurire.

2273 3494 2431 3549 Vens.
2460 3494 2547 3547 l7.
2575 3524 2647 3534 —
2673 3491 2797 3547 Non
2822 3493 2945 3564 quia
2971 3508 3171 3561 quam.
3207 3489 3399 3545 Datum
3432 3497 3519 3544 est
3540 3503 3645 3542 res
3675 3488 3786 3557 ipsa

2196 3602 2319 3657 qua:
2362 3588 2539 3653 datur,
2568 3595 2627 3642 ut
2656 3598 2874 3650 inunus,
2924 3585 3097 3647 cibus.
3147 3591 3304 3654 potus
3342 3590 3400 3637 et
3440 3578 3783 3648 huiusmodi.

2196 3678 2430 3733 Fructus
2463 3688 2639 3732 autem
2667 3692 2829 3748 opera
2864 3678 3026 3743 bona,
3055 3685 3110 3731 et
3136 3685 3296 3731 .recta
3334 3675 3593 3729 voluntas
3635 3674 3788 3728 dato-

2182 3770 2296 3825 .ris.
2330 3768 2484 3824 Unde
2512 3769 2771 3823 Dominus
2788 3769 2845 3822 in
2873 3767 3159 3836 Evangelio
3186 3782 3292 3821 non
3321 3765 3399 3819 ait
3420 3763 3783 3833 simpliciter:

2200 3860 2303 3926 Qui
2348 3860 2527 3939 recipit
2542 3860 2749 3929 justum
2791 3859 2870 3914 vel
2925 3861 3250 3930 prophetam,
3290 3860 3384 3913 sed
3431 3857 3658 3911 addidit
3684 3875 3701 3910 :
3737 3857 3787 3909 in

2200 3953 2404 4007 nomine
2420 3953 2551 4022 justi
2572 3952 2651 4006 vel
2670 3952 2948 4022 prophetrc.
2975 3952 3261 4021 Suscipere
3285 3952 3426 4006 enim
3451 3951 3783 4019 prophetam

2197 4043 2282 4098 vel
2301 4042 2531 4111 justum,
2557 4044 2740 4099 datum
2770 4052 2871 4098 est.
2902 4043 2954 4097 ln
2991 4044 3210 4098 nomine
3228 4041 3361 4111 justi
3385 4041 3468 4095 vel
3497 4034 3785 4110 prophetae

2196 4135 2302 4189 hoc
2330 4134 2529 4198 facere,
2557 4133 2764 4189 fructus
2784 4143 2884 4188 est.
2913 4134 3090 4200 Eliam
3124 4133 3337 4203 pavisse
3370 4131 3635 4201 leguntur
3663 4147 3783 4185 oor-

2200 4237 2299 4277 vus
2326 4231 2381 4276 ct
2409 4223 2585 4277 vidua.
2618 4223 2725 4278 Sed
2750 4239 2847 4293 per
2875 4238 3098 4279 corvum
3123 4224 3212 4292 qui
3246 4239 3353 4277 non
3381 4222 3611 4276 nomine
3626 4222 3783 4292 justi,

2188 4312 2328 4367 dato
2372 4314 2713 4383 pascebatur,
2757 4329 2855 4383 per
2891 4314 3131 4378 viduam,
3164 4312 3366 4378 fructu,
3404 4312 3530 4381 quia
3569 4314 3785 4366 sciebat

2200 4404 2341 4474 quod
2385 4403 2656 4466 hominem
2705 4403 2799 4458 Dei
2840 4411 3105 4472 pasceret.
3140 4401 3246 4458 Sed
3284 4401 3534 4470 fructum.
3597 4400 3664 4455 ll
3707 4409 3785 4455 est

2203 4495 2398 4550 bonam
2439 4501 2494 4549 et
2529 4503 2732 4549 rectam
2773 4494 3105 4547 voluntatem
3152 4492 3308 4547 bona:
3342 4490 3654 4561 operationi
3696 4492 3785 4544 ad—

529 4595 761 4645 summa,
795 4596 915 4648 quae
941 4596 1038 4637 nec
1059 4582 1283 4654 cogitari
1308 4591 1503 4651 potest,
1525 4593 1579 4637 et
1623 4584 1744 4641 ideo
1779 4594 1932 4638 extra
1974 4599 2097 4639 eum
2127 4565 2173 4625 D
2199 4583 2454 4653 iunctam.
2488 4583 2605 4638 Non
2632 4585 2775 4639 enim
2803 4593 2911 4638 tam
2946 4582 3140 4654 gaudet
3167 4584 3484 4643 subventum
3513 4596 3648 4636 esse
3676 4597 3783 4636 sua

528 4670 678 4726 nullo
708 4685 843 4742 opus
867 4680 972 4727 est.
999 4672 1293 4742 Exsuperat
1320 4690 1521 4729 omnem
1546 4691 1775 4728 sensum.
1822 4673 2095 4737 Nostrum,

527 4777 635 4816 non
674 4778 861 4818 eorum
908 4764 999 4833 qui
1037 4778 1251 4835 semper
1291 4765 1473 4819 vident
1521 4764 1714 4820 faciem
1761 4766 1955 4820 Patris.
2004 4766 2098 4819 Vel

526 4864 633 4918 pax
654 4865 761 4920 qua
787 4851 902 4921 ipse
926 4853 1067 4908 Deus
1103 4863 1345 4922 pacatus.
1369 4862 1471 4917 est,
1498 4864 1709 4925 superat
1750 4870 1950 4907 omnem
1976 4870 2097 4909 sen-

526 4954 643 4991 sum
666 4953 683 4989 :
703 4950 896 5007 praeter
921 4958 1099 5010 suum,
1124 4943 1250 5013 quia
1276 4959 1374 4999 nec
1395 4960 1495 5000 nos
1517 4945 1595 5000 sic
1608 4960 1893 5014 possumus
1916 4960 2095 5010 nosse,

529 5043 631 5081 nec
656 5028 749 5084 ulli
769 5031 963 5101 angeli.

601 5115 763 5172 Vens.
791 5120 843 5174 8.
871 5148 939 5160 —-
970 5121 1045 5176 De
1067 5133 1272 5189 scelero,
1296 5124 1508 5192 fratres,
1538 5132 1642 5179 etc.
1678 5124 1947 5178 Hactenus
1975 5139 2103 5179 con-

531 5215 613 5261 tra
662 5222 1036 5278 persecutores
1065 5223 1120 5269 et
1141 5223 1329 5270 contra
1359 5215 1943 5284 pseudoprtedicatores
1985 5231 2100 5269 mo-

529 5300 667 5353 nuit.
709 5301 785 5357 De
812 5312 1007 5359 caetero
1034 5315 1211 5360 autem
1259 5306 1312 5359 in
1339 5305 1701 5369 conclusione,
1726 5320 1844 5373 quae
1871 5306 1937 5359 ad
1978 5320 2101 5374 pcr-

529 5391 820 5449 l‘ectionem
854 5405 981 5451 sunt
1011 5398 1249 5467 exponit.
1281 5397 1797 5468 Quwcunquejusta.
1845 5398 1989 5452 Istud
2028 5397 2098 5451 ad

527 5484 852 5553 proximum.
888 5486 1107 5554 Sancta,
1131 5488 1185 5542 in
1218 5489 1435 5558 propria
1464 5490 1599 5554 vita;
1643 5496 1698 5542 et
1720 5497 1777 5543 ut
1806 5490 1984 5544 minus
2018 5489 2097 5544 di-

525 5584 699 5644 catur,
722 5594 1039 5648 qutecunque
1057 5588 1175 5633 sunt
1201 5579 1472 5646 amabilia,
1505 5580 1555 5636 id
1589 5590 1693 5646 est,
1720 5580 1887 5635 amari
1916 5581 2095 5652 digna,

2190 4676 2532 4739 necessitati,
2570 4691 2731 4746 quam
2764 4675 2978 4730 illorum
3000 4672 3401 4743 congratulatnr
3430 4670 3778 4727 fecunditati.

2272 4765 2436 4820 Vens.
2460 4766 2545 4819 18.
2576 4795 2648 4805 -
2672 4764 2739 4818 In
2774 4764 3007 4819 odorem.
3050 4763 3180 4830 Qua:
3210 4763 3372 4817 missa
3408 4771 3536 4815 sunt
3564 4777 3597 4814 a
3630 4761 3784 4814 vobis

2199 4854 2411 4924 placent
2431 4858 2541 4910 Deo
2564 4864 2622 4909 ut
2641 4858 2776 4910 odor
2796 4856 3166 4910 suavissimus.
3191 4854 3586 4922 Comparantur
3613 4852 3782 4907 etiam

2198 4947 2429 5001 orationi
2489 4962 2609 5015 qua:
2658 4955 2740 5001 est
2802 4947 3081 5002 incensum
3155 4946 3272 4999 Dei.
3320 4945 3469 5000 Unde
3532 4944 3779 4999 dicitur;

2203 5036 2338 5091 Date
2367 5037 2767 5107 eleemosynam,
2816 5048 2862 5091 et
2889 5055 3003 5092 ecce
3043 5039 3222 5092 omnia
3244 5038 3441 5091 munda
3481 5046 3606 5091 sunt
3641 5039 3781 5092 tabis

2204 5125 2358 5200 (Luc.
2388 5128 2489 5198 xu).
3258 5186 3261 5189 λ

2275 5221 2438 5274 Vens.
2474 5220 2560 5275 19.
2588 5250 2656 5259 -
2691 5219 2910 5291 Impleat
2955 5237 3104 5275 omne
3154 5219 3468 5274 desiderium
3523 5229 3775 5272 vestrisne

2204 5310 2320 5367 Non
2349 5314 2403 5367 in
2427 5314 2676 5378 terrenis,
2700 5314 2792 5370 sed
2825 5315 2877 5369 in
2904 5311 3218 5384 gloria.Vel
3250 5312 3419 5380 gloria
3442 5311 3646 5367 Christi
3680 5312 3779 5365 im-

2206 5405 2420 5474 plentur
2445 5405 2711 5461 desideria
2750 5415 3081 5469 sanctorum,
3122 5414 3181 5458 ut
3217 5404 3330 5474 ipse
3368 5403 3614 5458 Christus
3650 5401 3776 5456 inde

2203 5495 2275 5550 sit
2295 5494 2576 5566 gloriosus.
