3948 6314
972 353 1237 412 GLOSSA
1273 351 1665 411 0RD1NARIA.
1715 380 1789 403 -.-
1824 348 2039 405 EPIST.
2080 349 2172 405 AD
2210 349 2491 409 COLOSS.

3251 354 3356 421 61,0

1834 512 3354 541 *ι’-Μ

974 618 1479 702 EPISTULA
1550 614 1684 691 AD
1764 614 2491 694 COLOSSENSES.

1590 773 1893 787 *-

658 810 1163 915 ARGUMENTUM.

1713 857 1765 915 Α
1859 853 2058 924 Dignos
2094 869 2186 907 nos
2216 819 2359 923 fecit.
2398 852 2516 908 Non
2556 855 2610 910 in
2661 855 2778 926 lege
2800 897 2815 922 ,
2849 859 2945 913 sed
2980 860 3036 914 in
3066 859 3280 928 lumine,
3310 864 3393 920 id.

148 1074 238 1144 ipsi
266 1065 516 1142 prazvenli
546 1071 703 1119 erant
746 1076 778 1115 a
820 1055 1302 1129 pseudoapostolis,
1352 1030 1451 1108 nec
1489 1053 1555 1107 ad
1596 1053 1696 1107 bos
1794 1031 2176 1144 ξξιυηιίηθπιυτο
2206 1032 2308 1144 vel.
2346 1032 2402 1135 ίίξ
2442 1032 2638 1144 (“mini
2666 1073 2681 1098 ν
2723 1035 2795 1087 id’
2812 1045 2895 1091 εει
2923 1038 2976 1091 in
3014 1039 3156 1095 dam
3182 1045 3367 1113 (τοεηὶ-

147 1142 356 1219 accessit
381 1159 496 1227 ipse
522 1152 829 1224 Apostolus,
851 1151 947 1204 sed
977 1162 1071 1201 eos
1096 1161 1194 1216 per
1219 1143 1501 1213 epistolam
1525 1142 1695 1197 corri-

147 1252 230 1322 git.
258 1247 549 1302 Audierant
572 1241 716 1295 enim
738 1239 961 1293 verbum
990 1236 1058 1289 ab
1083 1233 1375 1301 Archippo.
1411 1231 1502 1300 qui
1523 1239 1578 1284 et
1598 1229 1699 1284 mi-

1794 1122 1981 1185 tione,
2038 1137 2089 1175 a-
2123 1136 2230 1191 quo
2277 1122 2499 1177 devians
2544 1124 2687 1179 cadit
2737 1125 2792 1179 in
2844 1128 3115 1185 tenebras.
3170 1130 3361 1189 Sortis.

1797 1209 2057 1264 Voluntas
2107 1210 2243 1275 Dei,
2295 1211 2349 1265 in
2390 1212 2635 1267 humano.
2670 1228 2871 1282 genere
2913 1230 3032 1271 sors
3084 1228 3168 1273 est
3222 1223 3364 1291 apud

146 1304 407 1396 histerium
443 1334 495 1387 in
528 1345 622 1387 eos
650 1329 878 1399 accepit.
907 1327 1048 1396 Ergo
1071 1323 1358 1392 Apostolus
1375 1322 1487 1391 jam
1503 1321 1700 1392 ligatus
1795 1318 1957 1399 quem
1992 1318 2096 1399 ηοξὶ
2132 1312 2217 1357 εει
2246 1304 2530 1399 ξηίίῖυίίθθν
2562 1306 2654 1360 sed
2684 1308 2866 1361 omnia
2912 1307 3042 1364 Ῑίὶθίῑ
3072 1325 3169 1380 Per
3200 1312 3363 1381 lllSli‘

147 1433 319 1491 scribit
355 1430 434 1483 eis
480 1427 548 1481 ab
583 1424 795 1494 Epheso
837 1437 935 1492 per
980 1418 1262 1474 Tichicum
1306 1416 1608 1477 diaconem,
1644 1421 1701 1469 et

145 1518 442 1581 Opesimum
481 1516 808 1587 acolythum.

645 1640 869 1700 CAPUT
907 1638 1191 1695 PRIMUM.

211 1763 362 1818 Vens.
392 1760 449 1815 1.
464 1788 536 1800 -
554 1756 778 1812 Paulus.
806 1753 977 1810 Solito
994 1766 1146 1807 more
1167 1748 1543 1805 salutationem
1567 1760 1704 1816 prte-

143 1852 315 1909 mittit.
351 1849 471 1917 Qua
509 1845 788 1917 praemissa
829 1844 896 1899 de
922 1840 1078 1895 bouis
1101 1852 1289 1905 eorum
1314 1836 1527 1908 ‘gratias
1569 1834 1700 1905 agit,

144 1954 193 1999 et
217 1942 369 1998 ﬁdem
399 1946 458 1994 et
495 1936 837 1992 dilectionem
863 1931 1248 1988 commendans
1276 1935 1417 1991 orat,
1449 1935 1509 1981 ut
1537 1926 1702 1996 perﬁ-

143 2035 343 2088 ciantur
367 2029 424 2083 in
452 2026 693 2088 Christo,
739 2021 892 2092 cujus
919 2017 1179 2075 beneﬁcia
1200 2024 1256 2070 et
1290 2015 1578 2085 primatum
1620 2026 1704 2066 se-

143 2120 365 2177 cundum
396 2125 685 2183 utramque
713 2120 963 2166 naturam
985 2105 1355 2168 commendat;
1391 2102 1584 2157 deinde
1620 2101 1702 2156 sui

1798 1393 1950 1457 tiam,
1979 1392 2081 1447 etsi
2109 1392 2395 1448 occultam.

1869 1481 2030 1537 Vnus.
2057 1483 2145 1537 1⁸5.
2170 1513 2237 1523 -—-
2265 1483 2477 1554 Eripuit
2504 1500 2599 1538 nos
2627 1484 2691 1538 de
2715 1495 2985 1554 potestate.
3015 1487 3071 1541 ld
3099 1498 3185 1545 est
3207 1492 3274 1546 de
3294 1491 3373 1545 in-

1798 1571 1973 1638 terno,
2002 1572 2056 1627 in
2085 1588 2192 1641 quo
2227 1575 2544 1641 tenebamur
2564 1591 2597 1629 a
2625 1575 2838 1631 diabolo
2869 1595 2882 1630 :
2917 1586 3026 1632 tam
3057 1595 3123 1634 ex
3152 1581 3373 1650 proprio

1799 1675 1961 1730 quam
1995 1678 2063 1716 ex
2092 1662 2291 1718 delicto
2315 1662 2464 1717 Adae.
2501 1663 2568 1717 Et
2592 1666 2884 1732 transtulit,
2908 1678 3016 1723 etc.
3042 1669 3266 1735 Quando
3285 1681 3373 1725 at-

1801 1749 1990 1804 tollens
2018 1765 2114 1805 nos
2140 1752 2207 1806 de
2233 1752 2341 1806 imo
2373 1754 2563 1808 tartari
2587 1794 2604 1817 ,
2636 1754 2848 1810 induxit
2902 1758 2956 1811 in
3000 1759 3198 1814 caelum
3242 1776 3370 1816 cum

1800 1839 1959 1893 unico
1986 1839 2123 1896 Filio
2140 1856 2258 1895 suo.
2283 1840 2403 1895 Jam
2423 1843 2567 1898 enim
2590 1845 2898 1910 credentes,
2927 1848 3023 1915 qui
3054 1848 3158 1902 ﬁxa
3189 1860 3372 1906 mente

1801 1930 1978 1984 devoti
2013 1940 2162 1994 sunt,
2193 1925 2455 1986 exeuntes
2492 1932 2559 1986 de
2601 1932 2796 1987 sarculo
2834 1934 2971 1990 duce
3010 1938 3245 1992 dextera:
3271 1937 3372 1992 Pa-

1804 2022 1903 2076 tris
1936 2021 2127 2091 angelo
2158 2023 2484 2078 inducuntur
2512 2023 2566 2078 in
2595 2023 2813 2079 coelum.
2859 2025 3090 2095 Regnum
3114 2026 3266 2082 Filii.
3293 2029 3372 2085 De

1802 2126 1911 2179 quo
1942 2113 2055 2179 ipse
2080 2111 2209 2183 dicit
2232 2129 2245 2166 :
2267 2110 2501 2182 Regnum
2526 2128 2698 2167 meum
2723 2130 2825 2168 non
2850 2124 2924 2168 est
2944 2115 3009 2169 de
3035 2115 3133 2170 hoc
3153 2118 3373 2183 mundo;

143 2208 416 2265 ministerii
447 2205 766 2276 dignitatem
814 2211 1241 2256 commemorans
1283 2202 1468 2249 monet
1500 2207 1566 2247 ne
1604 2193 1752 2261 per]

1821 2218 1909 2257 non
1943 2202 2019 2256 ait
2051 2219 2066 2255 :
2094 2200 2209 2256 Non
2233 2211 2318 2256 est
2345 2202 2461 2267 hic,
2492 2203 2618 2268 sed,
2651 2218 2756 2257 non
2779 2213 2853 2258 est
2882 2204 3032 2268 hinc,
3063 2205 3191 2274 quia
3214 2220 3375 2275 pere-

141 2297 468 2368 prophetiam
503 2293 586 2347 vel
614 2292 746 2362 legis
788 2285 1140 2345 caeremonias
1184 2283 1392 2339 seducti
1423 2299 1453 2337 a
1484 2282 1700 2337 Christo

143 2388 423 2453 recedant;
474 2384 688 2438 tandem
714 2395 902 2435 omnes
933 2375 1092 2431 simul
1121 2374 1411 2430 secundum
1446 2387 1606 2427 sexus
1649 2379 1706 2425 et

140 2487 316 2535 aetates
346 2487 403 2534 et
451 2474 787 2531 conditiones
834 2467 1110 2525 moraliter
1138 2464 1379 2528 instruit,
1414 2472 1469 2517 et
1503 2461 1555 2516 in
1598 2461 1704 2516 ﬁne

140 2570 465 2640 Archippum
497 2571 801 2621 commonet
829 2559 1115 2615 sollicitum
1145 2557 1259 2610 fore
1281 2553 1513 2623 suscepti
1548 2552 1706 2606 mini-

140 2662 303 2716 sterii.
337 2658 642 2732 Apostolus,
679 2664 783 2711 etc.
822 2654 959 2707 Nota
989 2649 1239 2706 omnibus
1270 2647 1530 2717 dignitate
1561 2650 1705 2697 recte

139 2752 222 2807 hic
262 2749 570 2820 apostolum
613 2762 671 2802 se
716 2744 994 2808 nominat,
1040 2740 1165 2812 quia
1216 2747 1270 2793 et
1318 2738 1402 2792 his
1433 2734 1705 2804 apostolus

139 2851 271 2907 erat,
304 2841 503 2911 quibus
526 2855 623 2910 per
646 2835 936 2907 discipulos
972 2848 1097 2888 suos
1126 2829 1528 2901 praedicavcrat.

203 2935 370 2988 Vens.
403 2933 459 2987 '5.
503 2962 574 2973 ——
599 2929 810 2983 Gratias
846 2928 1070 2996 agimus.
1118 2920 1367 2977 Ostendit
1411 2920 1548 2973 bona
1588 2930 1708 2987 qua:

138 3031 484 3094 receperunt,
510 3021 638 3074 dum
659 3033 756 3087 pro
787 3018 873 3070 his
900 3015 1100 3085 gratias
1126 3012 1256 3081 agit.

200 3115 378 3168 Vens.
425 3110 478 3163 6.
508 3139 577 3148 --
607 3106 774 3169 Sicut,
815 3112 920 3158 etc.
954 3103 1011 3158 ld
1053 3109 1159 3162 est,
1200 3101 1274 3153 ita
1303 3112 1437 3167 pure
1476 3105 1531 3151 et
1557 3111 1706 3160 vere,

133 3203 272 3258 sicut
296 3215 400 3270 per
427 3214 513 3252 me
534 3194 733 3250 etalins
760 3193 908 3248 venit
928 3194 982 3245 in
1011 3190 1322 3243 universum
1352 3187 1632 3246 mundum,
1656 3192 1711 3237 et

134 3292 313 3347 adhuc
347 3296 535 3342 manet
576 3285 630 3339 in
659 3298 744 3347 eo,
781 3282 937 3352 quasi
980 3280 1126 3335 dicat
1155 3295 1168 3330 :
1196 3277 1309 3331 Non
1356 3276 1533 3329 minus
1557 3274 1711 3329 vobis

136 3380 339 3435 factum
392 3384 506 3452 est,_
544 3389 706 3444 quam
763 3373 817 3427 in
872 3369 991 3424 aliis
1035 3366 1297 3422 ecclesiis.
1357 3362 1490 3418 Cum
1541 3362 1614 3416 sit
1654 3361 1710 3415 in

137 3471 334 3525 mundo
356 3466 731 3533 Evangelium,
756 3459 1046 3516 fructiﬁcat
1072 3456 1142 3511 ibi
1166 3470 1264 3525 per
1282 3454 1421 3507 bona
1441 3466 1626 3520 opera,
1656 3458 1711 3504 et

136 3562 334 3617 crescit
365 3565 658 3627 augmento
684 3553 942 3618 scientiae,
977 3560 1033 3605 et
1056 3558 1280 3603 numero
1312 3545 1564 3599 ﬁdelium.
1594 3543 1708 3597 Non

139 3669 230 3722 per
264 3653 371 3706 hoc
399 3650 436 3704 ii
473 3648 592 3718 plus
623 3646 822 3700 habent
857 3658 1019 3712 quam
1047 3655 1164 3703 vos,
1212 3637 1304 3692 sed
1338 3636 1413 3691 ita
1443 3636 1546 3690 hoc
1586 3633 1713 3689 facit

140 3742 298 3805 Deus,
331 3741 478 3795 sicut
511 3745 593 3792 est
632 3736 687 3790 in
722 3733 893 3798 vobis,
922 3740 978 3786 et
1022 3730 1145 3784 ideo
1178 3726 1252 3781 nil
1291 3724 1501 3780 debetis
1524 3737 1714 3793 super-

140 3834 374 3975 aditi:
409 3919 468 3973 7.
489 3945 561 3957 -—
588 3913 699 3969 Pro
717 3911 876 3975 vobis,
913 3916 1018 3963 etc.
1046 3905 1284 3973 Quorum
1319 3901 1545 3957 salutem
1580 3899 1717 3955 desi-

137 4012 354 4075 derans,
388 4008 566 4078 erepit
592 4005 920 4074 Archippum
952 3998 1228 4068 adjuvare.

203 4103 370 4163 Vens.
413 4104 478 4157 8.
505 4128 578 4139 —-
606 4096 674 4152 In
709 4095 932 4167 Spiritu.
979 4091 1116 4158 Quia
1159 4103 1259 4159 pro
1301 4084 1672 4157 spiritualibus
1697 4123 1715 4150 ,

138 4211 238 4250 non
262 4210 365 4265 pro
396 4189 714 4248 carnalibus
740 4185 981 4255 diligitis.
1082 4234 1083 4241 η

203 4287 374 4341 Vens.
414 4283 480 4339 9.
516 4311 589 4322 --
637 4275 969 4348 lmpleamini
1022 4274 1081 4328 in
1125 4272 1285 4327 omni.
1329 4269 1580 4340 Magnum
1638 4275 1723 4323 est

140 4378 294 4449 plene
318 4376 476 4433 scire
504 4372 631 4443 quid
657 4372 799 4426 Deus
818 4368 968 4433 velit,
996 4367 1050 4421 in
1072 4364 1321 4421 omnibus
1349 4361 1509 4418 rebus
1533 4360 1722 4416 activa:

142 4471 263 4524 vita:
286 4479 345 4525 et
360 4461 823 4533 contemplativa.

214 4562 380 4617 Vens.
407 4560 433 4613 1
450 4558 504 4611 0.
524 4585 596 4596 -—
615 4553 684 4608 In
709 4552 945 4608 scientia.
976 4548 1048 4605 Ut
1072 4562 1177 4602 non
1206 4545 1452 4617 ignorent
1470 4542 1592 4598 ﬁdei
1612 4556 1723 4597 sua:

143 4652 403 4724 speciem,
429 4647 491 4703 id
515 4656 600 4702 est
626 4658 740 4699 rem
776 4648 1070 4711 speratam,
1093 4637 1234 4691 unde
1257 4634 1399 4688 ﬁrmi
1416 4640 1595 4689 erunt.

210 4743 378 4799 Vnus.
405 4737 502 4794 11.
525 4766 597 4775 -
624 4732 690 4788 In
717 4731 857 4786 omni
901 4729 1108 4782 virtute.
1148 4723 1256 4778 Vos
1289 4723 1409 4777 dico
1438 4718 1723 4776 confortati

143 4849 175 4891 a
200 4834 313 4889 Deo
346 4833 404 4888 in
449 4828 597 4884 omni
625 4827 826 4880 virtute
848 4862 862 4885 ,
895 4819 1149 4876 castitate
1179 4815 1383 4871 scilicet
1410 4822 1465 4868 et
1493 4810 1718 4866 caeteris.

146 4925 297 4993 Quod
317 4926 466 4980 bene
491 4927 673 4992 potest
697 4916 783 4971 ille
807 4900 899 4984 qui
934 4920 1019 4968 est
1046 4908 1264 4965 claritas
1298 4905 1509 4969 Patris,
1544 4902 1596 4958 id
1640 4910 1723 4957 est

148 5016 335 5073 Filius.
361 5012 465 5070 Vel
485 5012 780 5068 secundum
805 5004 947 5079 quod
967 5002 1169 5059 claram
1192 4999 1550 5068 cognitionem
1572 4995 1725 5052 vobis

148 5108 389 5255 amatas.
430 5195 613 5251 l2.—
641 5191 852 5248 Gratias
878 5197 1106 5260 πραπίδι
1153 5182 1271 5239 Jam
1318 5180 1505 5250 map“
1547 5180 1726 5235 dicere

151 5290 297 5359 quod
321 5288 414 5343 lex
447 5300 553 5341 non
578 5284 817 5355 prodest,
840 5281 934 5336 sed
962 5284 1147 5339 nocet,
1174 5283 1230 5330 et
1253 5272 1497 5329 Christus
1520 5271 1586 5325 ad
1611 5286 1728 5326 om-

154 5380 244 5436 nia
270 5381 421 5436 bona
461 5375 653 5433 suﬁicit
682 5390 696 5428 :
730 5374 872 5444 quod
904 5371 1025 5426 inde
1065 5374 1243 5439 potest
1283 5365 1439 5431 sciri,
1469 5379 1590 5419 cum
1613 5362 1729 5434 ipse

154 5480 211 5527 et
231 5471 325 5526 alii
353 5468 583 5541 apostoli
615 5466 724 5537 (qui
758 5466 810 5520 in
838 5461 1099 5534 legalibus
1123 5456 1358 5528 fuerant)
1385 5457 1465 5512 eis
1492 5455 1730 5510 dimissis

156 5564 225 5618 ad
263 5561 554 5617 Christum
587 5555 943 5628 confugerunt
972 5572 986 5608 :
1013 5550 1180 5619 Quasi
1223 5547 1367 5604 dicat
1398 5560 1414 5601 :
1441 5544 1731 5615 Pro,vobis

1799 2294 2044 2363 grinatur
2079 2293 2299 2362 quidem
2329 2293 2384 2347 in
2420 2293 2621 2349 mundo
2642 2332 2659 2360 ,
2698 2294 2794 2351 sed
2817 2309 2922 2350 non
2952 2304 3036 2350 est
3063 2295 3131 2351 de
3156 2297 3375 2353 mundo.

1803 2381 1987 2452 Regno
2013 2381 2157 2435 enim
2188 2396 2288 2437 suo
2317 2382 2479 2447 dicit,
2521 2382 2598 2437 De
2637 2383 2834 2437 mundo
2863 2400 2969 2438 non
2988 2385 3132 2450 estis,
3162 2385 3254 2439 sed
3279 2402 3391 2455 ego.

1801 2471 1930 2540 elegi
1961 2488 2046 2525 vos
2088 2473 2154 2525 de
2204 2472 2422 2526 mundo.
2468 2473 2639 2528 Erant
2679 2474 2745 2537 de
2792 2474 3015 2540 mundo,
3043 2476 3260 2545 quando
3308 2477 3379 2532 ad

1804 2561 1989 2616 mundi
2016 2560 2314 2631 principem
2339 2563 2699 2631 pertinebant.

1874 2650 2038 2707 Vsus.
2068 2652 2154 2707 14.
2189 2681 2261 2691 -—
2294 2651 2739 2722 Redemptionem.
2795 2653 3077 2709 Destructa
3114 2662 3383 2724 potestate

1805 2743 2001 2819 diaboli
2042 2743 2271 2800 facultas
2299 2743 2566 2800 libertatis
2595 2745 2754 2801 nobis
2797 2746 2920 2801 data
2961 2757 3045 2802 est
3071 2748 3192 2802 fuso
3233 2748 3381 2803 illius

1805 2837 2085 2905 sanguine,
2115 2835 2209 2904 qui
2244 2835 2447 2893 nullum
2478 2836 2665 2895 habuit
2691 2847 2995 2906 peccatum.
3025 2838 3095 2894 Ut
3115 2839 3240 2907 quia
3266 2840 3389 2894 dia-

1805 2925 1959 2981 bolus
1998 2924 2119 2979 illos
2150 2925 2344 2981 merito
2368 2925 2605 2988 tenebat,
2629 2940 2769 2995 quos
2801 2926 3011 2996 peccati
3044 2941 3167 2982 reos
3192 2928 3384 2983 condi-

1809 3017 1951 3071 tione
1985 3017 2178 3071 mortis
2206 3017 2531 3081 obstrinxit,
2565 3018 2665 3072 hos
2707 3032 2804 3086 per
2827 3033 2950 3071 cum
2981 3018 3177 3073 merito
3204 3018 3388 3074 dimit-

1809 3113 1990 3169 teret,
2042 3120 2204 3174 quem
2237 3105 2438 3161 nullius
2477 3106 2689 3175 peccati
2730 3121 2885 3161 reum
2911 3107 3180 3163 immerito
3223 3121 3387 3178 pana

1811 3194 2001 3249 mortis
2025 3192 2223 3248 affecit.

1825 3343 1829 3347 -
1883 3307 2046 3362 Vens.
2089 3307 2176 3360 15.
2209 3336 2279 3347 ——
2305 3306 2410 3372 Qui
2441 3316 2519 3361 est
2564 3308 2760 3377 imago.
2798 3307 2972 3364 Aliter
3015 3310 3195 3381 imago
3243 3312 3391 3384 regis

1811 3403 1896 3451 est
1924 3397 1976 3450 in
2007 3412 2245 3459 nummo,
2272 3397 2439 3475 aliter
2465 3398 2520 3452 in
2549 3398 2679 3453 ﬁlio.
2725 3398 2834 3454 Nos
2864 3415 3050 3457 sumus
3086 3417 3339 3458 nummus
3369 3443 3386 3466 ,

1814 3487 1868 3541 in
1892 3486 2087 3554 quibus
2112 3487 2290 3556 imago
2317 3487 2411 3542 Dei
2432 3485 2680 3542 Christus
2701 3486 2890 3543 Filius.
2913 3488 3065 3543 Nulla
3090 3489 3268 3561 imago
3287 3490 3385 3545 Dei

1754 3573 1782 3595 ⁴
1815 3577 1973 3631 debet
1998 3576 2122 3638 coli,
2147 3577 2250 3630 nisi
2276 3577 2364 3630 illa
2384 3593 2526 3647 quae,
2552 3579 2656 3633 hoc
2683 3587 2768 3633 est
2800 3580 2942 3649 quod
2977 3580 3112 3651 ipse,
3143 3596 3243 3637 nec
3270 3582 3389 3651 ipsa

1811 3683 1910 3738 pro
1941 3667 2053 3732 illo,
2085 3668 2178 3722 sed
2207 3682 2329 3722 cum
2366 3667 2477 3721 illo.

1883 3776 2048 3833 Vens.
2073 3779 2250 3833 l8.—-
2274 3776 2442 3848 Caput
2472 3778 2705 3848 corporis
2743 3768 3014 3833 Ecclesiaz.
3048 3777 3182 3846 Quia
3221 3778 3295 3834 ita
3329 3795 3390 3835 se

1811 3869 1976 3924 habet
2008 3870 2073 3922 ad
2101 3867 2421 3933 Ecclesiam,
2455 3870 2598 3923 sicut
2622 3877 2783 3939 caput
2817 3870 2883 3924 ad
2913 3885 3131 3940 corpus.
3160 3871 3228 3924 Et
3266 3886 3391 3932 cum

1815 3959 2055 4013 Ecclesia
2078 3960 2144 4013 ab
2164 3958 2295 4012 Abel
2317 3959 2497 4027 caspit,
2513 3958 2784 4027 quomodo
2803 3966 2964 4028 caput
2982 3959 3205 4013 eoum?
3225 3960 3389 4022 Bene,

1815 4049 1939 4118 quia
1977 4057 2061 4103 est
2089 4048 2410 4118 principium
2440 4047 2693 4102 Ecclesim
2716 4087 2731 4110 ,
2778 4048 2829 4100 id
2857 4056 2941 4101 est
2977 4047 3246 4103 fundator.
3287 4047 3390 4114 Qui

1817 4150 1892 4194 est
1934 4139 2268 4210 principium.
2312 4137 2570 4193 Ecclesia:
2598 4139 2891 4193 secundum
2921 4138 3297 4202 divinitatem,
3338 4140 3391 4193 id

1817 4238 1902 4284 est
1938 4228 2189 4282 fundator
2228 4227 2481 4282 Ecclesia:
2506 4267 2521 4291 ,
2562 4227 2689 4297 quia
2733 4242 2922 4282 omnes
2957 4227 3163 4297 justos,
3196 4227 3285 4295 qui
3323 4225 3395 4280 ab

1818 4316 1949 4373 Abel
1979 4331 2151 4385 usque
2199 4317 2265 4369 ad
2302 4316 2549 4369 ultimum
2593 4313 2798 4383 justum
2842 4322 3170 4385 generantur
3194 4315 3393 4368 virtute

1821 4407 2118 4463 divinitatis
2156 4414 2215 4459 et
2266 4404 2654 4460 misericordiae
2699 4419 2812 4459 suae
2865 4406 3005 4458 dono
3046 4402 3389 4458 illuminavit.

1821 4498 2123 4557 Secundum
2165 4498 2554 4553 humanitatem
2601 4499 2766 4553 etiam
2814 4505 2996 4568 potest
3039 4496 3144 4552 dici
3190 4496 3395 4567 princi-

1819 4593 1967 4664 pium
2004 4590 2293 4657 Ecclesiar,
2342 4592 2467 4660 quia
2503 4606 2669 4661 super
2706 4590 2864 4645 ﬁdem
2905 4588 3253 4643 humanitatis
3277 4587 3396 4658 ejus

1822 4686 2043 4741 fundata
2075 4694 2176 4741 est.
2210 4685 2277 4739 Et
2302 4685 2440 4740 bene
2468 4685 2583 4754 ipse
2613 4692 2698 4739 est
2737 4690 2897 4752 caput
2938 4690 2995 4737 et
3027 4679 3346 4750 principium
3372 4716 3388 4738 .

1823 4785 1878 4832 et
1900 4784 2102 4841 rector,
2116 4784 2171 4831 et
2188 4775 2458 4839 lundator,
2477 4776 2600 4844 quia
2622 4775 2734 4846 ipse
2756 4771 3260 4843 estprimogenitus,
3282 4778 3387 4824 etc;

1750 4880 1801 4939 ι)
1826 4864 2243 4937 Primogenitus,
2282 4874 2387 4920 etc.
2445 4865 2597 4921 Sicut
2636 4872 2794 4919 natus
2831 4869 2914 4917 est
2960 4869 3085 4915 ante
3112 4857 3293 4914 omnia
3325 4857 3394 4911 de

1827 4958 1958 5020 Deo,
1986 4966 2045 5010 ut
2065 4956 2245 5012 omnia
2268 4963 2518 5019 crearet,
2560 4955 2638 5010 sic
2684 4955 2845 5009 homo
2883 4952 3092 5021 primus
3115 4947 3351 5020 resurgit
3375 4986 3392 5012 ,

1827 5056 1888 5103 ut
1918 5054 2202 5110 restauret,
2233 5054 2295 5099 ut
2315 5059 2531 5115 semper
2555 5045 2625 5100 sit
2650 5043 2857 5113 primus
2883 5049 2938 5096 et
2964 5040 3233 5111 princeps.
3366 5050 3371 5055 '

1897 5158 2059 5213 Vens.
2105 5158 2186 5212 l9.
2223 5186 2295 5197 —
2324 5154 2729 5210 Plenitudinem.
2758 5152 2893 5216 Ouia
2919 5149 3098 5207 omnia
3126 5153 3302 5221 potest
3325 5161 3390 5200 ex

1827 5262 1923 5313 se;
1956 5243 2292 5302 undc:Sicut
2316 5243 2479 5299 Pater
2505 5240 2654 5297 habet
2682 5243 2838 5297 vitam
2860 5242 2915 5295 in
2942 5258 3018 5307 se,
3048 5241 3122 5294 sic
3144 5248 3193 5293 et
3216 5235 3391 5291 Filius

1825 5339 1915 5406 qui
1941 5339 2157 5393 suscitat
2184 5348 2230 5392 et
2259 5336 2483 5407 viviﬁcat
2509 5350 2637 5407 quos
2665 5332 2770 5388 vult
2789 5373 2804 5399 ,
2830 5333 2908 5388 sic
2935 5330 3236 5387 ostenditur
3264 5342 3391 5398 per—

1829 5428 2001 5485 fectus
2026 5428 2166 5483 Deus
2201 5442 2339 5483 esse.

1900 5540 2063 5598 Vens.
2102 5540 2190 5595 20.
2229 5570 2299 5581 —
2325 5537 2430 5595 Per
2475 5555 2593 5594 eum
2643 5533 2996 5593 reconciliare.
3043 5530 3152 5585 Deo
3190 5522 3392 5598 placuit

153 5667 385 5709 oramus
442 5665 540 5706 nos
566 5689 582 5717 ,
639 5614 840 5721 gratias
871 5651 1090 5716 agentes
1117 5642 1226 5697 Deo
1250 5680 1266 5705 ,
1314 5638 1435 5695 ideo
1471 5638 1595 5710 quia
1636 5651 1734 5691 nos
1832 5647 1930 5706 per
1962 5648 2082 5687 eum
2122 5630 2487 5694 reconciliare,
2530 5638 2585 5684 et
2618 5627 2729 5699 ipse
2753 5623 3053 5698 paciﬁcavit
3076 5634 3179 5673 non
3204 5614 3387 5685 gratis.

160 5745 358 5817 dignos
391 5743 541 5807 facit,
564 5739 705 5814 quod
734 5752 1009 5809 nunquam
1035 5736 1115 5791 lex
1147 5731 1339 5804 potuit.

1836 5726 1928 5781 sed
1955 5742 2052 5797 per
2078 5725 2391 5796 sanguinem
2413 5720 2652 5777 cmlestia
2676 5726 2731 5774 et
2760 5713 3052 5775 terrestria,
3080 5706 3220 5763 unde
3244 5711 3389 5775 patet
