3948 6314
514 353 619 435 σεξ

1009 342 1400 403 WALAFRIDI
1439 338 1685 398 STRABI
1721 336 1925 393 FULD.
1966 284 2129 390 Μοδῖ.
2169 332 2318 388 OPP.
2359 330 2538 388 PARS
2574 331 2617 385 1.
2657 358 2725 370 ——-
2762 324 3221 385 THEOLOGICA.

3659 322 3756 373 Olli

588 433 755 522 Vens.
797 464 881 519 17.
924 493 990 503 -—-
1032 460 1198 517 Omne
1238 456 1598 530 quodcunque.
1653 452 1787 520 Quia
1838 449 2090 519 praecepit
2121 450 2166 508 Α
2194 447 2436 537 aequitas,
2478 445 2572 499 sed
2617 443 2944 511 duplicatum
2976 447 3281 512 peccatum.
3329 433 3381 488 in
3414 449 3521 505 quo
3551 442 3634 489 est
3665 434 3761 490 ini-

516 575 678 629 supra
712 558 877 612 Deum
909 548 1116 608 laudari
1148 553 1199 606 in
1229 549 1416 613 corde,
1449 562 1615 629 nunc.
1639 553 1695 599 et
1743 545 1795 598 in
1826 542 2006 597 verbis
2033 547 2089 594 et
2190 535 2370 608 quitus
2398 545 2454 591 et
2483 535 2775 591 simulatio.

517 621 765 703 ill-factis
792 658 988 699 nomen
1015 642 1111 696 Dei
1158 639 1386 704 laudari,
1435 645 1491 692 et
1538 621 1763 690 exaltari
1807 633 2085 686 hortatur:

517 748 577 793 ut
606 738 686 793 sic
734 737 896 790 verba
928 741 1111 788 nostra
1137 740 1191 785 et
1211 744 1375 800 Opera
1403 734 1623 781 careant
1647 720 2088 791 reprehensione,

515 835 577 882 ut
611 826 995 898 magnificetur'
1027 822 1310 884 Dominus,
1339 817 1492 885 cujus
1538 812 1847 884 magisterio
1896 811 2090 865 invitu-

515 917 788 989 perabiles
818 925 945 970 sunt
968 912 1239 983 discipuli.
1267 908 1480 963 Omnia.
1513 905 1629 959 Non
1656 904 1829 958 solum
1866 917 1984 971 qua:
2014 900 2092 954 fa-

515 1010 640 1064 citis
665 1009 721 1063 in
748 1007 915 1061 verbo
940 1003 1025 1059 vel
1062 1015 1246 1072 opere,
1296 999 1391 1054 sed
1439 996 1639 1058 omnia,
1677 994 1841 1047 etiam
1883 991 2083 1061 cogita~

517 1100 709 1163 tiones,
739 1105 793 1152 et
815 1096 856 1151 si
886 1084 1144 1164 qua’sunt
1172 1091 1292 1145 alia.
1318 1088 1411 1142 Vel
1434 1084 1694 1158 quidquid
1717 1083 1911 1145 facitis,
1936 1081 2093 1135 facite

514 1203 696 1249 omne,
730 1187 783 1241 id
810 1192 893 1240 est
922 1181 1238 1255 perfectum,
1263 1180 1371 1234 Deo
1398 1175 1758 1238 attribuendo,
1787 1182 1842 1227 et
1865 1172 1968 1225 hoc
1988 1179 2091 1236 est,

515 1279 778 1332 facientes
826 1275 881 1328 in
929 1271 1167 1326 nomine.
1208 1268 1432 1329 Gratias
1473 1272 1699 1335 agentes.
1762 1261 1916 1315 Tunc
1964 1273 2094 1314 vere

517 1367 728 1435 agimus
743 1363 950 1435 gratias
977 1360 1087 1414 Deo
1107 1373 1204 1429 per
1225 1356 1521 1419 Christum,
1545 1353 1592 1409 si
1615 1351 1831 1406 modum
1855 1363 2097 1420 praecep-

515 1437 700 1512 torum
741 1455 860 1525 ejus
886 1450 1273 1509 custodiamus.

586 1591 755 1647 Vens.
782 1587 871 1643 21.
922 1615 994 1627 --
1039 1582 1248 1637 Patres.
1303 1578 1575 1635 Modestos
1619 1573 1866 1646 praecipit
1913 1579 2098 1643 patres

516 1693 640 1736 esse
679 1678 822 1741 ﬁliis,
853 1690 922 1730 ne
946 1672 1208 1730 coarctati
1247 1671 1316 1726 ab
1350 1670 1477 1734 illis,
1503 1668 1820 1737 delinquant
1845 1665 1901 1719 in
1954 1664 2096 1729 illos,

517 1778 574 1827 et
598 1770 767 1825 Deum
793 1764 1086 1821 offendant.
1133 1763 1217 1818 lra
1251 1762 1397 1817 enim
1426 1759 1827 1814 inconsiderata
1873 1770 1962 1810 res
1989 1762 2072 1809 est

517 1862 595 1917 ita
623 1870 682 1917 ut
713 1859 1002 1930 aliquando
1026 1872 1126 1913 nec
1170 1855 1273 1912 sibi
1313 1861 1504 1924 parcat
1549 1851 1643 1923 qui
1672 1849 1948 1906 irascitur.

587 1996 753 2052 Vens.
778 1994 869 2049 23.
893 2022 963 2034 --
1001 1989 1086 2046 Ea:
1119 1990 1294 2044 animo
1330 1985 1620 2058 operamini
1664 1984 1801 2038 sicut
1844 1982 2092 2036 Domino.

2787 662 3014 721 CAPUT
3068 659 3131 717 ιν
3144 701 3158 716 .

2261 777 2425 833 Vens.
2456 777 2509 831 '5.
2540 806 2610 818 —-
2660 775 2889 831 Ostium.
2920 774 2977 829 ld
3001 782 3082 828 est
3109 788 3171 827 os
3204 784 3382 825 meum
3415 768 3584 824 faciat
3613 781 3767 838 aper-

2193 876 2304 924 tum
2330 885 2343 921 :
2376 867 2519 937 quod
2556 866 2623 920 ad
2651 866 2755 920 hoc
2785 865 2968 920 datum
3010 872 3112 926 est,
3140 870 3203 917 ut
3242 861 3367 915 inde
3391 859 3629 929 prodeat
3655 873 3769 913 ver-

2138 978 2153 993 '
2189 959 2340 1015 bum.
2370 960 2631 1029 Apertum
2659 966 2773 1023 est,
2805 958 3021 1027 quando
3050 955 3217 1009 multa
3238 964 3295 1009 et
3317 967 3515 1021 magna
3548 952 3705 1006 dicit.

2260 1074 2423 1130 Vens.
2450 1072 2503 1126 δ.
2534 1102 2606 1112 —-
2644 1069 2865 1141 Tempus
2891 1069 3219 1122 redimenles.
3249 1065 3304 1120 ld
3338 1073 3422 1119 est
3449 1062 3769 1135 Opportuni-

2195 1175 2358 1222 tatem
2410 1166 2736 1239 prtedicandi
2793 1167 2905 1232 eis,
2961 1164 3231 1235 aliquibus
3291 1162 3501 1227 modis,
3572 1175 3772 1232 papa-

2195 1265 2399 1311 rantes.

2266 1349 2429 1404 Vens.
2449 1347 2501 1402 8.
2534 1378 2601 1387 --
2631 1345 2697 1400 Ut
2725 1355 2999 1417 cognoscat
3021 1361 3138 1416 quae
3169 1343 3308 1397 circa
3331 1358 3418 1397 ros
3441 1349 3568 1394 sunt
3588 1350 3638 1394 et
3659 1356 3771 1395 con-

2194 1439 2390 1494 soletur
2418 1437 2577 1492 corda
2615 1446 2805 1501 vestra,
2847 1446 2952 1490 etc.
2984 1435 3152 1504 Magis
3196 1441 3351 1488 cavet
3377 1431 3471 1501 qui
3522 1443 3589 1485 se
3638 1429 3773 1484 videt

2194 1527 2468 1598 cognosci,
2500 1542 2664 1597 quam
2687 1526 2777 1596 qui
2806 1540 2863 1579 se
2888 1526 3036 1580 videt
3071 1523 3330 1595 ignorari.
3365 1548 3377 1559 ~

2266 1621 2428 1675 Vens.
2456 1620 2544 1675 10.
2575 1650 2646 1661 —
2690 1619 3006 1690 Accepistis,
3044 1617 3188 1689 quod
3236 1616 3397 1671 rediit
3447 1615 3517 1670 ad
3568 1629 3678 1679 me,
3723 1621 3772 1668 et

2197 1711 2318 1767 ideo
2340 1711 2386 1766 si
2417 1709 2645 1764 venerit.

2077 1794 2093 1819 ’
2122 1801 2171 1860 Β
2268 1802 2430 1856 Vens.
2463 1799 2550 1853 16.
2581 1830 2651 1839 -
2681 1797 2868 1853 Facite
2893 1808 2948 1852 ut
2974 1807 3021 1852 et
3044 1799 3119 1863 in,
3140 1808 3258 1853 ‘ctc.
3292 1797 3371 1851 Ex
3405 1796 3515 1851 hoc
3550 1795 3676 1851 loco
3700 1793 3772 1848 in-

2199 1889 2512 1960 telligimus,
2544 1889 2685 1959 quod
2731 1888 3012 1958 generales
3037 1896 3163 1942 sunt
3210 1887 3608 1943 instructiones
3647 1885 3773 1955 Apo-

2197 1982 2344 2047 stoli,
2373 1989 2428 2036 et
2475 1979 2544 2035 ad
2582 1980 2823 2036 omnium
2879 1980 3155 2035 hominum
3206 1977 3512 2049 profectum
3565 1978 3774 2046 script:

521 2088 659 2143 Eam
680 2087 822 2141 Deus
841 2082 1207 2140 innocentiam
1236 2078 1449 2150 probat,
1492 2092 1597 2147 qua
1622 2076 1786 2130 homo
1815 2089 1921 2128 non
1948 2080 2095 2127 metu
2198 2080 2325 2129 sunt
2352 2070 2615 2142 epistolae.

516 2191 692 2248 paenae
726 2174 1085 2234 litinnocens,
1114 2171 1210 2226 sed
1242 2183 1428 2224 amore
1447 2166 1671 2237 iustitiae
1707 2181 1721 2217 :
1749 2178 1877 2218 nam
1912 2162 2004 2232 qui
2030 2162 2099 2216 ti-

2267 2161 2433 2217 Vens.
2464 2163 2550 2218 l8.
2573 2192 2642 2204 ——
2680 2161 2936 2216 Mentorea
2971 2171 3155 2228 estote,
3191 2170 3301 2217 etc.
3340 2163 3661 2231 Antequam
3690 2173 3773 2211 sa-

517 2280 671 2323 more
720 2280 827 2320 non
886 2271 1097 2335 peccat,
1146 2259 1393 2330 quamvis
1446 2272 1556 2312 non
1606 2262 1802 2311 noceat
1820 2253 1962 2317 aliis,
1992 2251 2094 2307 sibi
2196 2252 2515 2309 lutationem
2547 2261 2732 2323 ponat,
2759 2252 3043 2322 prmittit
3083 2252 3523 2308 exhortationem
3562 2251 3770 2305 dicens:

520 2366 701 2412 tamen
747 2354 1040 2427 plurimum
1076 2356 1255 2405 nocet.
1302 2346 1568 2403 Simulata
1610 2345 1836 2414 :equitas
1880 2357 1987 2397 non
2015 2348 2102 2396 est

2204 2342 2489 2409 Memores,
2519 2349 2628 2397 etc.

525 2480 3767 2510 Μ

1172 2582 1675 2661 EPISTULA
1752 2583 1786 2658 Ι
1868 2582 2000 2656 AD
2074 2581 3127 2669 THESSALONICENSES.

1055 2857 1438 2918 ARGUMENT
1447 2856 1566 2914 UM.

586 2974 1098 3035 Thessalonicenses
1140 2978 1265 3027 sunt
1305 2969 1642 3024 Macedones.
1676 2964 1741 3020 Hi
1797 2966 1850 3019 in
1879 2963 2101 3019 Christo

516 3069 644 3125 Jesu
699 3056 920 3136 accepto
968 3063 1135 3117 verbo
1179 3061 1425 3115 veritatis
1479 3058 1833 3128 perstiterunt
1884 3056 1935 3110 in
1968 3056 2095 3122 fide,

520 3162 684 3216 etiam
715 3160 766 3212 in
788 3154 1164 3229 persecutione
1189 3152 1388 3206 civium
1414 3162 1657 3205 suorum.
1687 3146 2105 3210 Praetorem-nec

517 3256 839 3321 receperunt
885 3247 1053 3301 falsos
1102 3242 1394 3314 apostolos,
1448 3256 1550 3295 nec
1599 3255 1663 3294 ea
1713 3253 1834 3309 quae
1880 3254 1910 3293 a
1955 3236 2107 3293 falsis

517 3340 778 3411 apostolis
812 3336 1153 3392 dicebantur.
1187 3332 1298 3387 Hos
1331 3330 1601 3386 collaudat
1627 3327 1938 3398 Apostolus,
1963 3326 2106 3383 scti-

517 3432 651 3487 bens
693 3429 774 3484 eis
818 3428 884 3482 ab
925 3426 1175 3488 Athenis,
1234 3438 1334 3494 per
1372 3421 1652 3477 Tichicum
1697 3420 1999 3486 diacouem,
2051 3427 2107 3475 et

517 3523 837 3579 Onesimum
869 3517 1202 3588 acolythum.

1041 3665 1273 3724 CAPUT
1302 3663 1591 3720 PRIMUM.

589 3805 758 3860 Vens.
796 3804 847 3857 1.
879 3832 949 3841 -
989 3799 1236 3856 Silvanus
1268 3807 1314 3851 et
1346 3793 1667 3849 Timotheus.
1698 3791 2015 3847 Nominibus
2045 3791 2109 3846 il-

519 3896 694 3950 lorum
743 3889 1110 3961 praescribitur
1152 3884 1426 3947 salutatio,
1469 3883 1564 3939 sed
1606 3897 1798 3938 sensus
1841 3890 1898 3936 et
1939 3881 2106 3936 verba

519 3983 680 4051 hujus
708 3978 946 4051 epistolae
972 3976 1139 4034 solius
1167 3973 1396 4047 apostoli
1427 3981 1573 4028 sunt.

590 4075 760 4131 Vens.
797 4071 852 4127 2.
877 4101 948 4112 —-
976 4067 1163 4123 Gratia
1200 4066 1339 4122 vobis
1363 4075 1411 4120 et
1438 4082 1563 4137 pax.
1596 4064 1674 4119 De
1701 4078 1853 4119 more
1888 4078 1988 4119 suo
2017 4078 2106 4118 sa-

519 4163 839 4219 lutationem
867 4159 1169 4231 praemittit,
1194 4172 1301 4227 qua
1335 4155 1615 4226 praemissa
1637 4154 1705 4208 de
1734 4154 1890 4209 bonis
1918 4168 2106 4209 eorum

520 4256 725 4329 gratias
796 4253 928 4325 agit,
992 4262 1426 4307 commemorans
1463 4261 1572 4302 non
1618 4246 1801 4302 solum
1849 4244 2006 4301 ﬁde'n
2053 4252 2111 4298 et

520 4367 704 4424 opera,
739 4350 834 4405 sed
864 4349 1029 4403 etiam
1073 4343 1446 4402 conversionis
1491 4342 1709 4397 modum
1745 4348 1802 4396 et
1840 4340 2109 4396 malorum

522 4444 932 4502 sustinentiam.

592 4534 759 4591 Vens.
789 4536 843 4590 3.
868 4532 1085 4586 -Αηιε
1115 4530 1301 4585 Deum.
1326 4527 1453 4584 lude
1477 4527 1550 4582 ita
1572 4525 1710 4582 certi
1740 4540 1806 4581 ac
1833 4524 1878 4582 si
1895 4525 2009 4597 jam
2031 4524 2106 4580 vi-

522 4629 717 4686 deatis.
757 4634 813 4681 et
836 4626 909 4678 ita
939 4638 1035 4679 eos
1060 4623 1286 4676 animat.

595 4719 761 4772 Vens.
795 4716 848 4771 5.
882 4746 945 4756 ——
966 4713 1034 4768 In
1065 4712 1269 4784 Spiritu
1297 4719 1499 4766 sancto.
1530 4708 1666 4777 Quia
1707 4723 1805 4780 per
1840 4723 1926 4763 mc
1956 4723 2107 4764 rece—

523 4809 681 4880 pistis
728 4809 869 4863 dona
915 4806 1174 4877 Spiritus,
1226 4820 1331 4860 non
1380 4817 1566 4874 parce,
1617 4803 1710 4857 sed
1762 4802 1816 4856 in
1872 4801 2107 4873 plenitu-

525 4901 670 4953 dine.
705 4898 899 4964 Quales
928 4898 1205 4968 fuerimus,
1227 4904 1332 4951 etc.
1360 4894 1468 4951 Per
1494 4895 1599 4950 hoc
1623 4893 1790 4948 etiam
1824 4890 1968 4962 quod
2009 4905 2107 4946 nos

527 4990 671 5059 passi
703 5003 893 5043 sumus
939 4988 992 5042 in
1046 4987 1351 5059 exemplum
1387 4985 1557 5049 vobis,
1586 4991 1735 5055 patet
1770 4982 1914 5054 quod
1967 4983 2109 5038 Deus

527 5097 626 5136 vos
646 5080 832 5135 dilexit
848 5088 904 5134 et
930 5079 1113 5151 elegit.

1150 5234 1377 5291 CAPUT
1412 5233 1475 5288 ll.

601 5372 765 5428 Vens.
792 5350 1093 5441 l.—,Q'uia
1125 5385 1250 5422 non.
1278 5366 1392 5421 Hoc
1416 5366 1481 5421 de
1509 5364 1602 5420 illo
1642 5364 1817 5424 scitis.
1848 5363 1973 5434 quia
2004 5377 2108 5418 non

527 5465 630 5521 fuit
653 5466 705 5520 in
731 5464 1088 5535 prosperitate
1102 5458 1374 5521 saeculari,
1397 5472 1518 5527 qua:
1541 5457 1741 5521 inanis,
1772 5455 1863 5511 sed
1900 5457 1952 5510 in
1983 5454 2114 5509 mul-

529 5568 583 5614 ta
614 5558 972 5616 sollicitudine
995 5568 1093 5626 pro
1122 5552 1365 5608 adversis
1393 5568 1407 5605 :
1439 5558 1494 5604 et
1514 5558 1803 5621 propterea
1828 5547 2114 5603 habuimus

528 5649 781 5705 ﬁduciam
832 5663 940 5705 non
990 5646 1045 5701 in
1105 5643 1260 5699 nobis
1313 5642 1404 5714 qui
1457 5640 1699 5711 fragiles,
1747 5639 1840 5695 sed
1889 5639 1941 5693 in
2002 5637 2112 5695 Do-

532 5757 702 5796 ηυηο.

2224 2818 2241 2833 θ
2277 2858 2442 2913 Vens.
2469 2859 2620 2914 2.—
2664 2859 2732 2915 In
2776 2858 3056 2932 Philippis.
3107 2832 3425 2918 Drcssuram
3475 2880 3647 2936 quam
3701 2867 3779 2922 hic

2203 2958 2610 3015 commemorat,
2636 2966 2830 3020 passus
2848 2961 2932 3008 est
2948 2964 3166 3025 propter
3186 2955 3438 3025 spiritum
3466 2960 3777 3029 pythonem.

2204 3055 2365 3110 quem
2393 3058 2423 3096 a
2458 3042 2633 3111 puella
2656 3043 2908 3112 eiecerat.

2129 3109 2175 3171 Ο
2222 3109 2237 3110 7
2275 3133 2437 3187 Vens.
2458 3109 2520 3186 ‘5.
2542 3164 2614 3173 —
2644 3109 2979 3190 Exhortatio.
3005 3134 3105 3191 Hic
3130 3145 3318 3190 contra
3350 3139 3782 3210 pseudoaposto-

2134 3228 2145 3237 ‘
2207 3223 2286 3280 los
2310 3224 2522 3279 videtur
2551 3224 2789 3295 incipere
2817 3242 3250 3295 commemorans
3291 3230 3358 3284 de
3382 3230 3670 3303 Evangelii
3698 3248 3781 3287 ve-

2205 3314 2385 3379 ritate,
2424 3315 2617 3370 deinde
2638 3331 2735 3369 sua
2765 3316 2908 3371 inter
2944 3333 3043 3373 nos
3069 3319 3320 3388 prudenti
3352 3324 3783 3378 conversatione.

2205 3406 2273 3462 In
2301 3407 2441 3461 dolo.
2471 3407 2649 3462 Etiam
2676 3410 2880 3467 veritas
2920 3419 3006 3465 est
3045 3412 3099 3464 in
3139 3411 3261 3466 dolo
3290 3412 3507 3481 quando
3536 3431 3652 3469 non
3696 3429 3785 3486 pro

2204 3512 2389 3552 amore
2412 3497 2658 3553 veritatis
2708 3508 2764 3554 et
2808 3499 3039 3554 utilitate
3074 3501 3382 3555 auditorum
3433 3504 3788 3573 praedicatur,

2206 3589 2299 3644 sed
2324 3599 2383 3643 ut
2406 3588 2576 3660 gloria
2605 3591 2689 3646 vcl
2716 3592 2861 3646 aliud
2891 3592 3099 3647 lucrum
3131 3595 3468 3664 acquiratur.

2275 3680 2439 3736 Vens.
2478 3682 2533 3736 4.
2558 3713 2628 3723 -
2663 3682 2787 3737 Νοη
2826 3687 2981 3755 quasi
3014 3687 3310 3740 hominibus
3357 3687 3655 3758 placentes.
3684 3689 3791 3746 Hoc

2205 3771 2309 3827 nisi
2347 3773 2460 3842 ipse
2500 3784 2754 3843 operetur
2799 3774 2850 3828 in
2882 3777 3058 3840 nobis,
3090 3777 3264 3832 vitare
3305 3780 3626 3848 nequimus.
3654 3781 3792 3850 Quas

2205 3863 2348 3917 enim
2373 3863 2519 3917 vires
2543 3865 2772 3918 nocendi
2800 3865 3001 3921 habeat
3031 3867 3278 3922 humana:
3296 3868 3482 3938 gloria:
3501 3886 3670 3927 amor
3695 3888 3793 3927 non

2207 3952 2394 4016 sentit,
2426 3952 2530 4007 nisi
2558 3953 2651 4023 qui
2679 3955 2729 4009 ei
2761 3955 2961 4010 bellum
2992 3957 3246 4013 indixerit
3271 3976 3284 4012 :
3313 3960 3435 4028 quia
3464 3961 3512 4015 si
3535 3964 3793 4034 cuiquam

2208 4043 2366 4099 facile
2392 4053 2477 4100 est
2513 4045 2723 4100 laudem
2756 4062 2863 4101 non
2886 4063 3103 4118 cupere,
3136 4048 3261 4103 dum
3297 4063 3547 4121 negatur,
3580 4053 3793 4109 dillicile

2208 4146 2293 4191 est
2318 4146 2498 4191 tamen
2520 4152 2585 4193 ea
2616 4152 2721 4191 non
2744 4137 3001 4193 delectari
3028 4154 3153 4196 cum
3193 4139 3439 4196 offertur.

2279 4246 2445 4303 Vens.
2476 4247 2531 4302 5.
2559 4279 2629 4289 —
2659 4247 2859 4320 Neque.
2907 4249 2965 4304 ιη
3005 4250 3107 4306 hoc
3146 4253 3317 4324 tangit
3358 4254 3792 4327 pseudoaposto-

2208 4338 2308 4405 los,
2338 4340 2428 4409 qui
2456 4355 2515 4395 se
2541 4340 2717 4409 potius
2740 4356 2903 4409 quam
2933 4340 3027 4396 Dei
3065 4340 3369 4398 doctrinam
3405 4348 3794 4402 commendari

2134 4461 2185 4519 Β
2212 4429 2482 4519 volebant.
2506 4429 3024 4499 Apostolusautem,
3050 4428 3143 4503 qui
3167 4432 3392 4504 gloriam
3423 4450 3531 4489 non
3554 4437 3635 4491 ad
3669 4453 3787 4506 pm

2213 4534 2363 4583 scus,
2384 4518 2477 4574 sed
2508 4521 2561 4574 in
2594 4518 2776 4574 futuro
2797 4521 3093 4592 qumrebat,
3152 4539 3211 4578 se
3249 4524 3508 4579 humilem
3533 4524 3796 4590 faciebat,

2209 4619 2269 4665 ut
2308 4610 2405 4667 Dei
2451 4611 2762 4681 praedicatio
2813 4611 3168 4668 exaltaretur.
3222 4612 3292 4668 In
3340 4616 3648 4670 occasione.
3688 4617 3796 4671 Non

2210 4701 2333 4756 dico
2361 4701 2414 4755 in
2437 4702 2746 4768 avaritiam,
2775 4702 2871 4758 sed
2900 4719 2999 4759 nec
3024 4704 3128 4760 feci
3152 4705 3232 4759 vel
3256 4705 3389 4772 dixi,
3422 4706 3475 4761 in
3514 4723 3633 4776 quo
3658 4719 3799 4764 esset

2209 4794 2427 4849 occasio
2454 4795 2599 4848 avari
2610 4795 2713 4849 tite.
2745 4793 2873 4849 Inde
2892 4804 2996 4851 est.
3023 4796 3166 4852 Deus
3181 4800 3348 4866 testis,
3370 4800 3462 4870 qui
3485 4801 3649 4857 novit
3668 4818 3797 4857 cor:

2212 4883 2316 4938 hoc
2344 4884 2489 4939 enim
2517 4900 2623 4939 non
2658 4885 2731 4938 ita
2759 4894 2909 4957 patet
2932 4887 3260 4943 hominibus.

2282 4996 2446 5052 Vens.
2478 4996 2531 5049 7.
2555 5027 2627 5037 —
2660 4995 2942 5053 Possemus
2962 5000 3126 5067 vobis,
3157 5008 3264 5056 etc.
3292 4999 3564 5057 lntantum
3604 5014 3801 5075 gravat

2210 5087 2783 5158 pseudoapostolorum
2837 5104 3057 5145 causam
3105 5100 3165 5147 ut
3210 5108 3269 5147 se
3313 5094 3553 5150 abnuere
3602 5097 3801 5155 dicat.

2213 5193 2335 5232 cum
2366 5177 2555 5233 liceret
2577 5178 2651 5233 illi
2679 5179 2917 5236 subsidia
2937 5184 3215 5252 requirere
3235 5185 3304 5239 ad
3325 5187 3799 5255 comprimendum

2214 5270 2338 5325 illos
2365 5271 2562 5340 quibus
2588 5286 2690 5328 nec
2724 5271 2954 5329 facultas
2981 5284 3121 5342 erat,
3166 5291 3268 5333 nec
3309 5278 3485 5348 pudor
3510 5281 3799 5349 poscendi.

2214 5360 2540 5432 Apostolicaa
2583 5372 2763 5419 autem
2808 5366 3093 5433 potestatis
3128 5365 3367 5422 debitum
3408 5380 3569 5425 vocat
3626 5387 3800 5433 anu,

2215 5461 2434 5523 propter
2484 5457 2982 5525 pseudoapostolos,
3029 5458 3124 5528 qui
3170 5458 3299 5515 illud
3348 5460 3585 5515 indebite
3631 5477 3803 5516 usur-

2214 5559 2249 5616 p
2286 5553 2403 5601 ntes
2430 5546 2734 5613 importune
2777 5563 2804 5600 a
2836 5548 3081 5618 plebibus
3107 5550 3413 5621 exigebant.
3449 5544 3618 5604 Filios
3648 5568 3797 5605 nos.

2215 5637 2435 5692 Alienos
2459 5637 2597 5693 filios
2623 5639 2947 5710 quandoque
2976 5642 3143 5695 nutrit
3169 5642 3365 5698 mulier
3391 5657 3491 5712 pro
3516 5642 3799 5705 mercede,

2219 5746 2325 5786 non
2353 5747 2414 5790 ex
2445 5746 2628 5785 amore
2658 5750 2671 5762 ·
2699 5732 2945 5803 proprios
2977 5748 3124 5799 vero,
3156 5748 3218 5788 ex
3247 5734 3550 5790 dilectione.
