3948 6314
204 282 294 344 617

1070 264 1341 326 GLOSSA
1382 262 1778 324 OBDINARIA.
1819 295 1889 304 —
1925 261 2143 320 EPIST.
2183 263 2203 318 1
2242 262 2334 318 ΑΙ)
2369 259 2610 318 THESS.

3328 270 3430 321 618

273 394 418 449 Vens.
467 385 554 441 12.
593 413 661 424 -—
703 379 938 446 Vocavit,
981 379 1263 435 vocatione
1288 394 1407 448 qua:
1443 385 1528 432 est
1560 393 1752 432 secun-
1779 378 1827 437 Α
1856 375 1973 429 stis.
2002 373 2070 428 Ut
2103 376 2374 429 abundetis
2397 377 2586 446 niagis.
2613 373 2724 430 Hoc
2748 390 2850 430 non
2877 384 3116 431 mutatur
3141 375 3194 432 in
3213 370 3433 432 ordina-

214 488 324 542 dum
345 476 688 552 propositum.

274 573 422 628 Vens.
449 568 534 623 15.
565 596 634 606 -
669 563 818 617 Ideo.
855 558 991 630 Quia
1025 575 1123 616 vos
1147 557 1376 619 vocavit,
1407 556 1611 628 gratias
1643 555 1758 624 agi-

213 680 338 721 mus.
367 659 567 714 Vocavit
593 656 732 716 dico,
767 653 909 724 quod
941 653 1067 707 inde
1101 658 1347 720 apparet,
1377 649 1502 717 quia
1529 662 1625 701 vos
1649 646 1758 701 cito

209 763 260 811 et
275 749 486 808 ﬁrmiter
497 744 778 815 recepistis
790 743 1036 805 verbum,
1053 749 1158 795 etc.
1182 738 1406 792 Auditus
1438 736 1552 790 Dei.
1577 735 1633 790 Id
1654 742 1756 800 est,

211 843 340 916 quod
381 838 678 895 audivimus
706 852 738 890 a
773 837 905 898 Deo,
949 831 1035 888 vel
1086 831 1140 885 in
1179 845 1286 899 quo
1331 829 1548 883 auditur
1596 827 1756 882 Deus.

211 935 343 990 Sicut
369 940 440 985 est
469 929 677 984 verbum
724 926 843 980 Dei.
890 924 1064 979 Tanta
1095 922 1240 978 enim
1282 921 1564 976 devotione
1611 933 1763 974 rece-

210 1035 388 1099 perunt
413 1023 654 1086 verbum,
685 1029 745 1076 ut
763 1021 1060 1090 probarent
1087 1033 1146 1073 se
1171 1015 1500 1072 intellexisse
1529 1013 1623 1069 Dei
1645 1027 1764 1068 esse

208 1119 514 1175 doctrinam.
853 1166 855 1168 .

270 1209 422 1264 Vens.
454 1207 544 1261 14.
570 1234 642 1246 —-
681 1205 784 1259 Vos
803 1205 942 1260 enim
967 1205 1275 1266 imitatores,
1304 1209 1410 1256 etc.
1440 1198 1604 1253 Multa
1629 1197 1767 1252 dixit

201 1310 380 1359 contra
413 1297 620 1368 pseudo
649 1315 661 1351 :
684 1295 796 1364 jam
827 1311 895 1350 ne
924 1310 1022 1366 pro
1049 1309 1147 1349 sua
1171 1292 1257 1348 vel
1283 1291 1650 1362 apostolorum
1673 1288 1767 1342 tri-

202 1391 461 1448 bulatione
489 1394 832 1451 moveantur,
861 1385 1133 1440 hortatur.

275 1483 424 1536 Vens.
456 1478 547 1533 16.
569 1508 642 1518 —
674 1476 932 1532 Pervenit.
994 1477 1120 1530 Ideo
1154 1489 1370 1544 semper
1396 1471 1622 1543 implent
1646 1485 1772 1540 pee-

201 1581 342 1636 cata,
363 1569 491 1640 quia
516 1569 598 1622 ira
625 1568 720 1623 Dei
753 1567 1006 1637 pervenit
1030 1574 1092 1620 ut
1119 1573 1482 1621 excmeentur.
1517 1561 1692 1632 Usque
1717 1562 1772 1614 in

197 1661 369 1730 ﬁnem.
401 1658 542 1726 Quia
568 1659 625 1714 in
671 1658 778 1712 ﬁne
809 1657 991 1713 saeculi
1029 1664 1419 1713 convertentur
1444 1652 1612 1709 Judtei
1640 1668 1774 1707 non-

199 1749 343 1804 nulli.

267 1839 391 1907 Ore,
420 1849 658 1911 aspectu,
683 1846 792 1895 etc.
836 1837 910 1894 Os
934 1845 988 1894 et
1017 1843 1270 1907 aspectus
1296 1834 1601 1898 cessabant,
1645 1831 1772 1901 quia

197 1949 374 1991 coram
392 1933 600 2003 alloqui
634 1948 740 1988 non
763 1939 978 2002 poterat
1003 1930 1324 2000 Apostolus;
1352 1927 1446 1983 sed
1473 1942 1569 1981 cor
1595 1933 1650 1980 et
1670 1923 1775 1980 sol-

199 2026 412 2084 licitudo
437 2041 550 2080 non
580 2025 830 2095 quiescit.

262 2116 430 2171 Vens.
492 2114 581 2170 18.
614 2145 686 2154 —
724 2114 830 2170 Sed
860 2113 1144 2185 impedivit.
1170 2112 1324 2180 Quod
1355 2112 1497 2167 Deus
1529 2109 1777 2180 impediri

195 2207 531 2278 permiserit,
575 2207 644 2262 ad
672 2206 931 2275 majorem
961 2220 1218 2261 coronam
1243 2205 1468 2258 istorum
1509 2209 1612 2266 est,
1653 2200 1778 2270 quia

193 2307 464 2355 steterunt
492 2313 560 2354 eo
582 2299 825 2354 absente.

261 2391 432 2448 Vens.
483 2390 565 2447 l9.
605 2420 677 2431 —
707 2388 838 2455 Quae
887 2399 986 2456 est,
1023 2398 1130 2444 etc.
1177 2387 1417 2460 (Cenes)
1473 2387 1672 2455 Quanti
1698 2393 1784 2440 est

192 2480 296 2537 hoc
315 2481 574 2536 ardoris?
594 2481 879 2552 Nunquam
904 2490 1059 2551 pater
1079 2490 1132 2536 et
1153 2489 1328 2534 mater
1351 2480 1394 2534 si
1423 2477 1581 2534 simul
1602 2485 1785 2532 essent

196 2573 507 2644 congressi,
538 2581 595 2627 et
619 2587 776 2627 suum
811 2572 1156 2626 miscuissent
1180 2570 1532 2634 desiderium,
1576 2567 1782 2637 potuis-

189 2673 316 2718 sent
345 2664 642 2719 ostendere
672 2679 830 2718 suum
869 2663 1197 2719 desiderium
1247 2679 1313 2717 ex
1357 2657 1537 2731 mquo’
1557 2675 1786 2730 respon-

191 2756 330 2811 dens
351 2753 546 2809 Paulo.
580 2754 772 2826 Magis,
800 2753 998 2822 inquit,
1025 2753 1236 2808 exsulto
1257 2762 1478 2822 pr0pter
1502 2765 1597 2804 vos
1623 2763 1785 2818 quam

185 2859 425 2920 propter
455 2865 733 2904 coronam.
764 2848 949 2920 Cogita
976 2863 1105 2916 ergo
1130 2855 1390 2917 quantum
1418 2844 1491 2899 sit
1519 2845 1784 2913 integram

187 2942 398 2995 adesse
427 2938 726 2994 Ecclesiam
750 2953 871 3006 quae
898 2953 929 2992 a
957 2936 1127 2991 Paulo
1162 2936 1262 2989 fuit
1299 2934 1566 3005 plantata,
1595 2939 1650 2986 et
1676 2929 1789 3002 egit

184 3032 439 3087 radices.

259 3124 378 3175 Aut
408 3137 608 3175 corona
633 3121 834 3192 glorise.
869 3121 927 3176 Si
965 3121 1126 3176 modo
1157 3119 1348 3190 gloria,
1371 3118 1501 3187 quid
1523 3117 1663 3186 apud
1689 3130 1785 3169 ve-
1813 3095 1860 3157 (ἶ

182 3226 318 3266 rum
331 3209 360 3279 -j
371 3209 592 3264 udicem
611 3210 635 3263 ?

821 3300 1047 3356 CAPUT
1093 3298 1179 3353 111.

263 3459 453 3516 Vens.
485 3458 540 3512 2.
558 3489 630 3498 ο·-
649 3458 731 3511 Ad
762 3456 1152 3526 conﬁrmandos
1173 3472 1277 3510 vos.
1303 3455 1532 3526 Propter
1556 3454 1660 3508 hoc
1680 3452 1794 3523 ipse

187 3554 396 3608 venire
430 3550 860 3606 desideraverat.

211 3711 224 3724 .
260 3643 452 3698 Vens.
483 3642 536 3706 6,
563 3642 614 3695 7.
643 3671 712 3682 —-—
752 3641 900 3696 Sicut
943 3657 1036 3695 nos
1074 3656 1279 3712 quoque
1313 3655 1402 3692 vos
1431 3652 1450 3690 ε
1475 3638 1611 3692 ideo.
1657 3636 1794 3704 Quia

183 3735 312 3790 haec
347 3730 728 3796 annuntiavit,
752 3745 858 3786 non
901 3745 1000 3801 pro
1048 3729 1165 3798 ejus
1195 3728 1504 3800 prmsentia,
1534 3726 1796 3782 consolati

179 3837 412 3879 sumus.
1501 3868 1506 3874 ,

257 3913 448 3969 Vens.
489 3911 542 3965 9.
605 3942 639 3952 -
668 3911 839 3977 Quam
877 3913 1015 3967 enim
1045 3911 1359 3982 gratiarum,
1388 3917 1492 3965 etc.
1535 3907 1678 3963 Nihil
1713 3915 1795 3964 est

180 4007 343 4062 enim
376 4015 506 4060 tam
527 4003 768 4072 dignum,
807 4003 951 4073 quod
983 4001 1229 4058 suﬁicere
1256 4000 1427 4072 possit
1453 4003 1521 4054 ad
1544 4015 1798 4069 compen-

178 4099 486 4153 sationem
516 4095 794 4164 acquisita:
828 4095 1016 4149 salutis
1041 4095 1299 4164 gentium.

255 4189 449 4244 Vens.
490 4186 577 4240 13.
602 4215 672 4224 —
703 4184 830 4240 Sine
867 4184 1098 4256 querela.
1131 4183 1208 4239 Ne
1239 4199 1336 4238 vos
1378 4183 1446 4238 de
1489 4181 1646 4256 malis
1673 4197 1800 4236 eon-

177 4277 548 4350 queramini,
580 4276 663 4330 vel
695 4276 767 4329 ita
789 4276 911 4330 sitis
935 4277 1264 4338 innocentes,
1295 4290 1362 4329 ne
1400 4273 1523 4345 quis
1553 4274 1618 4327 de
1649 4270 1800 4326 vobis

176 4371 377 4441 possit
401 4368 697 4438 conqueri,
739 4377 794 4422 et
827 4376 886 4421 ut
930 4368 1050 4422 sitis
1097 4369 1282 4422 etiam.
1318 4366 1387 4420 In
1418 4365 1714 4421 sanctitate.
1743 4363 1798 4418 ld

1862 467 2005 522 tione
2029 468 2239 522 litterae.

1932 559 2098 614 Vens.
2149 559 2202 613 2.
2247 590 2318 599 -—
2379 558 2540 614 Scitis
2580 561 2717 614 enim
2758 576 2876 629 qum
2913 570 3190 629 pra'cepta.
3227 559 3434 630 (litt-2n.)

1862 651 2235 706 Sanctiﬁcatio
2281 651 2349 724 ab
2396 651 2541 706 omni
2592 653 2980 707 ineontinentia
3032 663 3250 707 revocat
3277 653 3435 708 Chri-

1861 742 2256 822 stianumncui
2334 742 2689 797 incontinenti
2746 759 2852 798 non
2921 744 3137 814 expedit
3190 755 3438 799 sanctum

1862 831 2062 887 Christi
2087 847 2284 900 corpus
2307 833 2594 902 attingere,
2639 833 2873 888 maxime
2914 849 3037 887 cum
3095 833 3303 907 Moyses
3345 833 3440 889 Ju-

1863 925 2010 980 daaos
2058 923 2397 979 sanctilieare
2425 923 2634 988 volens,
2667 924 2923 994 populum
2955 933 3123 979 totum
3173 927 3241 981 ab
3289 927 3439 981 omni

1863 1019 2062 1076 femina
2083 1033 2141 1073 se
2169 1018 2446 1073 continere
2467 1018 2740 1088 przrcepit,
2774 1025 2833 1071 ut
2855 1017 2945 1072 Dei
2967 1019 3126 1087 potiri
3155 1021 3443 1088 praesentia

1864 1117 2224 1167 mererentur.

1937 1205 2102 1258 Vens.
2129 1201 2271 1254 4.-
2309 1198 2413 1253 Vas
2442 1215 2615 1252 suum.
2668 1197 2726 1252 id
2768 1206 2854 1253 est
2893 1214 3139 1262 uxorem,
3170 1201 3446 1270 possideat

1868 1293 2192 1350 dominando
2217 1292 2290 1357 ei,
2323 1300 2377 1346 et
2400 1293 2521 1353 hoc,
2552 1290 2619 1344 In
2647 1289 3084 1358 sanctiﬁcatione,
3125 1292 3446 1348 abstinendo

1869 1388 1923 1442 in
1969 1385 2124 1441 festis
2157 1400 2189 1439 a
2238 1383 2406 1447 coitu,
2449 1381 2682 1436 Honore.
2731 1380 2847 1436 Non
2897 1383 3126 1452 turpiter
3175 1383 3446 1440 abutendo

1870 1493 1956 1533 ea.

1942 1568 2107 1624 Vens.
2135 1568 2192 1623 8.
2227 1597 2298 1608 —
2337 1565 2441 1632 Qui
2481 1567 2639 1620 etiam
2673 1564 2834 1628 dedit,
2886 1573 2995 1619 etc.
3033 1564 3116 1618 Ad
3158 1566 3275 1620 haec
3319 1579 3445 1635 per-

1873 1660 2082 1730 agenda
2109 1658 2259 1714 dedit
2292 1657 2447 1713 vobis
2487 1642 2761 1726 spiritum,
2802 1671 2870 1710 ne
2899 1670 3028 1725 ergo
3053 1665 3258 1710 tantum
3288 1655 3448 1725 adju-

1802 1738 1848 1797 Β
1878 1759 2050 1806 torem
2075 1749 2363 1820 spernatis,
2391 1747 2482 1818 qui
2504 1747 2558 1801 in
2579 1761 2806 1817 corpore
2831 1747 3049 1802 subdito
3079 1749 3318 1818 peccatis
3341 1751 3451 1803 nun

1875 1841 2103 1896 habitat.
2136 1839 2230 1894 Vel
2256 1839 2412 1894 nobis
2436 1837 2713 1909 apostolis,
2753 1847 2814 1892 ut
2847 1837 3018 1906 major
3045 1848 3191 1894 esset
3215 1839 3452 1895 auctori-

1875 1943 1960 1989 tas
1985 1932 2314 2003 praedicandi
2331 1939 2388 1985 et
2413 1929 2694 2001 arguendi.

1945 2027 2210 2097 Rogamus
2233 2033 2409 2086 autem
2435 2040 2522 2077 vos
2549 2022 2758 2090 fratres,
2783 2031 2888 2076 etc.
2928 2021 3043 2076 Non
3065 2032 3149 2077 est
3174 2024 3452 2092 praedictis

1877 2118 2087 2188 legibus
2107 2114 2383 2170 contraria
2423 2112 2754 2168 exhortatio.
2787 2111 2999 2165 Etenim
3049 2113 3354 2178 accidebat,
3398 2123 3460 2169 ut

1879 2208 1970 2264 alii
1997 2207 2215 2277 quidem
2243 2203 2539 2259 liberaliter
2567 2202 2978 2273 suppeditarent
3005 2205 3321 2272 egentibus,
3365 2205 3457 2260 alii

1878 2315 2009 2355 vero
2046 2305 2268 2368 pr0pter
2315 2312 2502 2352 eorum
2533 2295 2983 2360 muniﬁcentiam,
3032 2297 3247 2364 operari
3285 2298 3458 2367 negli-

1881 2399 2089 2464 gerent.
2117 2389 2246 2444 iure
2274 2402 2405 2459 ergo
2433 2395 2489 2442 et
2512 2387 2632 2442 illos
2661 2387 2922 2451 laudavit,
2955 2395 3012 2440 et
3035 2387 3119 2443 his
3146 2387 3294 2443 dedit
3330 2390 3462 2446 utile

1881 2482 2190 2540 consilium.

1956 2592 2120 2648 Vens.
2150 2593 2236 2647 11.
2262 2622 2334 2632 —
2361 2590 2588 2662 Operam
2615 2591 2768 2646 detis.
2801 2591 2965 2658 Quasi
2998 2592 3143 2647 dicat
3173 2611 3186 2646 :
3234 2592 3464 2649 Dilﬁcile

1884 2693 1968 2741 est
1991 2684 2263 2738 dimittere
2285 2681 2750 2746 consuetudinem,
2785 2681 2876 2736 sed
2904 2682 3080 2752 cogite
3099 2697 3214 2737 vos.
3244 2681 3313 2736 Et
3340 2701 3462 2755 ope-

1885 2777 2071 2832 remini
2100 2775 2363 2830 manibus.
2387 2775 2536 2846 Opus
2563 2773 2833 2844 agendum
2867 2784 2970 2838 est,
3001 2790 3108 2830 non
3138 2776 3416 2831 otiandum
3446 2796 3458 2830 :

1884 2870 2010 2941 quia
2036 2876 2092 2924 et
2117 2867 2403 2922 honestum
2442 2873 2548 2930 est,
2578 2873 2649 2930 et,
2669 2865 2824 2934 quasi
2864 2865 2954 2920 lux
2993 2867 3060 2920 ad
3104 2866 3368 2931 inﬁdeles,
3409 2878 3469 2922 et

1885 2973 1990 3012 non
2021 2954 2397 3012 de~iderabitis
2449 2968 2564 3009 rem
2612 2954 2856 3022 alterius,
2894 2954 3089 3010 nedum
3136 2957 3336 3026 rogetis
3377 2957 3463 3009 vel

1888 3047 2109 3103 tollatis.

1962 3140 2124 3195 Vens.
2157 3140 2244 3193 12.
2270 3169 2337 3180 --
2367 3139 2629 3192 Nolumus
2657 3150 2851 3193 autem.
2880 3140 3007 3196 Post
3029 3142 3466 3198 exhortationem

1891 3233 1957 3285 de
1998 3229 2351 3294 continentia,
2386 3237 2442 3284 et
2480 3237 2604 3298 post
2627 3231 3020 3286 correctionem
3067 3248 3096 3285 a
3127 3233 3466 3298 curiositate,

1890 3330 2136 3377 mortuos
2161 3327 2565 3374 resurrecturos
2587 3320 2889 3385 conﬁrmat,
2933 3333 2989 3376 et
3019 3337 3116 3392 per
3152 3324 3354 3378 Christi
3383 3339 3469 3380 re-

1891 3413 2304 3478 surrectionem,
2331 3420 2386 3466 et
2413 3427 2512 3466 sua
2533 3414 2879 3469 auctoritate.

1964 3527 2130 3579 Vens.
2161 3525 2248 3581 13.
2283 3555 2354 3566 -—-
2393 3524 2500 3579 Per
2525 3525 2704 3579 Jesum
2733 3519 2956 3582 adducet
2980 3546 3098 3582 cum
3128 3547 3208 3584 eo.
3244 3528 3472 3600 Semper

1894 3625 2104 3680 euntes,
2147 3629 2270 3670 eum
2302 3616 2576 3685 sequendo
2601 3626 2867 3672 venerunt
2891 3620 2958 3673 ad
2986 3635 3231 3675 somnum
3257 3624 3470 3688 mortis,

1891 3709 2035 3763 unde
2082 3716 2138 3764 et
2183 3708 2238 3762 in
2293 3708 2400 3782 alia
2451 3708 2708 3764 scribitur
2748 3708 2987 3780 Epistola
3023 3728 3035 3764 :
3079 3710 3193 3766 Nos
3227 3713 3317 3783 qui
3346 3714 3473 3768 uivi-

1893 3816 2029 3854 ηιιιε.

1966 3892 2133 3946 Vens.
2153 3891 2310 3945 14.—
2336 3890 2464 3947 Eos.
2496 3891 2613 3947 Non
2645 3892 2817 3946 solum
2839 3908 2931 3947 eos
2946 3895 3036 3962 qui
3072 3895 3175 3948 vivi
3204 3895 3478 3952 invenien-

1899 3983 2108 4047 tur,sed
2137 3989 2191 4037 et
2213 3992 2476 4047 mortuos,
2501 3983 2568 4037 de
2596 3984 2793 4052 quibus
2817 3983 3096 4038 dubitatis.
3128 3984 3231 4050 Qui
3252 3987 3480 4042 dormie-

1899 4084 2042 4126 runt.
2061 4072 2335 4128 Cbristum
2358 4074 2490 4128 dicit
2514 4084 2807 4138 mortuum,
2830 4076 3014 4131 ﬁdeles
3039 4076 3392 4141 dormientes.
3419 4091 3481 4135 ut

1900 4163 2071 4233 magis
2101 4163 2326 4218 credant
2353 4163 2804 4220 resurrectionem
2836 4181 2848 4217 :
2882 4165 3156 4220 Christum
3203 4177 3481 4225 mortuum

1901 4255 2158 4326 appellat,
2197 4262 2258 4308 ut
2306 4257 2431 4310 dum
2480 4255 2789 4310 audivimus
2820 4255 2967 4310 illum
3000 4266 3272 4312 mortuum
3317 4258 3486 4314 fuisse

1901 4357 1958 4401 et
1993 4348 2380 4410 resurrexisse,
2411 4358 2509 4400 nos
2532 4361 2749 4416 quoque
2777 4360 3056 4416 speremus
3082 4357 3486 4404 resurrecturos

176 4437 270 4518 est
299 4502 316 4525 ,
370 4461 653 4514 virtutum
684 4460 1147 4513 consummatione
1192 4473 1290 4528 per
1329 4457 1433 4512 hoc
1475 4456 1800 4512 e‘xsistentes
1827 4438 1878 4497 D
1905 4452 2000 4509 Per
2025 4438 2279 4493 Vin“le
2309 4437 2609 4493 (Ῐίνίηίῑθῑίε
2638 4438 2774 4507 eius-

178 4563 320 4609 ante
348 4553 566 4616 Deum,
604 4564 710 4605 non
746 4549 814 4605 ad
837 4557 1086 4620 aspectus
1113 4550 1413 4604 hominum.

832 4701 1060 4758 CAPUT
1096 4699 1183 4757 IV.

260 4859 466 4915 Vens.
502 4856 555 4909 1.
585 4884 654 4896 -—
691 4853 768 4908 De
796 4862 1003 4908 caetero.
1037 4851 1308 4907 Hactenus
1335 4850 1652 4921 patientiam
1680 4863 1808 4920 per-

178 4956 372 5013 tectis
400 4954 469 5008 in
495 4966 592 5007 sua
618 4949 702 5004 vel
739 4951 793 5004 in
821 4949 1037 5004 illorum
1069 4948 1412 5004 tribulatione
1442 4947 1635 5012 suasit,
1666 4961 1812 5001 nunc

175 5045 537 5104 minoribus
581 5043 648 5098 de
693 5025 957 5096 munditia
1005 5039 1220 5103 suadet,
1269 5039 1568 5094 exhortans
1619 5053 1714 5093 eos
1743 5038 1810 5092 ad

178 5134 643 5194 continentiam.
679 5131 1154 5202 Quemadmodum.
1207 5131 1489 5187 Audiendo
1530 5141 1586 5187 et
1627 5131 1819 5186 intelli-

175 5229 393 5302 gendo
427 5244 469 5280 a
499 5225 668 5287 nobis,
700 5223 753 5279 id
781 5233 863 5278 est
893 5242 923 5278 a
953 5238 1040 5278 me
1069 5232 1124 5278 et
1155 5221 1396 5277 Silvano.
1430 5221 1704 5286 Quomodo
1727 5237 1816 5275 vos

178 5324 475 5385 oporteat
499 5313 795 5380 ambulare,
827 5323 958 5378 etc.,
987 5314 1063 5368 sic
1102 5323 1151 5367 et
1176 5312 1472 5374 ambuletis,
1508 5321 1655 5369 recte
1682 5328 1816 5366 con-

172 5407 527 5466 versando.
557 5407 627 5460 Et
655 5406 861 5477 placere
885 5405 1018 5460 Deo.
1059 5405 1151 5460 Ille
1177 5405 1353 5475 placet
1378 5404 1508 5470 Deo,
1542 5405 1632 5473 qui
1659 5404 1817 5458 ﬁdem

177 5513 440 5558 rectam
491 5515 652 5569 quam
699 5499 882 5562 habet,
925 5499 1274 5557 exsecutione
1308 5497 1564 5551 virtutum
1597 5504 1653 5550 et
1697 5511 1820 5567 per:

174 5594 371 5650 {cetere
435 5589 771 5658 operationis
824 5587 1067 5644 decorat.
1130 5585 1220 5642 Sic
1268 5598 1318 5642 et
1368 5586 1662 5640 ambuletis.
1725 5587 1820 5641 Est

171 5684 345 5738 ordo
377 5698 396 5736 :
437 5695 697 5752 rogamus
735 5688 795 5733 ut
819 5677 1106 5752 ambuletis
1131 5677 1586 5748 quemadmodum
1610 5679 1822 5750 accepi-

644 5772 918 5833 ΡΑτιιοι..
965 5769 1192 5831 CXIV.

1981 4551 2144 4608 Vens.
2173 4552 2258 4607 15.
2293 4584 2358 4592 —
2397 4550 2662 4618 Quoniam
2709 4554 2818 4624 ipse
2847 4552 3126 4608 Dominus.
3168 4552 3228 4609 In
3266 4553 3488 4625 propria

1910 4661 2160 4719 persona.
2568 4651 2570 4654 ’

1985 4759 2054 4814 In
2080 4759 2204 4812 tuba
2238 4758 2352 4814 Dei.
2389 4758 2671 4831 (Ausum)
2698 4757 2824 4814 Haec
2845 4761 2971 4814 tuba
3001 4775 3191 4815 omnes
3236 4762 3497 4817 excitabit

1917 4861 1972 4907 et
2019 4851 2270 4907 inimicos
2323 4853 2565 4917 terrebit,
2611 4868 2738 4908 suos
2782 4853 2849 4906 ad
2884 4852 3082 4907 bellum
3129 4854 3401 4919 invitabit,
3439 4865 3498 4910 ut

1919 4952 2224 5015 expugnent
2245 4944 2606 5008 adversarios,
2655 4953 2711 4998 et
2750 4942 3010 5014 effugiant
3053 4959 3082 4997 a
3118 4943 3256 5000 faeie
3285 4946 3497 5001 Domini

1921 5044 2083 5104 atque
2111 5036 2397 5090 mittantur
2427 5035 2480 5088 in
2519 5035 2840 5105 gehennam.
2870 5034 2938 5088 Et
2966 5035 3160 5088 iterum
3187 5035 3331 5090 sicut
3369 5037 3498 5091 tuba

1922 5125 2192 5195 quondam
2238 5126 2293 5180 in
2353 5124 2506 5179 festis
2553 5125 2885 5179 convocabat
2942 5125 3196 5195 populum
3249 5127 3502 5182 Hebraeo-

1926 5238 2044 5277 rum
2095 5237 2110 5275 :
2157 5221 2236 5276 sic
2289 5222 2405 5276 haec
2450 5221 2575 5274 tuba
2607 5217 2925 5277 convecabit
2976 5223 3043 5278 ad
3101 5224 3500 5279 solemnitatem

1925 5323 2142 5370 aeterna;
2191 5313 2391 5368 laetitiae
2444 5313 2698 5384 populum
2747 5309 3062 5370 sanctorum
3123 5317 3254 5378 Deo,
3303 5317 3500 5386 inquit,

1921 5407 2145 5478 iubente
2193 5414 2248 5460 et
2304 5421 2437 5460 voce
2493 5406 2802 5476 archangeli
2866 5416 3030 5477 atque
3083 5407 3209 5463 tuba
3260 5409 3351 5462 Dei
3415 5423 3504 5462 so-

1927 5506 2108 5551 nante.
2143 5497 2450 5550 Descendet.
2482 5495 2598 5552 Non
2634 5497 2852 5557 humilis
2883 5508 2942 5553 ut
2970 5500 3144 5569 prius,
3175 5499 3268 5554 sed
3307 5499 3504 5568 jubens

1927 5607 2081 5655 voce,
2112 5590 2195 5646 vel
2242 5591 2325 5646 sui
2373 5591 2544 5661 ipsius
2590 5591 2674 5646 vel
2705 5592 3034 5662 archangeli,
3067 5592 3151 5646 vel
3192 5591 3503 5662 angelorum

1929 5698 2036 5754 qua
2058 5681 2220 5738 faciet
2248 5697 2532 5755 resurgere
2564 5691 2803 5740 mortuos
2831 5699 2951 5755 qua:
2983 5683 3181 5737 dicitur
3210 5683 3356 5746 tuba,
3380 5686 3505 5752 quia

2959 5776 3037 5838 20
