3948 6314
481 285 594 342 819

987 279 1378 338 WALAFRIDI
1419 277 1664 336 STRADI
1703 277 1906 334 FULD.
1949 275 2112 332 MON.
2153 273 2304 330 OPI‘.
2348 274 2526 331 PARS
2564 275 2603 330 I.
2639 306 2710 316 —
2748 275 3204 335 THEOLOGICA.

3653 280 3752 336 620

479 376 796 463 manifesta,
811 393 906 450 evel
933 392 1085 464 quasi
1106 391 1172 445 ad
1197 389 1418 456 bellum,
1449 405 1569 460 quae
1603 391 1706 448 erit
1730 391 1824 446 Dei
1853 400 1908 447 et
1931 391 2080 446 Chri-
2109 397 2158 454 Α
2257 389 2417 446 Vens.
2467 391 2638 446 152—
2663 391 2865 447 Malum
2900 411 2995 463 pro
3022 395 3183 449 malo.
3231 394 3382 450 Tunc
3422 395 3617 452 malum
3664 412 3757 468 pro

469 489 573 553 isti,
605 485 690 543 cui
713 486 855 540 Deus
888 483 1038 539 dabit
1066 480 1381 537 ellicaciam.

549 577 715 632 Vens.
750 575 836 630 16.
854 604 922 614 —
947 573 1015 626 In
1043 573 1288 626 nubibus.
1317 572 1453 640 Quia
1478 572 1649 628 nubes
1674 573 1931 642 suscipiet
1951 586 2064 636 eos,

467 675 540 721 ‘nt
566 665 846 722 Christum
881 664 936 718 in
987 663 1308 718 ascensione
1350 665 1612 734 suscepit,
1660 663 1803 718 unde
1825 661 1962 717 alius
1992 663 2070 716 in-

482 767 694 830 terpres
720 757 850 813 dicit
883 773 896 810 :
934 754 1145 826 Bajulis
1176 755 1423 809 nubibus.

1112 845 1340 902 CAPUT
1380 845 1444 901 V.

555 941 719 997 Vens.
762 941 813 994 l.
869 969 941 980 ——
976 939 1054 993 De
1100 939 1436 1009 temporibus.
1479 937 1535 993 Id
1563 947 1644 993 est
1670 952 1737 995 an
1761 945 1967 1003 aestate,
2000 951 2071 990 an

483 1031 698 1097 hieme,
728 1045 796 1084 an
826 1029 912 1084 die
949 1027 1035 1083 vel
1064 1037 1244 1083 nocte.
1280 1027 1345 1081 Et
1373 1028 1665 1082 momentis.
1693 1025 1913 1082 Scilicet
1963 1040 2071 1096 qua

477 1123 618 1178 hora
639 1121 744 1176 diei
774 1119 860 1176 vel
883 1119 1058 1174 noctis
1079 1116 1338 1173 venturus
1358 1118 1429 1172 sit
1455 1117 1722 1172 Christus.

554 1210 722 1268 Vens.
771 1212 917 1266 2.-
945 1211 1069 1266 Dies
1101 1211 1336 1265 Domini.
1396 1209 1495 1264 llic
1525 1209 1640 1264 dies
1671 1218 1752 1264 est
1789 1208 2069 1264 hominum

473 1314 584 1375 τωο
606 1291 764 1358 libitu
804 1317 924 1368 suo,
962 1301 1059 1356 sed
1089 1309 1214 1355 tunc
1236 1300 1342 1354 erit
1365 1299 1483 1355 dies
1503 1298 1738 1354 Domini.
1775 1298 1925 1354 Sicut
1956 1297 2066 1367 fur.

483 1393 564 1448 Ita
588 1392 912 1464 improvisus
949 1391 1131 1447 veniet
1157 1391 1314 1446 malis
1354 1399 1503 1456 tunc,
1541 1389 1686 1459 quod
1723 1397 1779 1444 et
1825 1388 1878 1443 in
1918 1387 2070 1444 obitu

481 1485 748 1556 cujusque
773 1484 849 1538 lit.
880 1482 1034 1540 Sicut
1063 1483 1168 1549 fur,
1213 1499 1318 1537 non
1347 1483 1468 1538 dico
1505 1482 1593 1538 die
1619 1483 1712 1538 sed
1741 1490 1917 1547 nocte,
1947 1495 2070 1536 cum

487 1577 744 1634 latentius
788 1577 957 1643 venit,
995 1585 1049 1632 et
1095 1576 1345 1631 homines
1370 1575 1666 1640 dormiunt,
1722 1583 1851 1629 tunc
1891 1574 2070 1629 omnia

487 1667 758 1739 subripit:
788 1676 848 1722 ut
891 1668 981 1736 qui
1009 1665 1232 1720 divitem
1263 1679 1322 1720 se
1348 1665 1592 1736 putabat,
1641 1664 1902 1736 evigilans
1939 1664 2072 1718 nihil

2171 481 2312 536 malo
2340 483 2600 548 redditur,
2647 483 2692 538 si
2738 485 3116 555 corripiendus
3164 501 3272 541 non
3309 488 3618 557 corripitur,
3667 489 3758 543 sed

2171 588 2338 643 prava
2362 573 2795 630 dissimulatione
2823 577 3134 646 negligitur.
3183 577 3248 632 In
3278 595 3474 645 omnes,
3518 590 3624 635 etc.
3659 581 3755 636 Ge-

2172 663 2426 718 neraliter
2446 664 2512 718 ad
2533 679 2740 719 omnes.
2767 665 2897 720 Sine
2917 666 3320 723 intermissione.
3344 669 3398 725 Id
3424 680 3530 736 est,
3553 686 3757 741 semper

2166 751 2499 821 justevivite
2527 762 2583 808 et
2611 763 2814 810 aeterna
2860 756 3188 813 desiderate.
3247 757 3439 814 Justus
3484 775 3756 830 nunquam

2174 842 2369 898 desinit
2404 857 2582 909 orare,
2609 839 2711 900 nisi
2736 845 2949 901 desinat
2977 845 3159 916 justus
3182 863 3320 904 esse.
3369 849 3601 920 Semper
3647 861 3763 905 orat

2172 935 2265 1005 qui
2288 951 2502 1006 semper
2537 936 2676 993 bene
2713 939 2841 1010 agit.
2883 939 3064 1011 Ipsum
3106 941 3251 996 enim
3297 942 3630 998 desiderium
3675 943 3762 998 bo-

2173 1043 2321 1094 num,
2353 1030 2527 1085 oratio
2549 1037 2665 1096 est;
2705 1041 2760 1086 et
2813 1033 2858 1089 si
2905 1033 3224 1091 continuum
3269 1044 3354 1092 est
3393 1035 3757 1104 desiderium,
3814 1080 3817 1087 ς

2173 1117 2428 1172 continua
2459 1127 2542 1174 est
2570 1121 2766 1184 oratio.

2243 1206 2408 1262 Vens.
2441 1209 2523 1264 {8.
2549 1241 2622 1250 —
2648 1211 2716 1270 In
2743 1211 2972 1268 Christo.
2999 1214 3094 1270 Est
3118 1225 3333 1272 ostensa
3359 1217 3615 1276 voluntas
3655 1220 3761 1286 Dei,

2173 1297 2296 1366 quia
2323 1299 2437 1354 haec
2465 1298 2685 1356 fuerunt
2712 1303 2765 1357 in
2796 1302 3036 1371 Christo,
3064 1305 3120 1361 in
3147 1321 3254 1366 quo
3281 1308 3412 1362 nihil
3443 1309 3559 1365 Deo
3581 1311 3765 1382 displi-

2172 1389 2302 1444 cuit.
2325 1387 2581 1462 Spiritum
2604 1392 2782 1447 nolite.
2809 1393 2943 1461 Quia
2963 1395 3214 1452 voluntas
3232 1397 3328 1453 Dei
3352 1407 3438 1454 est
3458 1400 3647 1457 facere
3663 1408 3765 1456 hac

2172 1481 2374 1548 omnia,
2401 1498 2496 1539 vos
2522 1484 2755 1554 majores
2779 1487 2868 1556 qui
2910 1487 3122 1544 habetis
3170 1505 3269 1560 per
3315 1489 3587 1560 Spiritum
3644 1508 3762 1548 san-

2169 1585 2340 1641 ctum,
2374 1577 2572 1632 donum
2625 1578 3014 1650 intelligentiaa,
3041 1581 3206 1637 nolite
3241 1581 3370 1637 illud
3408 1585 3763 1649 abscondere,

2172 1679 2280 1733 quo
2306 1666 2499 1721 merito
2529 1678 2583 1721 et
2605 1681 2702 1723 vos
2727 1667 3048 1737 perderetis.
3079 1667 3190 1725 Vos
3219 1670 3419 1726 subditi
3456 1674 3766 1743 prophetias

485 1761 746 1816 inveniat.
778 1759 854 1814 Ita
881 1758 1036 1813 multi
1097 1759 1188 1813 hic
1239 1758 1380 1814 bene
1428 1757 1626 1823 securi,
1678 1757 1812 1811 nihil
1837 1757 1965 1812 boni
2009 1770 2068 1812 se
2099 1752 2146 1814 B
2177 1752 2390 1808 illorum
2416 1755 2580 1811 nolite
2604 1771 2881 1826 spernere,
2916 1766 3094 1814 tamen
3119 1775 3227 1815 non
3249 1760 3430 1815 omnia
3474 1761 3766 1820 indiscrete

483 1851 690 1906 habere
712 1859 836 1906 tunc
858 1849 1156 1905 invenient.
1201 1849 1430 1919 Propter
1464 1850 1568 1903 hoc
1598 1849 1821 1919 incocpit
1844 1849 1910 1904 de
1935 1859 2071 1904 tem-

483 1943 705 2014 poribus
719 1950 780 1997 ut
803 1950 1046 1996 moneret
1068 1956 1164 1997 eos
1193 1956 1388 1996 cavere
1413 1940 1542 2007 sibi,
1573 1955 1642 1996 ne
1663 1941 1738 1994 ita
1771 1940 2070 2010 deprehen-

483 2033 704 2087 dantur.

556 2124 724 2180 Vsns.
768 2124 822 2178 5.
861 2153 936 2165 —-
976 2121 1108 2178 Cum
1155 2123 1293 2177 enim
1338 2123 1589 2177 dixerint.
1638 2121 1773 2178 Nam
1821 2125 1962 2179 sicut
2016 2125 2070 2180 in

483 2215 666 2271 verbis
690 2214 929 2270 Danielis
959 2203 1233 2268 invenitur
1265 2231 1276 2267 :
1332 2213 1602 2284 Regnabit
1626 2213 1994 2270 Antichristus
2017 2224 2074 2270 et

484 2309 719 2364 ministri
739 2307 856 2377 ejus
881 2308 1053 2363 tribus
1074 2307 1230 2361 annis
1251 2315 1304 2361 et
1324 2306 1564 2370 dimidio,
1595 2314 1650 2361 et
1677 2306 2070 2362 interﬁcientur

486 2399 559 2454 ab
584 2399 674 2454 illo
706 2399 852 2453 Elias
887 2407 943 2453 et
968 2397 1180 2463 Enoch,
1211 2397 1353 2452 sicut
1379 2405 1436 2451 et
1473 2399 1528 2451 in
1555 2395 1877 2468 Apocalypsi
1905 2397 2071 2451 habe-

482 2497 611 2545 tur:
651 2489 718 2543 Et
761 2498 888 2544 tunc
939 2489 1043 2542 erit
1077 2487 1200 2543 talis
1245 2488 1543 2554 tribulatio,
1581 2488 1756 2558 qualis
1797 2497 1923 2543 ante
1961 2503 2067 2543 non

481 2579 606 2645 fuit,
652 2596 754 2636 nec
800 2588 921 2650 post
955 2580 1079 2634 erit.
1122 2577 1319 2634 Postea
1350 2578 1712 2635 interﬁcietur
1749 2595 1779 2633 a
1807 2579 2070 2635 Michaele

481 2688 606 2728 cum
631 2673 866 2726 maxima
894 2679 1047 2741 parte
1074 2686 1318 2726 suorum.

556 2765 720 2820 Vnus.
747 2764 801 2818 5.
836 2794 903 2804 —-
932 2762 1063 2816 Filii
1111 2761 1264 2816 lucis.
1321 2762 1481 2818 Fides
1539 2772 1624 2818 est
1674 2761 1765 2816 lux
1791 2777 1912 2832 quae
1942 2761 2071 2816 facit

483 2855 651 2919 diem,
696 2855 748 2908 id
793 2862 875 2908 est
924 2853 1170 2908 habitum
1221 2853 1516 2919 virtutum;
1560 2863 1781 2908 econtra
1833 2852 2069 2908 tenebrae

483 2957 614 3003 sunt
668 2946 980 3012 inﬁdelitas,
1016 2962 1121 3001 nox
1154 2946 1371 3001 habitus
1403 2947 1678 3001 vitiorum.
1713 2945 1838 3000 Non
1886 2963 2067 3001 sumus

483 3039 648 3093 noctis
672 3054 834 3108 neque
863 3037 1214 3102 tenebrarum,
1255 3045 1360 3090 etc.
1409 3035 1464 3090 ld
1486 3044 1589 3102 est,
1632 3036 1683 3090 in
1713 3034 2067 3105 praesentibus

2175 1843 2476 1914 accipiatis,
2508 1845 2600 1901 sed
2648 1846 2883 1917 probate,
2923 1849 2974 1904 id
2995 1857 3079 1904 est
3119 1851 3333 1907 ratione
3382 1852 3671 1921 discutitc,
3717 1866 3765 1910 et

2173 1935 2316 2002 quod
2355 1935 2552 1990 bonum
2579 1936 2856 1992 invenitur
2876 1947 3076 1995 tenete.
3106 1939 3364 2011 Spiritum
3388 1943 3556 1998 nolite
3577 1948 3767 2000 exstin-

2171 2043 2347 2098 guere,
2372 2027 2425 2082 id
2446 2036 2531 2082 est
2557 2047 2569 2082 :
2613 2027 2669 2083 Si
2695 2030 2782 2084 cui
2807 2031 3042 2101 Spiritus
3072 2041 3292 2088 sanctus
3322 2035 3391 2090 ad
3415 2051 3615 2092 aurem
3646 2039 3764 2108 quid

2173 2116 2398 2184 revelat,
2435 2117 2543 2173 noli
2567 2119 2858 2188 prohibere
2885 2121 3029 2192 loqui
3071 2124 3214 2193 quod
3257 2125 3444 2179 sentit.
3501 2126 3765 2199 Spiritum

2172 2218 2418 2266 sanctum
2446 2211 2538 2281 qui
2565 2212 2722 2267 datus
2756 2221 2844 2268 est
2893 2213 3068 2280 nobis,
3119 2230 3225 2270 non
3266 2225 3530 2286 quantum
3585 2219 3643 2273 in
3695 2235 3764 2282 se,

2171 2301 2264 2356 sed
2295 2301 2350 2356 in
2388 2301 2565 2368 nobis,
2629 2303 3053 2375 exstinguimus,
3105 2306 3232 2361 dum
3291 2307 3577 2377 peccando
3627 2310 3767 2381 luga-

2173 2407 2313 2447 mus.

2244 2484 2411 2539 Vnns.
2434 2483 2524 2538 25.
2547 2515 2616 2525 -—
2645 2485 2766 2556 Ipse
2787 2495 2960 2541 autem
2985 2487 3127 2542 Deus
3155 2490 3300 2558 pacis
3339 2490 3644 2558 sanctiﬁcat
3687 2507 3766 2548 ros

2169 2590 2263 2644 per
2289 2576 2622 2642 omnia,.etc.
2657 2576 2712 2632 Id
2739 2585 2844 2644 est,
2877 2593 2978 2648 ego
3006 2579 3080 2634 ita
3118 2580 3370 2650 praelatos
3413 2588 3470 2635 et
3518 2585 3767 2639 subditos

2169 2683 2384 2734 moneo,
2412 2669 2527 2739 ipse
2550 2678 2732 2726 autem
2756 2669 2900 2727 Deus
2928 2679 3012 2727 est
3038 2673 3130 2742 qui
3160 2681 3356 2743 potest.
3404 2673 3651 2745 Spiritus
3674 2693 3750 2730 res

2169 2768 2265 2814 ter.
2290 2760 2451 2815 Ratio
2472 2769 2719 2816 servetur
2740 2761 2971 2834 integra,
3001 2779 3108 2818 non
3157 2765 3554 2821 consentiendo
3597 2768 3762 2823 carui.

2175 2850 2239 2904 Et
2268 2852 2477 2906 Anima.
2508 2851 2566 2906 Id
2590 2861 2694 2918 est,
2729 2853 3054 2909 sensualitas
3092 2863 3338 2910 servetur
3378 2856 3624 2928 integra,
3658 2872 3770 2912 ser-

2168 2944 2363 3000 viendo
2393 2945 2609 3001 rationi.
2635 2943 2705 2999 Et
2727 2962 2937 3017 corpus.
2967 2945 3035 3001 Ut
3063 2947 3197 3002 nihil
3219 2948 3393 3018 agatis
3440 2949 3564 3019 ejus
3610 2951 3767 3006 mini-

2171 3039 2357 3093 sterio.
2389 3037 2540 3094 Unde
2558 3038 2753 3108 aliquis
2773 3047 3152 3108 conqueratur.
3183 3038 3494 3110 Aliquando
3516 3040 3767 3110 inquina-

480 3144 590 3183 non
636 3138 948 3197 torpeamus
969 3167 983 3193 ,
1015 3127 1109 3181 sed
1127 3125 1312 3197 vigilet
1344 3141 1498 3181 mens
1529 3125 1812 3180 attendens
1837 3125 1952 3189 hzec
1975 3139 2064 3179 ca-
2092 3118 2135 3180 C
2171 3138 2256 3183 tur
2285 3129 2462 3183 anima
2489 3143 2587 3199 per
2612 3129 2995 3199 cogitationem
3047 3128 3246 3183 malam
3275 3136 3331 3183 et
3379 3137 3469 3184 est
3505 3130 3770 3185 mundum

480 3221 645 3285 duca,
685 3230 738 3276 et
764 3221 943 3275 sobrie
975 3220 1060 3274 his
1082 3229 1321 3284 utamur,
1355 3235 1460 3274 non
1487 3219 1644 3289 quasi
1670 3219 1827 3274 bonis
1866 3217 2067 3272 nostris

480 3311 577 3366 sed
613 3311 680 3366 ad
706 3311 1152 3366 sustentationem
1185 3309 1345 3365 datis.
1380 3309 1521 3366 Vere
1573 3325 1672 3364 nos
1699 3309 1789 3379 qui
1823 3324 1930 3364 non
1971 3323 2065 3363 su-

482 3423 604 3461 mus
632 3407 809 3461 noctis
839 3420 946 3460 non
977 3405 1235 3459 debemus
1269 3403 1527 3459 dormire.
1560 3402 1695 3457 Nam
1728 3402 1820 3472 qui
1847 3400 2064 3468 dormit,

482 3505 705 3567 propter
733 3505 946 3551 noctem
971 3494 1189 3559 dormit,
1229 3493 1279 3547 id
1327 3501 1411 3548 est
1443 3493 1569 3546 vitia
1622 3501 1677 3546 et
1719 3499 1940 3562 peccata
1969 3504 2066 3544 sua

482 3597 768 3644 traxerunt
787 3602 880 3643 eos
903 3589 968 3642 ad
988 3587 1111 3652 hoc,
1135 3592 1193 3640 ut
1215 3585 1365 3640 obliti
1391 3586 1513 3640 vitae
1533 3593 1750 3640 aeterna
1770 3583 1824 3638 in
1849 3583 1968 3638 istis
1989 3597 2068 3638 re-

481 3679 786 3748 quiescant,
809 3685 865 3732 et
885 3675 977 3746 qui
1003 3675 1135 3731 ebrii
1160 3684 1306 3741 sunt,
1331 3675 1417 3731 his
1447 3676 1803 3731 immoderate
1830 3675 2062 3740 utendo;

479 3783 551 3824 ex
574 3776 729 3823 nocte
755 3767 1009 3821 vitiorum
1036 3766 1138 3821 hoc
1165 3767 1384 3821 habent.
1581 3749 1607 3786 ’

549 3845 739 3913 Induti
764 3857 1002 3923 loricam,
1025 3865 1132 3913 etc.
1168 3857 1319 3913 Sicut
1345 3857 1512 3914 lorica
1534 3857 1708 3911 munit
1727 3855 1932 3921 vitalia,
1991 3856 2066 3911 ita

477 3949 618 4005 Itides
653 3957 706 4004 et
750 3949 987 4004 charitas
1034 3965 1133 4006 nos
1186 3957 1376 4006 contra
1452 3949 1750 4020 appetitum
1813 3957 2062 4004 terreno-

481 4054 621 4094 rum.

553 4131 718 4188 Vens.
748 4131 834 4187 l3.
864 4160 932 4170 —
963 4129 1028 4185 Ut
1053 4131 1288 4186 habeatis
1341 4131 1478 4186 illos.
1518 4131 1834 4187 Necessaria
1865 4131 1943 4186 eis
1971 4131 2066 4185 mi-

463 4211 780 4285 nistrando,
814 4228 868 4275 et
892 4220 1254 4275 reverentiam
1295 4222 1543 4291 dignitati
1575 4221 1898 4275 exhibendo.
1925 4219 2062 4287 Quid

479 4311 624 4366 enim
649 4313 870 4383 prodes’t
896 4313 1154 4368 honorem
1195 4313 1312 4368 sine
1337 4313 1514 4369 fructu
1545 4314 1783 4369 habere?
1815 4313 1967 4368 Sicut
1987 4312 2065 4367 di-

467 4401 625 4457 ‘Vilitﬁ
673 4402 1050 4474 negligentiam
1088 4404 1308 4473 pariunt
1337 4404 1548 4471 salutis,
1594 4405 1666 4460 ita
1698 4412 1911 4475 egestas
1934 4404 2060 4460 dum

2167 3228 2345 3274 tamen
2375 3234 2590 3289 corpus.
2620 3219 2854 3289 Ideoque
2882 3219 3130 3290 spiritum
3166 3219 3438 3290 integrum
3487 3221 3545 3276 in
3601 3218 3770 3279 homi-

2167 3324 2236 3364 ne
2259 3309 2390 3364 dicit
2413 3324 2533 3364 esse
2554 3308 2771 3364 debere.
2789 3307 2847 3363 Si
2869 3317 3051 3364 autem
3077 3309 3215 3363 mala
3243 3310 3372 3375 vita,
3399 3309 3489 3364 vel
3509 3311 3772 3381 cogitatio

2167 3401 2488 3469 intercedat,
2508 3418 2613 3457 non
2638 3402 2745 3456 erit
2761 3402 3001 3472 spiritus.
3033 3400 3270 3472 Spiritus
3287 3409 3344 3457 et
3369 3402 3560 3456 anima
3578 3411 3640 3457 et
3659 3417 3772 3457 cor-

2165 3509 2265 3565 pus
2279 3495 2474 3564 quibus
2486 3496 2648 3551 homo
2662 3502 2891 3561 constat,
2909 3495 3113 3550 scilicet
3126 3493 3254 3549 illud
3267 3510 3375 3564 quo
3391 3495 3773 3566 intelligimus,

2165 3595 2221 3642 et
2248 3587 2377 3643 illud
2402 3604 2508 3658 quo
2542 3589 2773 3644 vivimus
2800 3598 2856 3644 et
2877 3589 3005 3643 illud
3026 3604 3134 3659 quo
3172 3588 3410 3644 visibiles
3445 3597 3501 3644 et
3553 3597 3777 3645 contre-

2166 3679 2389 3734 ctabiles
2417 3695 2624 3746 sumus,
2656 3695 2777 3750 qum
2807 3695 2999 3736 rursus
3033 3680 3139 3746 duo
3162 3681 3433 3747 dicuntur,
3460 3680 3601 3749 quia
3636 3696 3778 3751 serpe

2165 3770 2348 3824 anima
2377 3786 2499 3825 cum
2530 3770 2727 3841 spiritu
2774 3771 3106 3826 nominatur.
3156 3769 3283 3826 Sine
3326 3769 3566 3841 querela.
3618 3770 3777 3825 Aliud

2166 3869 2252 3916 est
2277 3874 2401 3916 esse
2428 3861 2544 3915 sine
2567 3869 2810 3931 peccato,
2838 3862 2982 3932 quod
3011 3861 3079 3916 de
3104 3860 3219 3916 solo
3245 3860 3297 3915 in
3342 3861 3445 3914 hac
3482 3860 3610 3914 vita
3648 3859 3779 3916 Uni-

2167 3951 2352 4023 genito
2381 3951 2584 4006 dictum
2612 3960 2713 4006 est.
2746 3949 2906 4006 Aliud
2932 3960 3014 4008 est
3035 3967 3156 4006 esse
3179 3951 3293 4006 sine
3321 3948 3572 4020 querela,
3633 3951 3777 4021 quod

2165 4043 2232 4098 de
2271 4041 2456 4098 multis
2481 4039 2646 4111 justis
2687 4043 2849 4096 etiam
2879 4041 2933 4096 in
2974 4042 3077 4097 hac
3116 4043 3225 4095 vita
3256 4041 3359 4096 dici
3388 4040 3601 4110 potuit.
3639 4041 3778 4109 Quia

2165 4141 2248 4188 est
2267 4133 2484 4203 quidam
2508 4131 2697 4186 modus
2721 4131 2874 4186 bona:
2891 4132 3032 4197 vitae,
3048 4129 3114 4186 de
3137 4126 3244 4202 quo
3261 4131 3419 4186 etiam
3443 4130 3496 4184 in
3515 4131 3637 4184 ista
3655 4146 3779 4185 con-

2163 4224 2487 4288 versatione,
2510 4221 2655 4292 justa
2679 4221 2897 4292 querela
2919 4238 3038 4278 esse
3067 4239 3172 4277 non
3195 4222 3380 4293 possit.
3417 4219 3485 4276 In
3511 4222 3777 4276 aduentu.

2165 4313 2281 4370 Hoc
2325 4323 2410 4370 est
2449 4329 2618 4383 usque
2640 4315 2707 4368 ad
2734 4314 2896 4369 linem
2923 4313 3067 4368 vita}.

2239 4404 2404 4461 Vens.
2435 4405 2611 4462 9M.—
2633 4404 2857 4460 Fidelis.
2897 4404 3062 4473 Quasi
3098 4406 3242 4461 dicat
3270 4425 3282 4459 :
3315 4403 3424 4460 Oro
3469 4415 3530 4459 ut
3562 4407 3777 4462 sancti-

479 4494 714 4548 saturari
745 4469 960 4565 quaerit,
986 4511 1014 4549 a
1043 4469 1256 4566 jdstitia
1297 4469 1551 4552 declinat.
1585 4495 1709 4552 Ideo
1734 4469 1788 4551 in
1821 4497 1924 4552 alia
1949 4497 2063 4567 epi-
2095 4469 2142 4529 θ
2170 4498 2315 4566 licet,
2358 4507 2419 4554 ut
2459 4498 2826 4555 sanctiﬁcatos
2851 4469 3048 4563 servet,
3098 4513 3197 4554 nec
3246 4498 3370 4553 inde
3398 4499 3776 4557 dubitandum

470 4584 623 4640 stola
645 4585 891 4658 praecipit
929 4585 1272 4657 presbyteros
1297 4587 1496 4658 duplici
1523 4589 1728 4645 honore
1750 4603 1871 4644 esse
1893 4589 2063 4644 hono-

475 4679 702 4734 randos.

2170 4596 2270 4653 est,
2319 4589 2443 4657 quia
2493 4603 2651 4643 verus
2673 4587 2831 4643 estin
2854 4589 3152 4659 promissis,
3191 4589 3282 4659 qui
3308 4589 3524 4644 vocavit
3550 4605 3666 4646 vos
3711 4589 3776 4644 ad

2172 4677 2275 4733 hoc
2302 4686 2363 4733 ut
2406 4678 2579 4734 sancti
2602 4678 2812 4734 essetis.

1089 4953 1598 5033 EPISTOLA
1675 4955 1750 5032 II
1833 4956 1965 5030 AD
2041 4950 3095 5031 THESSALONICENSES.

1020 5178 1527 5238 ARGUMENTUM.

556 5312 638 5368 Ad
666 5311 1175 5370 Thessalonicenses
1195 5310 1508 5370 'secundam
1553 5313 1742 5371 scribit
1769 5313 2067 5386 Epistulam

483 5402 798 5475 Apostolus,
821 5409 878 5457 et
905 5409 1092 5456 notum
1135 5400 1266 5457 facit
1292 5404 1372 5458 eis
1395 5404 1461 5458 de
1510 5404 1844 5473 temporibus
1888 5404 2069 5461 novis-

485 5492 658 5556 simis,
687 5500 744 5548 et
761 5491 828 5546 de
857 5490 1154 5548 adversarii
1185 5489 1503 5559 dejectione.
1530 5491 1730 5555 Scribit
1772 5494 1914 5550 hanc
1943 5493 2070 5564 Epi-

485 5583 680 5639 stulam
703 5582 772 5639 ab
795 5581 1020 5639 Athenis
1041 5595 1138 5654 per
1161 5581 1342 5640 Titum
1371 5583 1650 5651 diaconem
1678 5593 1732 5642 et
1753 5584 2065 5643 Onesimum

487 5675 819 5749 acolythum.

2683 5175 2911 5234 CAPUT
2948 5175 3236 5232 PRIMUM.

2247 5311 2410 5368 Vens.
2439 5311 2492 5364 '5.
2519 5341 2589 5351 —
2636 5307 2852 5364 Gratias
2897 5326 3072 5380 agere,
3108 5319 3214 5364 etc.
3265 5308 3365 5366 llic
3406 5311 3624 5382 gratias
3670 5319 3786 5389 agit

2173 5401 2284 5458 Deo
2313 5401 2380 5456 de
2409 5400 2567 5456 bonis
2599 5414 2811 5464 eorum,
2861 5415 2930 5455 ne
2954 5400 3092 5455 forte
3127 5401 3194 5455 de
3221 5408 3370 5456 tanto
3415 5401 3560 5458 bono
3624 5408 3788 5477 quod

2170 5509 2237 5550 ex
2264 5493 2375 5548 Deo
2425 5491 2720 5557 habebant,
2769 5491 3120 5558 extollantur,
3173 5501 3428 5563 tanquam
3486 5511 3516 5548 a
3562 5500 3786 5569 seipsis

2172 5583 2454 5642 habentes.
2485 5581 2553 5638 In
2583 5584 2823 5638 invicem.
2857 5583 2927 5639 Ut
2955 5583 3179 5647 scilicet,
3203 5585 3295 5654 qui
3349 5586 3592 5656 diligitur
3650 5589 3785 5644 dili-

2171 5686 2262 5749 gat
2286 5677 2441 5744 alios,
2471 5685 2526 5731 et
2550 5670 2750 5731 mutuis
2790 5676 3064 5746 obsequiis
3110 5677 3431 5733 charitatem
3483 5681 3779 5735 ostendat-
