3948 6314
175 297 262 376 sei

1061 320 1326 382 GLOSSA
1364 306 1755 384 onoiNitntA.
1787 291 1863 372 :—
1900 333 2122 391 EPIST.
2161 337 2204 392 n
2242 339 2334 394 AD
2370 340 2610 399 THESS.

3317 361 3426 420 622

236 418 477 487 Vsasfﬁi.
502 461 576 534 :—
629 417 697 488 In
727 435 1016 538 exemplum
1033 438 1191 510 justi,
1237 450 1342 498 etc.
1370 441 1427 498 Si
1455 444 1597 498 enim
1625 452 1735 499 tam
1763 456 1809 510 Α
1908 446 2070 504 Vens.
2102 451 2155 506 5.
2185 483 2256 493 -
2280 423 2541 520 Quoniam
2563 459 2665 514 nisi
2697 464 2908 518 venerit.
2935 464 3155 527 Occulte
3180 470 3422 545 loquitur

170 536 343 580 severe
387 521 542 594 punit
595 532 814 594 peccata
853 526 907 580 in
955 530 1359 598 paenitentibus,
1401 533 1530 602 quid
1570 533 1736 590 faciet

169 613 455 670 induratis?
485 611 599 668 Hoc
633 613 786 680 dicit,
810 625 870 671 ut
897 617 1227 690 intelligatur
1264 625 1406 691 quod
1452 637 1559 677 non
1605 639 1732 697 par-

167 706 234 761 cit
266 705 442 775 impiis
480 704 570 775 qui
595 720 703 760 non
737 706 1105 776 parcitjustis.
1128 711 1272 765 Justi
1301 728 1319 766 :
1349 713 1395 766 si
1434 722 1608 769 tamen
1644 714 1734 785 ju-

164 805 297 867 stum
324 804 418 860 est,
444 794 586 864 quod
625 805 838 852 constat
861 813 999 854 esse.
1022 799 1140 855 Non
1195 801 1338 856 enim
1375 803 1590 873 ponitur
1620 804 1729 872 hic,

169 892 212 947 si
236 900 423 953 tamen,
445 903 541 958 pro
569 888 922 955 dubitatione,
959 891 1053 947 sed
1072 907 1171 962 pro
1187 889 1564 960 afﬁrmatione,
1586 894 1730 950 unde

169 985 294 1040 alius
319 983 582 1053 interpres
605 983 719 1038 ait:
757 981 1024 1053 Siquidem
1046 985 1224 1055 justus
1263 997 1362 1052 est,
1393 996 1500 1042 etc.

234 1075 388 1130 Vsus.
435 1073 487 1127 7.
538 1102 608 1114 —
659 1073 727 1128 In
782 1074 1166 1131 reuelationem.
1214 1077 1403 1148 Incipit
1447 1079 1730 1135 ostendere

165 1183 315 1238 quam
357 1166 631 1223 horribilis
679 1167 953 1224 tribulatio
1001 1168 1125 1236 illis,
1182 1179 1239 1226 et
1285 1186 1447 1240 quam
1488 1170 1726 1242 jucunda

166 1261 364 1332 requies
388 1261 508 1316 istis
539 1261 718 1317 futura
742 1271 843 1318 est.

203 1353 358 1407 Vens.
376 1351 430 1407 8.
452 1383 518 1392 —
547 1352 757 1408 Domini
793 1352 945 1409 Iesu.
963 1355 1242 1412 Venientis
1269 1357 1322 1410 in
1346 1359 1563 1427 flamma
1590 1358 1725 1429 ignis

160 1461 258 1501 non
279 1445 418 1514 quod
441 1445 514 1501 sit
549 1443 764 1500 ﬂamma
788 1447 1173 1514 circumdatus,
1215 1432 1308 1504 sed
1334 1447 1429 1520 per
1452 1449 1723 1516 eﬁ‘ectum,

157 1535 272 1604 quia
299 1535 546 1590 inimicos
575 1544 784 1592 exuret.
833 1535 932 1592 His
960 1539 1050 1605 qui
1089 1555 1192 1593 non
1233 1549 1482 1593 noverunt
1532 1539 1721 1596 Deum.

157 1623 281 1679 Nam
308 1624 398 1679 alii
425 1632 555 1680 sunt
585 1626 677 1696 qui
700 1627 947 1682 nesciunt
974 1627 1167 1698 legem.

154 1745 173 1764 .
221 1713 374 1770 Vsus.
409 1714 466 1770 9.
491 1746 562 1756 —
589 1715 692 1782 Qui
717 1732 894 1786 punias
927 1712 1229 1773 dabunt.'ld
1250 1727 1332 1773 est
1359 1719 1716 1774 sustinebunt.

149 1806 452 1861 Dare'enim
475 1807 759 1877 aliquando
778 1809 995 1878 ponitur
1014 1825 1113 1879 pro
1134 1810 1418 1874 sustinere,
1439 1811 1513 1865 ita
1534 1819 1588 1879 et
1611 1811 1718 1867 hic.
1749 1807 1798 1868 B

144 1897 203 1952 Et
239 1912 508 1967 congrue,
539 1876 632 1967 qui
657 1876 800 1953 enim
826 1876 1044 1969 patitur,
1077 1900 1163 1954 dat
1199 1900 1249 1955 ei
1284 1916 1442 1970 quem
1471 1876 1712 1968 oﬂ'endit,

142 2002 320 2058 poenas
343 1989 510 2060 quasi
537 1997 738 2060 gratas.
756 1989 821 2042 In
841 1991 1051 2044 interitu
1074 1999 1316 2045 mternas.
1344 1991 1508 2058 Quasi
1531 1992 1674 2047 dicat
1699 2011 1713 2047 :

141 2076 355 2149 Semper
379 2080 624 2135 sentient
644 2093 852 2150 poenas,
874 2095 979 2135 non
1007 2089 1184 2135 tamen
1211 2096 1422 2151 semper
1443 2081 1715 2137 deﬁcient.

203 2168 333 2225 Cum
369 2173 577 2226 venerit
603 2171 912 2242 gloriﬁcari,
937 2179 1040 2226 etc.
1072 2169 1188 2240 Ipse
1233 2171 1376 2226 enim
1429 2171 1610 2227 clarus
1663 2181 1718 2228 ct

139 2261 391 2317 mirabilis
450 2261 721 2316 videbitur
749 2262 801 2316 in
853 2261 1216 2326 credentibus,
1273 2277 1495 2317 severus
1539 2271 1717 2318 autem

137 2352 412 2421 apparebit
470 2352 526 2406 in
583 2350 904 2416 incredulos,
967 2367 1089 2406 cum
1145 2366 1238 2407 eos
1286 2353 1464 2422 poenis
1502 2355 1720 2409 aeternis

141 2442 457 2498 coarctabit.
497 2441 563 2496 Et
600 2450 683 2498 est
709 2442 901 2496 horum
928 2443 1216 2496 verborum
1252 2443 1432 2499 brevis
1477 2460 1667 2501 sensus
1699 2463 1714 2501 :

143 2535 325 2593 Veniet
353 2539 548 2608 punire
586 2537 778 2604 malos,
818 2545 869 2592 et
896 2536 1197 2607 gloriﬁcare
1221 2539 1401 2593 honos.

205 2629 367 2685 Vsus.
400 2631 488 2686 10.
520 2663 588 2671 -
616 2630 752 2696 Quia
779 2631 1148 2684 testimonium.
1205 2630 1329 2686 ideo
1358 2632 1511 2687 vobis
1549 2632 1720 2688 tribu-

137 2719 257 2776 latis
286 2720 384 2775 dat
411 2721 654 2790 requiem
709 2721 1010 2786 nobiscum,
1056 2722 1182 2792 quia
1227 2723 1616 2791 testimonium,
1665 2725 1724 2780 id

133 2822 214 2868 est
243 2814 512 2884 quidquid
541 2813 774 2870 diximus
807 2814 872 2868 de
903 2814 993 2869 illo
1039 2815 1126 2870 die
1167 2813 1378 2884 judicii,
1409 2815 1717 2873 credidistis

131 2906 194 2960 de
227 2906 406 2978 gloria
436 2906 701 2961 bonorum
728 2915 784 2962 et
813 2922 973 2976 pmna
1004 2908 1287 2963 malorum.

198 2997 369 3052 Vens.
422 2996 505 3049 11.
546 2994 702 3048 —In
725 3013 848 3065 quo.
894 2995 1039 3052 Ordo
1087 2996 1374 3058 ~verborum
1425 2998 1547 3054 talis
1577 3006 1712 3055 est:

129 3086 191 3140 In
216 3103 327 3158 quo
353 3085 444 3138 die
465 3101 696 3149 oramus,
724 3095 776 3137 ut
809 3085 1069 3154 dignetur,
1095 3086 1146 3140 id
1170 3095 1251 3140 est
1273 3086 1458 3156 dignos
1477 3087 1713 3157 judicet:

1837 539 1902 594 de
1936 541 2299 600 destructione
2355 548 2566 618 imperii
2623 551 2872 622 Romani,
2925 574 2993 613 ne
3039 539 3278 622 irritaret
3321 585 3416 627 eos

1836 629 1903 683 ad
1923 633 2351 728 persecutionem
2376 637 2646 696 Ecclesiae.
2687 642 2780 698 Vel
2811 647 2915 702 hoc
2967 649 3098 706 dicit
3147 656 3215 710 de
3260 660 3416 728 spiri-

1837 722 1965 776 tuali
1988 723 2214 792 imperio
2257 725 2515 785 Romana:
2563 733 2836 802 Ecclesiae,
2881 738 2964 794 vel
3015 722 3341 804 discessione
3381 767 3414 807 a

1835 809 1959 905 fide.
1989 812 2112 868 Nisi
2134 819 2324 872 venerit
2356 819 2537 891 refuga
2562 825 2806 892 primum.
2863 827 2954 886 Sic
2982 833 3148 905 aliqui
3200 840 3414 899 codices

1832 897 2053 956 habent.
2085 903 2237 972 Quod
2263 907 2393 962 nulli
2435 910 2652 967 dubium
2683 925 2766 970 est
2803 917 2869 974 de
2906 897 3240 983 Antichristo
3283 897 3409 988 eunt

1833 991 2052 1085 dixisse,
2076 1013 2236 1066 quem
2258 1001 2498 1072 refugam
2529 1016 2720 1063 vocat:
2746 1012 2930 1082 utique
2964 1031 2995 1070 a
3027 1019 3251 1078 Domino
3273 1025 3404 1085 Deo.

1831 1081 1890 1139 Si
1911 1086 2054 1141 enim
2087 1089 2190 1185 hoc
2212 1091 2278 1147 de
2303 1095 2552 1151 omnibus
2606 1097 2786 1170 impiis
2829 1081 3021 1162 merito
3061 1111 3162 1166 dici
3206 1081 3404 1185 potest,

1830 1184 2030 1245 quanto
2047 1179 2218 1248 magis
2241 1181 2306 1235 de
2328 1182 2431 1238 isto
2449 1186 2460 1238 !
2481 1184 2654 1242 Filius
2671 1192 2997 1259 perditionis.
3016 1179 3402 1276 Antich-ristus,

1830 1279 1936 1320 non
1959 1281 2057 1336 per
2082 1279 2353 1337 naturam,
2389 1275 2484 1331 sed
2510 1292 2608 1347 per
2631 1278 3000 1352 imitationem

1900 1403 2144 1460 Vens.4.
2193 1437 2268 1449 -—
2313 1407 2382 1464 In
2429 1411 2640 1483 templo.
2685 1413 2797 1482 Vel,
2843 1419 3109 1488 templum.
3153 1423 3408 1487 Nonnulli

1827 1506 1934 1547 non
1955 1493 2130 1565 ipsum
2148 1496 2444 1568 principem
2473 1509 2703 1570 tantum,
2733 1507 2828 1562 sed
2870 1509 3178 1568 universum
3207 1530 3404 1586 corpus

1825 1585 1958 1654 ejus,
1993 1587 2046 1644 id
2076 1598 2177 1656 est,
2201 1591 2267 1645 ad
2294 1607 2416 1647 eum
2453 1595 2812 1664 pertinentem
2861 1601 3138 1659 hominum
3167 1585 3403 1665 multituo

1827 1679 2006 1734 dinem
2049 1681 2208 1736 simul
2244 1698 2368 1738 cum
2407 1684 2524 1755 ipso
2572 1688 2818 1760 principe
2868 1691 2972 1748 hoc
3010 1694 3129 1751 loco
3171 1698 3399 1770 intelligi

1827 1770 2050 1827 volunt:
2085 1775 2390 1845 rectiusque
2419 1777 2523 1833 dici
2545 1788 2755 1848 putant,
2793 1783 2934 1839 sicut
2963 1785 3017 1842 in
3050 1787 3240 1846 Graeco
3290 1803 3396 1859 est.-

1827 1875 1933 1916 non
1953 1860 2007 1915 in
2037 1863 2246 1932 templo,
2272 1866 2366 1920 sed
2403 1867 2459 1921 in
2484 1869 2728 1932 templum
2749 1872 2850 1928 Dei
2864 1877 3062 1944 sedeat,
3108 1882 3260 1948 quasi
3285 1882 3402 1952 ipse

1822 1967 1950 2007 cum
1973 1953 2084 2008 suis
2103 1954 2174 2008 sit
2201 1955 2456 2026 templum
2484 1959 2600 2024 Dei,
2647 1964 2789 2030 quod
2819 1973 2904 2019 est
2947 1965 3208 2024 Ecclesia.
3245 1970 3399 2028 Sicut

1821 2043 2023 2098 dicitur
2047 2061 2060 2099 :
2093 2044 2256 2101 Sedet
2280 2046 2334 2102 in
2364 2049 2619 2116 amicum,
2648 2051 2701 2106 id
2724 2063 2808 2107 est
2835 2063 2895 2109 ut
2933 2056 3156 2113 amicus.

1893 2175 2057 2233 Vens.
2089 2177 2143 2233 6.
2184 2209 2252 2218 —
2296 2179 2474 2235 Scitis.
2503 2181 2609 2238 Eos
2639 2185 2780 2240 scire
2811 2177 2941 2242 dicit
2972 2190 3100 2259 quid
3131 2192 3393 2261 detineat,
3469 2235 3478 2240 η

1820 2282 1921 2324 nec
1945 2277 2130 2338 aperte
2158 2271 2398 2340 exponit,
2432 2281 2486 2328 et
2517 2273 2637 2330 ideo
2667 2291 2765 2331 nos
2797 2279 3086 2346 nescimus,
3121 2283 3225 2338 nisi
3254 2288 3396 2354 quod

1820 2359 2041 2429 quidam
2091 2363 2439 2432 suspicantur
2505 2368 2570 2421 de
2617 2368 2861 2425 Romano
2914 2372 3140 2442 imperio
3191 2376 3394 2432 dictum

1821 2450 2008 2516 fuisse,
2052 2451 2222 2508 donec
2269 2453 2508 2520 tollatur,
2551 2457 2636 2510 vel
2677 2459 2743 2513 de
2792 2461 2969 2517 medio
2999 2462 3111 2518 ﬁat.
3165 2463 3233 2519 Et
3277 2467 3398 2521 ideo

1819 2538 2137 2610 Apostolum
2190 2557 2295 2597 non
2354 2544 2407 2599 id
2472 2557 2656 2616 aperte
2709 2550 2946 2606 scribere
2993 2553 3260 2617 voluisse,
3328 2571 3397 2610 ne

1822 2631 2146 2686 calumniam
2183 2634 2387 2690 scilicet
2425 2635 2745 2702 incurreret,
2777 2642 2923 2710 quod
2950 2640 3194 2698 Romano
3223 2644 3395 2714 impe-

1820 2723 1903 2778 rio
1929 2725 2068 2780 male
2113 2730 2398 2796 optaverit,
2448 2745 2571 2784 cum
2610 2743 2922 2801 speraretur
2948 2743 3231 2790 mternum.
3284 2733 3396 2792 Suo

1819 2825 2066 2886 tempore.
2111 2817 2387 2890 Completa
2429 2825 2738 2880 accessione
2782 2826 2849 2879 ad
2876 2826 3176 2882 Romanum
3224 2829 3396 2900 impe—

1820 2905 1981 2972 rium,
2007 2917 2061 2963 et
2090 2909 2157 2963 ad
2185 2910 2444 2968 Romanae
2485 2913 2740 2970 Ecclesia:
2795 2916 3178 2984 obedientiam,
3222 2920 3399 2976 aderit

1820 2996 2080 3053 discessio
2110 3001 2178 3055 ab
2209 3009 2441 3071 utroque
2487 3004 2716 3075 imperio
2753 3024 2766 3060 :
2815 3022 2920 3076 qua
2963 3008 3184 3079 impleta
3225 3012 3399 3066 aderit

1822 3086 1910 3142 ille
1941 3088 2174 3158 iniquus,
2203 3091 2423 3161 impleto
2466 3103 2709 3166 tempore
2742 3098 3126 3154 misericordia:
3151 3116 3258 3170 quo
3285 3101 3397 3171 ple-

127 3176 353 3246 Semper
376 3191 610 3229 oramus.
638 3176 734 3231 Vel
753 3177 808 3229 in
831 3194 932 3248 quo
951 3218 965 3241 ,
993 3177 1044 3232 id
1073 3186 1157 3231 est
1181 3194 1279 3247 pro
1302 3186 1428 3248 quo,
1455 3179 1540 3233 vel
1564 3178 1716 3249 cujus
1746 3161 1790 3222 (Ζ
1823 3178 2012 3232 nitudo
2037 3181 2276 3250 gentium
2307 3183 2473 3237 intrat
2506 3161 2767 3242 ad-ﬁdem
2793 3204 2806 3240 :
2842 3161 3398 3248 revelabitur-disces-

125 3267 226 3324 diei
252 3265 505 3338 periculo
534 3267 773 3331 vitando,
804 3283 1017 3337 semper
1038 3269 1301 3323 orandum
1333 3279 1435 3325 est.
1464 3269 1609 3341 Opus
1652 3271 1719 3340 ﬁ-

123 3359 225 3413 dei.
257 3358 317 3413 ld
341 3368 448 3421 est,
478 3356 872 3412 confessionem
905 3374 1024 3428 quae
1068 3361 1283 3430 proprie
1314 3371 1395 3415 est
1419 3376 1555 3429 opus
1595 3359 1720 3416 ﬁdei

124 3449 177 3506 ln
204 3451 438 3513 virtute,
466 3458 578 3503 uta
604 3447 943 3506 confessione
967 3451 1112 3506 nullo
1143 3453 1301 3506 modo
1323 3451 1467 3507 flecti
1485 3456 1714 3522 possint.

125 3542 239 3607 Vel,
269 3558 416 3613 opus
448 3540 592 3606 ﬁdei,
619 3558 782 3598 omne
818 3543 1019 3599 bonum
1049 3545 1190 3613 quod
1229 3544 1362 3600 fides
1403 3547 1571 3617 exigit
1601 3565 1616 3600 :
1665 3552 1720 3602 et

124 3633 244 3688 sine
270 3634 478 3704 quibus
507 3633 638 3689 ﬁdes
664 3643 876 3689 mortua
896 3643 999 3690 est.
1032 3634 1100 3688 In
1139 3636 1324 3689 virtute
1367 3651 1718 3706 perseveran-

123 3723 233 3790 tiae,
259 3733 323 3781 ut
365 3725 580 3781 scilicet
619 3725 708 3780 det
731 3727 884 3782 vobis
929 3727 1384 3796 perseverantiam
1433 3743 1606 3799 usque
1645 3728 1715 3784 ad

123 3813 307 3872 ﬁnem.

750 3884 977 3942 CAPUT
1008 3886 1071 3941 ll.

198 3996 368 4053 Vens.
409 3999 465 4053 1.
495 4029 567 4038 ——
594 3996 854 4066 Rogamus
882 4007 1054 4050 autem
1085 4015 1192 4061 vos,
1241 3997 1451 4068 fratres,
1488 4016 1579 4070 per
1623 4000 1719 4052 atl-

120 4099 334 4143 uentum
369 4089 588 4143 Domini
622 4088 785 4141 nostri
828 4087 956 4141 Jesu
999 4085 1211 4149 Christi.
1261 4097 1367 4142 etc.
1433 4086 1719 4157 llucusque

124 4180 258 4234 dixit
281 4195 344 4236 se
371 4181 456 4236 eis
482 4179 686 4249 gratias
715 4193 872 4247 agere
899 4187 953 4232 et
979 4193 1154 4242 orare,
1187 4178 1274 4232 hic
1299 4178 1625 4232 determinat
1652 4179 1718 4233 de

122 4269 206 4325 die
225 4269 450 4338 judicii,
480 4269 776 4322 obsecrans
804 4283 898 4324 eos
928 4283 994 4326 ne
1021 4267 1211 4322 leviter
1232 4278 1286 4321 et
1307 4266 1462 4322 facile
1514 4267 1581 4322 de
1625 4268 1719 4321 ad-

120 4371 282 4415 ventu
315 4359 540 4416 Domini
572 4359 724 4429 quasi
753 4360 819 4414 de
847 4372 1016 4429 prope
1057 4358 1358 4414 imminenti
1411 4359 1714 4428 opinionem

119 4451 392 4522 recipiant
419 4449 507 4506 vel
550 4458 879 4507 terreantur.

188 4541 364 4598 Vens.
389 4542 450 4596 2.
474 4570 549 4583 —-
580 4540 703 4595 Non
726 4541 828 4594 cito
853 4541 1181 4596 moveamini.
1225 4539 1390 4606 Quasi
1416 4539 1560 4595 dicat
1593 4556 1608 4594 :
1656 4539 1713 4596 Si

118 4636 457 4692 moveamini
487 4652 502 4699 ;
533 4633 640 4688 cito
677 4641 782 4698 est,
813 4633 946 4687 nihil
981 4632 1125 4687 enim
1148 4633 1298 4687 vobis
1320 4631 1548 4686 infertur
1571 4634 1715 4702 quod

121 4724 208 4778 diu
234 4726 421 4780 duret.
462 4723 644 4794 Neque
681 4740 771 4794 per
804 4723 1066 4793 spiritum.
1119 4722 1170 4776 ld
1219 4731 1322 4787 est,
1355 4723 1401 4777 si
1449 4723 1716 4794 malignus

118 4817 368 4887 spiritus,
435 4816 593 4888 quasi
643 4815 864 4886 angelus
927 4815 1061 4870 lucis
1104 4831 1369 4885 apparens
1414 4816 1464 4869 in
1511 4816 1716 4870 visione

119 4909 218 4965 hoc
247 4911 413 4966 vobis
452 4909 793 4980 persuadeat.
830 4906 947 4971 Vel,
980 4908 1023 4962 si
1058 4908 1178 4978 quis
1225 4907 1370 4962 dicat
1401 4923 1499 4976 per
1543 4908 1714 4978 Spiri-

119 5011 230 5058 tum
256 5013 521 5060 sanctum
557 4999 883 5056 revelautem
941 5002 1042 5054 hoc
1095 5017 1152 5054 se
1207 5001 1520 5070 cognovisse
1567 4999 1712 5070 «quod

117 5095 232 5151 dies
274 5095 479 5164 judicii
503 5092 801 5157 immineat,
821 5087 984 5148 nolite
1019 5091 1260 5146 credere.
1282 5091 1460 5162 Neque
1481 5109 1573 5159 per
1593 5093 1714 5164 Epi-

115 5184 330 5240 stulam.
362 5185 559 5240 Solent
591 5184 733 5238 enim
775 5182 1234 5253 tergiversatores,
1294 5190 1352 5236 ut
1381 5180 1585 5247 fallant,
1613 5183 1714 5239 sub

116 5279 342 5333 nomine
367 5277 509 5333 clari
539 5274 767 5344 alicujus
803 5275 904 5329 viri
933 5273 1216 5344 epistolam
1241 5273 1462 5346 ﬁngere,
1516 5284 1575 5328 ut
1612 5291 1708 5330 an-

117 5371 353 5424 ctoritas
402 5368 646 5423 nominis
677 5369 844 5437 possit
889 5368 1269 5423 commendare
1299 5368 1439 5438 quod
1495 5385 1589 5439 per
1630 5385 1714 5424 se-

117 5459 296 5527 ipsum
329 5459 508 5527 recipi
555 5475 661 5513 non
705 5467 904 5528 posset.
950 5457 1116 5523 Quasi
1155 5459 1306 5511 instet
1345 5457 1452 5512 dies
1483 5459 1714 5514 Domini.

115 5548 234 5604 Non
267 5551 379 5605 hoc
405 5550 483 5604 ita
509 5548 638 5603 dicit
672 5547 800 5618 quin
855 5547 1002 5611 velit,
1049 5555 1109 5602 ut
1159 5549 1391 5602 habeant
1416 5550 1718 5607 succinctos

113 5641 337 5697 lumbos
364 5648 426 5697 et
457 5639 706 5695 lucernas
731 5640 980 5694 ardentes
1006 5640 1056 5693 in
1083 5640 1353 5703 manibus,
1395 5645 1716 5712 exspectan-

116 5739 198 5785 tes
221 5730 457 5803 quando
488 5737 786 5784 revertatur
807 5728 1089 5784 lDominus
1119 5745 1144 5782 a
1176 5729 1394 5800 nuptiis.

1824 3269 1927 3336 sio,
1959 3280 2015 3325 et
2045 3272 2125 3327 sic
2154 3273 2380 3330 instabit
2409 3275 2526 3330 dies
2551 3277 2784 3332 Domini.

1894 3405 2057 3461 Vens.
2115 3408 2167 3462 7.
2196 3439 2267 3450 —
2305 3409 2449 3465 Nam
2495 3415 2813 3483 mysterium,
2863 3425 2970 3472 etc.
3015 3416 3134 3473 lam
3181 3418 3236 3474 in
3266 3419 3400 3490 ipsis

1821 3492 1992 3560 initiis
2027 3496 2352 3553 accessionis
2391 3499 2661 3554 invenitur
2693 3502 2975 3572 iniquitas,
3001 3506 3096 3561 sed
3144 3508 3393 3578 mystica,

1822 3585 1876 3640 id
1901 3596 1985 3642 est
2012 3587 2231 3656 pietatis
2264 3593 2480 3648 nomine
2510 3595 2751 3664 palliata,
2787 3606 2846 3652 ut
2869 3598 3038 3654 velint
3064 3600 3250 3656 haberi
3291 3603 3397 3658 mi-

1821 3676 1978 3732 nistri
2005 3678 2208 3735 Christi
2235 3696 2356 3736 cum
2386 3683 2494 3738 sint
2523 3687 2745 3754 pseudo.
2776 3688 3029 3745 Diabolus
3057 3691 3266 3748 occulte
3297 3707 3396 3764 per

1818 3765 2085 3824 Neronem
2129 3780 2183 3826 et
2226 3772 2361 3829 alios
2407 3776 2688 3831 occidebat
2748 3787 3054 3850 martyres,
3111 3782 3253 3837 sicut
3299 3799 3400 3853 per

1820 3857 1967 3912 illum
2018 3869 2146 3916 tunc
2193 3873 2378 3932 aperte
2429 3865 2668 3920 facturus
2711 3874 2835 3934 est,
2888 3869 3182 3925 occidendo
3219 3871 3393 3926 Eliam

1818 3956 1874 4002 et
1910 3949 2094 4004 Enoch
2136 3949 2379 4021 aliosque
2424 3954 2684 4023 plurimos
2716 3977 2728 4009 ι
2760 3967 2814 4011 et
2862 3967 2989 4012 sunt
3031 3959 3171 4014 Nero
3203 3970 3259 4017 et
3300 3961 3394 4017 alii

1821 4039 2013 4092 umbra
2041 4038 2208 4094 futuri
2245 4039 2590 4107 Antichristi,
2628 4045 2769 4098 sicut
2798 4046 2963 4100 David
2992 4057 3046 4101 et
3073 4047 3204 4103 Abel
3233 4049 3393 4105 Chri-

1820 4131 1910 4183 sti.
1934 4127 2108 4183 Donec
2134 4130 2197 4183 de
2229 4132 2396 4184 medio
2420 4133 2536 4201 ﬁat.
2573 4133 2628 4186 ld
2657 4143 2762 4200 est,
2797 4136 3013 4192 tollatur
3034 4139 3122 4194 illa
3149 4151 3392 4210 potestas

1821 4220 2047 4274 Romani
2087 4221 2294 4291 imperii
2327 4223 2392 4277 de
2432 4226 2607 4279 medio
2635 4227 2859 4282 mundi:
2897 4229 3019 4298 quia
3065 4245 3254 4287 omnes
3292 4250 3394 4288 un-

1818 4313 1979 4383 dique
2009 4313 2235 4368 Romam
2265 4315 2419 4385 quasi
2460 4317 2527 4370 ad
2558 4327 2719 4388 caput
2757 4319 3115 4377 confluebant.
3151 4325 3268 4390 Vel,
3300 4328 3392 4396 qui

1821 4405 1980 4460 fidem
2013 4414 2174 4469 tenet,
2209 4415 2410 4471 teneat,
2439 4407 2610 4464 donec
2640 4411 2754 4480 ipsa
2785 4412 3118 4482 refrigeseat.
3149 4415 3265 4480 Vel,
3297 4419 3393 4486 qui

1821 4495 2026 4550 detinet
2064 4496 2243 4561 illum,
2289 4499 2342 4552 id
2382 4507 2466 4553 est
2507 4502 2751 4557 accessio
2785 4503 2851 4556 ad
2899 4503 3078 4570 fidem,
3128 4506 3388 4572 detineat,

1820 4587 1993 4642 donec
2023 4588 2139 4658 ipsa
2181 4589 2397 4644 tollatur
2425 4591 2490 4646 de
2521 4592 2716 4648 medio.
2745 4592 2866 4659 Vel,
2895 4595 3066 4651 donec
3111 4595 3391 4665 iniquitas.

1818 4692 1938 4747 quae
1965 4678 2124 4733 modo
2158 4687 2241 4732 est
2277 4681 2526 4755 mystica,
2562 4679 2654 4735 ﬁat
2694 4682 2762 4736 de
2814 4683 3014 4747 medio,
3045 4683 3097 4737 id
3127 4692 3210 4738 est
3236 4685 3392 4753 quasi

1819 4768 1886 4822 de
1925 4769 2330 4834 communibus,
2360 4779 2419 4824 ut
2444 4787 2548 4825 non
2577 4773 2863 4828 erubescat
2892 4774 3054 4828 homo
3098 4775 3391 4830 adulterari

1818 4859 1902 4914 vel
1934 4859 2121 4925 furari,
2166 4862 2306 4916 sicut
2348 4878 2449 4917 nec
2484 4863 2762 4919 ambulare
2799 4864 2881 4918 vel
2917 4865 3079 4934 loqui.
3123 4866 3196 4920 De
3223 4867 3390 4921 medio

1819 4952 1934 5021 ﬁat.
1975 4953 2196 5008 Scilicet
2226 4954 2525 5019 discessio,
2568 4955 2621 5011 id
2659 4964 2746 5010 est
2780 4956 3064 5011 manifeste
3101 4968 3388 5027 appareat:

1819 5053 1876 5098 et
1921 5055 2052 5099 tunc
2088 5043 2202 5112 jam
2241 5044 2475 5100 revelata
2511 5045 2840 5101 discessione
2884 5063 2913 5101 a
2942 5048 3053 5102 Deo
3081 5062 3232 5112 vero,
3275 5050 3388 5120 jam

1820 5134 2133 5206 refrigerata
2177 5135 2442 5190 charitate
2481 5151 2548 5190 ex
2588 5134 2915 5192 abundantia
2963 5138 3261 5209 iniquitatis
3305 5154 3393 5195 re-

1819 5224 2106 5290 velabitur,
2142 5233 2249 5280 etc.

1891 5333 2052 5390 Vsus.
2082 5335 2134 5390 8.
2158 5364 2227 5374 -—
2249 5331 2446 5398 Spiritu
2475 5335 2581 5388 oris
2604 5337 2707 5389 sui.
2736 5335 2790 5391 ld
2818 5345 2902 5391 est
2928 5337 3127 5392 virtute
3156 5335 3391 5406 Spiritus

1821 5429 2017 5494 sancti,
2062 5429 2154 5498 qui
2198 5428 2399 5482 dicitur
2443 5430 2669 5499 spiritus
2716 5432 2846 5500 oris,
2895 5433 3019 5504 quia
3065 5434 3133 5488 ab
3161 5448 3228 5487 eo
3267 5448 3390 5503 pro.

1819 5521 1980 5577 cedit.

1889 5635 2052 5692 Vens.
2095 5636 2150 5701 9,
2183 5635 2349 5690 10.-
2385 5635 2722 5692 Mendacibus
2746 5651 2792 5692 et
2816 5637 2868 5692 in
2890 5639 3028 5692 omni
3073 5633 3387 5689 seductione.

1823 5729 1988 5798 Signa
2028 5728 2116 5783 illa
2143 5735 2404 5784 vocantur
2433 5728 2727 5793 mendacia,
2762 5728 2845 5783 vel
2884 5728 3011 5798 quia
3043 5739 3148 5781 non
3175 5736 3304 5778 vera
3333 5728 3392 5776 ut
