3948 6314
633 245 739 300 625
1056 228 1060 232 ’
1143 243 1534 300 WALAFRIDI
1573 241 1822 299 STRABI
1861 242 2066 299 FULD.
2108 239 2271 298 MON.
2311 238 2464 295 OPP.
2505 239 2686 297 PARS
2719 240 2763 297 l.
2798 273 2868 283 —
2903 242 3345 305 TIIEOLOGICA.
3683 267 3748 322 εει

628 364 900 431 videntur,
946 367 1041 420 sed
1093 361 1435 432 phantastica
1487 369 1665 417 erunt.
1716 360 1810 416 Vel
1854 361 1905 416 si
1927 375 2072 427 vera,
2108 358 2203 413 Dei
2233 358 2279 421 Α
2311 369 2415 409 non
2449 355 2726 412 ambulant
2770 358 3067 412 secundum
3113 362 3450 419 traditionem.
3494 367 3624 429 Scitis
3655 382 3748 434 cui...

628 453 983 525 permissione
1008 454 1074 508 ad
1106 440 1445 508 mendacium
1476 452 1709 506 trahent.
2306 448 2576 536 quomodo
2606 462 2691 501 mc
2716 444 2877 502 habui
2897 489 2912 513 ,
2944 449 3089 518 quod
3120 449 3171 504 in
3202 450 3298 508 illis
3324 470 3419 510 non
3439 458 3618 530 videtis,
3648 474 3748 536 quasi

701 543 828 599 Ideo
872 542 1036 597 mittet
1073 541 1178 597 illis
1232 541 1391 596 Deus:
1444 542 1620 613 (Auc.,
1680 540 1774 596 lib.
1826 557 1924 605 xx,
1959 541 2023 595 de
2046 539 2199 595 Civil.
2303 537 2449 592 dicat
2474 555 2487 590 :
2512 530 2627 591 Non
2649 546 2736 593 est
2763 553 2898 609 opus
2922 548 2975 593 ut
3009 554 3269 610 exponam
3298 540 3437 601 vobis
3462 563 3561 604 eam
3585 530 3738 615 traditio

628 633 749 699 Dei,
799 649 849 688 c.
882 632 994 702 19.)
1044 631 1190 687 Deus
1240 631 1514 687 diabolum
1575 622 1677 686 ista
1746 630 1924 686 facere
1974 631 2202 701 permit-
2302 642 2426 687 nem
2464 631 2590 701 quia
2626 646 2743 687 eam
2783 632 2956 697 scitis,
2987 633 3128 702 quod
3174 649 3275 688 non
3317 636 3517 708 inquieti
3549 643 3747 715 fuerimus,

627 732 728 788 tet,
772 734 901 791 etc.,
933 739 1095 795 usque
1124 724 1193 777 ad
1222 722 1357 778 alias
1387 722 1740 794 iniustissime
1773 721 2092 792 judicatum.
2302 732 2362 780 ut
2388 724 2421 779 ii
2449 724 2541 795 qui
2569 723 2741 779 aliena
2768 725 2979 794 negotia
3009 735 3220 793 curant,
3242 740 3477 800 vagantes
3501 733 3584 790 hac
3606 738 3706 795 illac.

697 815 861 871 Vsus.
908 814 995 870 l2.
1044 844 1111 855 —
1163 810 1436 869 Primitias
1485 815 1539 869 in
1580 814 1823 869 salutem.
1880 814 1952 871 Ut
1995 813 2201 871 scilicet
2370 816 2536 872 Vens.
2587 817 2640 872 9.
2667 814 2863 871 —Sed
2902 826 2957 870 ut
2997 820 3345 888 nosmetipsos.
3390 821 3638 882 Notandum
3670 833 3748 900 quia

596 924 732 963 ..ιιοιι
776 907 830 962 in
867 906 959 962 illo
993 905 1297 976 periculoso
1337 915 1577 977 tempore
1614 906 1827 973 ultimo,
1866 909 1959 963 sed
1997 907 2052 962 in
2084 908 2195 979 pri-
2297 901 2585 981 Apestolus
2630 924 2736 964 non
2762 909 2935 964 solum
2962 909 3143 966 verbis
3167 911 3403 976 docebat,
3426 915 3509 969 sed
3528 917 3751 977 hortabatur

613 1000 810 1055 initiva
831 998 1073 1054 Ecclesia
1120 999 1462 1054 crederemus
1509 998 1563 1053 in
1608 998 1903 1064 Christum,
1950 1008 2113 1069 atque
2139 998 2199 1054 ﬁ-
2298 1008 2353 1056 ct
2382 998 2560 1055 factis.
2586 998 2766 1053 ldonei
2795 999 2939 1054 enim
2970 1000 3215 1071 magistri
3235 1009 3315 1055 est
3341 1018 3450 1071 quae
3470 1005 3598 1061 docet
3620 1010 3748 1073 verbis,

618 1086 743 1145 ilem
798 1088 1201 1145 conﬁteremur.
1260 1087 1398 1155 Vel,
1458 1104 1557 1145 nos
1604 1090 1878 1160 apostolos
1929 1090 2198 1161 primitias
2296 1091 2551 1160 operibus
2577 1090 2816 1161 explere.

621 1182 865 1237 omnium
902 1181 1264 1247 credentium,
1308 1176 1435 1250 quia
1469 1181 1697 1252 apostoli
1746 1182 1907 1252 primi
1952 1182 2197 1238 credide-
2369 1180 2531 1235 Vens.
2588 1176 2674 1234 10.
2702 1210 2770 1219 -—
2797 1177 3058 1245 Quoniam
3103 1181 3150 1235 si
3188 1180 3303 1253 quis
3343 1199 3438 1238 non
3474 1185 3563 1239 vult
3599 1189 3747 1257 operari.

614 1284 769 1339 .runt,
800 1281 855 1329 et
883 1274 986 1330 hoc
1019 1271 1073 1328 in
1106 1271 1332 1328 salutem
1362 1272 1603 1327 omnium
1634 1273 1896 1343 gentium.
2299 1270 2495 1327 Dicunt
2533 1271 2755 1342 quidam
2788 1270 2854 1325 de
2888 1272 3145 1340 operibus
3192 1269 3534 1341 spiritualibus
3568 1272 3645 1330 hoc
3667 1278 3750 1347 Apo

657 1364 858 1421 ’stns.
902 1365 988 1421 13.
1016 1395 1089 1406 -
1117 1363 1184 1419 In
1225 1364 1616 1435 acquisitionem
1655 1364 1837 1436 glorite
1867 1364 2077 1420 Domini
2102 1382 2197 1421 no-
2297 1361 2492 1417 stolum
2543 1361 2885 1433 prmccpisse,
2934 1361 3175 1433 alioquin
3223 1363 3266 1418 si
3309 1362 3374 1419 de
3405 1380 3547 1436 opere
3569 1368 3749 1436 corporali

580 1456 583 1461 ⁴
617 1456 717 1512 stri
742 1455 871 1511 Jests
893 1452 1110 1511 Christi.
1141 1452 1254 1521 Vel,
1282 1463 1340 1510 ut
1364 1454 1484 1510 sitis
1511 1455 1820 1525 acquisitio,
1847 1455 1902 1510 in
1924 1471 2031 1526 qua
2054 1455 2196 1512 Deus
2296 1444 2401 1509 hoc
2427 1454 2655 1519 diceret,
2690 1453 2742 1506 in
2771 1467 2879 1523 quo
2921 1451 3005 1507 vel
3040 1451 3286 1524 agricolae
3327 1456 3407 1510 vel
3442 1457 3625 1526 opiﬁces
3654 1458 3749 1515 labo-

618 1549 972 1619 gloriﬁcetur.
1162 1568 1169 1574 ·
2296 1553 2441 1609 rant,
2464 1543 2739 1598 videretur
2766 1540 2969 1597 sentire
3002 1543 3262 1601 adversus
3289 1543 3565 1611 Dominum,
3584 1548 3653 1617 qui
3671 1549 3749 1602 dicit

691 1637 853 1695 Vens.
890 1638 1063 1695 15.-
1085 1638 1153 1694 Et
1182 1640 1324 1695 dedit
1353 1639 1779 1696 consolationem.
1822 1638 2194 1696 Promittendo
2294 1636 2351 1691 in
2380 1634 2671 1706 Evangelio
2703 1651 2717 1687 :
2754 1633 2932 1689 Nolite
2971 1634 3183 1690 solliciti
3216 1653 3351 1703 esse,
3379 1636 3495 1708 quid
3526 1636 3750 1693 manducetis

617 1729 877 1787 caelorum
925 1744 1169 1802 regnum.
1219 1730 1288 1786 In
1325 1722 1518 1802 giatia.
1578 1731 1633 1787 Id
1679 1739 1763 1786 est
1807 1746 1908 1802 per
1956 1731 2187 1802 gratiam
2219 1714 2268 1774 Β
2297 1727 2515 1800 (Matth.
2552 1728 2653 1799 vi),
2681 1737 2787 1786 ctc.
2841 1728 2948 1787 Sed
2985 1729 3254 1802 superﬂue
3300 1742 3541 1789 conantur
3566 1742 3610 1788 et
3634 1736 3701 1789 sibi
3718 1745 3750 1789 et

611 1836 778 1893 quam
807 1820 973 1887 dedit,
1004 1836 1284 1892 speramus
1308 1830 1529 1878 aeterna.
1556 1820 1655 1878 Vel
1680 1822 1795 1878 haec
1827 1821 2008 1877 omnia
2039 1820 2190 1877 dedit
2298 1818 2511 1874 caeteris
2538 1818 2820 1888 caliginem
2845 1818 3135 1887 obducere,
3164 1832 3224 1877 ut
3245 1823 3384 1893 quod
3401 1823 3578 1878 utiliter
3595 1824 3752 1879 charins

600 1928 723 1970 .sion
752 1911 947 1970 merito
980 1922 1188 1983 nostro,
1216 1912 1311 1970 sed
1344 1913 1398 1969 in
1426 1913 1617 1986 gratia"
1629 1928 1748 1971 sua.

1208 2054 1455 2113 .CAPUT
1492 2055 1579 2111 Ill.

645 2186 657 2193 '
686 2184 851 2240 Vens.
874 2184 1080 2239 l.--De
1100 2194 1305 2251 cratera,
1334 2186 1545 2256 fratres,
1570 2194 1733 2240 orate.
1763 2184 2033 2242 Orandum
2064 2200 2184 2242 esse

609 2282 888 2345 hortatur,
927 2286 986 2333 ut
1022 2278 1276 2351 dignetur
1304 2279 1443 2334 Deus
1470 2278 1776 2335 doctrinam
1815 2294 1967 2335 suam
2005 2276 2184 2334 inlati-

610 2370 775 2441 gabili
806 2384 967 2425 cursu
996 2368 1233 2441 dirigere
1273 2377 1330 2424 et
1373 2368 1751 2426 transfundere
1788 2385 1884 2442 per
1915 2385 2012 2425 ora
2060 2385 2185 2441 apo-

612 2461 875 2517 stolorum
920 2459 976 2515 in
1020 2474 1181 2515 aures
1221 2460 1586 2524 audientium,
1643 2469 1699 2517 et
1744 2461 1814 2517 ab
1862 2461 2085 2517 auribus
2126 2461 2182 2516 in

595 2552 795 2617 «corda,
828 2559 889 2604 ut
917 2560 1332 2621 compescantur
1359 2551 1619 2607 malorum
1647 2551 1961 2609 seditiones.

676 2641 848 2699 Vsus.
895 2639 948 2694 2.
987 2670 1060 2680 —
1098 2637 1165 2693 Ut
1200 2639 1496 2696 liberemur.
1533 2642 1579 2695 Α
1605 2642 1825 2711 pseudo,
1874 2658 1941 2697 ne
1968 2651 2184 2723 nostros

606 2734 889 2799 seducant.
916 2732 1000 2789 vel
1026 2733 1183 2790 nobis
1210 2734 1433 2791 insidias
1472 2735 1713 2791 tendant.
1746 2735 1865 2802 Vel,
1893 2737 2185 2813 liberemur

554 2872 563 2875 -
607 2826 678 2881 ab
707 2825 1051 2896 importunis,
1084 2825 1139 2881 id
1166 2833 1251 2881 est
1282 2824 1585 2881 inﬁdelibus
1611 2828 1702 2897 qui
1735 2828 1993 2885 resistunt
2017 2832 2184 2887 verbo

609 2913 726 2977 Dei,
764 2927 867 2969 nec
899 2920 1045 2969 stant
1082 2912 1139 2978 in
1162 2922 1321 2984 portu
1352 2913 1582 2984 ,quictis.
1623 2913 1690 2968 Et
1731 2915 1907 2982 malis,
1937 2916 2028 2987 qui
2045 2931 2181 2988 ,νει--

582 3015 909 3078 ..s¢quuntur
944 3004 1206 3063 inﬁdeles.
1253 3006 1377 3062 Ideo
1410 3006 1531 3063 dico
1567 3004 1862 3071 liberemur,
1892 3009 2016 3078 quia
2042 3025 2179 3067 non-

2297 1919 2501 1976 monet,
2531 1926 2637 1967 non
2673 1912 2845 1968 solum
2874 1912 3052 1970 facere
3076 1915 3265 1983 velint,
3295 1918 3384 1972 sed
3411 1931 3500 1972 nec
3529 1915 3749 1988 intelligere,

2295 2016 2421 2059 cum
2462 2001 2646 2058 multis
2672 2003 2793 2059 aliis
2821 2005 2954 2060 locis
2989 2006 3339 2076 epistularum
3379 2006 3495 2077 quid
3521 2007 3591 2063 hic
3624 2007 3751 2062 sentiat

2294 2092 2584 2165 Apostolus
2608 2096 2949 2166 apertissime
2978 2097 3195 2154 doceat.
3235 2098 3358 2154 Vult
3385 2098 3515 2154 enim
3541 2096 3751 2153 εει-νοεΒὰ

2295 2169 2650 2255 corporaliter
2677 2186 2892 2256 operari
2929 2188 3071 2243 unde
3096 2188 3289 2244 vivant
3317 2197 3375 2244 ut
3412 2202 3507 2243 non
3526 2187 3753 2257 compellan-

2281 2268 2377 2329 ‘ur
2403 2284 2642 2346 egestate
2671 2278 2979 2333 necessaria
3005 2287 3217 2349 petere.
3253 2278 3363 2336 Nec
3390 2289 3467 2335 εει
3509 2287 3655 2334 contra
3676 2277 3755 2331 illud

2288 2365 2432 2435 quod
2466 2365 2781 2436 praedictum
2821 2378 2906 2422 est
2930 2385 2947 2421 :
2972 2366 3154 2423 Nolite
3181 2367 3390 2423 solliciti
3425 2384 3523 2423 esse
3542 2367 3639 2439 quid
3655 2382 3748 2418 aan-

2288 2456 2510 2522 ducetis,
2542 2464 2649 2512 etc.
2685 2455 2802 2512 Non
2838 2458 2983 2513 enim
3012 2459 3115 2514 hoc
3148 2459 3272 2515 ideo
3300 2444 3494 2515 dictum
3517 2466 3603 2523 est,
3628 2466 3751 2510 utnon

2290 2554 2583 2619 procurent
2607 2554 2866 2617 quantum
2893 2548 3209 2604 necessitati
3236 2558 3322 2604 sat
3349 2558 3446 2614 est,
3469 2548 3587 2603 unde
3608 2546 3751 2601 honeste

2288 2645 2599 2708 potuerunt,
2636 2638 2729 2694 sed
2759 2652 2866 2693 non
2908 2647 2966 2693 ιιι
3006 2638 3109 2695 ista
3157 2641 3481 2704 intueantur,
3507 2654 3591 2694 nec
3614 2642 3753 2708 propter

2292 2726 2393 2781 ista
2439 2726 2643 2783 faciant
2673 2727 2935 2800 quidquid
2961 2727 3244 2802 Evangelii
3281 2728 3534 2801 praeconio
3554 2724 3753 2793 lacereju-

2291 2815 2506 2871 bentur.

2364 2904 2525 2962 Vens.
2576 2907 2663 2961 11.
2691 2937 2760 2946 -
2787 2906 3008 2963 Curiose
3035 2920 3271 2981 agentes.
3307 2909 3417 2966 Hoc
3440 2910 3611 2963 factum
3631 2906 3753 2959 abhor-

2294 3008 2378 3055 ret
2421 2998 2701 3070 disciplina
2742 3000 3039 3065 Dominica,
3091 3017 3287 3059 eorum
3330 3003 3469 3058 enim
3503 3002 3613 3056 deus
3638 3005 3757 3051 venter

597 3075 734 3155 slum
771 3107 1098 3169 acceperunt
1130 3112 1319 3153 omnes
1347 3095 1505 3152 ﬁdem
1531 3110 1631 3168 per
1659 3112 1747 3154 me
1785 3097 1874 3169 qui
1896 3075 2178 3171 accepturi
2207 3075 2253 3138 C
2284 3097 2391 3155 est,
2417 3089 2509 3160 qui
2546 3088 2691 3145 fteda
2717 3105 2847 3145 cura
2881 3093 3195 3149 necessaria
3223 3092 3327 3148 sibi
3356 3092 3621 3164 provideat.

594 3200 753 3247 sunt.
789 3189 914 3245 Non
951 3190 1092 3245 enim
1131 3188 1469 3243 omniumest
1497 3188 1648 3258 ﬁdes.
1691 3187 1748 3243 ιιι
1770 3196 1876 3255 εει,
1901 3204 2002 3246 nec
2025 3191 2181 3247 vobis

590 3279 891 3337 orantibus
925 3294 1115 3336 omnes
1141 3286 1270 3334 sunt
1297 3277 1575 3344 credituri,
1606 3279 1701 3333 sed
1744 3286 1953 3335 tantum
1979 3294 2180 3350 precor-

605 3373 777 3430 dinati
809 3371 864 3426 in
894 3370 1236 3441 adeptionem
1266 3367 1518 3424 ﬁliorum.

675 3461 841 3518 Vens.
887 3460 942 3517 6.
974 3492 1044 3502 —
1071 3460 1472 3515 Denuntiamus.
1518 3459 1597 3515 De
1639 3460 1865 3517 curiosis
1908 3462 2096 3534 incipit
2125 3471 2182 3520 et

604 3553 817 3620 otiosis,
849 3555 1076 3608 monens
1101 3552 1273 3607 bonos
1300 3559 1359 3605 ut
1385 3564 1479 3606 eos
1510 3551 1824 3622 corripiant.

678 3642 844 3699 Vens.
884 3643 936 3698 7.
968 3673 1033 3684 —-
1070 3641 1226 3699 Scitis
1258 3640 1517 3713 quomodo
1563 3651 1795 3711 oporteat
1830 3659 1923 3699 nos
1954 3644 2173 3701 imitari.

586 3732 674 3789 [Et
720 3747 844 3790 cum
886 3731 961 3788 illi
1010 3733 1124 3788 haec
1171 3746 1280 3787 non
1331 3730 1557 3796 faciant,
1587 3731 1795 3788 debetis
1835 3734 2024 3790 vitare.
2057 3736 2171 3802 Vel,

1453 3990 1953 4071 EPISTOLA
2032 3993 2065 4072 Ι
2143 3995 2275 4073 ΑἸ)
2349 3995 3018 4076 TIMOTHEUM.

1123 4267 1644 4326 .ARGUIIENTUII.

2358 3180 2521 3236 VEns.
2565 3180 2652 3235 15.
2672 3211 2745 3222 —-
2766 3180 2945 3237 Nolite
2976 3182 3227 3252 deﬁcere.
3261 3182 3397 3253 Quia
3423 3182 3519 3239 etsi
3541 3182 3754 3249 operemur.

2282 3286 2510 3349 possunt
2558 3285 2736 3332 tamen
2781 3277 3051 3333 nonnullis
3097 3280 3368 3352 indigere.
3412 3279 3475 3335 Et
3505 3278 3605 3333 ideo
3627 3277 3755 3329 monet,

2284 3385 2355 3426 ne
2393 3370 2476 3425 illi
2528 3369 2620 3441 qui
2660 3370 2941 3426 habebant
2990 3371 3133 3427 unde
3197 3372 3371 3428 servis
3413 3370 3501 3427 Dei
3544 3359 3758 3423 necessaria

2281 3461 2604 3532 praeberent,
2629 3461 2733 3517 hac
2760 3464 3042 3520 occasione
3066 3464 3464 3537 pigrescerent.
3491 3461 3589 3517 Non
3612 3457 3711 3513 enim
3728 3453 3759 3506 in

2284 3553 2761 3623 reprehensionem
2787 3555 2933 3611 venit
2956 3556 3052 3625 qui
3075 3556 3355 3612 humanus
3377 3564 3457 3612 est
3482 3555 3529 3610 in
3552 3545 3759 3622 largiendi).

2280 3645 2376 3702 sed
2404 3645 2501 3701 hic
2525 3645 2637 3715 qui,
2677 3660 2798 3702 cum
2827 3647 2998 3720 possit
3026 3647 3281 3704 laborem
3328 3647 3486 3714 ferre,
3529 3646 3665 3702 otiose
3695 3634 3761 3691 tuli

2282 3737 2448 3792 vitam
2476 3751 2657 3809 agere.

3008 3859 3746 3900 Ψ...σό

2280 4277 2347 4332 de
2371 4278 2576 4348 pseudo
2601 4279 2926 4350 repellendis
2962 4299 2975 4336 :
3010 4281 3205 4354 incipit
3248 4283 3340 4339 hic
3378 4282 3543 4354 legem
3567 4277 3700 4333 adhuc
3718 4280 3763 4323 te-

648 4383 1014 4442 "Timotheum
1039 4381 1271 4438 instruit
1312 4389 1369 4436 et
1404 4380 1561 4437 docet
1585 4376 1652 4437 de
1689 4382 2024 4439 ordinatione
2063 4385 2176 4456 epi-
2198 4347 2252 4408 D
2279 4347 2510 4424 ηθῐίάθῐη
2537 4347 2872 4427 doce—"tibus.

600 4486 878 4550 scopatus,
914 4483 971 4531 et
1008 4474 1260 4540 diaconii,
1299 4481 1355 4528 et
1390 4473 1567 4531 omnis
1603 4475 1983 4532 ecClesiasticae
2017 4476 2178 4532 disci—

600 4569 782 4642 plinas,
810 4565 1056 4623 scribens
1083 4562 1133 4619 ei
1160 4578 1190 4618 a
1208 4562 1480 4620 Laodicea
1508 4577 1604 4633 per
1632 4562 1961 4635 Tychichum
1998 4565 2178 4621 diaco-

602 4675 750 4716 "em'
1114 4722 1341 4782 CAPUT
1378 4721 1665 4779 ramum.

678 4819 841 4879 Vsus.
870 4819 926 4874 2.
958 4850 1028 4860 -
1053 4816 1261 4883 Gratia,
1291 4826 1338 4871 et
1363 4816 1744 4884 misericordia,
1781 4827 1830 4872 et
1864 4834 1968 4889 pas:
2005 4835 2043 4889 aq
2067 4818 2174 4875 Deo

605 4912 789 4967 Patre.
839 4910 898 4965 ln
929 4911 1032 4966 hac
1078 4906 1397 4965 salutatione
1432 4905 1535 4960 tria
1578 4905 1750 4975 ponit,
1788 4887 1907 4977 quae
1934 4887 2172 4979 exoptat,

601 5016 727 5058 cum
755 5001 811 5056 in
840 5000 961 5057 aliis
990 5009 1195 5056 tantum
1235 4998 1344 5055 duo
1366 4996 1632 5067 posuerit.
1678 4997 2043 5054 Misericordia
2086 5000 2173 5057 hic

602 5090 866 5162 accipitur
903 5103 1005 5160 pro
1040 5104 1106 5146 eo
1136 5089 1279 5160 quod
1319 5087 1373 5141 in
1415 5086 1537 5141 aliis
1590 5087 1836 5157 epistolis
1882 5090 2054 5158 gratia
2094 5090 2175 5145 di-

602 5187 765 5250 citur,
806 5184 859 5240 id
902 5191 986 5239 est
1024 5184 1271 5240 remissio
1314 5190 1685 5252 peccatorum.
1739 5179 1859 5236 Pas:
1901 5190 1985 5238 est
2030 5190 2175 5236 tran-

594 5272 839 5343 quillitas
869 5272 1060 5336 animi,
1094 5271 1395 5341 praelibatio
1423 5280 1645 5326 aeternae
1672 5270 1842 5341 pacis.
1870 5269 1996 5327 Haec
2022 5286 2171 5325 com-

590 5364 839 5420 muniter
864 5362 1115 5419 omnibus
1143 5362 1318 5432 optari
1346 5361 1503 5418 solet.
1527 5360 1717 5416 Gratia
1743 5376 1873 5418 vero
1898 5376 2059 5431 quam
2084 5360 2173 5418 hic

600 5456 770 5522 addit,
796 5453 1066 5526 episcopis
1081 5460 1318 5523 optatur,
1348 5452 1400 5508 id
1430 5461 1514 5508 est
1541 5453 1760 5507 donatio
1784 5451 2019 5523 Spiritus
2047 5468 2174 5507 san-

595 5549 690 5610 cti.
721 5563 828 5617 qua
856 5544 1086 5602 ministri
1110 5543 1204 5599 Dci
1232 5553 1531 5599 armantur.

664 5634 836 5697 Vens.
867 5639 919 5693 5.
947 5667 1014 5678 -—-
1038 5635 1184 5693 Sicut
1217 5636 1411 5706 rogavi.
1449 5634 1575 5692 Post
1604 5636 1980 5692 salutationem
2017 5638 2170 5708 prius

2348 4456 2565 4529 Rogaui.
2604 4459 2833 4534 (Αιιιιιι.)
2867 4461 3007 4517 Dicit
3052 4464 3261 4533 rogavi,
3303 4473 3365 4519 ut
3397 4461 3626 4517 allectum
3647 4447 3763 4509 chari'

2275 4549 2422 4615 tatis,
2448 4558 2503 4605 et
2525 4547 2753 4606 formam
2782 4552 3103 4608 humilitatis
3127 4554 3469 4610 ostenderet.

2347 4638 2568 4695 Fabulis
2593 4651 2641 4696 et
2668 4642 2999 4714 genealogiis.
3033 4644 3221 4713 (Auc.,
3251 4643 3351 4701 lib.
3399 4661 3437 4700 ιι
3466 4651 3625 4697 contra
3645 4633 3765 4689 adm-

2246 4733 2441 4786 —sarios
2470 4731 2598 4804 legis
2622 4742 2669 4787 et
2695 4730 3002 4803 Proplt.,-c.
3036 4733 3112 4805 1.)
3148 4734 3461 4791 Ηωτειίειιε
3494 4728 3675 4803 quidam
3702 4718 3766 4775 ini-

2274 4823 2449 4878 micus
2498 4823 2633 4894 legis
2681 4831 2736 4879 et
2783 4825 3202 4895 prophetarum,
3239 4827 3519 4882 existimat
3542 4813 3767 4890 Αροειοιυω

2275 4913 2380 4969 hoc
2436 4912 2555 4969 loco
2598 4913 2781 4969 divina
2821 4915 3032 4985 eloquia
3088 4915 3313 4973 fabulas
3358 4915 3657 4989 appellasse.
3684 4914 3767 4961 θίαν

2276 5019 2437 5073 usque
2470 5003 2539 5057 ad
2566 5004 2715 5073 quod
2737 5019 3000 5074 nusquam
3027 5019 3185 5060 sacra
3214 5005 3419 5077 pagina
3445 5010 3627 5059 nan-at.

2346 5093 2509 5149 Vens.
2549 5093 2601 5148 4.
2626 5126 2696 5135 -
2717 5093 3064 5165 Cenealogiis.
3096 5094 3451 5168 Gencalogia:
3481 5097 3619 5149 erant
3642 5081 3770 5155 quibus

2273 5186 2491 5258 quidam
2530 5187 2696 5244 Judaei
2737 5189 3031 5245 narrabant
3071 5204 3128 5245 se
3158 5204 3292 5247 esse
3324 5192 3392 5246 de
3418 5200 3601 5261 genere
3616 5175 3772 5236 Abraht

2272 5286 2325 5332 et
2354 5278 2519 5333 David
2547 5297 2559 5332 :
2587 5279 2741 5350 quasi
2786 5278 2910 5335 inde
2935 5278 3015 5334 eis
3040 5279 3364 5347 deberetur,
3393 5279 3477 5335 vel
3507 5275 3675 5349 quibus
3694 5276 3772 5321 ιιπν

2273 5369 2464 5424 rabant
2486 5368 2759 5425 Christum
2793 5384 2896 5424 non
2923 5384 3043 5424 esse
3070 5354 3137 5425 ex
3166 5369 3346 5425 David
3378 5367 3658 5426 oriundum.

2345 5456 2506 5512 Vens.
2554 5459 2607 5513 5.
2637 5489 2707 5498 -ο
2736 5456 2885 5513 Finis
2928 5468 3120 5513 autem.
3170 5457 3233 5514 In
3286 5459 3396 5515 ﬁde
3436 5467 3528 5521 εει
3567 5441 3773 5510 intimam

2273 5546 2387 5611 Dei,
2420 5548 2543 5616 quia
2573 5563 2635 5601 ex
2670 5546 2773 5602 ﬁde
2800 5556 2883 5602 est
2910 5563 3052 5618 spes,
3079 5556 3133 5602 et
3160 5547 3298 5604 inde
3324 5550 3576 5611 charitas,
3615 5552 3707 5611 qua:
3726 5538 3776 5585 est
3850 5558 3851 5618 ξ

2274 5636 2580 5707 adimplctio
2625 5636 2773 5707 legis.
2815 5638 2910 5692 Vel
2944 5639 3020 5694 sic
3060 5646 3326 5694 construe
3364 5637 3619 5709 :Quidam
3646 5627 3775 5682 doce!"
3850 5636 3851 5671 3
