3948 6314
253 400 355 465 629

252 534 309 582 ιιι
332 524 425 596 qui
457 521 699 594 religioni
728 520 1048 586 detrahunt,
1075 520 1187 589 juri
1235 520 1352 590 ejus
1385 520 1670 577 detrahere
1709 531 1814 572 non
1843 515 1896 577 Α

251 613 503 671 audeant.

325 722 488 776 Vens.
524 719 610 774 10.
635 751 706 760 -
735 719 987 784 Nullum,
1015 728 1119 774 etc.
1168 719 1382 774 Crimen
1425 727 1508 774 est
1538 725 1816 788 peccatum

252 827 441 884 grave,
470 811 810 868 accusatione
834 820 892 866 et
915 809 1261 865 damnatione
1295 808 1689 878 dignissimum.

329 929 484 984 Vens.
541 927 626 983 15.
652 957 722 968 -—-
749 925 1002 982 Ecclesia.
1053 923 1338 979 Multorum
1393 922 1706 978 convocatio
1753 923 1818 978 ad

255 1019 414 1075 anius
466 1017 562 1073 Dei
602 1017 826 1072 cultum.
873 1014 1130 1070 Columna
1169 1015 1419 1068 veritatis.
1478 1013 1534 1066 lu
1576 1028 1635 1068 se
1681 1013 1819 1068 bene

251 1110 524 1166 sustinens
550 1108 830 1162 veritatem
874 1121 942 1162 ne
966 1113 1201 1170 corruat,
1241 1104 1366 1158 licet
1397 1103 1706 1158 tribuletur.

327 1219 484 1274 Vens.
521 1217 607 1272 16.
623 1225 710 1258 ⁸-
738 1216 992 1286 Apparuit
1013 1213 1228 1286 angelis.
1257 1213 1371 1268 Non
1400 1213 1452 1268 in
1480 1213 1818 1291 Deoiantum

251 1309 544 1366 innotescit
570 1306 774 1379 angelis
801 1306 943 1376 quod
973 1303 1346 1360 absconditum
1375 1310 1475 1365 est,
1507 1304 1600 1358 sed
1649 1311 1704 1356 et
1731 1302 1820 1356 hic

251 1408 474 1473 apparet
512 1401 610 1464 eis,
651 1414 772 1454 cum
827 1395 1058 1452 elﬁcitur
1093 1403 1253 1465 atque
1301 1394 1647 1465 propalatur;
1701 1393 1820 1448 ideo

250 1492 449 1547 dicitur
482 1487 793 1560 apparuisse
833 1484 1037 1556 angelis
1075 1499 1182 1540 non
1214 1484 1324 1554 jam
1358 1485 1410 1538 in
1438 1483 1608 1537 forma
1640 1480 1819 1536 humi-

250 1581 416 1636 litatis
439 1580 535 1634 sed
559 1579 612 1633 in
642 1584 941 1647 potestate;
966 1575 1056 1645 qui
1086 1589 1212 1644 ergo
1239 1575 1386 1645 prius
1415 1573 1560 1628 visus
1580 1571 1817 1637 humilis,

249 1671 461 1728 devicta
493 1676 684 1732 morte,
727 1668 780 1722 in
824 1667 1103 1738 majestate
1143 1665 1408 1735 apparuit,
1439 1673 1498 1718 ut
1527 1676 1817 1734 agnoscen-

249 1771 332 1817 tes
359 1761 534 1831 angeli
576 1758 892 1830 mysterium
921 1757 1062 1827 quod
1102 1757 1250 1827 prius
1281 1755 1453 1821 latuit,
1489 1753 1815 1809 declaratum

1135 407 1402 465 GLOSSA
1436 403 1833 463 ORDINARIA.
1875 433 1944 443 —
1980 401 2198 458 EPlST.
2240 403 2259 458 l
2299 403 2389 456 AD
2427 400 2563 456 Tllil.

3384 395 3486 450 £30

2528 510 2750 568 CAPUT
2806 507 2868 563 V.

1980 649 2142 704 Vens.
2169 648 2218 702 1.
2248 677 2315 686 -
2356 645 2623 700 Seniorem
2651 661 2712 698 ne
2746 641 3105 713 increpaveris.
3143 639 3243 706 Nc,
3272 639 3510 710 indigne-

1918 740 2098 795 ferens
2139 754 2199 795 se
2243 755 2272 792 a
2315 738 2524 793 minore
2572 744 2898 800 correctum,
2930 734 3100 805 magis
3138 743 3489 804 exasperetur

1917 845 2076 901 quam
2120 828 2382 899 proﬁciat.

1987 919 2149 975 Vens.
2189 918 2242 973 2.
2293 948 2364 959 -——
2405 915 2470 970 Ut
2499 931 2720 970 sorores.
2776 915 2847 971 Ut
2892 915 3135 970 videntes
3185 929 3243 969 se
3285 913 3487 968 amoris

1919 1026 2079 1067 causa
2128 1006 2495 1070 commoneri,
2542 1004 2752 1060 facilius
2802 1019 2860 1059 se
2909 1005 3200 1073 corrigam.
3232 1001 3299 1056 In
3344 1003 3486 1056 omni

1919 1101 2173 1154 castitate.
2197 1096 2254 1150 ln
2279 1095 2510 1165 alloquio
2547 1093 2953 1162 juvencularum
2985 1101 3128 1148 recte
3167 1090 3380 1160 juvenis
3413 1091 3489 1147 de

1919 1189 2165 1244 castitate
2195 1187 2540 1246 admonetur.

1992 1280 2154 1336 Vens.
2176 1280 2228 1334 5.
2253 1310 2324 1321 --
2353 1275 2551 1333 Viduas
2577 1277 2778 1333 honora
2813 1293 2931 1348 qua:
2976 1293 3088 1332 vere
3132 1276 3302 1331 vidua:
3342 1283 3484 1330 sunt.

1920 1373 2034 1429 Hoc
2077 1379 2199 1436 est,
2251 1384 2370 1440 qua:
2415 1368 2655 1424 omnium
2703 1381 2923 1422 suorum
2973 1364 3175 1420 auxilio
3221 1363 3489 1419 destituta:

1920 1471 2064 1528 sunt,
2097 1470 2152 1516 et
2199 1474 2318 1531 quae
2349 1459 2598 1513 manibus
2640 1457 2886 1513 laborare
2933 1471 3038 1511 non
3080 1465 3320 1526 possunt,
3354 1471 3489 1525 quas

1919 1564 2212 1628 paupertas
2255 1553 2532 1617 debilitat,
2562 1561 2799 1622 aetasque
2827 1551 3045 1608 conﬁcit
3075 1570 3087 1605 :
3117 1551 3310 1622 quibus
3348 1551 3491 1606 Deus

1919 1661 2044 1718 spes
2067 1653 2169 1711 est,
2192 1653 2248 1700 et
2273 1658 2431 1700 omne
2452 1658 2605 1714 opus,
2633 1643 2827 1698 oratio.

1992 1738 2155 1793 Vens.
2176 1735 2229 1791 4.
2259 1767 2330 1778 -
2360 1735 2690 1790 Parentibus.
2720 1735 2979 1788 Parentes
3019 1739 3144 1787 sunt
3183 1732 3367 1798 iidem,
3397 1733 3489 1800 qui

251 1853 305 1907 in
359 1823 522 1906 carne
547 1890 562 1914 ,
613 1823 751 1916 genu
803 1847 878 1902 illi
928 1823 1206 1902 llectentcs
1261 1847 1415 1916 quasi
1471 1847 1582 1900 Deo
1619 1844 1819 1914 gratias
1851 1855 1896 1916 Β
1925 1826 2172 1896 Superius
2203 1825 2297 1880 ﬁlii
2331 1834 2389 1879 ει
2419 1833 2658 1894 ηθροίοδο
2702 1823 2855 1879 Unde
2896 1830 2951 1877 οι
2975 1823 3027 1877 in
3057 1823 3322 1916 mundana
3375 1823 3489 1916 1⁸8⁸

251 1948 440 2012 agant,
489 1940 614 2009 quia
661 1938 960 1993 didicerant
1005 1938 1309 1992 veritatem.
1368 1935 1435 1989 In
1481 1935 1692 1988 mundo.
1752 1931 1823 1989 Ut

250 2029 474 2101 perﬁdia
519 2027 702 2083 mundi
733 2025 946 2082 veniam
999 2027 1204 2082 erroris
1239 2027 1437 2080 mereri
1479 2039 1584 2080 non
1632 2024 1821 2094 possit.

251 2120 405 2176 Sicut
439 2117 696 2174 Dominus
734 2115 864 2172 dicit
913 2114 980 2171 de
1013 2113 1213 2171 Iudaeis
1254 2133 1267 2168 :
1303 2113 1361 2170 Si
1411 2131 1512 2168 non
1553 2115 1822 2178 venissem,

249 2221 300 2266 et
326 2211 528 2265 locutus
561 2207 634 2264 eis
661 2208 908 2284 fuissem,
947 2217 1216 2277 peccatum
1259 2223 1361 2261 non
1391 2205 1662 2267 haberent,
1715 2213 1820 2260 etc.

251 2301 434 2370 (Joan.
463 2317 532 2355 xv
549 2301 589 2372 ).

842 2390 1068 2448 CAPUT
1116 2387 1204 2444 IV.

322 2526 484 2581 Vens.
519 2526 568 2579 l.
594 2555 665 2566 —
691 2523 918 2591 Spiritus
959 2534 1131 2579 autem
1179 2522 1452 2592 manifeste
1505 2521 1651 2576 dicit.
1694 2519 1822 2586 Quae

250 2616 353 2671 sibi
388 2615 564 2670 futura
597 2615 833 2686 Spiritus
879 2623 1100 2669 sanctus
1149 2613 1470 2668 revelaverit
1521 2611 1590 2666 ad
1625 2611 1823 2666 instru-

251 2709 483 2764 ctionem
513 2716 567 2762 et
595 2707 860 2763 cautelam
892 2705 1178 2772 Ecclesiae;
1225 2720 1331 2759 non
1361 2711 1506 2759 tacet
1533 2703 1718 2758 dicens
1739 2701 1822 2756 fu-

251 2810 404 2857 turos
425 2799 694 2871 pestiferae
719 2799 978 2856 doctrina:
1003 2799 1167 2864 viros,
1205 2796 1611 2882 ut.pr:emonita
1638 2795 1822 2852 Eccle-

250 2891 330 2945 sia
373 2892 442 2946 sit
474 2891 738 2952 sollicita,
778 2905 844 2945 ne
889 2889 957 2944 ab
999 2889 1302 2960 hujusmodi
1359 2888 1668 2944 hominibus
1717 2887 1823 2941 cir-

249 2982 648 3046 eumveniatur,
681 2981 834 3050 quasi
865 2981 1007 3035 dicat
1033 2998 1050 3036 :
1086 2981 1162 3034 lta
1191 2988 1274 3034 est
1301 2979 1456 3048 digna
1484 2979 1676 3033 domus
1703 2976 1816 3041 Dei,

250 3071 348 3128 sed
377 3070 603 3139 Spiritus
634 3070 910 3140 manifeste
947 3069 1091 3123 dicit.
1117 3069 1183 3123 Et
1222 3069 1342 3123 ideo
1367 3083 1464 3138 pro
1502 3067 1618 3138 ejus
1652 3065 1820 3121 subli-

249 3164 443 3218 mitate
466 3178 530 3218 ne
555 3177 740 3218 curam
769 3161 1024 3232 deponas.

331 3251 492 3307 Vens.
533 3252 586 3306 2.
611 3283 680 3292 —
706 3251 1082 3306 Cauteriatam.
1131 3250 1442 3306 Cauterium
1490 3258 1574 3306 est
1618 3247 1820 3304 ferrum

251 3360 286 3398 a
317 3344 556 3399 cavendo
594 3344 817 3398 dictum.

333 3434 492 3490 Vens.
518 3435 570 3490 '5.
594 3464 664 3474 —
691 3433 833 3501 Quos
859 3433 1000 3488 Deus
1038 3433 1247 3488 creavit.
1276 3431 1401 3488 Haec
1437 3423 1677 3488 doctrina
1707 3447 1829 3488 san-

253 3536 488 3590 ctorum,
518 3523 605 3578 illa
649 3523 1058 3579 daemoniorum.

333 3615 490 3670 Vens.
537 3615 592 3670 5.
626 3645 697 3654 —
735 3613 1130 3683 Sanctiﬁcatur.
1185 3613 1418 3670 Sanetus
1467 3611 1527 3667 ﬁt
1578 3612 1730 3668 cibus
1775 3619 1832 3668 et

255 3709 521 3775 salubris,
571 3724 677 3763 non
717 3707 907 3763 noxius
945 3707 1138 3761 anima:
1184 3706 1268 3762 vel
1318 3704 1567 3777 corpori,
1604 3706 1836 3762 verbum

255 3801 582 3868 sanctiﬁcat,
604 3800 778 3856 oratio
806 3800 1080 3871 impetrat,
1111 3799 1356 3856 diabolus
1389 3814 1512 3855 vero
1531 3814 1629 3870 per
1651 3799 1830 3855 cibum

259 3902 451 3949 tentat.

334 3985 493 4041 Vens.
537 3987 590 4042 8.
618 4015 686 4026 --
715 3983 858 4039 Nam
917 3984 1224 4055 corporalis.
1278 3983 1446 4040 Datur
1470 3986 1559 4042 hic
1610 3986 1831 4057 intelligi

255 4077 404 4146 quod
440 4075 658 4145 vigiliis,
692 4072 933 4145 jejuniis,
965 4075 1301 4131 orationibus
1322 4083 1377 4130 et
1404 4074 1560 4131 bonis
1581 4077 1837 4146 operibus

256 4183 322 4223 se
348 4166 634 4222 exercebat
671 4163 1002 4229 Timotheus,
1052 4180 1159 4220 non
1210 4167 1342 4222 adeo
1392 4166 1631 4221 intentus
1661 4166 1839 4237 operi-

255 4256 363 4312 bus
393 4256 798 4312 misericordiae.
833 4255 1032 4321 Pietas,
1078 4271 1200 4326 quae
1245 4265 1500 4326 operatur
1551 4257 1691 4313 bona
1727 4256 1840 4314 fra-

258 4345 436 4400 tribus
463 4353 516 4400 et
545 4345 686 4400 valet
719 4346 786 4399 ad
814 4346 1230 4414 promerendum
1267 4345 1458 4402 Deum.

334 4433 498 4490 Vens.
544 4436 629 4490 11.
664 4465 733 4475 -
766 4433 996 4502 Ρταιεὶρε
1034 4437 1180 4490 lucc-
1219 4435 1398 4493 Monet
1449 4452 1590 4502 eum,
1623 4447 1684 4494 ut
1711 4453 1839 4510 pro-

260 4525 438 4582 fectus
462 4526 575 4596 ejus
605 4541 703 4596 per
729 4525 909 4581 omnia
960 4525 1261 4596 exemplum
1312 4537 1463 4584 esset.
1496 4528 1650 4596 aliis,
1680 4539 1738 4586 ut
1783 4529 1838 4585 in

260 4615 605 4673 adolescente
638 4615 900 4672 mirabilis
928 4616 1219 4681 videretur,
1243 4627 1296 4673 et
1325 4618 1504 4689 gravis
1533 4619 1837 4690 disciplina,

262 4715 326 4760 ut
356 4716 508 4763 actus
535 4707 650 4778 ejus
677 4714 1002 4762 excusarent
1037 4725 1050 4738 ο
1095 4715 1152 4762 et
1183 4723 1287 4763 non
1316 4709 1470 4778 quasi
1499 4707 1712 4778 juvenis
1743 4711 1837 4766 sed

261 4801 421 4873 quasi
479 4800 660 4855 senior
717 4783 982 4855 habeatur
1001 4839 1030 4864 ,.
1065 4807 1118 4854 et
1167 4799 1551 4856 erubescerent
1610 4800 1842 4871 majores

263 4896 480 4960 uatu,si
513 4910 617 4950 non
646 4893 961 4950 exhiberem
983 4907 1042 4948 se
1066 4891 1218 4960 juxta
1244 4889 1471 4946 formam
1499 4892 1676 4964 hujus,
1707 4910 1839 4950 con-

263 4987 571 5044 versatione
603 4994 660 5041 et
694 4985 933 5040 moribus
958 5001 1168 5056 graves.

341 5078 506 5133 Vens.
535 5077 619 5132 M.
645 5107 716 5116 —-
757 5075 1109 5146 PrOphetiam.
1137 5075 1361 5134 Vocavit
1392 5077 1726 5158 prophetiam
1757 5079 1840 5135 in-

1925 1934 2121 1990 parens
2145 1919 2354 1989 parenti
2394 1917 2614 1988 jubetur
2637 1932 2732 1987 per
2760 1917 2983 1988 gradum
3029 1915 3335 1971 succedere.
3363 1915 3492 1980 Qui-

1924 2013 2025 2066 bus
2051 2019 2289 2066 mutuam
2337 2011 2510 2064 vieem
2560 2010 2850 2072 reddimus,
2882 2025 3002 2063 cum
3030 2025 3058 2062 a
3088 2007 3330 2078 patribus
3361 2007 3492 2063 edu-

1924 2104 2027 2159 cati
2063 2116 2268 2168 sumus,
2294 2111 2348 2157 et
2374 2102 2507 2156 alios
2537 2101 2651 2171 pari
2682 2101 2798 2170 lege
2826 2102 3110 2156 nutrimus.

1993 2192 2156 2248 Vens.
2179 2192 2232 2247 5.
2256 2222 2327 2233 —-
2354 2191 2620 2253 Desolata,
2645 2201 2831 2262 speret.
2856 2191 3054 2247 Videns
3079 2207 3144 2248 ex
3175 2191 3316 2246 nulla
3339 2200 3492 2261 parte

1921 2299 1980 2340 se
2012 2284 2211 2338 habere
2245 2282 2592 2354 sulfragium,
2644 2292 2757 2338 toto
2803 2284 2984 2338 animo
3025 2291 3109 2339 est
3135 2283 3325 2338 devota
3358 2285 3489 2348 Deo,

1921 2374 2116 2443 de’quo
2145 2372 2260 2429 solo
2289 2380 2471 2442 sperat
2498 2373 2762 2426 auxilium
2799 2374 2923 2428 vitae
2959 2381 3015 2428 et
3053 2373 3240 2428 salutis

1991 2462 2154 2516 Vens.
2183 2461 2236 2516 6.
2263 2491 2332 2502 --
2358 2459 2488 2526 Qum
2517 2461 2571 2514 in
2596 2460 2816 2515 deliciis.
2865 2459 3046 2516 Genus
3072 2468 3156 2516 est
3186 2460 3496 2530 imposturaa

1922 2553 2179 2607 honorem
2203 2551 2373 2606 viduae
2400 2550 2598 2604 habere
2622 2550 2778 2614 velle,
2814 2558 2871 2604 et
2899 2565 3003 2604 non
3045 2549 3267 2618 obsequi
3296 2549 3407 2604 Deo
3442 2558 3498 2602 et

1921 2641 2066 2696 aliud
2113 2656 2294 2712 agere,
2325 2641 2469 2697 aliud
2511 2640 2788 2710 proﬁteri,
2833 2656 2954 2696 cum
3008 2640 3322 2710 proﬁteatur
3369 2640 3495 2693 reli-

1922 2734 2136 2806 gioaem

1992 2823 2156 2878 Vens.
2178 2823 2267 2878 8.-
2352 2822 2551 2879 Curam
2599 2839 2703 2878 non
2747 2823 2918 2878 habet.
2956 2823 3097 2879 Cura
3139 2822 3506 2893 impendenda.

1921 2913 2258 2985 parentibus,
2286 2920 2345 2966 ut
2372 2910 2532 2967 Jesus
2575 2921 2804 2967 matrem
2853 2911 3044 2967 Joanni
3075 2911 3496 2968 commendavit.

1994 3006 2154 3061 Vens.
2175 3005 2259 3060 10.
2276 3036 2348 3046 --
2362 3003 2817 3076 Pedes.'(Auc.,in
2841 3004 3015 3060 Tract.
3034 3005 3102 3060 58
3119 3006 3172 3060 in
3197 3004 3384 3073 Joan.)
3398 3005 3500 3060 Fa-

1924 3099 2130 3155 ciamus
2155 3099 2270 3154 btee
2300 3098 2525 3154 invicem
2563 3099 2825 3164 humiles,
2869 3098 3011 3169 quod
3060 3098 3336 3154 humiliter
3374 3097 3504 3154 fecit

1850 3203 1894 3264 ρ
1926 3188 2189 3252 excelsus,
2217 3195 2347 3252 etc.,
2373 3205 2532 3256 usque
2550 3188 2619 3240 ad
2638 3189 2987 3244 conﬁrmatur
3025 3188 3341 3244 humilitatis
3369 3187 3499 3245 elic-

1925 3286 2063 3332 ctus.
2085 3276 2418 3333 Sanctorum.
2439 3278 2676 3344 Quorum
2702 3279 2966 3334 obsecro?
2982 3280 3307 3350 Eorum,qui
3326 3280 3378 3335 in
3401 3281 3500 3335 tri-

1927 3366 2200 3422 bulatione
2239 3374 2394 3431 sunt,
2421 3383 2528 3421 non
2556 3376 2866 3423 sanctorum
2887 3368 3242 3438 simpliciter:
3282 3379 3524 3438 possunt.

1928 3459 2070 3514 enim
2087 3474 2206 3514 esse
2230 3459 2424 3524 sancti,
2443 3474 2762 3528 summoque
2785 3461 3042 3532 obsequio
3073 3461 3139 3517 ab
3160 3462 3409 3517 omnibus
3425 3461 3504 3516 fo-

1928 3551 2062 3604 veri.
2109 3549 2223 3605 Noli
2251 3552 2349 3607 hos
2373 3552 2624 3622 prnsequi
2657 3552 2810 3622 copia
2855 3567 3036 3608 rerum
3079 3553 3372 3618 afﬂuentes,
3412 3556 3506 3611 sed

1930 3641 2185 3709 alﬂletos,
2203 3652 2258 3698 et
2287 3644 2431 3713 quia
2457 3643 2638 3699 multis
2661 3645 2994 3714 ignorantur.
3018 3644 3134 3700 Noli
3171 3646 3384 3715 praesuli
3410 3647 3507 3703 Ec—

1930 3734 2111 3792 clesiae
2125 3736 2225 3789 ista
2247 3735 2482 3790 tribuere
2501 3735 2803 3805 partienda,
2819 3737 2932 3806 ipse
2951 3737 3130 3806 potius
3156 3738 3421 3803 ministra,
3438 3754 3514 3794 ne

1931 3828 2098 3884 solius
2126 3828 2400 3898 impendii,
2417 3843 2604 3883 verum
2632 3829 2876 3898 obsequii
2904 3829 3183 3899 prmmium
3206 3831 3504 3902 percipias:

1931 3921 2165 3992 propriis
2189 3934 2350 3990 eroga
2385 3920 2657 3988 manibus,
2698 3929 2755 3976 tu
2780 3920 2987 3977 sulcum
3026 3937 3146 3977 sere
3171 3923 3406 3992 pietatis.

2005 4031 2169 4086 Vens.
2199 4031 2372 4084 11.-
2400 4030 2600 4085 Devita.
2642 4030 2697 4087 ld
2726 4040 2828 4097 est,
2865 4040 2990 4086 vota
3020 4031 3287 4088 castitatis
3320 4049 3506 4089 earum

1935 4137 2043 4177 non
2068 4135 2239 4191 usque
2279 4121 2413 4176 adeo
2462 4136 2620 4175 cures
2645 4160 2658 4184 ,
2700 4129 2760 4175 ut
2807 4135 2907 4177 eas.
2933 4120 3188 4177 Ecclesia:
3241 4121 3535 4177 alimoniis.

1937 4211 2323 4266 sustentandas
2351 4210 2638 4281 suscipias.

2011 4325 2172 4383 Vens.
2206 4327 2291 4382 l2;
2315 4359 2385 4368 -—
2409 4327 2689 4383 Habentes.
2727 4329 2896 4402 (Atia.
2916 4370 2930 4396 ,
2957 4329 3021 4386 de
3041 4328 3188 4384 Bono
3211 4330 3474 4385 viduitatis
3493 4371 3514 4396 ,

1941 4434 2058 4489 cap.
2083 4420 2116 4475 8
2142 4461 2156 4485 ,
2183 4421 2236 4486 9,
2280 4420 2392 4490 10.)
2414 4419 2469 4474 1η
2503 4419 2769 4493 conjugali
2793 4422 3005 4478 vinculo
3030 4423 3074 4478 si
3100 4422 3354 4494 pudicitia
3383 4439 3516 4479 con-

1943 4521 2210 4577 servetur,
2266 4511 2543 4567 damnatio
2599 4527 2705 4568 nou
2756 4513 3008 4580 timetur,
3048 4523 3194 4582 etc.,
3234 4531 3392 4585 usque
3441 4515 3534 4569 adv

1944 4603 2121 4658 omnis
2151 4600 2455 4671 hujusmodi
2484 4602 2676 4660 similis
2702 4612 2787 4660 est
2813 4605 2968 4659 uxori
3005 4603 3175 4670 Loth,
3217 4619 3338 4674 quae
3367 4611 3536 4660 retro.-

1944 4692 2176 4763 aspexit.

2014 4781 2233 4836 lrritam
2272 4782 2523 4853 fecerunt.
2566 4784 2681 4840 Etsi
2721 4801 2828 4840 non
2870 4785 3150 4850 nubendo,
3206 4795 3383 4841 tamen
3425 4801 3518 4841 vo.

1942 4872 2100 4928 lendo
2148 4888 2162 4927 :
2217 4889 2322 4928 non
2391 4873 2516 4943 quia
2571 4875 2770 4943 nuptiae
2819 4875 3170 4939 damnentur,
3230 4876 3324 4931 sed
3371 4874 3518 4932 fraus

1942 4966 2225 5035 propositi,
2256 4974 2310 5020 et
2339 4965 2508 5020 fracta
2553 4966 2683 5022 ﬁdes
2717 4967 2822 5021 voti
2849 4967 3133 5022 damnatur
3162 4977 3217 5024 et
3239 4969 3522 5034 voluntas,

1942 5076 2062 5131 quae
2093 5077 2120 5113 a
2150 5060 2426 5130 proposito
2458 5061 2660 5115 recedit
2685 5059 3006 5116 damnabilis
3040 5067 3144 5128 est,
3183 5061 3294 5116 sive
3322 5062 3527 5132 nuptiae

267 5170 621 5242 spirationcm
653 5166 824 5223 sancti
871 5165 1103 5236 Spiritus
1128 5209 1143 5233 ,
1183 5184 1281 5238 per
1322 5185 1485 5241 quam
1523 5155 1844 5241 praesciebat
1939 5163 2253 5227 εείιυτιηιυτ,
2281 5155 2392 5211 SiV-e
2417 5170 2544 5211 n00-

268 5263 400 5334 quid
426 5261 492 5316 de
532 5260 635 5316 hoc
663 5267 718 5314 et
744 5259 810 5314 de
855 5259 1064 5314 caeteris
1100 5269 1243 5316 esset
1287 5272 1524 5318 acturus.
1577 5262 1702 5318 Ideo
1728 5264 1842 5319 ait:

2016 5245 2183 5300 Vens.
2213 5246 2298 5300 15.
2326 5277 2396 5286 —
2432 5246 2706 5303 Conversa:
2738 5255 2860 5302 sunt
2913 5257 3049 5302 retro
3103 5247 3400 5303 Satanam.
3439 5249 3523 5304 Ab

273 5354 407 5420 Qua,
441 5354 565 5407 άαια
595 5362 670 5409 εει
699 5353 792 5408 τίω
829 5369 920 5423 ρετ
945 5354 1265 5426 prophetiam
1298 5371 1316 5408 ε
1345 5356 1468 5426 quia
1517 5354 1719 5424 spiritu
1766 5371 1851 5411 re.
1947 5338 2234 5394 excellenti
2283 5338 2374 5392 illo
2414 5337 2644 5394 vidualis
2675 5337 3056 5396 vel‘eastitatis
3083 5341 3364 5412 virginalis
3392 5357 3523 5413 pro—

269 5445 488 5500 velante
515 5445 765 5516 cognovit
802 5444 1088 5515 Apostolus
1116 5445 1455 5501 Timotheum
1481 5461 1602 5501 esse
1624 5445 1841 5516 dignum

243 5534 567 5608 episcopali
624 5535 845 5590 honore.
892 5533 1207 5606 Presbyteri.
1257 5534 1360 5590 Pro
1406 5535 1843 5606 presbyterorum,

274 5629 402 5700 quia
436 5627 616 5682 minus
650 5626 822 5682 tribus
861 5644 980 5684 esse
1011 5644 1117 5684 non
1153 5636 1398 5699 possunt.
1427 5627 1493 5681 Et
1531 5634 1687 5682 vocat
1728 5639 1847 5696 pre-

278 5723 578 5792 sbyterum,
609 5720 952 5791 episcopum;
1000 5722 1085 5777 vel
1113 5723 1237 5793 quia
1269 5737 1408 5778 unus
1443 5735 1635 5776 manus
1678 5720 1846 5790 impo-

279 5816 360 5876 nit
393 5809 1066 5886 cmterisassentientibus.
1163 5833 1166 5836 ’

1737 5898 1782 5906 ση-

1951 5429 2128 5500 posito
2151 5427 2204 5482 in
2231 5429 2531 5498 posteriora
2563 5429 2900 5501 respiciendo
2928 5431 3241 5487 ceciderunt
3273 5442 3326 5486 et
3357 5433 3523 5486 inter-

1951 5518 2151 5574 ierunt.

2023 5611 2185 5666 Vens.
2219 5610 2302 5664 17.
2334 5639 2404 5652 --
2429 5608 2532 5676 Qui
2567 5613 2712 5666 bene.
2750 5611 2828 5666 De
2858 5613 3062 5669 honore
3088 5611 3524 5683 presbyterorum

1954 5702 2041 5757 hic
2077 5701 2210 5773 agit,
2242 5702 2395 5771 quasi
2428 5703 2569 5758 dicat
2600 5722 2612 5758 :
2642 5704 2773 5759 Illud
2797 5706 2940 5776 quod
2977 5705 3086 5760 dixi
3123 5704 3189 5758 de
3223 5703 3398 5758 viduis
3431 5704 3525 5758 ob-

1955 5811 2108 5854 serva
2141 5813 2152 5848 :
2185 5804 2240 5851 cl.
2268 5802 2368 5858 hoc
2399 5803 2560 5859 etiam
2587 5799 2817 5869 praecipe
2843 5799 2909 5854 de
2935 5797 3284 5868 presbyteris,
3318 5805 3375 5851 ut
3403 5812 3535 5870 pres
