3948 6314
463 439 564 494 631

965 434 1354 492 WALAFRIDI
1391 436 1636 492 STRABI
1669 437 1873 493 FULD.
1914 429 2078 488 MON.
2117 427 2268 484 OPP.
2310 425 2488 482 PARS
2522 426 2564 480 l.
2589 457 2671 475 .—
2707 395 3158 480 THEOLOGICA.

3607 419 3716 472 639.

464 557 701 627 sbyteri,
742 555 833 624 qui
874 554 1008 608 bene
1054 562 1292 621 praesunt
1318 553 1428 606 vita
1471 561 1527 606 et
1567 552 1840 618 doctrina,
1884 550 2030 620 digni
2061 549 2109 606 A
2134 548 2305 623 γυρὶα.
2340 544 2394 599 Si
2419 558 2548 615 ergo
2574 541 2799 597 avaritia
2845 541 3078 596 habetur
3119 557 3237 610 quae
3266 541 3485 611 proprie
3512 550 3594 596 est
3622 557 3716 610 pe-

464 645 782 700 habeantur.

535 734 701 789 Vsns.
731 734 816 788 19.
859 763 928 775 -
967 734 1226 788 Adversus
1259 736 1609 805 presbyterum
1653 735 2033 788 accusationem

469 822 578 876 nali
626 824 867 892 recipere,
905 839 1014 878 etc.
1048 824 1197 879 Solet
1223 825 1314 893 qui
1355 827 1578 895 corripit
1606 841 1712 880 non
1747 825 1948 887 amari,
1979 833 2036 890 et

468 911 591 966 ideo
619 911 799 966 habita
829 913 1113 968 occasione
1157 914 1312 970 facile
1349 925 1652 970 accusatur.
1683 913 1882 970 Contra
1931 915 2034 969 hoc

470 1011 685 1065 monet,
731 1018 836 1057 non
872 1018 995 1058 esse
1038 1005 1402 1074 recipiendam
1451 1007 1518 1062 de
1549 1006 1692 1062 facili
1739 1006 2035 1061 accusatio-

467 1107 590 1147 nem
610 1092 886 1148 .adversus
921 1095 1312 1166 presbyterum.

543 1183 702 1238 Vens.
727 1183 816 1237 20.
843 1215 914 1222 -
939 1183 1129 1238 Coram
1151 1187 1412 1252 omnibus,
1438 1196 1543 1241 etc.
1574 1187 1754 1258 (Auc.,
1786 1202 1941 1240 serm.
1968 1184 2035 1239 16

467 1275 534 1328 de
593 1273 740 1327 Verb.
762 1274 958 1345 'Dom.)
982 1274 1280 1345 Aliquando
1307 1277 1470 1331 debes
1507 1277 1783 1346 corripere
1808 1291 2036 1347 peccan-

469 1375 578 1420 tem
607 1367 748 1421 inter
774 1377 824 1420 te
859 1375 914 1420 et
954 1368 1124 1436 ipsum
1153 1368 1342 1431 solum,
1374 1377 1505 1434 etc.,
1537 1385 1697 1439 usque
1724 1369 1792 1422 ad
1823 1367 2037 1438 quando

375 1501 386 1508 .
468 1467 646 1511 autem
681 1457 855 1526 palam
903 1465 1174 1526 peccatur,
1215 1457 1392 1530 palam
1423 1459 1755 1528 arguendum
1801 1467 1903 1512 est.

543 1545 704 1601 Vens.
732 1548 820 1601 21.
861 1578 932 1587 —
963 1547 1144 1602 Testor
1190 1565 1366 1602 coram
1394 1548 1523 1602 Deo.
1553 1548 1610 1602 ld
1649 1557 1751 1612 est,
1800 1548 1940 1602 Deus
1966 1547 2037 1601 sit

469 1641 601 1698 mihi
633 1643 807 1706 testis,
843 1641 984 1711 quod
1012 1642 1246 1695 animam
1295 1657 1468 1695 meam
1503 1640 1701 1695 salvavi
1739 1640 1854 1705 tibi,
1881 1655 2032 1694 cave.

540 1730 702 1787 Vens.
735 1732 824 1786 ‘25.
847 1764 917 1773 —
946 1731 1074 1787 Noli
1114 1733 1286 1786 adhuc
1321 1749 1543 1803 aquam,
1569 1742 1672 1787 etc.
1708 1732 1842 1799 Quia
1875 1733 2037 1787 casti-

467 1831 632 1878 tatem
655 1823 963 1888 admonuit,
991 1824 1092 1879 hac
1121 1817 1407 1879 occasione
1432 1825 1836 1879 immoderatam
1868 1824 2036 1879 absti-

466 1913 702 1968 nentiam
719 1915 995 1984 prohibet,
1021 1931 1183 1986 quam
1227 1917 1340 1985 ipse
1378 1917 1596 1971 inierat.

538 2005 700 2060 Vnns.
723 2005 812 2059 24.
837 2038 906 2046 -
935 2005 1297 2071 Quorumdam
1341 2011 1606 2062 hominum
1645 2019 1884 2079 peccata,
1929 2018 2034 2062 etc.

469 2095 604 2163 Quia
631 2096 841 2151 dixerat
867 2085 984 2153 sine
1007 2098 1316 2168 praejudicio
1344 2099 1477 2153 nihil
1504 2099 1804 2156 faciendum
1825 2138 1842 2164 ,
1865 2099 2040 2154 deter-

469 2189 638 2242 minat
671 2190 762 2244 ubi
790 2188 1156 2258 przejudicium
1196 2192 1267 2245 sit
1296 2195 1681 2257 necessarium,
1705 2201 1759 2246 et
1783 2192 1870 2246 ubi
1907 2207 2037 2256 non,

467 2276 712 2333 dividens
747 2278 886 2334 bona
933 2289 989 2333 et
1039 2279 1200 2346 mala,
1256 2281 1308 2334 in
1351 2279 1638 2335 manifesta
1684 2289 1739 2335 et
1786 2280 2036 2345 occulta,

467 2371 620 2438 quasi
651 2371 830 2426 dicat:
874 2371 996 2427 ideo
1016 2386 1150 2442 opus
1188 2381 1274 2426 est
1303 2372 1717 2436 examinatione,
1746 2372 1871 2441 quia
1899 2371 2039 2426 sicut

465 2460 708 2529 quaedam
754 2470 881 2516 sunt
927 2462 1230 2526 manifesta,
1262 2477 1383 2531 quae
1435 2477 1538 2516 non
1577 2470 1790 2531 oportet
1836 2461 2040 2516 exami-

465 2551 614 2616 nari,
644 2551 716 2605 ita
741 2553 985 2621 quazdam
1016 2562 1141 2608 sunt
1164 2553 1398 2618 occulta,
1429 2554 1496 2608 de
1517 2554 1714 2622 quibus
1753 2553 1869 2608 sine
1909 2569 2039 2622 pra:-

465 2642 868 2697 examinatione
918 2659 1024 2706 non
1063 2652 1242 2716 potest
1285 2643 1402 2700 ﬁeri
1436 2643 1825 2716 pra'judicium.
1861 2641 2039 2697 Mani-

466 2735 676 2805 festata.
711 2739 823 2794 Hoc
853 2738 984 2793 dicit
1010 2740 1076 2793 de
1107 2740 1204 2804 iis,
1246 2740 1310 2794 de
1337 2739 1531 2807 quibus
1565 2739 1768 2793 clarum
1798 2750 1881 2793 est
1928 2753 2036 2807 quo

466 2829 646 2882 animo
683 2827 836 2892 ﬁant,
869 2830 984 2883 haec
1016 2829 1324 2898 praecedunt
1361 2829 1428 2883 ad
1469 2828 1732 2896 judicium
1760 2869 1775 2894 ,
1828 2829 1952 2899 quia
1990 2829 2037 2883 si

470 2920 570 2972 ista
599 2918 842 2986 sequitur
872 2917 1156 2986 judicium,
1183 2934 1291 2973 non
1329 2927 1413 2973 est
1443 2918 1809 2972 temerarium.
1843 2917 2037 2973 Subse-

466 3019 714 3079 quuntur.
745 3007 895 3063 Sicut
921 3024 1038 3078 qua:
1063 3009 1271 3063 occulta
1309 3016 1433 3062 sunt
1460 3007 1599 3061 mala
1623 3009 1737 3076 ipsa
1770 3023 1876 3062 non
1905 3007 2040 3062 late-

467 3100 601 3153 bunt
628 3110 867 3168 tempore
893 3114 995 3174 suo
1019 3099 1234 3168 quando
1262 3097 1464 3153 Christi
1495 3106 1706 3167 tempus
1734 3098 2037 3164 advenerit,

356 3217 369 3227 -
464 3206 574 3260 quo
599 3190 1012 3246 manifestentur
1038 3208 1050 3243 :
1086 3190 1164 3245 sic
1189 3197 1244 3245 et
1269 3190 1334 3245 de
1372 3190 1546 3246 bonis.
1577 3191 1654 3245 De
1685 3189 1769 3245 bis
1792 3204 1922 3259 ergo
1955 3188 2039 3258 ju-

463 3281 708 3338 dicemus
733 3301 744 3336 :
778 3283 869 3338 illa
894 3283 986 3337 Dei
1007 3281 1213 3352 judicio
1239 3281 1628 3352 relinquantur.

1071 3412 1297 3477 CAPUT
1336 3412 1423 3477 VI.

538 3553 701 3608 Vsus.
737 3553 881 3606 1.-
927 3551 1254 3621 Quicunque.
1301 3549 1591 3605 Sciendum
1643 3557 1727 3602 est
1778 3547 2039 3616 quosdam

464 3644 792 3714 praedicasse
840 3657 1177 3697 communem
1218 3640 1468 3695 omnibus
1519 3639 1572 3692 in
1626 3637 1843 3694 Christo
1880 3636 2041 3690 liber-

463 3741 650 3786 tatem.
675 3731 828 3798 Quod
854 3732 921 3786 de
943 3717 1210 3801 spirituali
1239 3730 1484 3785 libertate
1505 3729 1689 3797 utique
1719 3742 1903 3782 verum
1933 3734 2036 3792 εει,

464 3837 572 3876 non
602 3823 668 3876 de
696 3821 920 3886 carnali,
957 3831 1015 3875 ut
1044 3822 1118 3876 illi
1150 3823 1518 3894 intelligebant
1543 3841 1554 3876 :
1584 3823 1704 3878 ideo
1731 3831 1917 3877 contra
1947 3836 2040 3877 eos

466 3911 555 3966 hic
583 3911 819 3982 loquitur
861 3913 1182 3982 Apostolus,
1218 3912 1414 3981 jubens
1459 3928 1643 3968 servos
1670 3913 1901 3968 dominis
1928 3913 2040 3967 suis

465 4017 589 4058 esse
609 4003 870 4058 subditos.
911 4002 989 4058 Ne
1013 4004 1230 4074 exigant
1255 4005 1394 4059 servi
1423 4005 1566 4073 quod
1591 4003 1656 4058 de
1676 4002 1920 4062 Hebrteis
1957 4001 2038 4056 di-

463 4096 624 4161 citur,
655 4103 714 4150 ut
755 4111 853 4151 sex
889 4097 1047 4151 annis
1091 4097 1358 4161 serviant,
1398 4104 1454 4151 et
1497 4095 1668 4166 gratis
1699 4095 2039 4153 dimittantur

462 4185 637 4254 liberi,
671 4187 816 4255 quod
851 4187 1136 4258 mysticum
1163 4197 1264 4242 est.

534 4275 695 4342 Vens.
722 4277 775 4331 4.
803 4308 873 4318 -
905 4275 1191 4349 Superbus.
1218 4278 1476 4349 Superbia
1506 4279 1703 4349 quippe
1723 4320 1738 4345 ,
1784 4293 1888 4333 non
1913 4292 2036 4337 eum

461 4368 604 4421 ratio
629 4368 814 4432 ducit,
861 4383 986 4424 cum
1022 4369 1088 4422 ad
1129 4367 1369 4425 favorem
1412 4370 1758 4438 quzerendum
1804 4368 1858 4422 in
1909 4383 2038 4423 con-

458 4457 661 4512 ﬂictum
697 4468 1030 4529 prorumpat,
1067 4461 1210 4529 quod
1239 4475 1269 4513 a
1296 4460 1592 4514 mansuetis
1623 4467 1678 4514 et
1716 4459 1872 4515 bonis
1899 4459 2037 4513 vita-

457 4557 567 4607 tur.
603 4533 902 4632 Languens.
935 4547 1049 4616 Non
1084 4549 1227 4603 enim
1261 4547 1558 4604 recusando
1610 4548 1770 4602 fidem
1818 4549 2033 4618 penitus
2058 4587 2110 4647 D

455 4635 707 4701 moritur,
731 4629 833 4692 nec
858 4639 925 4692 ad
953 4639 1197 4693 veritatis
1237 4638 1520 4694 scientiam
1560 4637 1904 4704 convalescit,
1936 4639 2030 4694 sed

455 4732 608 4800 quasi
637 4734 878 4802 repetitis
904 4734 1299 4804 accessionibus
1330 4733 1545 4803 languet
1587 4733 1732 4787 circa
1775 4732 2030 4801 quaestio-

455 4807 553 4884 nes
585 4829 638 4874 et
666 4809 872 4892 pugnas
905 4825 1214 4892 verborum.
1256 4824 1602 4892 Quwstiones.
1632 4823 1870 4890 Quaestio
1914 4831 2031 4878 erat

454 4925 522 4963 an
551 4899 740 4966 servus
767 4922 1065 4975 esset,cum
1100 4897 1288 4971 omnes
1314 4931 1381 4984 ea
1409 4916 1607 4971 eisdem
1631 4915 1872 4985 patribus
1900 4915 2028 4980 orti,

453 5006 508 5054 et
536 4999 784 5056 Christus
812 5019 1000 5060 omnes
1029 5007 1333 5062 redemerit.
1393 4993 1396 4996 ’

531 5091 690 5147 Vens.
715 5094 768 5148 9.
797 5125 868 5135 —
904 5096 1046 5150 Nam
1081 5101 1171 5169 qui
1212 5100 1410 5153 volunt.
1441 5099 1554 5153 Hoc
1582 5099 1781 5160 dicitur
1817 5099 1900 5152 his
1935 5097 2026 5167 qui

451 5181 639 5236 volunt
667 5192 722 5237 et
760 5199 865 5253 non
895 5196 1060 5253 sunt,
1113 5203 1181 5243 ne
1233 5189 1558 5244 desiderent.
1599 5186 1718 5242 Jam
1773 5186 2027 5242 divitibus

451 5271 595 5325 aliud
627 5273 853 5338 dicitur,
893 5277 1102 5332 scilicet
1140 5295 1244 5344 non
1277 5279 1504 5349 superbe
1537 5292 1744 5348 sapere,
1775 5277 1869 5331 sed
1898 5277 2028 5332 dare

450 5362 797 5432 pauperibus.
827 5363 1075 5421 Incidunt
1104 5370 1515 5435 intentationem
1545 5351 1609 5422 et
1633 5367 1873 5439 laqueum
1911 5367 2026 5420 dia-

452 5454 584 5521 boli,
631 5457 756 5527 quia
787 5459 942 5512 radix
967 5460 1196 5513 omnium
1240 5460 1520 5526 malorum,
1550 5471 1654 5516 etc.
1681 5460 1796 5515 Non
1823 5469 1905 5515 est
1930 5473 2028 5530 ge-

450 5562 551 5600 nus
594 5547 718 5601 mali
757 5549 901 5618 quod
936 5565 1040 5604 non
1070 5564 1135 5604 ex
1173 5552 1463 5621 cupiditate
1499 5551 1786 5623 aliquando
1830 5564 2024 5621 prove-

450 5637 592 5699 niat,
624 5637 751 5706 quia
795 5639 946 5693 radix
975 5639 1214 5695 omnium
1254 5642 1514 5697 malorum
1559 5653 1643 5700 est
1671 5644 1950 5715 cupiditas.

523 5724 682 5780 Vens.
713 5727 797 5781 10.
826 5759 894 5769 --
922 5727 1213 5800 Cupiditas.
1261 5732 1316 5786 ln
1355 5732 1544 5789 Graeco
1570 5735 1817 5801 habetur,
1846 5735 2022 5810 φιλαρ-

2135 637 2306 690 cunia:
2327 649 2500 698 amor,
2530 649 2626 702 pro
2655 647 2851 703 genere
2891 632 3032 702 quod
3071 642 3154 687 est
3179 633 3468 703 cupiditas,
3495 634 3716 702 ponitur

2135 726 2360 795 species.

2204 814 2484 868 Doloribus
2510 814 2710 868 multis.
2754 815 2918 868 Avari
2959 813 3104 868 enim
3154 821 3305 868 tanto
3332 813 3463 884 'plns
3512 813 3718 869 sollici-

2136 904 2377 959 tudinem
2427 905 2698 959 cruciatus
2732 903 3039 969 sustinent,
3086 918 3193 972 quo
3241 905 3471 974 amplius
3507 905 3717 960 deside-

2135 1007 2258 1052 rant
2285 1012 2404 1066 quae
2428 996 2509 1050 vel
2535 996 2715 1051 habita
2745 1005 3051 1061 transeunt,
3073 996 3158 1052 vel
3200 1012 3322 1067 quae
3364 997 3568 1053 habere
3605 1013 3716 1054 non

2137 1098 2378 1160 possunt.

2205 1185 2369 1240 Vens.
2404 1184 2491 1239 11.
2515 1214 2584 1223 -
2615 1182 2692 1237 Tu
2721 1193 2912 1250 autem,
2934 1185 3108 1249 homo,
3132 1193 3238 1238 etc.
3269 1181 3384 1241 Non
3413 1183 3549 1239 dicit
3573 1199 3718 1253 quau

2136 1277 2240 1332 hoc
2273 1276 2458 1330 timeat
2480 1277 2546 1330 de
2570 1276 2699 1342 isto,
2726 1276 2820 1331 sed
2856 1276 3062 1331 sciebat
3088 1275 3190 1330 hoc
3211 1285 3497 1330 venturum
3526 1275 3583 1330 in
3612 1291 3720 1329 ma-

2136 1382 2239 1422 nus
2283 1365 2670 1421 ecclesiarum.-
2707 1365 2837 1419 ch
2866 1365 3004 1436 fuge.
3041 1363 3186 1420 Nihil
3214 1365 3357 1420 enim
3402 1374 3514 1418 tam
3562 1380 3718 1434 δεμε-

2137 1473 2256 1512 rum
2284 1466 2504 1526 tamque
2547 1457 2909 1526 perniciosum
2937 1471 3098 1526 quam
3127 1456 3174 1510 si
3202 1455 3286 1510 vir
3310 1455 3718 1511 ecclesiasticus

2138 1548 2373 1602 maxime
2397 1547 2489 1616 qui
2512 1546 2794 1602 sublimem
2823 1555 2966 1602 tenet
2988 1547 3188 1610 locum,
3215 1547 3415 1602 divitiis
3439 1549 3605 1617 hujus
3623 1563 3718 1602 εδ

2139 1636 2243 1692 culi
2281 1637 2522 1692 studeat:
2557 1635 2682 1705 quia
2705 1651 2813 1690 non
2845 1635 3016 1690 solum
3041 1635 3142 1690 sibi
3170 1636 3270 1705 ipsi
3295 1635 3388 1690 sed
3417 1645 3471 1690 et
3496 1637 3716 1690 caeteris

2138 1727 2311 1792 obest,
2339 1711 2534 1796 quibus
2555 1727 2880 1781 contrariam
2903 1725 2994 1781 dat
3016 1723 3266 1780 formam.
3287 1722 3572 1779 Pietatem.
3604 1724 3719 1778 Pie-

2140 1826 2223 1873 tas
2246 1826 2410 1872 estut
2433 1817 2609 1888 egenti
2639 1816 3152 1880 condescendamus,
3166 1815 3309 1884 quod
3338 1831 3444 1868 non
3469 1816 3608 1869 facit
3629 1832 3717 1869 cu-

2137 1910 2313 1979 pidus.
2343 1907 2552 1962 Fidem.
2581 1908 2680 1975 Qui
2719 1923 2898 1962 veram
2927 1908 3087 1964 ﬁdem
3133 1908 3295 1962 habet
3335 1909 3400 1962 de
3447 1908 3584 1970 Deo,
3616 1924 3718 1962 nou

2138 2000 2288 2070 cupit
2315 2000 2370 2054 in
2399 1999 2636 2054 miseriis
2676 1998 2794 2052 fieri
2820 1999 3005 2063 dives,
3041 2014 3140 2054 nec
3165 1999 3336 2068 pluris
3369 2008 3453 2058 est
3474 1999 3526 2054 ei
3571 2015 3722 2056 mun-

2138 2090 2257 2156 dus,
2288 2105 2452 2160 quam
2487 2089 2643 2146 Deus.

2210 2179 2374 2238 Vens.
2400 2179 2486 2236 l5.
2531 2209 2599 2217 —
2627 2176 2887 2247 Principio
2916 2179 3030 2232 tibi.
3069 2177 3124 2232 In
3155 2176 3439 2238 Timotheo
3466 2180 3721 2236 clunibus

2139 2271 2539 2326 successoribus
2567 2271 2804 2341 loquitur
2837 2270 3144 2340 Apostolus.
3185 2265 3265 2324 Et
3312 2268 3521 2326 Christo
3567 2270 3715 2328 hu.

2137 2361 2394 2430 Exemplo
2420 2360 2619 2418 Christi
2659 2362 2926 2421 hortatur.

2208 2449 2372 2505 Vens.
2407 2451 2494 2506 15.
2517 2482 2586 2492 —
2607 2451 2803 2506 Beatus
2832 2461 2878 2505 et
2914 2451 3077 2516 solus,
3107 2459 3212 2507 etc.
3241 2450 3355 2507 Hoc
3384 2467 3492 2506 non
3531 2452 3605 2506 de
3630 2450 3720 2505 Pa-

2140 2549 2224 2597 tre
2248 2551 2454 2597 tantum
2488 2543 2641 2608 dicit,
2692 2544 2786 2599 sed
2822 2544 2887 2598 de
2917 2544 3028 2598 Deo
3059 2544 3264 2613 quiest
3302 2545 3418 2620 ipsa
3454 2545 3716 2600 Trinitas.

2214 2633 2372 2692 Vens.
2403 2635 2491 2690 16.
2516 2665 2582 2674 ——-
2609 2633 2713 2701 Qui
2755 2634 2896 2691 solus
2930 2635 3081 2690 habet
3115 2634 3567 2691 immortalitatem
3619 2635 3720 2691 lla-

2139 2731 2347 2800 betper
2374 2739 2644 2793 naturam,
2692 2729 2780 2783 alii
2820 2730 2887 2784 ab
2916 2744 2980 2784 eo
3009 2744 3106 2798 per
3137 2730 3388 2799 gratiam.
3422 2728 3718 2784 lnaccessi—

2140 2819 2292 2874 bilem
2321 2836 2473 2890 quem
2494 2818 2980 2873 nulluohominum.
3013 2818 3146 2886 Quia
3175 2819 3352 2874 nullus
3375 2818 3442 2873 ad
3473 2835 3599 2873 eam
3653 2836 3715 2873 et
3745 2843 3754 2850 -

2140 2924 2198 2966 se
2245 2910 2447 2964 accedit
2485 2911 2577 2964 sed
2623 2910 2708 2964 cui
2757 2910 2936 2976 datur,
2985 2909 3127 2965 dono
3169 2909 3286 2978 ejus
3339 2910 3523 2974 datur,
3576 2914 3717 2980 quod

2141 3001 2467 3072 intelligebat
2507 3001 2772 3071 Propheta
2825 3002 3008 3056 dicens
3053 3019 3066 3055 :
3108 3001 3345 3056 Accedite
3375 3005 3447 3056 ad
3481 3019 3630 3068 eum,
3673 3014 3716 3056 et

2140 3095 2514 3148 illuminamim’
2545 3093 2714 3166 (Psal.
2750 3096 2965 3165 χχχιιι),
2987 3103 3092 3151 etc.

2212 3184 2375 3248 Vens.
2409 3186 2494 3240 17.
2519 3215 2586 3226 -—
2612 3185 2868 3246 Divitibus
2893 3185 3050 3255 hujus
3069 3184 3268 3239 strculi.
3295 3185 3471 3256 Supra
3505 3185 3623 3255 egit
3655 3186 3717 3238 dc

2143 3277 2227 3332 his
2256 3277 2344 3346 qui
2372 3276 2562 3332 divites
2592 3277 2778 3332 volunt
2822 3277 2961 3342 ﬁeri,
2993 3277 3176 3332 dicens
3223 3291 3317 3332 eos
3363 3277 3614 3332 incidere
3662 3278 3714 3330 in

2144 3369 2494 3424 tentationem
2523 3377 2576 3423 et
2605 3368 2856 3439 laqueum
2885 3367 3104 3433 diaboli,
3150 3367 3240 3422 hic
3269 3368 3382 3438 agit
3413 3369 3482 3423 de
3510 3368 3602 3422 his
3627 3369 3715 3438 qui

2142 3461 2334 3515 divites
2354 3469 2498 3526 sunt,
2532 3475 2756 3516 monens
2785 3475 2876 3515 eos
2914 3475 3019 3514 non
3044 3475 3263 3530 Sperare
3291 3461 3344 3514 in
3375 3459 3606 3514 divitiis.
3653 3459 3719 3512 Et

2140 3554 2267 3624 quia
2297 3553 2433 3612 dixit
2458 3553 2595 3616 mala
2627 3552 2810 3616 venire
2829 3566 2895 3605 ex
2933 3551 3243 3622 cupiditate,
3275 3559 3330 3606 et
3370 3561 3563 3606 contra
3599 3567 3718 3606 sua-

2141 3625 2232 3710 sit,
2266 3660 2334 3698 ne
2363 3645 2674 3700 viderentur
2703 3645 2894 3698 divites
2931 3643 3128 3712 abjecti
3151 3684 3166 3708 ,
3199 3644 3543 3700 determinat.
3595 3643 3716 3698 Non

2139 3732 2376 3787 sublime.
2417 3732 2532 3787 Non
2577 3733 2792 3802 expavit
2825 3732 3111 3802 Apostolus
3157 3732 3391 3794 divitias.
3421 3733 3519 3787 sed
3570 3747 3715 3785 mor-

2138 3822 2264 3876 bum
2291 3836 2499 3887 earum,
2525 3821 2576 3876 id
2610 3832 2693 3877 est
2714 3822 3041 3891 superbiam,
3077 3837 3198 3892 quae
3231 3829 3315 3876 est
3341 3822 3546 3876 vermis
3571 3822 3715 3876 divi-

2139 3922 2274 3968 tum.
2327 3911 2559 3968 Grandis
2605 3914 2816 3968 animus
2859 3921 2962 3978 est,
3007 3913 3100 3983 qui
3142 3914 3283 3978 inter
3333 3914 3556 3968 divitias
3616 3915 3716 3968 isto

2137 4003 2327 4059 morbo
2370 4019 2476 4059 non
2511 4013 2765 4058 tentatur.
2809 4003 3030 4074 Magnus
3067 4011 3152 4058 est
3199 4004 3291 4073 qui
3326 4019 3432 4070 non
3483 4019 3543 4058 se
3597 4005 3716 4059 ideo

2137 4109 2385 4164 magnum
2419 4104 2590 4166 putat,
2625 4095 2752 4164 quia
2798 4095 2948 4149 dives
2986 4101 3088 4148 est.
3122 4093 3222 4160 Qui
3271 4104 3453 4148 autem
3501 4095 3627 4150 ideo
3661 4111 3717 4150 se

2136 4204 2384 4257 magnum
2415 4197 2586 4258 putat,
2627 4189 2890 4257 superbus
2934 4195 3038 4253 est,
3086 4202 3286 4257 egenus
3311 4196 3418 4253 est,
3464 4188 3520 4241 in
3548 4202 3717 4242 carne

2137 4288 2336 4350 turget,
2368 4289 2550 4350 crepat
2583 4281 2636 4334 in
2666 4281 2847 4346 corde,
2899 4281 3187 4345 mendicat,
3225 4280 3441 4335 inﬂatus
3466 4290 3570 4345 est,
3607 4298 3714 4335 non

2135 4372 2344 4443 plenus.
2372 4371 2454 4424 Ad
2480 4371 2778 4441 fruendum.
2811 4371 3151 4441 Temporalia
3195 4372 3338 4426 enim
3371 4372 3427 4426 in
3458 4372 3561 4426 hac
3607 4374 3714 4426 vita

2135 4461 2227 4516 dat
2252 4462 2392 4516 Deus
2421 4447 2496 4515 ad.
2530 4461 2805 4528 utendum,
2850 4469 3048 4516 aeterna
3090 4461 3157 4516 ad
3209 4461 3497 4516 fruendum
3535 4482 3547 4516 :
3600 4463 3712 4528 illa,

2135 4554 2278 4608 unde
2303 4554 2441 4607 bona
2468 4551 2761 4618 faciamus;
2788 4553 2891 4607 ista
2920 4553 3062 4613 unde
3090 4551 3216 4606 boni
3245 4551 3561 4607 efﬁciamur.

2206 4645 2367 4699 Vens.
2401 4643 2484 4706 19.
2510 4674 2582 4683 -
2614 4641 3009 4710 Thesaurizare.
3048 4641 3130 4698 Ad
3165 4641 3270 4698 hoc
3309 4643 3715 4712 praemittuntur

2135 4735 2333 4790 diviti-.c
2359 4749 2462 4788 non
2486 4735 2753 4804 periturae.

2204 4827 2368 4886 Vens.
2418 4827 2508 4881 20.
2559 4857 2627 4866 —
2659 4823 2703 4880 0
2754 4824 3036 4880 Timothee.
3079 4825 3414 4890 Timotheus,
3439 4824 3712 4894 pretiosus

2133 4927 2261 4974 nco.
2288 4922 2460 4989 Τίμιος
2482 4918 2767 4988 pretiosus,
2801 4920 2921 4979 Θεὸς
2942 4919 3101 4973 Deus.

2205 5007 2489 5079 Profanas.
2525 5008 2599 5071 Ut.
2621 5017 2723 5072 est,
2745 5009 3057 5083 hypostasis,
3089 5022 3208 5082 qua;
3230 5022 3332 5062 vox
3357 5022 3418 5062 se
3441 5007 3605 5061 habet
3641 5007 3710 5059 ad

2132 5112 2420 5168 personam
2446 5107 2498 5152 ct
2525 5097 2591 5152 ad
2626 5097 3004 5152 substantiam.
3038 5097 3190 5152 Unde
3219 5105 3274 5152 et
3317 5097 3557 5152 haaretici
3606 5095 3709 5149 sub

2131 5186 2291 5256 hujus
2314 5186 2547 5241 nominis
2577 5185 3022 5256 multiplicatione
3042 5186 3297 5241 inducere
3325 5185 3575 5239 volebant
3595 5193 3709 5237 tres

2123 5277 2252 5333 esse
2279 5278 2628 5333 substantias.
2659 5277 2922 5333 Profanas
2951 5293 3110 5333 voces
3151 5277 3386 5347 intellige
3422 5292 3544 5345 qua:
3582 5285 3708 5331 sunt

2132 5375 2319 5420 contra
2347 5367 2679 5438 religionem,
2706 5366 2823 5420 alia:
2860 5382 2965 5421 non
3001 5374 3126 5422 sunt
3144 5367 3374 5421 vitandae

2204 5457 2361 5513 Vens.
2400 5459 2489 5512 21.
2517 5489 2588 5498 -
2615 5457 3002 5523 Promittentes,
3034 5460 3173 5512 circa
3200 5456 3355 5526 [idem
3379 5456 3703 5517 exciderunt.

2133 5559 2238 5605 etc.
2263 5550 2408 5605 Nihil
2436 5551 2578 5604 enim
2610 5551 2688 5605 sic
2713 5559 2897 5604 amant
2931 5550 3042 5614 isti,
3081 5565 3242 5620 quam
3271 5550 3549 5604 scientiam
3576 5562 3703 5618 pro-

2132 5646 2368 5708 mittere,
2400 5651 2454 5696 et
2475 5642 2632 5697 Iidem
2661 5658 2841 5699 rerum
2869 5658 3118 5698 verarum
3148 5642 3303 5713 (quas
3332 5642 3552 5698 credere
3577 5655 3707 5711 pars

2131 5736 2239 5791 vuli
2271 5735 2677 5807 praecipiuntur)
2705 5734 2849 5789 velut
2879 5734 3201 5804 imperitiam
3223 5733 3488 5789 deridere.
