  <div class='ocr_page' id='page_1' title='image "/cluster/home/n/w/nwhite01/storage/ocr_20150623/114/hvd.32044018909580/324.png"; bbox 0 0 3948 6314; ppageno 0'>
   <div class='ocr_carea' id='block_1_1' title="bbox 187 466 279 521">
    <p class='ocr_par' dir='ltr' id='par_1_1' title="bbox 187 466 279 521">
     <span class='ocr_line' id='line_1_1' title="bbox 187 466 279 521; baseline -0.011 0"><span class='ocrx_word' id='word_1_1' title='bbox 187 466 279 521; x_wconf 68' lang='grc' dir='ltr'><strong>εδδ</strong></span> 
     </span>
    </p>
   </div>
   <div class='ocr_carea' id='block_1_2' title="bbox 1115 452 2566 517">
    <p class='ocr_par' dir='ltr' id='par_1_2' title="bbox 1115 452 2566 517">
     <span class='ocr_line' id='line_1_2' title="bbox 1115 452 2566 517; baseline -0.006 -1"><span class='ocrx_word' id='word_1_2' title='bbox 1115 460 1382 517; x_wconf 82' lang='lat' dir='ltr'><strong>CLOSSA</strong></span> <span class='ocrx_word' id='word_1_3' title='bbox 1422 455 1818 516; x_wconf 55' lang='lat' dir='ltr'><strong>0RDINA&#39;RIA.</strong></span> <span class='ocrx_word' id='word_1_4' title='bbox 1859 485 1929 495; x_wconf 84' lang='lat'><strong>-—-</strong></span> <span class='ocrx_word' id='word_1_5' title='bbox 1968 452 2182 507; x_wconf 83' lang='lat' dir='ltr'><strong>EPlST.</strong></span> <span class='ocrx_word' id='word_1_6' title='bbox 2225 453 2266 508; x_wconf 93' lang='lat' dir='ltr'><strong>ll</strong></span> <span class='ocrx_word' id='word_1_7' title='bbox 2305 455 2396 508; x_wconf 81' lang='lat' dir='ltr'><strong>AD</strong></span> <span class='ocrx_word' id='word_1_8' title='bbox 2430 455 2566 509; x_wconf 80' lang='lat' dir='ltr'><strong>TIM.</strong></span> 
     </span>
    </p>
   </div>
   <div class='ocr_carea' id='block_1_3' title="bbox 3308 448 3412 503">
    <p class='ocr_par' dir='ltr' id='par_1_3' title="bbox 3308 448 3412 503">
     <span class='ocr_line' id='line_1_3' title="bbox 3308 448 3412 503; baseline 0.01 -1"><span class='ocrx_word' id='word_1_9' title='bbox 3308 448 3412 503; x_wconf 71' lang='grc'><strong>654</strong></span> 
     </span>
    </p>
   </div>
   <div class='ocr_carea' id='block_1_4' title="bbox 188 605 3403 650">
    <p class='ocr_par' dir='ltr' id='par_1_4' title="bbox 188 605 3403 650">
     <span class='ocr_line' id='line_1_4' title="bbox 188 605 3403 650; baseline -0.012 0"><span class='ocrx_word' id='word_1_10' title='bbox 188 605 3403 650; x_wconf 77' lang='lat'><strong>_______________________________________.____..</strong></span> 
     </span>
    </p>
   </div>
   <div class='ocr_carea' id='block_1_5' title="bbox 974 745 2603 834">
    <p class='ocr_par' dir='ltr' id='par_1_5' title="bbox 974 745 2603 834">
     <span class='ocr_line' id='line_1_5' title="bbox 974 745 2603 834; baseline -0.007 0"><span class='ocrx_word' id='word_1_11' title='bbox 974 756 1476 834; x_wconf 80' lang='lat' dir='ltr'><strong>EPISTOLA</strong></span> <span class='ocrx_word' id='word_1_12' title='bbox 1556 755 1633 831; x_wconf 91' lang='grc' dir='ltr'>ΙΙ</span> <span class='ocrx_word' id='word_1_13' title='bbox 1713 753 1848 828; x_wconf 85' lang='grc' dir='ltr'><strong>ΑΙ)</strong></span> <span class='ocrx_word' id='word_1_14' title='bbox 1928 745 2603 827; x_wconf 86' lang='lat' dir='ltr'><strong>TIMOTHEUM.</strong></span> 
     </span>
    </p>
   </div>
   <div class='ocr_carea' id='block_1_6' title="bbox 699 1003 1206 1060">
    <p class='ocr_par' dir='ltr' id='par_1_6' title="bbox 699 1003 1206 1060">
     <span class='ocr_line' id='line_1_6' title="bbox 699 1003 1206 1060; baseline -0.008 0"><span class='ocrx_word' id='word_1_15' title='bbox 699 1003 1206 1060; x_wconf 79' lang='lat' dir='ltr'><strong>ARGUMENTUM.</strong></span> 
     </span>
    </p>
   </div>
   <div class='ocr_carea' id='block_1_7' title="bbox 243 1114 1734 1187">
    <p class='ocr_par' dir='ltr' id='par_1_7' title="bbox 243 1114 1734 1187">
     <span class='ocr_line' id='line_1_7' title="bbox 243 1114 1734 1187; baseline -0.008 -7"><span class='ocrx_word' id='word_1_16' title='bbox 243 1126 367 1181; x_wconf 80' lang='lat' dir='ltr'><strong>item</strong></span> <span class='ocrx_word' id='word_1_17' title='bbox 403 1121 687 1177; x_wconf 95' lang='lat' dir='ltr'><strong>Timotheo</strong></span> <span class='ocrx_word' id='word_1_18' title='bbox 717 1119 906 1174; x_wconf 91' lang='lat' dir='ltr'><strong>scribit</strong></span> <span class='ocrx_word' id='word_1_19' title='bbox 947 1118 1013 1172; x_wconf 90' lang='lat' dir='ltr'><strong>de</strong></span> <span class='ocrx_word' id='word_1_20' title='bbox 1055 1115 1429 1172; x_wconf 84' lang='lat' dir='ltr'><strong>exhortatione</strong></span> <span class='ocrx_word' id='word_1_21' title='bbox 1467 1114 1734 1187; x_wconf 83' lang='lat' dir='ltr'><strong>martyrii,</strong></span> 
     </span>
    </p>
   </div>
   <div class='ocr_carea' id='block_1_8' title="bbox 179 1207 1738 1280">
    <p class='ocr_par' dir='ltr' id='par_1_8' title="bbox 179 1207 1738 1280">
     <span class='ocr_line' id='line_1_8' title="bbox 179 1207 1738 1280; baseline -0.01 -6"><span class='ocrx_word' id='word_1_22' title='bbox 179 1227 230 1274; x_wconf 92' lang='lat' dir='ltr'><strong>et</strong></span> <span class='ocrx_word' id='word_1_23' title='bbox 253 1217 314 1272; x_wconf 90' lang='lat' dir='ltr'><strong>de</strong></span> <span class='ocrx_word' id='word_1_24' title='bbox 340 1214 484 1270; x_wconf 91' lang='lat' dir='ltr'><strong>omni</strong></span> <span class='ocrx_word' id='word_1_25' title='bbox 517 1212 695 1280; x_wconf 87' lang='lat' dir='ltr'><strong>regula</strong></span> <span class='ocrx_word' id='word_1_26' title='bbox 722 1210 988 1274; x_wconf 83' lang='lat' dir='ltr'><strong>veritatis,</strong></span> <span class='ocrx_word' id='word_1_27' title='bbox 1014 1217 1070 1263; x_wconf 92' lang='lat' dir='ltr'><strong>et</strong></span> <span class='ocrx_word' id='word_1_28' title='bbox 1091 1208 1218 1277; x_wconf 90' lang='lat' dir='ltr'><strong>quid</strong></span> <span class='ocrx_word' id='word_1_29' title='bbox 1247 1207 1485 1261; x_wconf 83' lang='lat' dir='ltr'><strong>futurum</strong></span> <span class='ocrx_word' id='word_1_30' title='bbox 1512 1207 1582 1260; x_wconf 86' lang='lat' dir='ltr'><strong>sit</strong></span> <span class='ocrx_word' id='word_1_31' title='bbox 1605 1215 1738 1260; x_wconf 91' lang='lat' dir='ltr'><strong>tem-</strong></span> 
     </span>
    </p>
   </div>
   <div class='ocr_carea' id='block_1_9' title="bbox 177 1296 1736 1382">
    <p class='ocr_par' dir='ltr' id='par_1_9' title="bbox 177 1296 1736 1382">
     <span class='ocr_line' id='line_1_9' title="bbox 177 1296 1736 1382; baseline -0.01 -17"><span class='ocrx_word' id='word_1_32' title='bbox 177 1310 385 1382; x_wconf 89' lang='lat' dir='ltr'><strong>poribus</strong></span> <span class='ocrx_word' id='word_1_33' title='bbox 411 1304 741 1367; x_wconf 85' lang='lat' dir='ltr'><strong>novissimis,</strong></span> <span class='ocrx_word' id='word_1_34' title='bbox 785 1312 840 1358; x_wconf 91' lang='lat' dir='ltr'><strong>et</strong></span> <span class='ocrx_word' id='word_1_35' title='bbox 875 1301 942 1357; x_wconf 92' lang='lat' dir='ltr'><strong>de</strong></span> <span class='ocrx_word' id='word_1_36' title='bbox 968 1315 1064 1356; x_wconf 90' lang='lat' dir='ltr'><strong>sua</strong></span> <span class='ocrx_word' id='word_1_37' title='bbox 1093 1299 1364 1369; x_wconf 82' lang='lat' dir='ltr'><strong>passione,</strong></span> <span class='ocrx_word' id='word_1_38' title='bbox 1413 1297 1656 1353; x_wconf 87' lang='lat' dir='ltr'><strong>scribens</strong></span> <span class='ocrx_word' id='word_1_39' title='bbox 1686 1296 1736 1350; x_wconf 89' lang='lat' dir='ltr'><strong>ei</strong></span> 
     </span>
    </p>
   </div>
   <div class='ocr_carea' id='block_1_10' title="bbox 178 1398 1050 1457">
    <p class='ocr_par' dir='ltr' id='par_1_10' title="bbox 178 1398 1050 1457">
     <span class='ocr_line' id='line_1_10' title="bbox 178 1398 1050 1457; baseline -0.01 0"><span class='ocrx_word' id='word_1_40' title='bbox 178 1403 242 1457; x_wconf 91' lang='lat' dir='ltr'><strong>ab</strong></span> <span class='ocrx_word' id='word_1_41' title='bbox 277 1400 407 1455; x_wconf 86' lang='lat' dir='ltr'><strong>urbe</strong></span> <span class='ocrx_word' id='word_1_42' title='bbox 436 1398 629 1454; x_wconf 81' lang='lat' dir='ltr'><strong>Roma.</strong></span> <span class='ocrx_word' id='word_1_43' title='bbox 1030 1405 1050 1416; x_wconf 86' lang='grc'>·</span> 
     </span>
    </p>
   </div>
   <div class='ocr_carea' id='block_1_11' title="bbox 677 1525 1231 1584">
    <p class='ocr_par' dir='ltr' id='par_1_11' title="bbox 677 1525 1231 1584">
     <span class='ocr_line' id='line_1_11' title="bbox 677 1525 1231 1584; baseline -0.009 0"><span class='ocrx_word' id='word_1_44' title='bbox 677 1527 903 1584; x_wconf 80' lang='lat' dir='ltr'><strong>CAPUT</strong></span> <span class='ocrx_word' id='word_1_45' title='bbox 940 1525 1231 1583; x_wconf 79' lang='lat' dir='ltr'><strong>PRIMUM.</strong></span> 
     </span>
    </p>
   </div>
   <div class='ocr_carea' id='block_1_12' title="bbox 237 1660 1738 1734">
    <p class='ocr_par' dir='ltr' id='par_1_12' title="bbox 237 1660 1738 1734">
     <span class='ocr_line' id='line_1_12' title="bbox 237 1660 1738 1734; baseline -0.003 -14"><span class='ocrx_word' id='word_1_46' title='bbox 237 1665 394 1721; x_wconf 82' lang='lat' dir='ltr'><strong>Vens.</strong></span> <span class='ocrx_word' id='word_1_47' title='bbox 425 1665 481 1719; x_wconf 72' lang='lat' dir='ltr'><strong>i.</strong></span> <span class='ocrx_word' id='word_1_48' title='bbox 521 1697 592 1706; x_wconf 90' lang='lat'><strong><em>—</em></strong></span> <span class='ocrx_word' id='word_1_49' title='bbox 634 1663 837 1718; x_wconf 80' lang='lat' dir='ltr'><strong>Paulus</strong></span> <span class='ocrx_word' id='word_1_50' title='bbox 889 1663 1175 1734; x_wconf 76' lang='lat' dir='ltr'><strong>apostolus.</strong></span> <span class='ocrx_word' id='word_1_51' title='bbox 1230 1663 1412 1718; x_wconf 89' lang='lat' dir='ltr'><strong>Primo</strong></span> <span class='ocrx_word' id='word_1_52' title='bbox 1453 1660 1738 1734; x_wconf 82' lang='lat' dir='ltr'><strong>Apostolus</strong></span> 
     </span>
    </p>
   </div>
   <div class='ocr_carea' id='block_1_13' title="bbox 173 1733 1736 1828">
    <p class='ocr_par' dir='ltr' id='par_1_13' title="bbox 173 1733 1736 1828">
     <span class='ocr_line' id='line_1_13' title="bbox 173 1733 1736 1828; baseline -0.004 -15"><span class='ocrx_word' id='word_1_53' title='bbox 173 1758 377 1822; x_wconf 80' lang='lat' dir='ltr'><strong>salutat,</strong></span> <span class='ocrx_word' id='word_1_54' title='bbox 410 1757 607 1812; x_wconf 85' lang='lat' dir='ltr'><strong>deinde</strong></span> <span class='ocrx_word' id='word_1_55' title='bbox 629 1757 832 1828; x_wconf 83' lang='lat' dir='ltr'><strong>gratias</strong></span> <span class='ocrx_word' id='word_1_56' title='bbox 859 1733 972 1824; x_wconf 86' lang='lat' dir='ltr'><strong>agit</strong></span> <span class='ocrx_word' id='word_1_57' title='bbox 1009 1756 1076 1811; x_wconf 92' lang='lat' dir='ltr'><strong>de</strong></span> <span class='ocrx_word' id='word_1_58' title='bbox 1101 1756 1242 1810; x_wconf 91' lang='lat' dir='ltr'><strong>bono</strong></span> <span class='ocrx_word' id='word_1_59' title='bbox 1271 1753 1415 1824; x_wconf 89' lang='lat' dir='ltr'><strong>quod</strong></span> <span class='ocrx_word' id='word_1_60' title='bbox 1439 1755 1618 1816; x_wconf 88' lang='lat' dir='ltr'><strong>habet,</strong></span> <span class='ocrx_word' id='word_1_61' title='bbox 1645 1733 1736 1808; x_wconf 91' lang='lat' dir='ltr'><strong>ubi</strong></span> 
     </span>
    </p>
   </div>
   <div class='ocr_carea' id='block_1_14' title="bbox 172 1847 1737 1906">
    <p class='ocr_par' dir='ltr' id='par_1_14' title="bbox 172 1847 1737 1906">
     <span class='ocr_line' id='line_1_14' title="bbox 172 1847 1737 1906; baseline -0.004 -1"><span class='ocrx_word' id='word_1_62' title='bbox 172 1867 316 1906; x_wconf 90' lang='lat' dir='ltr'><strong>suum</strong></span> <span class='ocrx_word' id='word_1_63' title='bbox 339 1849 557 1904; x_wconf 80' lang='lat' dir='ltr'><strong>videndi</strong></span> <span class='ocrx_word' id='word_1_64' title='bbox 596 1865 718 1904; x_wconf 91' lang='lat' dir='ltr'><strong>eum</strong></span> <span class='ocrx_word' id='word_1_65' title='bbox 745 1848 1071 1904; x_wconf 84' lang='lat' dir='ltr'><strong>desiderium</strong></span> <span class='ocrx_word' id='word_1_66' title='bbox 1119 1847 1372 1902; x_wconf 89' lang='lat' dir='ltr'><strong>ostendit.</strong></span> <span class='ocrx_word' id='word_1_67' title='bbox 1401 1847 1594 1900; x_wconf 87' lang='lat' dir='ltr'><strong>Postea</strong></span> <span class='ocrx_word' id='word_1_68' title='bbox 1616 1859 1737 1899; x_wconf 91' lang='lat' dir='ltr'><strong>mo-</strong></span> 
     </span>
    </p>
   </div>
   <div class='ocr_carea' id='block_1_15' title="bbox 170 1937 1737 2010">
    <p class='ocr_par' dir='ltr' id='par_1_15' title="bbox 170 1937 1737 2010">
     <span class='ocr_line' id='line_1_15' title="bbox 170 1937 1737 2010; baseline -0.004 -12"><span class='ocrx_word' id='word_1_69' title='bbox 170 1953 255 1998; x_wconf 88' lang='lat' dir='ltr'><strong>uet</strong></span> <span class='ocrx_word' id='word_1_70' title='bbox 275 1941 337 1994; x_wconf 91' lang='lat' dir='ltr'><strong>ad</strong></span> <span class='ocrx_word' id='word_1_71' title='bbox 365 1941 788 2010; x_wconf 65' lang='lat' dir='ltr'><strong>praedicandum,</strong></span> <span class='ocrx_word' id='word_1_72' title='bbox 823 1947 876 1994; x_wconf 90' lang='lat' dir='ltr'><strong>et</strong></span> <span class='ocrx_word' id='word_1_73' title='bbox 905 1939 970 1993; x_wconf 90' lang='lat' dir='ltr'><strong>ad</strong></span> <span class='ocrx_word' id='word_1_74' title='bbox 994 1938 1306 2008; x_wconf 82' lang='lat' dir='ltr'><strong>patientiam</strong></span> <span class='ocrx_word' id='word_1_75' title='bbox 1343 1937 1609 2008; x_wconf 85' lang='lat' dir='ltr'><strong>martyrii,</strong></span> <span class='ocrx_word' id='word_1_76' title='bbox 1639 1952 1737 1992; x_wconf 93' lang='lat' dir='ltr'><strong>suo</strong></span> 
     </span>
    </p>
   </div>
   <div class='ocr_carea' id='block_1_16' title="bbox 170 2027 1739 2101">
    <p class='ocr_par' dir='ltr' id='par_1_16' title="bbox 170 2027 1739 2101">
     <span class='ocr_line' id='line_1_16' title="bbox 170 2027 1739 2101; baseline -0.003 -15"><span class='ocrx_word' id='word_1_77' title='bbox 170 2032 405 2101; x_wconf 81' lang='lat' dir='ltr'><strong>exemplo</strong></span> <span class='ocrx_word' id='word_1_78' title='bbox 434 2041 493 2086; x_wconf 93' lang='lat' dir='ltr'><strong>et</strong></span> <span class='ocrx_word' id='word_1_79' title='bbox 514 2031 633 2086; x_wconf 91' lang='lat' dir='ltr'><strong>aliis</strong></span> <span class='ocrx_word' id='word_1_80' title='bbox 661 2031 853 2085; x_wconf 89' lang='lat' dir='ltr'><strong>modis.</strong></span> <span class='ocrx_word' id='word_1_81' title='bbox 890 2031 1018 2084; x_wconf 90' lang='lat' dir='ltr'><strong>lude</strong></span> <span class='ocrx_word' id='word_1_82' title='bbox 1042 2029 1172 2084; x_wconf 89' lang='lat' dir='ltr'><strong>dicit</strong></span> <span class='ocrx_word' id='word_1_83' title='bbox 1204 2028 1392 2098; x_wconf 87' lang='lat' dir='ltr'><strong>quales</strong></span> <span class='ocrx_word' id='word_1_84' title='bbox 1423 2027 1584 2082; x_wconf 84' lang='lat' dir='ltr'><strong>futuri</strong></span> <span class='ocrx_word' id='word_1_85' title='bbox 1613 2035 1739 2082; x_wconf 88' lang='lat' dir='ltr'><strong>sunt</strong></span> 
     </span>
    </p>
   </div>
   <div class='ocr_carea' id='block_1_17' title="bbox 169 2119 1833 2189">
    <p class='ocr_par' dir='ltr' id='par_1_17' title="bbox 169 2119 1833 2189">
     <span class='ocr_line' id='line_1_17' title="bbox 169 2119 1833 2189; baseline -0.002 -10"><span class='ocrx_word' id='word_1_86' title='bbox 169 2126 218 2179; x_wconf 85' lang='lat' dir='ltr'><strong>in</strong></span> <span class='ocrx_word' id='word_1_87' title='bbox 249 2124 559 2179; x_wconf 88' lang='lat' dir='ltr'><strong>novissimis</strong></span> <span class='ocrx_word' id='word_1_88' title='bbox 584 2124 772 2178; x_wconf 89' lang='lat' dir='ltr'><strong>diebus</strong></span> <span class='ocrx_word' id='word_1_89' title='bbox 801 2141 814 2178; x_wconf 93' lang='lat'><strong>:</strong></span> <span class='ocrx_word' id='word_1_90' title='bbox 847 2123 1060 2176; x_wconf 87' lang='lat' dir='ltr'><strong>tandem</strong></span> <span class='ocrx_word' id='word_1_91' title='bbox 1087 2123 1154 2176; x_wconf 87' lang='lat' dir='ltr'><strong>de</strong></span> <span class='ocrx_word' id='word_1_92' title='bbox 1184 2130 1426 2189; x_wconf 88' lang='lat' dir='ltr'><strong>tempore</strong></span> <span class='ocrx_word' id='word_1_93' title='bbox 1451 2119 1736 2174; x_wconf 85' lang='lat' dir='ltr'><strong>resolutio-</strong></span> <span class='ocrx_word' id='word_1_94' title='bbox 1831 2173 1833 2176; x_wconf 41' lang='lat'><strong>.</strong></span> 
     </span>
    </p>
   </div>
   <div class='ocr_carea' id='block_1_18' title="bbox 168 2209 1734 2268">
    <p class='ocr_par' dir='ltr' id='par_1_18' title="bbox 168 2209 1734 2268">
     <span class='ocr_line' id='line_1_18' title="bbox 168 2209 1734 2268; baseline -0.002 -2"><span class='ocrx_word' id='word_1_95' title='bbox 168 2213 246 2268; x_wconf 88' lang='lat' dir='ltr'><strong>nis</strong></span> <span class='ocrx_word' id='word_1_96' title='bbox 269 2228 377 2268; x_wconf 67' lang='lat' dir='ltr'><strong>sua!</strong></span> <span class='ocrx_word' id='word_1_97' title='bbox 402 2213 649 2267; x_wconf 90' lang='lat' dir='ltr'><strong>instanti.</strong></span> <span class='ocrx_word' id='word_1_98' title='bbox 676 2210 782 2266; x_wconf 90' lang='lat' dir='ltr'><strong>Per</strong></span> <span class='ocrx_word' id='word_1_99' title='bbox 820 2211 1135 2266; x_wconf 86' lang='lat' dir='ltr'><strong>voluntatem</strong></span> <span class='ocrx_word' id='word_1_100' title='bbox 1168 2210 1285 2264; x_wconf 89' lang='lat' dir='ltr'><strong>Dei.</strong></span> <span class='ocrx_word' id='word_1_101' title='bbox 1308 2209 1424 2264; x_wconf 88' lang='lat' dir='ltr'><strong>Non</strong></span> <span class='ocrx_word' id='word_1_102' title='bbox 1458 2209 1594 2264; x_wconf 89' lang='lat' dir='ltr'><strong>meis</strong></span> <span class='ocrx_word' id='word_1_103' title='bbox 1621 2224 1734 2264; x_wconf 91' lang='lat' dir='ltr'><strong>me-</strong></span> 
     </span>
    </p>
   </div>
   <div class='ocr_carea' id='block_1_19' title="bbox 169 2301 1734 2374">
    <p class='ocr_par' dir='ltr' id='par_1_19' title="bbox 169 2301 1734 2374">
     <span class='ocr_line' id='line_1_19' title="bbox 169 2301 1734 2374; baseline -0.004 -15"><span class='ocrx_word' id='word_1_104' title='bbox 169 2306 301 2369; x_wconf 90' lang='lat' dir='ltr'><strong>ritis,</strong></span> <span class='ocrx_word' id='word_1_105' title='bbox 333 2306 491 2374; x_wconf 92' lang='lat' dir='ltr'><strong>quasi</strong></span> <span class='ocrx_word' id='word_1_106' title='bbox 523 2305 668 2358; x_wconf 88' lang='lat' dir='ltr'><strong>dicat</strong></span> <span class='ocrx_word' id='word_1_107' title='bbox 698 2322 711 2358; x_wconf 93' lang='lat'><strong>:</strong></span> <span class='ocrx_word' id='word_1_108' title='bbox 745 2304 1007 2358; x_wconf 86' lang='lat' dir='ltr'><strong>Similiter</strong></span> <span class='ocrx_word' id='word_1_109' title='bbox 1029 2311 1084 2357; x_wconf 93' lang='lat' dir='ltr'><strong>et</strong></span> <span class='ocrx_word' id='word_1_110' title='bbox 1122 2311 1178 2356; x_wconf 91' lang='lat' dir='ltr'><strong>tu</strong></span> <span class='ocrx_word' id='word_1_111' title='bbox 1205 2303 1372 2371; x_wconf 81' lang='lat' dir='ltr'><strong>gratis</strong></span> <span class='ocrx_word' id='word_1_112' title='bbox 1416 2301 1613 2356; x_wconf 91' lang='lat' dir='ltr'><strong>missus</strong></span> <span class='ocrx_word' id='word_1_113' title='bbox 1651 2314 1734 2365; x_wconf 87' lang='lat' dir='ltr'><strong>es,</strong></span> 
     </span>
    </p>
   </div>
   <div class='ocr_carea' id='block_1_20' title="bbox 166 2392 1468 2465">
    <p class='ocr_par' dir='ltr' id='par_1_20' title="bbox 166 2392 1468 2465">
     <span class='ocr_line' id='line_1_20' title="bbox 166 2392 1468 2465; baseline -0.005 -15"><span class='ocrx_word' id='word_1_114' title='bbox 166 2404 216 2450; x_wconf 89' lang='lat' dir='ltr'><strong>et</strong></span> <span class='ocrx_word' id='word_1_115' title='bbox 245 2395 362 2450; x_wconf 91' lang='lat' dir='ltr'><strong>ideo</strong></span> <span class='ocrx_word' id='word_1_116' title='bbox 389 2395 747 2465; x_wconf 66' lang='lat' dir='ltr'><strong>prardicandae</strong></span> <span class='ocrx_word' id='word_1_117' title='bbox 771 2395 957 2464; x_wconf 74' lang='lat' dir='ltr'><strong>gratiae</strong></span> <span class='ocrx_word' id='word_1_118' title='bbox 987 2393 1159 2462; x_wconf 90' lang='lat' dir='ltr'><strong>magis</strong></span> <span class='ocrx_word' id='word_1_119' title='bbox 1187 2392 1468 2446; x_wconf 82' lang='lat' dir='ltr'><strong>obnoxius.</strong></span> 
     </span>
    </p>
   </div>
   <div class='ocr_carea' id='block_1_21' title="bbox 232 2480 1738 2554">
    <p class='ocr_par' dir='ltr' id='par_1_21' title="bbox 232 2480 1738 2554">
     <span class='ocr_line' id='line_1_21' title="bbox 232 2480 1738 2554; baseline -0.005 -15"><span class='ocrx_word' id='word_1_120' title='bbox 232 2485 393 2541; x_wconf 84' lang='lat' dir='ltr'><strong>Vens.</strong></span> <span class='ocrx_word' id='word_1_121' title='bbox 425 2487 480 2540; x_wconf 80' lang='grc'><strong>5.</strong></span> <span class='ocrx_word' id='word_1_122' title='bbox 509 2517 580 2526; x_wconf 89' lang='lat'><strong>-—</strong></span> <span class='ocrx_word' id='word_1_123' title='bbox 625 2483 836 2551; x_wconf 75' lang='lat' dir='ltr'><strong>Gratias</strong></span> <span class='ocrx_word' id='word_1_124' title='bbox 885 2500 1004 2554; x_wconf 87' lang='lat' dir='ltr'><strong>ago.</strong></span> <span class='ocrx_word' id='word_1_125' title='bbox 1057 2483 1186 2552; x_wconf 83' lang='lat' dir='ltr'><strong>Agit</strong></span> <span class='ocrx_word' id='word_1_126' title='bbox 1229 2483 1433 2553; x_wconf 85' lang='lat' dir='ltr'><strong>gratias</strong></span> <span class='ocrx_word' id='word_1_127' title='bbox 1475 2481 1542 2535; x_wconf 91' lang='lat' dir='ltr'><strong>de</strong></span> <span class='ocrx_word' id='word_1_128' title='bbox 1596 2480 1738 2534; x_wconf 91' lang='lat' dir='ltr'><strong>bono</strong></span> 
     </span>
    </p>
   </div>
   <div class='ocr_carea' id='block_1_22' title="bbox 165 2569 1740 2648">
    <p class='ocr_par' dir='ltr' id='par_1_22' title="bbox 165 2569 1740 2648">
     <span class='ocr_line' id='line_1_22' title="bbox 165 2569 1740 2648; baseline -0.004 -18"><span class='ocrx_word' id='word_1_129' title='bbox 165 2577 299 2648; x_wconf 89' lang='lat' dir='ltr'><strong>ejus,</strong></span> <span class='ocrx_word' id='word_1_130' title='bbox 353 2578 738 2634; x_wconf 89' lang='lat' dir='ltr'><strong>commendans</strong></span> <span class='ocrx_word' id='word_1_131' title='bbox 791 2575 917 2631; x_wconf 90' lang='lat' dir='ltr'><strong>ﬁdei</strong></span> <span class='ocrx_word' id='word_1_132' title='bbox 966 2575 1196 2646; x_wconf 88' lang='lat' dir='ltr'><strong>gratiam</strong></span> <span class='ocrx_word' id='word_1_133' title='bbox 1247 2588 1367 2644; x_wconf 72' lang='lat' dir='ltr'><strong>qua:</strong></span> <span class='ocrx_word' id='word_1_134' title='bbox 1411 2574 1465 2627; x_wconf 91' lang='lat' dir='ltr'><strong>in</strong></span> <span class='ocrx_word' id='word_1_135' title='bbox 1523 2569 1740 2626; x_wconf 87' lang='lat' dir='ltr'><strong>Christo</strong></span> 
     </span>
    </p>
   </div>
   <div class='ocr_carea' id='block_1_23' title="bbox 163 2675 263 2721">
    <p class='ocr_par' dir='ltr' id='par_1_23' title="bbox 163 2675 263 2721">
     <span class='ocr_line' id='line_1_23' title="bbox 163 2675 263 2721; baseline -0.02 1"><span class='ocrx_word' id='word_1_136' title='bbox 163 2675 263 2721; x_wconf 87' lang='lat' dir='ltr'><strong>est.</strong></span> 
     </span>
    </p>
   </div>
   <div class='ocr_carea' id='block_1_24' title="bbox 230 2752 1740 2813">
    <p class='ocr_par' dir='ltr' id='par_1_24' title="bbox 230 2752 1740 2813">
     <span class='ocr_line' id='line_1_24' title="bbox 230 2752 1740 2813; baseline -0.005 0"><span class='ocrx_word' id='word_1_137' title='bbox 230 2757 564 2813; x_wconf 79' lang='lat' dir='ltr'><strong>Memoriam.</strong></span> <span class='ocrx_word' id='word_1_138' title='bbox 596 2757 767 2813; x_wconf 85' lang='lat' dir='ltr'><strong>Flevit</strong></span> <span class='ocrx_word' id='word_1_139' title='bbox 789 2758 933 2812; x_wconf 91' lang='lat' dir='ltr'><strong>enim</strong></span> <span class='ocrx_word' id='word_1_140' title='bbox 963 2756 1277 2811; x_wconf 90' lang='lat' dir='ltr'><strong>Timotheus</strong></span> <span class='ocrx_word' id='word_1_141' title='bbox 1297 2770 1327 2808; x_wconf 90' lang='lat' dir='ltr'><strong>a</strong></span> <span class='ocrx_word' id='word_1_142' title='bbox 1358 2754 1525 2810; x_wconf 86' lang='lat' dir='ltr'><strong>Paulo</strong></span> <span class='ocrx_word' id='word_1_143' title='bbox 1554 2752 1740 2808; x_wconf 89' lang='lat' dir='ltr'><strong>dimis-</strong></span> 
     </span>
    </p>
   </div>
   <div class='ocr_carea' id='block_1_25' title="bbox 162 2843 1740 2918">
    <p class='ocr_par' dir='ltr' id='par_1_25' title="bbox 162 2843 1740 2918">
     <span class='ocr_line' id='line_1_25' title="bbox 162 2843 1740 2918; baseline -0.003 -16"><span class='ocrx_word' id='word_1_144' title='bbox 162 2863 274 2913; x_wconf 88' lang='lat' dir='ltr'><strong>sus,</strong></span> <span class='ocrx_word' id='word_1_145' title='bbox 305 2859 533 2918; x_wconf 88' lang='lat' dir='ltr'><strong>paratus</strong></span> <span class='ocrx_word' id='word_1_146' title='bbox 556 2864 678 2904; x_wconf 91' lang='lat' dir='ltr'><strong>cum</strong></span> <span class='ocrx_word' id='word_1_147' title='bbox 708 2863 774 2904; x_wconf 93' lang='lat' dir='ltr'><strong>eo</strong></span> <span class='ocrx_word' id='word_1_148' title='bbox 808 2849 888 2903; x_wconf 93' lang='lat' dir='ltr'><strong>ire</strong></span> <span class='ocrx_word' id='word_1_149' title='bbox 937 2849 1004 2903; x_wconf 88' lang='lat' dir='ltr'><strong>ad</strong></span> <span class='ocrx_word' id='word_1_150' title='bbox 1053 2847 1234 2902; x_wconf 90' lang='lat' dir='ltr'><strong>omnia</strong></span> <span class='ocrx_word' id='word_1_151' title='bbox 1281 2846 1540 2916; x_wconf 90' lang='lat' dir='ltr'><strong>pericula.</strong></span> <span class='ocrx_word' id='word_1_152' title='bbox 1585 2843 1740 2910; x_wconf 83' lang='lat' dir='ltr'><strong>Quod</strong></span> 
     </span>
    </p>
   </div>
   <div class='ocr_carea' id='block_1_26' title="bbox 161 2937 1738 3008">
    <p class='ocr_par' dir='ltr' id='par_1_26' title="bbox 161 2937 1738 3008">
     <span class='ocr_line' id='line_1_26' title="bbox 161 2937 1738 3008; baseline -0.003 -16"><span class='ocrx_word' id='word_1_153' title='bbox 161 2953 290 3008; x_wconf 85' lang='lat' dir='ltr'><strong>ergo</strong></span> <span class='ocrx_word' id='word_1_154' title='bbox 313 2955 557 3008; x_wconf 68' lang='lat' dir='ltr'><strong>praesens</strong></span> <span class='ocrx_word' id='word_1_155' title='bbox 585 2939 790 2999; x_wconf 85' lang='lat' dir='ltr'><strong>habuit,</strong></span> <span class='ocrx_word' id='word_1_156' title='bbox 823 2939 1018 2994; x_wconf 88' lang='lat' dir='ltr'><strong>absens</strong></span> <span class='ocrx_word' id='word_1_157' title='bbox 1049 2945 1250 3002; x_wconf 89' lang='lat' dir='ltr'><strong>teneat,</strong></span> <span class='ocrx_word' id='word_1_158' title='bbox 1293 2937 1554 3006; x_wconf 85' lang='lat' dir='ltr'><strong>accipiens</strong></span> <span class='ocrx_word' id='word_1_159' title='bbox 1580 2937 1738 2989; x_wconf 88' lang='lat' dir='ltr'><strong>etiam</strong></span> 
     </span>
    </p>
   </div>
   <div class='ocr_carea' id='block_1_27' title="bbox 159 3028 1736 3100">
    <p class='ocr_par' dir='ltr' id='par_1_27' title="bbox 159 3028 1736 3100">
     <span class='ocr_line' id='line_1_27' title="bbox 159 3028 1736 3100; baseline -0.001 -18"><span class='ocrx_word' id='word_1_160' title='bbox 159 3030 577 3084; x_wconf 80' lang='lat' dir='ltr'><strong>recordationem</strong></span> <span class='ocrx_word' id='word_1_161' title='bbox 605 3031 729 3100; x_wconf 83' lang='lat' dir='ltr'><strong>ﬁdei</strong></span> <span class='ocrx_word' id='word_1_162' title='bbox 759 3046 876 3098; x_wconf 68' lang='lat' dir='ltr'><strong>quae</strong></span> <span class='ocrx_word' id='word_1_163' title='bbox 920 3038 972 3084; x_wconf 90' lang='lat' dir='ltr'><strong>te</strong></span> <span class='ocrx_word' id='word_1_164' title='bbox 1019 3036 1380 3094; x_wconf 90' lang='lat' dir='ltr'><strong>commoneat,</strong></span> <span class='ocrx_word' id='word_1_165' title='bbox 1419 3044 1542 3083; x_wconf 90' lang='lat' dir='ltr'><strong>cum</strong></span> <span class='ocrx_word' id='word_1_166' title='bbox 1574 3028 1736 3082; x_wconf 89' lang='lat' dir='ltr'><strong>etiam</strong></span> 
     </span>
    </p>
   </div>
   <div class='ocr_carea' id='block_1_28' title="bbox 156 3121 860 3176">
    <p class='ocr_par' dir='ltr' id='par_1_28' title="bbox 156 3121 860 3176">
     <span class='ocr_line' id='line_1_28' title="bbox 156 3121 860 3176; baseline 0 -2"><span class='ocrx_word' id='word_1_167' title='bbox 156 3121 208 3175; x_wconf 91' lang='lat' dir='ltr'><strong>in</strong></span> <span class='ocrx_word' id='word_1_168' title='bbox 233 3121 462 3176; x_wconf 82' lang='lat' dir='ltr'><strong>feminis</strong></span> <span class='ocrx_word' id='word_1_169' title='bbox 491 3121 653 3175; x_wconf 84' lang='lat' dir='ltr'><strong>fuerit</strong></span> <span class='ocrx_word' id='word_1_170' title='bbox 685 3121 860 3175; x_wconf 88' lang='lat' dir='ltr'><strong>ﬁrma.</strong></span> 
     </span>
    </p>
   </div>
   <div class='ocr_carea' id='block_1_29' title="bbox 233 3210 1739 3283">
    <p class='ocr_par' dir='ltr' id='par_1_29' title="bbox 233 3210 1739 3283">
     <span class='ocr_line' id='line_1_29' title="bbox 233 3210 1739 3283; baseline -0.001 -17"><span class='ocrx_word' id='word_1_171' title='bbox 233 3213 404 3268; x_wconf 90' lang='lat' dir='ltr'><strong>Vens.</strong></span> <span class='ocrx_word' id='word_1_172' title='bbox 459 3214 510 3268; x_wconf 90' lang='lat'><strong>6.</strong></span> <span class='ocrx_word' id='word_1_173' title='bbox 562 3243 630 3255; x_wconf 89' lang='lat'><strong>——</strong></span> <span class='ocrx_word' id='word_1_174' title='bbox 688 3211 914 3282; x_wconf 81' lang='lat' dir='ltr'><strong>PrOpter</strong></span> <span class='ocrx_word' id='word_1_175' title='bbox 958 3228 1135 3283; x_wconf 87' lang='lat' dir='ltr'><strong>quam.</strong></span> <span class='ocrx_word' id='word_1_176' title='bbox 1196 3211 1581 3266; x_wconf 89' lang='lat' dir='ltr'><strong>Commendata</strong></span> <span class='ocrx_word' id='word_1_177' title='bbox 1638 3210 1739 3264; x_wconf 84' lang='lat' dir='ltr'><strong>ﬁde</strong></span> 
     </span>
    </p>
   </div>
   <div class='ocr_carea' id='block_1_30' title="bbox 157 3302 1741 3371">
    <p class='ocr_par' dir='ltr' id='par_1_30' title="bbox 157 3302 1741 3371">
     <span class='ocr_line' id='line_1_30' title="bbox 157 3302 1741 3371; baseline -0.004 -9"><span class='ocrx_word' id='word_1_178' title='bbox 157 3307 322 3371; x_wconf 92' lang='lat' dir='ltr'><strong>illius,</strong></span> <span class='ocrx_word' id='word_1_179' title='bbox 359 3307 429 3360; x_wconf 93' lang='lat' dir='ltr'><strong>ad</strong></span> <span class='ocrx_word' id='word_1_180' title='bbox 458 3321 577 3360; x_wconf 91' lang='lat' dir='ltr'><strong>eam</strong></span> <span class='ocrx_word' id='word_1_181' title='bbox 606 3305 722 3360; x_wconf 89' lang='lat' dir='ltr'><strong>sine</strong></span> <span class='ocrx_word' id='word_1_182' title='bbox 749 3305 946 3358; x_wconf 90' lang='lat' dir='ltr'><strong>timore</strong></span> <span class='ocrx_word' id='word_1_183' title='bbox 969 3311 1024 3356; x_wconf 90' lang='lat' dir='ltr'><strong>et</strong></span> <span class='ocrx_word' id='word_1_184' title='bbox 1045 3303 1419 3358; x_wconf 84' lang='lat' dir='ltr'><strong>erubescentia</strong></span> <span class='ocrx_word' id='word_1_185' title='bbox 1447 3302 1741 3371; x_wconf 61' lang='lat' dir='ltr'><strong>praedican-</strong></span> 
     </span>
    </p>
   </div>
   <div class='ocr_carea' id='block_1_31' title="bbox 159 3391 1742 3464">
    <p class='ocr_par' dir='ltr' id='par_1_31' title="bbox 159 3391 1742 3464">
     <span class='ocr_line' id='line_1_31' title="bbox 159 3391 1742 3464; baseline -0.004 -12"><span class='ocrx_word' id='word_1_186' title='bbox 159 3399 282 3452; x_wconf 83' lang='lat' dir='ltr'><strong>dam</strong></span> <span class='ocrx_word' id='word_1_187' title='bbox 343 3397 686 3452; x_wconf 78' lang='lat' dir='ltr'><strong>exhortatur.</strong></span> <span class='ocrx_word' id='word_1_188' title='bbox 734 3392 842 3448; x_wconf 89' lang='lat' dir='ltr'><strong>Per</strong></span> <span class='ocrx_word' id='word_1_189' title='bbox 887 3394 1265 3464; x_wconf 85' lang='lat' dir='ltr'><strong>impositionem</strong></span> <span class='ocrx_word' id='word_1_190' title='bbox 1309 3409 1578 3446; x_wconf 87' lang='lat' dir='ltr'><strong>manuum.</strong></span> <span class='ocrx_word' id='word_1_191' title='bbox 1631 3391 1742 3446; x_wconf 86' lang='lat' dir='ltr'><strong>Hoc</strong></span> 
     </span>
    </p>
   </div>
   <div class='ocr_carea' id='block_1_32' title="bbox 159 3481 1743 3559">
    <p class='ocr_par' dir='ltr' id='par_1_32' title="bbox 159 3481 1743 3559">
     <span class='ocr_line' id='line_1_32' title="bbox 159 3481 1743 3559; baseline -0.004 -16"><span class='ocrx_word' id='word_1_192' title='bbox 159 3497 260 3552; x_wconf 91' lang='lat' dir='ltr'><strong>est,</strong></span> <span class='ocrx_word' id='word_1_193' title='bbox 299 3487 537 3559; x_wconf 86' lang='lat' dir='ltr'><strong>gratiam</strong></span> <span class='ocrx_word' id='word_1_194' title='bbox 564 3486 797 3555; x_wconf 91' lang='lat' dir='ltr'><strong>Spiritus</strong></span> <span class='ocrx_word' id='word_1_195' title='bbox 825 3485 1018 3548; x_wconf 89' lang='lat' dir='ltr'><strong>sancti,</strong></span> <span class='ocrx_word' id='word_1_196' title='bbox 1063 3499 1221 3554; x_wconf 84' lang='lat' dir='ltr'><strong>quam</strong></span> <span class='ocrx_word' id='word_1_197' title='bbox 1251 3482 1508 3554; x_wconf 87' lang='lat' dir='ltr'><strong>accepisti</strong></span> <span class='ocrx_word' id='word_1_198' title='bbox 1546 3483 1612 3536; x_wconf 89' lang='lat' dir='ltr'><strong>ad</strong></span> <span class='ocrx_word' id='word_1_199' title='bbox 1643 3481 1743 3537; x_wconf 90' lang='lat' dir='ltr'><strong>Ec-</strong></span> 
     </span>
    </p>
   </div>
   <div class='ocr_carea' id='block_1_33' title="bbox 160 3575 1742 3646">
    <p class='ocr_par' dir='ltr' id='par_1_33' title="bbox 160 3575 1742 3646">
     <span class='ocr_line' id='line_1_33' title="bbox 160 3575 1742 3646; baseline -0.004 -12"><span class='ocrx_word' id='word_1_200' title='bbox 160 3579 341 3634; x_wconf 74' lang='lat' dir='ltr'><strong>clesia:</strong></span> <span class='ocrx_word' id='word_1_201' title='bbox 393 3577 811 3641; x_wconf 89' lang='lat' dir='ltr'><strong>institutionem,</strong></span> <span class='ocrx_word' id='word_1_202' title='bbox 859 3577 925 3630; x_wconf 91' lang='lat' dir='ltr'><strong>ad</strong></span> <span class='ocrx_word' id='word_1_203' title='bbox 963 3575 1319 3646; x_wconf 90' lang='lat' dir='ltr'><strong>perpetranda</strong></span> <span class='ocrx_word' id='word_1_204' title='bbox 1347 3575 1627 3639; x_wconf 88' lang='lat' dir='ltr'><strong>miracula,</strong></span> <span class='ocrx_word' id='word_1_205' title='bbox 1675 3575 1742 3628; x_wconf 91' lang='lat' dir='ltr'><strong>ad</strong></span> 
     </span>
    </p>
   </div>
   <div class='ocr_carea' id='block_1_34' title="bbox 161 3666 981 3736">
    <p class='ocr_par' dir='ltr' id='par_1_34' title="bbox 161 3666 981 3736">
     <span class='ocr_line' id='line_1_34' title="bbox 161 3666 981 3736; baseline -0.006 -12"><span class='ocrx_word' id='word_1_206' title='bbox 161 3685 322 3724; x_wconf 90' lang='lat' dir='ltr'><strong>omne</strong></span> <span class='ocrx_word' id='word_1_207' title='bbox 343 3667 622 3736; x_wconf 84' lang='lat' dir='ltr'><strong>religionis</strong></span> <span class='ocrx_word' id='word_1_208' title='bbox 645 3666 981 3734; x_wconf 89' lang='lat' dir='ltr'><strong>obsequium.</strong></span> 
     </span>
    </p>
   </div>
   <div class='ocr_carea' id='block_1_35' title="bbox 229 3754 1742 3814">
    <p class='ocr_par' dir='ltr' id='par_1_35' title="bbox 229 3754 1742 3814">
     <span class='ocr_line' id='line_1_35' title="bbox 229 3754 1742 3814; baseline -0.004 -1"><span class='ocrx_word' id='word_1_209' title='bbox 229 3759 398 3814; x_wconf 86' lang='lat' dir='ltr'><strong>Vens.</strong></span> <span class='ocrx_word' id='word_1_210' title='bbox 437 3759 492 3812; x_wconf 90' lang='lat'><strong>7.</strong></span> <span class='ocrx_word' id='word_1_211' title='bbox 525 3787 598 3798; x_wconf 88' lang='lat'><strong>—</strong></span> <span class='ocrx_word' id='word_1_212' title='bbox 625 3757 868 3810; x_wconf 83' lang='lat' dir='ltr'><strong>Timoris.</strong></span> <span class='ocrx_word' id='word_1_213' title='bbox 895 3754 1111 3810; x_wconf 89' lang='lat' dir='ltr'><strong>Timore</strong></span> <span class='ocrx_word' id='word_1_214' title='bbox 1140 3755 1386 3810; x_wconf 87' lang='lat' dir='ltr'><strong>turbatus</strong></span> <span class='ocrx_word' id='word_1_215' title='bbox 1425 3754 1619 3809; x_wconf 84' lang='lat' dir='ltr'><strong>Petrus</strong></span> <span class='ocrx_word' id='word_1_216' title='bbox 1646 3767 1742 3807; x_wconf 90' lang='lat' dir='ltr'><strong>ne-</strong></span> 
     </span>
    </p>
   </div>
   <div class='ocr_carea' id='block_1_36' title="bbox 163 3843 1745 3922">
    <p class='ocr_par' dir='ltr' id='par_1_36' title="bbox 163 3843 1745 3922">
     <span class='ocr_line' id='line_1_36' title="bbox 163 3843 1745 3922; baseline -0.004 -19"><span class='ocrx_word' id='word_1_217' title='bbox 163 3851 307 3922; x_wconf 86' lang='lat' dir='ltr'><strong>gavit</strong></span> <span class='ocrx_word' id='word_1_218' title='bbox 333 3849 635 3904; x_wconf 90' lang='lat' dir='ltr'><strong>Christum.</strong></span> <span class='ocrx_word' id='word_1_219' title='bbox 681 3845 834 3901; x_wconf 91' lang='lat' dir='ltr'><strong>Unde</strong></span> <span class='ocrx_word' id='word_1_220' title='bbox 866 3863 879 3899; x_wconf 91' lang='lat'><strong>:</strong></span> <span class='ocrx_word' id='word_1_221' title='bbox 912 3845 1090 3900; x_wconf 82' lang='lat' dir='ltr'><strong>Nolite</strong></span> <span class='ocrx_word' id='word_1_222' title='bbox 1121 3847 1300 3898; x_wconf 89' lang='lat' dir='ltr'><strong>timere</strong></span> <span class='ocrx_word' id='word_1_223' title='bbox 1351 3861 1435 3898; x_wconf 81' lang='lat' dir='ltr'><strong>eos</strong></span> <span class='ocrx_word' id='word_1_224' title='bbox 1469 3843 1559 3914; x_wconf 88' lang='lat' dir='ltr'><strong>qui</strong></span> <span class='ocrx_word' id='word_1_225' title='bbox 1607 3843 1745 3898; x_wconf 86' lang='lat' dir='ltr'><strong>occi-</strong></span> 
     </span>
    </p>
   </div>
   <div class='ocr_carea' id='block_1_37' title="bbox 162 3935 1748 4012">
    <p class='ocr_par' dir='ltr' id='par_1_37' title="bbox 162 3935 1748 4012">
     <span class='ocr_line' id='line_1_37' title="bbox 162 3935 1748 4012; baseline -0.006 -16"><span class='ocrx_word' id='word_1_226' title='bbox 162 3946 290 3998; x_wconf 83' lang='lat' dir='ltr'><strong>dunt</strong></span> <span class='ocrx_word' id='word_1_227' title='bbox 320 3959 514 4012; x_wconf 81' lang='lat' dir='ltr'><strong>corpus</strong></span> <span class='ocrx_word' id='word_1_228' title='bbox 541 3938 756 4010; x_wconf 80' lang='lat' dir='ltr'><strong>(Matth.</strong></span> <span class='ocrx_word' id='word_1_229' title='bbox 791 3936 964 4006; x_wconf 79' lang='lat' dir='ltr'><strong>xxvr.)</strong></span> <span class='ocrx_word' id='word_1_230' title='bbox 996 3935 1165 4005; x_wconf 86' lang='lat' dir='ltr'><strong>Hujus</strong></span> <span class='ocrx_word' id='word_1_231' title='bbox 1203 3936 1412 3990; x_wconf 90' lang='lat' dir='ltr'><strong>timoris</strong></span> <span class='ocrx_word' id='word_1_232' title='bbox 1447 3950 1552 3990; x_wconf 91' lang='lat' dir='ltr'><strong>non</strong></span> <span class='ocrx_word' id='word_1_233' title='bbox 1597 3948 1748 3989; x_wconf 81' lang='lat' dir='ltr'><strong>acce-</strong></span> 
     </span>
    </p>
   </div>
   <div class='ocr_carea' id='block_1_38' title="bbox 161 4024 1742 4104">
    <p class='ocr_par' dir='ltr' id='par_1_38' title="bbox 161 4024 1742 4104">
     <span class='ocr_line' id='line_1_38' title="bbox 161 4024 1742 4104; baseline -0.006 -18"><span class='ocrx_word' id='word_1_234' title='bbox 161 4035 340 4104; x_wconf 91' lang='lat' dir='ltr'><strong>pimus</strong></span> <span class='ocrx_word' id='word_1_235' title='bbox 386 4032 664 4104; x_wconf 90' lang='lat' dir='ltr'><strong>spiritum,</strong></span> <span class='ocrx_word' id='word_1_236' title='bbox 711 4029 805 4085; x_wconf 91' lang='lat' dir='ltr'><strong>sed</strong></span> <span class='ocrx_word' id='word_1_237' title='bbox 857 4028 1003 4082; x_wconf 90' lang='lat' dir='ltr'><strong>illius</strong></span> <span class='ocrx_word' id='word_1_238' title='bbox 1050 4028 1118 4081; x_wconf 85' lang='lat' dir='ltr'><strong>de</strong></span> <span class='ocrx_word' id='word_1_239' title='bbox 1164 4042 1271 4096; x_wconf 92' lang='lat' dir='ltr'><strong>quo</strong></span> <span class='ocrx_word' id='word_1_240' title='bbox 1315 4026 1572 4080; x_wconf 89' lang='lat' dir='ltr'><strong>Dominus</strong></span> <span class='ocrx_word' id='word_1_241' title='bbox 1623 4024 1742 4078; x_wconf 88' lang='lat' dir='ltr'><strong>ait:</strong></span> 
     </span>
    </p>
   </div>
   <div class='ocr_carea' id='block_1_39' title="bbox 162 4113 1748 4192">
    <p class='ocr_par' dir='ltr' id='par_1_39' title="bbox 162 4113 1748 4192">
     <span class='ocr_line' id='line_1_39' title="bbox 162 4113 1748 4192; baseline -0.005 -16"><span class='ocrx_word' id='word_1_242' title='bbox 162 4120 302 4179; x_wconf 85' lang='lat' dir='ltr'><strong>Eum</strong></span> <span class='ocrx_word' id='word_1_243' title='bbox 333 4125 517 4178; x_wconf 79' lang='lat' dir='ltr'><strong>timete</strong></span> <span class='ocrx_word' id='word_1_244' title='bbox 545 4123 635 4192; x_wconf 87' lang='lat' dir='ltr'><strong>qui</strong></span> <span class='ocrx_word' id='word_1_245' title='bbox 667 4128 830 4190; x_wconf 79' lang='lat' dir='ltr'><strong>potest</strong></span> <span class='ocrx_word' id='word_1_246' title='bbox 878 4133 1064 4186; x_wconf 86' lang='lat' dir='ltr'><strong>corpus</strong></span> <span class='ocrx_word' id='word_1_247' title='bbox 1093 4126 1140 4170; x_wconf 89' lang='lat' dir='ltr'><strong>et</strong></span> <span class='ocrx_word' id='word_1_248' title='bbox 1187 4117 1417 4170; x_wconf 86' lang='lat' dir='ltr'><strong>animam</strong></span> <span class='ocrx_word' id='word_1_249' title='bbox 1441 4113 1655 4185; x_wconf 81' lang='lat' dir='ltr'><strong>perdere</strong></span> <span class='ocrx_word' id='word_1_250' title='bbox 1691 4115 1748 4168; x_wconf 85' lang='lat' dir='ltr'><strong>in</strong></span> 
     </span>
    </p>
   </div>
   <div class='ocr_carea' id='block_1_40' title="bbox 163 4207 1748 4286">
    <p class='ocr_par' dir='ltr' id='par_1_40' title="bbox 163 4207 1748 4286">
     <span class='ocr_line' id='line_1_40' title="bbox 163 4207 1748 4286; baseline -0.006 -18"><span class='ocrx_word' id='word_1_251' title='bbox 163 4217 478 4286; x_wconf 85' lang='lat' dir='ltr'><strong>gehennam.</strong></span> <span class='ocrx_word' id='word_1_252' title='bbox 515 4212 752 4281; x_wconf 84' lang='lat' dir='ltr'><strong>Spiritus</strong></span> <span class='ocrx_word' id='word_1_253' title='bbox 787 4209 930 4264; x_wconf 91' lang='lat' dir='ltr'><strong>enim</strong></span> <span class='ocrx_word' id='word_1_254' title='bbox 962 4216 1182 4262; x_wconf 89' lang='lat' dir='ltr'><strong>sanctus</strong></span> <span class='ocrx_word' id='word_1_255' title='bbox 1231 4208 1324 4261; x_wconf 89' lang='lat' dir='ltr'><strong>dat</strong></span> <span class='ocrx_word' id='word_1_256' title='bbox 1366 4207 1611 4260; x_wconf 88' lang='lat' dir='ltr'><strong>timorem</strong></span> <span class='ocrx_word' id='word_1_257' title='bbox 1642 4220 1748 4259; x_wconf 92' lang='lat' dir='ltr'><strong>non</strong></span> 
     </span>
    </p>
   </div>
   <div class='ocr_carea' id='block_1_41' title="bbox 163 4298 1748 4374">
    <p class='ocr_par' dir='ltr' id='par_1_41' title="bbox 163 4298 1748 4374">
     <span class='ocr_line' id='line_1_41' title="bbox 163 4298 1748 4374; baseline -0.004 -14"><span class='ocrx_word' id='word_1_258' title='bbox 163 4309 373 4374; x_wconf 89' lang='lat' dir='ltr'><strong>mundi,</strong></span> <span class='ocrx_word' id='word_1_259' title='bbox 408 4307 506 4363; x_wconf 89' lang='lat' dir='ltr'><strong>sed</strong></span> <span class='ocrx_word' id='word_1_260' title='bbox 535 4305 654 4371; x_wconf 90' lang='lat' dir='ltr'><strong>Dei,</strong></span> <span class='ocrx_word' id='word_1_261' title='bbox 708 4303 800 4374; x_wconf 85' lang='lat' dir='ltr'><strong>qui</strong></span> <span class='ocrx_word' id='word_1_262' title='bbox 853 4307 1031 4371; x_wconf 89' lang='lat' dir='ltr'><strong>potest</strong></span> <span class='ocrx_word' id='word_1_263' title='bbox 1078 4299 1303 4370; x_wconf 88' lang='lat' dir='ltr'><strong>perdere</strong></span> <span class='ocrx_word' id='word_1_264' title='bbox 1345 4299 1400 4354; x_wconf 91' lang='lat' dir='ltr'><strong>in</strong></span> <span class='ocrx_word' id='word_1_265' title='bbox 1449 4298 1748 4370; x_wconf 80' lang='lat' dir='ltr'><strong>gehennam</strong></span> 
     </span>
    </p>
   </div>
   <div class='ocr_carea' id='block_1_42' title="bbox 167 4400 1720 4468">
    <p class='ocr_par' dir='ltr' id='par_1_42' title="bbox 167 4400 1720 4468">
     <span class='ocr_line' id='line_1_42' title="bbox 167 4400 1720 4468; baseline -0.01 -17"><span class='ocrx_word' id='word_1_266' title='bbox 167 4400 326 4468; x_wconf 86' lang='lat' dir='ltr'><strong>ignis.</strong></span> <span class='ocrx_word' id='word_1_267' title='bbox 1716 4400 1720 4402; x_wconf 78' lang='lat'>&#39;</span> 
     </span>
    </p>
   </div>
   <div class='ocr_carea' id='block_1_43' title="bbox 235 4479 1750 4556">
    <p class='ocr_par' dir='ltr' id='par_1_43' title="bbox 235 4479 1750 4556">
     <span class='ocr_line' id='line_1_43' title="bbox 235 4479 1750 4556; baseline -0.009 -10"><span class='ocrx_word' id='word_1_268' title='bbox 235 4492 406 4546; x_wconf 81' lang='lat' dir='ltr'><strong>Vens.</strong></span> <span class='ocrx_word' id='word_1_269' title='bbox 456 4489 512 4544; x_wconf 91' lang='lat'><strong>8.</strong></span> <span class='ocrx_word' id='word_1_270' title='bbox 543 4519 615 4529; x_wconf 95' lang='lat'><strong>—</strong></span> <span class='ocrx_word' id='word_1_271' title='bbox 664 4487 792 4542; x_wconf 87' lang='lat' dir='ltr'><strong>Noli</strong></span> <span class='ocrx_word' id='word_1_272' title='bbox 820 4490 1011 4556; x_wconf 80' lang='lat' dir='ltr'><strong>itaque.</strong></span> <span class='ocrx_word' id='word_1_273' title='bbox 1049 4482 1419 4539; x_wconf 86' lang='lat' dir='ltr'><strong>Constantiam</strong></span> <span class='ocrx_word' id='word_1_274' title='bbox 1447 4479 1750 4536; x_wconf 88' lang='lat' dir='ltr'><strong>habendam</strong></span> 
     </span>
    </p>
   </div>
   <div class='ocr_carea' id='block_1_44' title="bbox 163 4561 1752 4644">
    <p class='ocr_par' dir='ltr' id='par_1_44' title="bbox 163 4561 1752 4644">
     <span class='ocr_line' id='line_1_44' title="bbox 163 4561 1752 4644; baseline -0.008 -8"><span class='ocrx_word' id='word_1_275' title='bbox 163 4581 323 4637; x_wconf 90' lang='lat' dir='ltr'><strong>docet</strong></span> <span class='ocrx_word' id='word_1_276' title='bbox 355 4599 461 4637; x_wconf 90' lang='lat' dir='ltr'><strong>nec</strong></span> <span class='ocrx_word' id='word_1_277' title='bbox 495 4579 918 4635; x_wconf 80' lang='lat' dir='ltr'><strong>erubescendum</strong></span> <span class='ocrx_word' id='word_1_278' title='bbox 954 4591 1075 4632; x_wconf 91' lang='lat' dir='ltr'><strong>esse</strong></span> <span class='ocrx_word' id='word_1_279' title='bbox 1116 4577 1168 4629; x_wconf 92' lang='lat' dir='ltr'><strong>in</strong></span> <span class='ocrx_word' id='word_1_280' title='bbox 1212 4561 1544 4644; x_wconf 78' lang='lat' dir='ltr'><strong>professione</strong></span> <span class='ocrx_word' id='word_1_281' title='bbox 1576 4588 1590 4624; x_wconf 93' lang='lat'><strong>:</strong></span> <span class='ocrx_word' id='word_1_282' title='bbox 1644 4584 1752 4624; x_wconf 92' lang='lat' dir='ltr'><strong>non</strong></span> 
     </span>
    </p>
   </div>
   <div class='ocr_carea' id='block_1_45' title="bbox 163 4662 1751 4735">
    <p class='ocr_par' dir='ltr' id='par_1_45' title="bbox 163 4662 1751 4735">
     <span class='ocr_line' id='line_1_45' title="bbox 163 4662 1751 4735; baseline -0.009 -6"><span class='ocrx_word' id='word_1_283' title='bbox 163 4686 246 4730; x_wconf 88' lang='lat' dir='ltr'><strong>est</strong></span> <span class='ocrx_word' id='word_1_284' title='bbox 276 4677 428 4732; x_wconf 92' lang='lat' dir='ltr'><strong>enim</strong></span> <span class='ocrx_word' id='word_1_285' title='bbox 481 4681 542 4727; x_wconf 91' lang='lat' dir='ltr'><strong>ut</strong></span> <span class='ocrx_word' id='word_1_286' title='bbox 592 4673 944 4726; x_wconf 89' lang='lat' dir='ltr'><strong>erubescatur</strong></span> <span class='ocrx_word' id='word_1_287' title='bbox 991 4670 1045 4723; x_wconf 92' lang='lat' dir='ltr'><strong>in</strong></span> <span class='ocrx_word' id='word_1_288' title='bbox 1081 4682 1193 4721; x_wconf 85' lang='lat' dir='ltr'><strong>ea:</strong></span> <span class='ocrx_word' id='word_1_289' title='bbox 1238 4665 1363 4735; x_wconf 84' lang='lat' dir='ltr'><strong>quia</strong></span> <span class='ocrx_word' id='word_1_290' title='bbox 1409 4665 1548 4718; x_wconf 89' lang='lat' dir='ltr'><strong>sicut</strong></span> <span class='ocrx_word' id='word_1_291' title='bbox 1591 4662 1751 4716; x_wconf 92' lang='lat' dir='ltr'><strong>homo</strong></span> 
     </span>
    </p>
   </div>
   <div class='ocr_carea' id='block_1_46' title="bbox 163 4753 1751 4833">
    <p class='ocr_par' dir='ltr' id='par_1_46' title="bbox 163 4753 1751 4833">
     <span class='ocr_line' id='line_1_46' title="bbox 163 4753 1751 4833; baseline -0.011 -10"><span class='ocrx_word' id='word_1_292' title='bbox 163 4773 314 4826; x_wconf 90' lang='lat' dir='ltr'><strong>visus</strong></span> <span class='ocrx_word' id='word_1_293' title='bbox 337 4779 426 4825; x_wconf 89' lang='lat' dir='ltr'><strong>est</strong></span> <span class='ocrx_word' id='word_1_294' title='bbox 459 4767 730 4830; x_wconf 89' lang='lat' dir='ltr'><strong>Christus,</strong></span> <span class='ocrx_word' id='word_1_295' title='bbox 766 4763 932 4833; x_wconf 86' lang='lat' dir='ltr'><strong>gestis</strong></span> <span class='ocrx_word' id='word_1_296' title='bbox 963 4771 1141 4816; x_wconf 91' lang='lat' dir='ltr'><strong>tamen</strong></span> <span class='ocrx_word' id='word_1_297' title='bbox 1175 4756 1421 4829; x_wconf 90' lang='lat' dir='ltr'><strong>apparuit</strong></span> <span class='ocrx_word' id='word_1_298' title='bbox 1466 4757 1605 4810; x_wconf 89' lang='lat' dir='ltr'><strong>Deus</strong></span> <span class='ocrx_word' id='word_1_299' title='bbox 1649 4753 1751 4808; x_wconf 90' lang='lat' dir='ltr'><strong>etsi</strong></span> 
     </span>
    </p>
   </div>
   <div class='ocr_carea' id='block_1_47' title="bbox 164 4843 1751 4922">
    <p class='ocr_par' dir='ltr' id='par_1_47' title="bbox 164 4843 1751 4922">
     <span class='ocr_line' id='line_1_47' title="bbox 164 4843 1751 4922; baseline -0.013 -5"><span class='ocrx_word' id='word_1_300' title='bbox 164 4862 470 4917; x_wconf 83' lang='lat' dir='ltr'><strong>cruciﬁxus</strong></span> <span class='ocrx_word' id='word_1_301' title='bbox 509 4866 609 4922; x_wconf 88' lang='lat' dir='ltr'><strong>est,</strong></span> <span class='ocrx_word' id='word_1_302' title='bbox 637 4854 934 4911; x_wconf 79' lang='lat' dir='ltr'><strong>resurrexit</strong></span> <span class='ocrx_word' id='word_1_303' title='bbox 964 4861 1142 4906; x_wconf 89' lang='lat' dir='ltr'><strong>tamen</strong></span> <span class='ocrx_word' id='word_1_304' title='bbox 1173 4867 1204 4904; x_wconf 89' lang='lat' dir='ltr'><strong>a</strong></span> <span class='ocrx_word' id='word_1_305' title='bbox 1245 4847 1492 4909; x_wconf 90' lang='lat' dir='ltr'><strong>mortuis,</strong></span> <span class='ocrx_word' id='word_1_306' title='bbox 1523 4855 1576 4901; x_wconf 91' lang='lat' dir='ltr'><strong>et</strong></span> <span class='ocrx_word' id='word_1_307' title='bbox 1613 4843 1751 4898; x_wconf 88' lang='lat' dir='ltr'><strong>mul-</strong></span> 
     </span>
    </p>
   </div>
   <div class='ocr_carea' id='block_1_48' title="bbox 165 4935 1749 5016">
    <p class='ocr_par' dir='ltr' id='par_1_48' title="bbox 165 4935 1749 5016">
     <span class='ocr_line' id='line_1_48' title="bbox 165 4935 1749 5016; baseline -0.012 -8"><span class='ocrx_word' id='word_1_308' title='bbox 165 4957 235 5010; x_wconf 89' lang='lat' dir='ltr'><strong>tis</strong></span> <span class='ocrx_word' id='word_1_309' title='bbox 283 4952 604 5009; x_wconf 86' lang='lat' dir='ltr'><strong>videntibus</strong></span> <span class='ocrx_word' id='word_1_310' title='bbox 648 4947 972 5016; x_wconf 89' lang='lat' dir='ltr'><strong>suscipiente</strong></span> <span class='ocrx_word' id='word_1_311' title='bbox 1029 4959 1151 4996; x_wconf 85' lang='lat' dir='ltr'><strong>eum</strong></span> <span class='ocrx_word' id='word_1_312' title='bbox 1211 4940 1394 5005; x_wconf 90' lang='lat' dir='ltr'><strong>nube,</strong></span> <span class='ocrx_word' id='word_1_313' title='bbox 1449 4939 1502 4993; x_wconf 93' lang='lat' dir='ltr'><strong>in</strong></span> <span class='ocrx_word' id='word_1_314' title='bbox 1553 4935 1749 4992; x_wconf 69' lang='lat' dir='ltr'><strong>coelum</strong></span> 
     </span>
    </p>
   </div>
   <div class='ocr_carea' id='block_1_49' title="bbox 163 5025 1974 5110">
    <p class='ocr_par' dir='ltr' id='par_1_49' title="bbox 163 5025 1974 5110">
     <span class='ocr_line' id='line_1_49' title="bbox 163 5025 1974 5110; baseline -0.015 -10"><span class='ocrx_word' id='word_1_315' title='bbox 163 5045 440 5102; x_wconf 87' lang='lat' dir='ltr'><strong>ascendit.</strong></span> <span class='ocrx_word' id='word_1_316' title='bbox 466 5041 569 5097; x_wconf 87' lang='lat' dir='ltr'><strong>Ubi</strong></span> <span class='ocrx_word' id='word_1_317' title='bbox 592 5055 720 5110; x_wconf 88' lang='lat' dir='ltr'><strong>ergo</strong></span> <span class='ocrx_word' id='word_1_318' title='bbox 739 5044 958 5109; x_wconf 88' lang='lat' dir='ltr'><strong>putatur</strong></span> <span class='ocrx_word' id='word_1_319' title='bbox 978 5034 1288 5097; x_wconf 87' lang='lat' dir='ltr'><strong>inﬁrmitas,</strong></span> <span class='ocrx_word' id='word_1_320' title='bbox 1315 5031 1386 5086; x_wconf 90' lang='lat' dir='ltr'><strong>ibi</strong></span> <span class='ocrx_word' id='word_1_321' title='bbox 1415 5035 1634 5100; x_wconf 87' lang='lat' dir='ltr'><strong>apparet</strong></span> <span class='ocrx_word' id='word_1_322' title='bbox 1658 5042 1750 5097; x_wconf 88' lang='lat' dir='ltr'><strong>po-</strong></span> <span class='ocrx_word' id='word_1_323' title='bbox 1773 5037 1828 5097; x_wconf 80' lang='lat' dir='ltr'><strong>D</strong></span> <span class='ocrx_word' id='word_1_324' title='bbox 1855 5025 1974 5110; x_wconf 39' lang='lat' dir='ltr'><strong>cies?</strong></span> 
     </span>
    </p>
   </div>
   <div class='ocr_carea' id='block_1_50' title="bbox 166 5139 361 5192">
    <p class='ocr_par' dir='ltr' id='par_1_50' title="bbox 166 5139 361 5192">
     <span class='ocr_line' id='line_1_50' title="bbox 166 5139 361 5192; baseline -0.015 0"><span class='ocrx_word' id='word_1_325' title='bbox 166 5139 361 5192; x_wconf 85' lang='lat' dir='ltr'><strong>tentia.</strong></span> 
     </span>
    </p>
   </div>
   <div class='ocr_carea' id='block_1_51' title="bbox 236 5210 1748 5289">
    <p class='ocr_par' dir='ltr' id='par_1_51' title="bbox 236 5210 1748 5289">
     <span class='ocr_line' id='line_1_51' title="bbox 236 5210 1748 5289; baseline -0.014 -4"><span class='ocrx_word' id='word_1_326' title='bbox 236 5231 410 5286; x_wconf 82' lang='lat' dir='ltr'><strong>Vens.</strong></span> <span class='ocrx_word' id='word_1_327' title='bbox 443 5227 498 5282; x_wconf 89' lang='lat'><strong>9.</strong></span> <span class='ocrx_word' id='word_1_328' title='bbox 527 5255 599 5266; x_wconf 90' lang='lat'>—</span> <span class='ocrx_word' id='word_1_329' title='bbox 625 5223 729 5289; x_wconf 90' lang='lat' dir='ltr'><strong>Qui</strong></span> <span class='ocrx_word' id='word_1_330' title='bbox 762 5239 854 5277; x_wconf 87' lang='lat' dir='ltr'><strong>nos</strong></span> <span class='ocrx_word' id='word_1_331' title='bbox 876 5218 1130 5273; x_wconf 83' lang='lat' dir='ltr'><strong>liberavit.</strong></span> <span class='ocrx_word' id='word_1_332' title='bbox 1161 5215 1344 5270; x_wconf 91' lang='lat' dir='ltr'><strong>Vicem</strong></span> <span class='ocrx_word' id='word_1_333' title='bbox 1371 5212 1591 5268; x_wconf 81' lang='lat' dir='ltr'><strong>reddere</strong></span> <span class='ocrx_word' id='word_1_334' title='bbox 1615 5210 1748 5265; x_wconf 86' lang='lat' dir='ltr'><strong>libe-</strong></span> 
     </span>
    </p>
   </div>
   <div class='ocr_carea' id='block_1_52' title="bbox 168 5305 1752 5383">
    <p class='ocr_par' dir='ltr' id='par_1_52' title="bbox 168 5305 1752 5383">
     <span class='ocr_line' id='line_1_52' title="bbox 168 5305 1752 5383; baseline -0.015 -7"><span class='ocrx_word' id='word_1_335' title='bbox 168 5323 310 5376; x_wconf 88' lang='lat' dir='ltr'><strong>ranti</strong></span> <span class='ocrx_word' id='word_1_336' title='bbox 337 5318 634 5376; x_wconf 87' lang='lat' dir='ltr'><strong>convenit:</strong></span> <span class='ocrx_word' id='word_1_337' title='bbox 667 5314 830 5383; x_wconf 87' lang='lat' dir='ltr'><strong>Cujus</strong></span> <span class='ocrx_word' id='word_1_338' title='bbox 856 5328 977 5368; x_wconf 91' lang='lat' dir='ltr'><strong>cum</strong></span> <span class='ocrx_word' id='word_1_339' title='bbox 1021 5308 1298 5364; x_wconf 89' lang='lat' dir='ltr'><strong>beneﬁciis</strong></span> <span class='ocrx_word' id='word_1_340' title='bbox 1333 5305 1490 5374; x_wconf 89' lang='lat' dir='ltr'><strong>digne</strong></span> <span class='ocrx_word' id='word_1_341' title='bbox 1532 5306 1752 5370; x_wconf 76' lang='lat' dir='ltr'><strong>respon-</strong></span> 
     </span>
    </p>
   </div>
   <div class='ocr_carea' id='block_1_53' title="bbox 168 5391 1752 5476">
    <p class='ocr_par' dir='ltr' id='par_1_53' title="bbox 168 5391 1752 5476">
     <span class='ocr_line' id='line_1_53' title="bbox 168 5391 1752 5476; baseline -0.016 -5"><span class='ocrx_word' id='word_1_342' title='bbox 168 5419 300 5472; x_wconf 90' lang='lat' dir='ltr'><strong>dere</strong></span> <span class='ocrx_word' id='word_1_343' title='bbox 326 5432 442 5470; x_wconf 81' lang='lat' dir='ltr'><strong>non</strong></span> <span class='ocrx_word' id='word_1_344' title='bbox 485 5414 740 5476; x_wconf 83' lang='lat' dir='ltr'><strong>valemus,</strong></span> <span class='ocrx_word' id='word_1_345' title='bbox 794 5408 982 5464; x_wconf 90' lang='lat' dir='ltr'><strong>saltem</strong></span> <span class='ocrx_word' id='word_1_346' title='bbox 1010 5401 1332 5472; x_wconf 85' lang='lat' dir='ltr'><strong>legationem</strong></span> <span class='ocrx_word' id='word_1_347' title='bbox 1380 5394 1496 5464; x_wconf 83' lang='lat' dir='ltr'><strong>ejus</strong></span> <span class='ocrx_word' id='word_1_348' title='bbox 1525 5391 1752 5447; x_wconf 89' lang='lat' dir='ltr'><strong>ﬁdeliter</strong></span> 
     </span>
    </p>
   </div>
   <div class='ocr_carea' id='block_1_54' title="bbox 167 5508 790 5574">
    <p class='ocr_par' dir='ltr' id='par_1_54' title="bbox 167 5508 790 5574">
     <span class='ocr_line' id='line_1_54' title="bbox 167 5508 790 5574; baseline -0.013 -12"><span class='ocrx_word' id='word_1_349' title='bbox 167 5518 221 5562; x_wconf 86' lang='lat' dir='ltr'><strong>et</strong></span> <span class='ocrx_word' id='word_1_350' title='bbox 248 5508 529 5560; x_wconf 87' lang='lat' dir='ltr'><strong>instanter</strong></span> <span class='ocrx_word' id='word_1_351' title='bbox 550 5515 790 5574; x_wconf 89' lang='lat' dir='ltr'><strong>agamus.</strong></span> 
     </span>
    </p>
   </div>
   <div class='ocr_carea' id='block_1_55' title="bbox 239 5572 1753 5657">
    <p class='ocr_par' dir='ltr' id='par_1_55' title="bbox 239 5572 1753 5657">
     <span class='ocr_line' id='line_1_55' title="bbox 239 5572 1753 5657; baseline -0.02 -4"><span class='ocrx_word' id='word_1_352' title='bbox 239 5598 419 5652; x_wconf 84' lang='lat' dir='ltr'><strong>Vens.</strong></span> <span class='ocrx_word' id='word_1_353' title='bbox 468 5595 552 5650; x_wconf 81' lang='lat' dir='ltr'><strong>lO.</strong></span> <span class='ocrx_word' id='word_1_354' title='bbox 591 5572 668 5634; x_wconf 52' lang='grc' dir='ltr'>ξ-</span> <span class='ocrx_word' id='word_1_355' title='bbox 710 5591 814 5657; x_wconf 89' lang='lat' dir='ltr'><strong>Qui</strong></span> <span class='ocrx_word' id='word_1_356' title='bbox 861 5586 1136 5642; x_wconf 77' lang='lat' dir='ltr'><strong>destruxit.</strong></span> <span class='ocrx_word' id='word_1_357' title='bbox 1175 5581 1319 5637; x_wconf 83' lang='lat' dir='ltr'><strong>Mors</strong></span> <span class='ocrx_word' id='word_1_358' title='bbox 1364 5585 1550 5647; x_wconf 90' lang='lat' dir='ltr'><strong>utpote</strong></span> <span class='ocrx_word' id='word_1_359' title='bbox 1591 5572 1753 5636; x_wconf 86' lang='lat' dir='ltr'><strong>victa,</strong></span> 
     </span>
    </p>
   </div>
   <div class='ocr_carea' id='block_1_56' title="bbox 170 5667 1754 5753">
    <p class='ocr_par' dir='ltr' id='par_1_56' title="bbox 170 5667 1754 5753">
     <span class='ocr_line' id='line_1_56' title="bbox 170 5667 1754 5753; baseline -0.02 -8"><span class='ocrx_word' id='word_1_360' title='bbox 170 5706 279 5745; x_wconf 88' lang='lat' dir='ltr'><strong>non</strong></span> <span class='ocrx_word' id='word_1_361' title='bbox 309 5697 401 5743; x_wconf 91' lang='lat' dir='ltr'><strong>est</strong></span> <span class='ocrx_word' id='word_1_362' title='bbox 425 5685 659 5740; x_wconf 91' lang='lat' dir='ltr'><strong>timenda</strong></span> <span class='ocrx_word' id='word_1_363' title='bbox 684 5697 782 5753; x_wconf 92' lang='lat' dir='ltr'><strong>pro</strong></span> <span class='ocrx_word' id='word_1_364' title='bbox 810 5680 911 5734; x_wconf 91' lang='lat' dir='ltr'><strong>ﬁde</strong></span> <span class='ocrx_word' id='word_1_365' title='bbox 941 5675 1160 5733; x_wconf 84' lang='lat' dir='ltr'><strong>Christi.</strong></span> <span class='ocrx_word' id='word_1_366' title='bbox 1199 5667 1521 5726; x_wconf 76' lang='lat' dir='ltr'><strong>Illuminarit</strong></span> <span class='ocrx_word' id='word_1_367' title='bbox 1562 5673 1754 5717; x_wconf 86' lang='lat' dir='ltr'><strong>autem.</strong></span> 
     </span>
    </p>
   </div>
   <div class='ocr_carea' id='block_1_57' title="bbox 169 5751 1756 5850">
    <p class='ocr_par' dir='ltr' id='par_1_57' title="bbox 169 5751 1756 5850">
     <span class='ocr_line' id='line_1_57' title="bbox 169 5751 1756 5850; baseline -0.017 -20"><span class='ocrx_word' id='word_1_368' title='bbox 169 5780 292 5850; x_wconf 79' lang='lat' dir='ltr'><strong>Quo</strong></span> <span class='ocrx_word' id='word_1_369' title='bbox 324 5778 449 5831; x_wconf 67' lang='lat' dir='ltr'><strong>haec</strong></span> <span class='ocrx_word' id='word_1_370' title='bbox 469 5751 732 5844; x_wconf 75' lang='lat' dir='ltr'><strong>spectent,</strong></span> <span class='ocrx_word' id='word_1_371' title='bbox 756 5770 828 5824; x_wconf 85' lang='lat' dir='ltr'><strong>ibi</strong></span> <span class='ocrx_word' id='word_1_372' title='bbox 856 5766 1031 5838; x_wconf 87' lang='lat' dir='ltr'><strong>aperit</strong></span> <span class='ocrx_word' id='word_1_373' title='bbox 1067 5784 1078 5819; x_wconf 87' lang='lat'><strong>:</strong></span> <span class='ocrx_word' id='word_1_374' title='bbox 1119 5761 1370 5817; x_wconf 80' lang='lat' dir='ltr'><strong>Formam</strong></span> <span class='ocrx_word' id='word_1_375' title='bbox 1399 5757 1609 5811; x_wconf 84' lang='lat' dir='ltr'><strong>habens.</strong></span> <span class='ocrx_word' id='word_1_376' title='bbox 1657 5751 1756 5804; x_wconf 81' lang='lat' dir='ltr'><strong>Per</strong></span> 
     </span>
    </p>
   </div>
   <div class='ocr_carea' id='block_1_58' title="bbox 171 5843 1751 5938">
    <p class='ocr_par' dir='ltr' id='par_1_58' title="bbox 171 5843 1751 5938">
     <span class='ocr_line' id='line_1_58' title="bbox 171 5843 1751 5938; baseline -0.022 -8"><span class='ocrx_word' id='word_1_377' title='bbox 171 5843 551 5938; x_wconf 53' lang='lat' dir='ltr'><strong>Erangeiium.</strong></span> <span class='ocrx_word' id='word_1_378' title='bbox 587 5861 833 5922; x_wconf 87' lang='lat' dir='ltr'><strong>Ostendit</strong></span> <span class='ocrx_word' id='word_1_379' title='bbox 876 5861 1018 5916; x_wconf 87' lang='lat' dir='ltr'><strong>Deus</strong></span> <span class='ocrx_word' id='word_1_380' title='bbox 1062 5858 1227 5912; x_wconf 86' lang='lat' dir='ltr'><strong>vitam</strong></span> <span class='ocrx_word' id='word_1_381' title='bbox 1274 5843 1751 5919; x_wconf 87' lang='lat' dir='ltr'><strong>incorruptibilem,</strong></span> 
     </span>
    </p>
   </div>
   <div class='ocr_carea' id='block_1_59' title="bbox 1765 990 3412 1070">
    <p class='ocr_par' dir='ltr' id='par_1_59' title="bbox 1765 990 3412 1070">
     <span class='ocr_line' id='line_1_59' title="bbox 1765 990 3412 1070; baseline -0.005 -16"><span class='ocrx_word' id='word_1_382' title='bbox 1765 1005 1818 1062; x_wconf 88' lang='grc' dir='ltr'><strong>Α</strong></span> <span class='ocrx_word' id='word_1_383' title='bbox 1843 1016 1961 1070; x_wconf 82' lang='lat' dir='ltr'><strong>quae</strong></span> <span class='ocrx_word' id='word_1_384' title='bbox 1982 999 2323 1069; x_wconf 88' lang='lat' dir='ltr'><strong>priusignota</strong></span> <span class='ocrx_word' id='word_1_385' title='bbox 2344 1007 2482 1063; x_wconf 91' lang='lat' dir='ltr'><strong>erat,</strong></span> <span class='ocrx_word' id='word_1_386' title='bbox 2501 997 2758 1062; x_wconf 88' lang='lat' dir='ltr'><strong>ostendit,</strong></span> <span class='ocrx_word' id='word_1_387' title='bbox 2781 995 3020 1065; x_wconf 86' lang='lat' dir='ltr'><strong>inquam,</strong></span> <span class='ocrx_word' id='word_1_388' title='bbox 3037 1007 3136 1064; x_wconf 89' lang='lat' dir='ltr'><strong>per</strong></span> <span class='ocrx_word' id='word_1_389' title='bbox 3152 990 3412 1063; x_wconf 65' lang='lat' dir='ltr'><strong>praedica-</strong></span> 
     </span>
    </p>
   </div>
   <div class='ocr_carea' id='block_1_60' title="bbox 1839 1083 3208 1159">
    <p class='ocr_par' dir='ltr' id='par_1_60' title="bbox 1839 1083 3208 1159">
     <span class='ocr_line' id='line_1_60' title="bbox 1839 1083 3208 1159; baseline -0.007 -14"><span class='ocrx_word' id='word_1_390' title='bbox 1839 1092 2036 1145; x_wconf 91' lang='lat' dir='ltr'><strong>tionem</strong></span> <span class='ocrx_word' id='word_1_391' title='bbox 2061 1089 2334 1159; x_wconf 79' lang='lat' dir='ltr'><strong>Evangelii</strong></span> <span class='ocrx_word' id='word_1_392' title='bbox 2361 1089 2513 1159; x_wconf 91' lang='lat' dir='ltr'><strong>cujus</strong></span> <span class='ocrx_word' id='word_1_393' title='bbox 2535 1087 2854 1157; x_wconf 67' lang='lat' dir='ltr'><strong>praedicator</strong></span> <span class='ocrx_word' id='word_1_394' title='bbox 2881 1096 2966 1139; x_wconf 91' lang='lat' dir='ltr'><strong>est</strong></span> <span class='ocrx_word' id='word_1_395' title='bbox 2994 1083 3208 1137; x_wconf 87' lang='lat' dir='ltr'><strong>Paulus.</strong></span> 
     </span>
    </p>
   </div>
   <div class='ocr_carea' id='block_1_61' title="bbox 1905 1173 3410 1254">
    <p class='ocr_par' dir='ltr' id='par_1_61' title="bbox 1905 1173 3410 1254">
     <span class='ocr_line' id='line_1_61' title="bbox 1905 1173 3410 1254; baseline -0.007 -16"><span class='ocrx_word' id='word_1_396' title='bbox 1905 1183 2070 1240; x_wconf 89' lang='lat' dir='ltr'><strong>Vens.</strong></span> <span class='ocrx_word' id='word_1_397' title='bbox 2102 1186 2188 1239; x_wconf 81' lang='lat' dir='ltr'><strong>ll.</strong></span> <span class='ocrx_word' id='word_1_398' title='bbox 2218 1216 2289 1224; x_wconf 95' lang='lat'><strong>—</strong></span> <span class='ocrx_word' id='word_1_399' title='bbox 2317 1183 2383 1238; x_wconf 91' lang='lat' dir='ltr'><strong>In</strong></span> <span class='ocrx_word' id='word_1_400' title='bbox 2408 1200 2508 1254; x_wconf 89' lang='lat' dir='ltr'><strong>quo</strong></span> <span class='ocrx_word' id='word_1_401' title='bbox 2533 1182 2731 1251; x_wconf 80' lang='lat' dir='ltr'><strong>positus</strong></span> <span class='ocrx_word' id='word_1_402' title='bbox 2755 1195 2890 1232; x_wconf 88' lang='lat' dir='ltr'><strong>sum.</strong></span> <span class='ocrx_word' id='word_1_403' title='bbox 2919 1178 3018 1232; x_wconf 82' lang='lat' dir='ltr'><strong>llic</strong></span> <span class='ocrx_word' id='word_1_404' title='bbox 3039 1192 3136 1232; x_wconf 90' lang='lat' dir='ltr'><strong>suo</strong></span> <span class='ocrx_word' id='word_1_405' title='bbox 3164 1173 3410 1242; x_wconf 79' lang='lat' dir='ltr'><strong>exemplo</strong></span> 
     </span>
    </p>
   </div>
   <div class='ocr_carea' id='block_1_62' title="bbox 1836 1267 3408 1340">
    <p class='ocr_par' dir='ltr' id='par_1_62' title="bbox 1836 1267 3408 1340">
     <span class='ocr_line' id='line_1_62' title="bbox 1836 1267 3408 1340; baseline -0.008 -11"><span class='ocrx_word' id='word_1_406' title='bbox 1836 1275 2099 1330; x_wconf 87' lang='lat' dir='ltr'><strong>hortatur.</strong></span> <span class='ocrx_word' id='word_1_407' title='bbox 2125 1275 2472 1338; x_wconf 72' lang='lat' dir='ltr'><strong>Prwdicator,</strong></span> <span class='ocrx_word' id='word_1_408' title='bbox 2504 1281 2552 1326; x_wconf 88' lang='lat' dir='ltr'><strong>et</strong></span> <span class='ocrx_word' id='word_1_409' title='bbox 2587 1268 2874 1340; x_wconf 83' lang='lat' dir='ltr'><strong>apostolus,</strong></span> <span class='ocrx_word' id='word_1_410' title='bbox 2911 1275 2959 1320; x_wconf 83' lang='lat' dir='ltr'><strong>et</strong></span> <span class='ocrx_word' id='word_1_411' title='bbox 3001 1267 3270 1336; x_wconf 85' lang='lat' dir='ltr'><strong>magister,</strong></span> <span class='ocrx_word' id='word_1_412' title='bbox 3301 1271 3408 1318; x_wconf 85' lang='lat' dir='ltr'><strong>etc.</strong></span> 
     </span>
    </p>
   </div>
   <div class='ocr_carea' id='block_1_63' title="bbox 1803 1353 3410 1430">
    <p class='ocr_par' dir='ltr' id='par_1_63' title="bbox 1803 1353 3410 1430">
     <span class='ocr_line' id='line_1_63' title="bbox 1803 1353 3410 1430; baseline -0.01 -11"><span class='ocrx_word' id='word_1_413' title='bbox 1803 1399 1820 1411; x_wconf 67' lang='grc' dir='ltr'>ι</span> <span class='ocrx_word' id='word_1_414' title='bbox 1837 1363 2090 1430; x_wconf 87' lang='lat' dir='ltr'><strong>Quaenam</strong></span> <span class='ocrx_word' id='word_1_415' title='bbox 2134 1379 2261 1418; x_wconf 89' lang='lat' dir='ltr'><strong>vero</strong></span> <span class='ocrx_word' id='word_1_416' title='bbox 2291 1363 2428 1416; x_wconf 92' lang='lat' dir='ltr'><strong>ratio</strong></span> <span class='ocrx_word' id='word_1_417' title='bbox 2461 1369 2563 1425; x_wconf 89' lang='lat' dir='ltr'><strong>est,</strong></span> <span class='ocrx_word' id='word_1_418' title='bbox 2607 1374 2728 1414; x_wconf 90' lang='lat' dir='ltr'><strong>cum</strong></span> <span class='ocrx_word' id='word_1_419' title='bbox 2777 1356 3012 1425; x_wconf 89' lang='lat' dir='ltr'><strong>seipsum</strong></span> <span class='ocrx_word' id='word_1_420' title='bbox 3035 1353 3234 1422; x_wconf 88' lang='lat' dir='ltr'><strong>jugiter</strong></span> <span class='ocrx_word' id='word_1_421' title='bbox 3279 1365 3410 1420; x_wconf 89' lang='lat' dir='ltr'><strong>gen-</strong></span> 
     </span>
    </p>
   </div>
   <div class='ocr_carea' id='block_1_64' title="bbox 1837 1444 3411 1527">
    <p class='ocr_par' dir='ltr' id='par_1_64' title="bbox 1837 1444 3411 1527">
     <span class='ocr_line' id='line_1_64' title="bbox 1837 1444 3411 1527; baseline -0.01 -17"><span class='ocrx_word' id='word_1_422' title='bbox 1837 1456 1970 1510; x_wconf 90' lang='lat' dir='ltr'><strong>tium</strong></span> <span class='ocrx_word' id='word_1_423' title='bbox 1999 1457 2314 1527; x_wconf 87' lang='lat' dir='ltr'><strong>magistrum</strong></span> <span class='ocrx_word' id='word_1_424' title='bbox 2340 1453 2529 1508; x_wconf 87' lang='lat' dir='ltr'><strong>vocet?</strong></span> <span class='ocrx_word' id='word_1_425' title='bbox 2558 1450 2884 1520; x_wconf 88' lang='lat' dir='ltr'><strong>persuadere</strong></span> <span class='ocrx_word' id='word_1_426' title='bbox 2909 1447 3106 1516; x_wconf 87' lang='lat' dir='ltr'><strong>quippe</strong></span> <span class='ocrx_word' id='word_1_427' title='bbox 3126 1444 3259 1507; x_wconf 86' lang='lat' dir='ltr'><strong>vult,</strong></span> <span class='ocrx_word' id='word_1_428' title='bbox 3281 1457 3411 1513; x_wconf 89' lang='lat' dir='ltr'><strong>gen-</strong></span> 
     </span>
    </p>
   </div>
   <div class='ocr_carea' id='block_1_65' title="bbox 1777 1541 3411 1615">
    <p class='ocr_par' dir='ltr' id='par_1_65' title="bbox 1777 1541 3411 1615">
     <span class='ocr_line' id='line_1_65' title="bbox 1777 1541 3411 1615; baseline -0.012 -13"><span class='ocrx_word' id='word_1_429' title='bbox 1777 1551 1788 1558; x_wconf 79' lang='lat'><strong><em>’</em></strong></span> <span class='ocrx_word' id='word_1_430' title='bbox 1837 1554 1918 1601; x_wconf 86' lang='lat' dir='ltr'><strong>tes</strong></span> <span class='ocrx_word' id='word_1_431' title='bbox 1943 1560 2155 1615; x_wconf 91' lang='lat' dir='ltr'><strong>quoque</strong></span> <span class='ocrx_word' id='word_1_432' title='bbox 2193 1545 2246 1600; x_wconf 92' lang='lat' dir='ltr'><strong>in</strong></span> <span class='ocrx_word' id='word_1_433' title='bbox 2289 1543 2661 1600; x_wconf 85' lang='lat' dir='ltr'><strong>haereditatem</strong></span> <span class='ocrx_word' id='word_1_434' title='bbox 2697 1541 2789 1594; x_wconf 90' lang='lat' dir='ltr'><strong>Dei</strong></span> <span class='ocrx_word' id='word_1_435' title='bbox 2817 1546 3034 1593; x_wconf 89' lang='lat' dir='ltr'><strong>vocatas</strong></span> <span class='ocrx_word' id='word_1_436' title='bbox 3067 1550 3208 1599; x_wconf 89' lang='lat' dir='ltr'><strong>esse,</strong></span> <span class='ocrx_word' id='word_1_437' title='bbox 3247 1542 3411 1601; x_wconf 87' lang='lat' dir='ltr'><strong>atque</strong></span> 
     </span>
    </p>
   </div>
   <div class='ocr_carea' id='block_1_66' title="bbox 1836 1627 2982 1698">
    <p class='ocr_par' dir='ltr' id='par_1_66' title="bbox 1836 1627 2982 1698">
     <span class='ocr_line' id='line_1_66' title="bbox 1836 1627 2982 1698; baseline -0.01 -8"><span class='ocrx_word' id='word_1_438' title='bbox 1836 1637 1957 1692; x_wconf 89' lang='lat' dir='ltr'><strong>ideo</strong></span> <span class='ocrx_word' id='word_1_439' title='bbox 1981 1652 2009 1690; x_wconf 88' lang='lat' dir='ltr'><strong>a</strong></span> <span class='ocrx_word' id='word_1_440' title='bbox 2035 1635 2307 1691; x_wconf 89' lang='lat' dir='ltr'><strong>consortio</strong></span> <span class='ocrx_word' id='word_1_441' title='bbox 2332 1633 2453 1687; x_wconf 90' lang='lat' dir='ltr'><strong>ﬁdei</strong></span> <span class='ocrx_word' id='word_1_442' title='bbox 2487 1647 2592 1686; x_wconf 92' lang='lat' dir='ltr'><strong>non</strong></span> <span class='ocrx_word' id='word_1_443' title='bbox 2623 1627 2982 1698; x_wconf 89' lang='lat' dir='ltr'><strong>repellendas.</strong></span> 
     </span>
    </p>
   </div>
   <div class='ocr_carea' id='block_1_67' title="bbox 1911 1712 3411 1786">
    <p class='ocr_par' dir='ltr' id='par_1_67' title="bbox 1911 1712 3411 1786">
     <span class='ocr_line' id='line_1_67' title="bbox 1911 1712 3411 1786; baseline -0.013 -3"><span class='ocrx_word' id='word_1_444' title='bbox 1911 1728 2072 1783; x_wconf 87' lang='lat' dir='ltr'><strong>Vens.</strong></span> <span class='ocrx_word' id='word_1_445' title='bbox 2119 1725 2205 1780; x_wconf 73' lang='lat'><strong>12.</strong></span> <span class='ocrx_word' id='word_1_446' title='bbox 2232 1754 2304 1764; x_wconf 90' lang='lat'><strong>-—</strong></span> <span class='ocrx_word' id='word_1_447' title='bbox 2354 1724 2478 1779; x_wconf 88' lang='lat' dir='ltr'><strong>Scio</strong></span> <span class='ocrx_word' id='word_1_448' title='bbox 2522 1722 2679 1776; x_wconf 86' lang='lat' dir='ltr'><strong>enim.</strong></span> <span class='ocrx_word' id='word_1_449' title='bbox 2731 1719 2896 1786; x_wconf 84' lang='lat' dir='ltr'><strong>Quasi</strong></span> <span class='ocrx_word' id='word_1_450' title='bbox 2938 1712 3268 1772; x_wconf 79' lang='lat' dir='ltr'><strong>dicatzldeo</strong></span> <span class='ocrx_word' id='word_1_451' title='bbox 3307 1726 3411 1764; x_wconf 82' lang='lat' dir='ltr'><strong>non</strong></span> 
     </span>
    </p>
   </div>
   <div class='ocr_carea' id='block_1_68' title="bbox 1838 1801 3404 1881">
    <p class='ocr_par' dir='ltr' id='par_1_68' title="bbox 1838 1801 3404 1881">
     <span class='ocr_line' id='line_1_68' title="bbox 1838 1801 3404 1881; baseline -0.013 -9"><span class='ocrx_word' id='word_1_452' title='bbox 1838 1817 2154 1881; x_wconf 80' lang='lat' dir='ltr'><strong>confundor,</strong></span> <span class='ocrx_word' id='word_1_453' title='bbox 2203 1815 2258 1869; x_wconf 90' lang='lat' dir='ltr'><strong>id</strong></span> <span class='ocrx_word' id='word_1_454' title='bbox 2309 1823 2392 1868; x_wconf 90' lang='lat' dir='ltr'><strong>est</strong></span> <span class='ocrx_word' id='word_1_455' title='bbox 2434 1811 2646 1876; x_wconf 87' lang='lat' dir='ltr'><strong>deﬁcio,</strong></span> <span class='ocrx_word' id='word_1_456' title='bbox 2693 1809 2778 1864; x_wconf 88' lang='lat' dir='ltr'><strong>vel</strong></span> <span class='ocrx_word' id='word_1_457' title='bbox 2823 1823 2928 1862; x_wconf 91' lang='lat' dir='ltr'><strong>non</strong></span> <span class='ocrx_word' id='word_1_458' title='bbox 2980 1805 3179 1860; x_wconf 80' lang='lat' dir='ltr'><strong>frustra</strong></span> <span class='ocrx_word' id='word_1_459' title='bbox 3208 1801 3404 1872; x_wconf 90' lang='lat' dir='ltr'><strong>patior,</strong></span> 
     </span>
    </p>
   </div>
   <div class='ocr_carea' id='block_1_69' title="bbox 1839 1892 3407 1983">
    <p class='ocr_par' dir='ltr' id='par_1_69' title="bbox 1839 1892 3407 1983">
     <span class='ocr_line' id='line_1_69' title="bbox 1839 1892 3407 1983; baseline -0.014 -16"><span class='ocrx_word' id='word_1_460' title='bbox 1839 1913 1964 1983; x_wconf 86' lang='lat' dir='ltr'><strong>quia</strong></span> <span class='ocrx_word' id='word_1_461' title='bbox 1991 1910 2239 1982; x_wconf 91' lang='lat' dir='ltr'><strong>promisit</strong></span> <span class='ocrx_word' id='word_1_462' title='bbox 2265 1917 2319 1964; x_wconf 91' lang='lat' dir='ltr'><strong>et</strong></span> <span class='ocrx_word' id='word_1_463' title='bbox 2347 1923 2512 1962; x_wconf 83' lang='lat' dir='ltr'><strong>verax</strong></span> <span class='ocrx_word' id='word_1_464' title='bbox 2535 1913 2617 1960; x_wconf 90' lang='lat' dir='ltr'><strong>est</strong></span> <span class='ocrx_word' id='word_1_465' title='bbox 2641 1913 2696 1959; x_wconf 92' lang='lat' dir='ltr'><strong>et</strong></span> <span class='ocrx_word' id='word_1_466' title='bbox 2717 1914 2906 1972; x_wconf 92' lang='lat' dir='ltr'><strong>potens</strong></span> <span class='ocrx_word' id='word_1_467' title='bbox 2938 1919 2950 1955; x_wconf 91' lang='lat'><strong>:</strong></span> <span class='ocrx_word' id='word_1_468' title='bbox 2980 1908 3034 1953; x_wconf 93' lang='lat' dir='ltr'><strong>et</strong></span> <span class='ocrx_word' id='word_1_469' title='bbox 3056 1899 3174 1952; x_wconf 87' lang='lat' dir='ltr'><strong>ideo</strong></span> <span class='ocrx_word' id='word_1_470' title='bbox 3204 1892 3407 1950; x_wconf 84' lang='lat' dir='ltr'><strong>credidi</strong></span> 
     </span>
    </p>
   </div>
   <div class='ocr_carea' id='block_1_70' title="bbox 1838 1983 3409 2071">
    <p class='ocr_par' dir='ltr' id='par_1_70' title="bbox 1838 1983 3409 2071">
     <span class='ocr_line' id='line_1_70' title="bbox 1838 1983 3409 2071; baseline -0.013 -14"><span class='ocrx_word' id='word_1_471' title='bbox 1838 2003 1985 2058; x_wconf 89' lang='lat' dir='ltr'><strong>illum</strong></span> <span class='ocrx_word' id='word_1_472' title='bbox 2019 2003 2215 2071; x_wconf 90' lang='lat' dir='ltr'><strong>ipsum,</strong></span> <span class='ocrx_word' id='word_1_473' title='bbox 2244 1999 2334 2069; x_wconf 91' lang='lat' dir='ltr'><strong>qui</strong></span> <span class='ocrx_word' id='word_1_474' title='bbox 2375 1997 2508 2052; x_wconf 88' lang='lat' dir='ltr'><strong>mihi</strong></span> <span class='ocrx_word' id='word_1_475' title='bbox 2539 1996 2742 2050; x_wconf 87' lang='lat' dir='ltr'><strong>reddet.</strong></span> <span class='ocrx_word' id='word_1_476' title='bbox 2774 1993 2912 2058; x_wconf 83' lang='lat' dir='ltr'><strong>Quia</strong></span> <span class='ocrx_word' id='word_1_477' title='bbox 2953 2000 3131 2061; x_wconf 86' lang='lat' dir='ltr'><strong>potens</strong></span> <span class='ocrx_word' id='word_1_478' title='bbox 3176 1995 3271 2040; x_wconf 87' lang='lat' dir='ltr'><strong>est.</strong></span> <span class='ocrx_word' id='word_1_479' title='bbox 3301 1983 3409 2052; x_wconf 85' lang='lat' dir='ltr'><strong>Spe</strong></span> 
     </span>
    </p>
   </div>
   <div class='ocr_carea' id='block_1_71' title="bbox 1837 2071 3412 2161">
    <p class='ocr_par' dir='ltr' id='par_1_71' title="bbox 1837 2071 3412 2161">
     <span class='ocr_line' id='line_1_71' title="bbox 1837 2071 3412 2161; baseline -0.015 -12"><span class='ocrx_word' id='word_1_480' title='bbox 1837 2102 1892 2148; x_wconf 91' lang='lat' dir='ltr'><strong>et</strong></span> <span class='ocrx_word' id='word_1_481' title='bbox 1917 2091 2315 2161; x_wconf 88' lang='lat' dir='ltr'><strong>magniﬁcentia</strong></span> <span class='ocrx_word' id='word_1_482' title='bbox 2345 2087 2641 2144; x_wconf 90' lang='lat' dir='ltr'><strong>Salvatoris</strong></span> <span class='ocrx_word' id='word_1_483' title='bbox 2682 2097 2906 2140; x_wconf 87' lang='lat' dir='ltr'><strong>securus</strong></span> <span class='ocrx_word' id='word_1_484' title='bbox 2947 2090 3049 2146; x_wconf 90' lang='lat' dir='ltr'><strong>est,</strong></span> <span class='ocrx_word' id='word_1_485' title='bbox 3096 2078 3221 2149; x_wconf 92' lang='lat' dir='ltr'><strong>quia</strong></span> <span class='ocrx_word' id='word_1_486' title='bbox 3267 2071 3412 2144; x_wconf 88' lang='lat' dir='ltr'><strong>quod</strong></span> 
     </span>
    </p>
   </div>
   <div class='ocr_carea' id='block_1_72' title="bbox 1839 2163 3413 2247">
    <p class='ocr_par' dir='ltr' id='par_1_72' title="bbox 1839 2163 3413 2247">
     <span class='ocr_line' id='line_1_72' title="bbox 1839 2163 3413 2247; baseline -0.015 -8"><span class='ocrx_word' id='word_1_487' title='bbox 1839 2182 2180 2239; x_wconf 89' lang='lat' dir='ltr'><strong>commendat</strong></span> <span class='ocrx_word' id='word_1_488' title='bbox 2223 2180 2322 2247; x_wconf 90' lang='lat' dir='ltr'><strong>illi,</strong></span> <span class='ocrx_word' id='word_1_489' title='bbox 2354 2180 2408 2234; x_wconf 89' lang='lat' dir='ltr'><strong>in</strong></span> <span class='ocrx_word' id='word_1_490' title='bbox 2441 2187 2556 2232; x_wconf 87' lang='lat' dir='ltr'><strong>tuto</strong></span> <span class='ocrx_word' id='word_1_491' title='bbox 2591 2184 2696 2230; x_wconf 91' lang='lat' dir='ltr'><strong>est.</strong></span> <span class='ocrx_word' id='word_1_492' title='bbox 2725 2173 2804 2228; x_wconf 85' lang='lat' dir='ltr'><strong>Illi</strong></span> <span class='ocrx_word' id='word_1_493' title='bbox 2852 2180 3030 2225; x_wconf 91' lang='lat' dir='ltr'><strong>autem</strong></span> <span class='ocrx_word' id='word_1_494' title='bbox 3070 2163 3413 2224; x_wconf 84' lang='lat' dir='ltr'><strong>commendat</strong></span> 
     </span>
    </p>
   </div>
   <div class='ocr_carea' id='block_1_73' title="bbox 1839 2257 3408 2340">
    <p class='ocr_par' dir='ltr' id='par_1_73' title="bbox 1839 2257 3408 2340">
     <span class='ocr_line' id='line_1_73' title="bbox 1839 2257 3408 2340; baseline -0.016 -8"><span class='ocrx_word' id='word_1_495' title='bbox 1839 2277 2067 2332; x_wconf 88' lang='lat' dir='ltr'><strong>salutem</strong></span> <span class='ocrx_word' id='word_1_496' title='bbox 2101 2288 2273 2337; x_wconf 87' lang='lat' dir='ltr'><strong>suam,</strong></span> <span class='ocrx_word' id='word_1_497' title='bbox 2305 2280 2366 2326; x_wconf 93' lang='lat' dir='ltr'><strong>ut</strong></span> <span class='ocrx_word' id='word_1_498' title='bbox 2387 2271 2477 2325; x_wconf 86' lang='lat' dir='ltr'><strong>hic</strong></span> <span class='ocrx_word' id='word_1_499' title='bbox 2503 2284 2601 2340; x_wconf 89' lang='lat' dir='ltr'><strong>pro</strong></span> <span class='ocrx_word' id='word_1_500' title='bbox 2634 2266 2722 2321; x_wconf 89' lang='lat' dir='ltr'><strong>illo</strong></span> <span class='ocrx_word' id='word_1_501' title='bbox 2747 2264 2982 2335; x_wconf 90' lang='lat' dir='ltr'><strong>patiens,</strong></span> <span class='ocrx_word' id='word_1_502' title='bbox 3009 2260 3234 2316; x_wconf 90' lang='lat' dir='ltr'><strong>salutem</strong></span> <span class='ocrx_word' id='word_1_503' title='bbox 3259 2257 3408 2310; x_wconf 89' lang='lat' dir='ltr'><strong>inve-</strong></span> 
     </span>
    </p>
   </div>
   <div class='ocr_carea' id='block_1_74' title="bbox 1764 2347 3411 2435">
    <p class='ocr_par' dir='ltr' id='par_1_74' title="bbox 1764 2347 3411 2435">
     <span class='ocr_line' id='line_1_74' title="bbox 1764 2347 3411 2435; baseline -0.014 -13"><span class='ocrx_word' id='word_1_504' title='bbox 1764 2347 1814 2408; x_wconf 81' lang='grc' dir='ltr'><strong>Β</strong></span> <span class='ocrx_word' id='word_1_505' title='bbox 1841 2366 1954 2421; x_wconf 91' lang='lat' dir='ltr'><strong>niat</strong></span> <span class='ocrx_word' id='word_1_506' title='bbox 1982 2379 2144 2435; x_wconf 90' lang='lat' dir='ltr'><strong>penes</strong></span> <span class='ocrx_word' id='word_1_507' title='bbox 2186 2363 2333 2416; x_wconf 90' lang='lat' dir='ltr'><strong>illum</strong></span> <span class='ocrx_word' id='word_1_508' title='bbox 2372 2376 2492 2415; x_wconf 89' lang='lat' dir='ltr'><strong>cum</strong></span> <span class='ocrx_word' id='word_1_509' title='bbox 2523 2359 2750 2428; x_wconf 72' lang='lat' dir='ltr'><strong>coeperit</strong></span> <span class='ocrx_word' id='word_1_510' title='bbox 2795 2354 3062 2424; x_wconf 90' lang='lat' dir='ltr'><strong>judicare,</strong></span> <span class='ocrx_word' id='word_1_511' title='bbox 3101 2359 3161 2404; x_wconf 89' lang='lat' dir='ltr'><strong>ut</strong></span> <span class='ocrx_word' id='word_1_512' title='bbox 3183 2347 3411 2418; x_wconf 83' lang='lat' dir='ltr'><strong>puniens</strong></span> 
     </span>
    </p>
   </div>
   <div class='ocr_carea' id='block_1_75' title="bbox 1842 2441 3248 2521">
    <p class='ocr_par' dir='ltr' id='par_1_75' title="bbox 1842 2441 3248 2521">
     <span class='ocr_line' id='line_1_75' title="bbox 1842 2441 3248 2521; baseline -0.013 -12"><span class='ocrx_word' id='word_1_513' title='bbox 1842 2453 2101 2518; x_wconf 89' lang='lat' dir='ltr'><strong>inﬁdeles,</strong></span> <span class='ocrx_word' id='word_1_514' title='bbox 2133 2453 2292 2507; x_wconf 89' lang='lat' dir='ltr'><strong>istum</strong></span> <span class='ocrx_word' id='word_1_515' title='bbox 2318 2451 2535 2521; x_wconf 90' lang='lat' dir='ltr'><strong>dignum</strong></span> <span class='ocrx_word' id='word_1_516' title='bbox 2555 2456 2755 2502; x_wconf 76' lang='lat' dir='ltr'><strong>aeterna</strong></span> <span class='ocrx_word' id='word_1_517' title='bbox 2784 2447 2891 2498; x_wconf 89' lang='lat' dir='ltr'><strong>vita</strong></span> <span class='ocrx_word' id='word_1_518' title='bbox 2918 2441 3248 2512; x_wconf 88' lang='lat' dir='ltr'><strong>pronuntiet.</strong></span> 
     </span>
    </p>
   </div>
   <div class='ocr_carea' id='block_1_76' title="bbox 1911 2530 3414 2598">
    <p class='ocr_par' dir='ltr' id='par_1_76' title="bbox 1911 2530 3414 2598">
     <span class='ocr_line' id='line_1_76' title="bbox 1911 2530 3414 2598; baseline -0.011 -2"><span class='ocrx_word' id='word_1_519' title='bbox 1911 2543 2076 2598; x_wconf 86' lang='lat' dir='ltr'><strong>Vens.</strong></span> <span class='ocrx_word' id='word_1_520' title='bbox 2104 2543 2191 2596; x_wconf 77' lang='grc'><strong>15.</strong></span> <span class='ocrx_word' id='word_1_521' title='bbox 2234 2570 2306 2582; x_wconf 94' lang='grc'><strong><em>-</em></strong></span> <span class='ocrx_word' id='word_1_522' title='bbox 2338 2538 2587 2593; x_wconf 82' lang='lat' dir='ltr'><strong>Formam</strong></span> <span class='ocrx_word' id='word_1_523' title='bbox 2633 2537 2846 2590; x_wconf 86' lang='lat' dir='ltr'><strong>habens.</strong></span> <span class='ocrx_word' id='word_1_524' title='bbox 2888 2532 2987 2587; x_wconf 83' lang='lat' dir='ltr'><strong>llic</strong></span> <span class='ocrx_word' id='word_1_525' title='bbox 3028 2530 3263 2586; x_wconf 88' lang='lat' dir='ltr'><strong>ostendit</strong></span> <span class='ocrx_word' id='word_1_526' title='bbox 3302 2541 3414 2596; x_wconf 92' lang='lat' dir='ltr'><strong>quo</strong></span> 
     </span>
    </p>
   </div>
   <div class='ocr_carea' id='block_1_77' title="bbox 1841 2619 3406 2706">
    <p class='ocr_par' dir='ltr' id='par_1_77' title="bbox 1841 2619 3406 2706">
     <span class='ocr_line' id='line_1_77' title="bbox 1841 2619 3406 2706; baseline -0.015 -12"><span class='ocrx_word' id='word_1_527' title='bbox 1841 2639 1906 2694; x_wconf 92' lang='lat' dir='ltr'><strong>de</strong></span> <span class='ocrx_word' id='word_1_528' title='bbox 1931 2652 1987 2692; x_wconf 91' lang='lat' dir='ltr'><strong>se</strong></span> <span class='ocrx_word' id='word_1_529' title='bbox 2009 2635 2262 2706; x_wconf 68' lang='lat' dir='ltr'><strong>praadicta</strong></span> <span class='ocrx_word' id='word_1_530' title='bbox 2291 2640 2553 2703; x_wconf 90' lang='lat' dir='ltr'><strong>spectent.</strong></span> <span class='ocrx_word' id='word_1_531' title='bbox 2593 2630 2755 2697; x_wconf 83' lang='lat' dir='ltr'><strong>Quasi</strong></span> <span class='ocrx_word' id='word_1_532' title='bbox 2785 2629 2931 2683; x_wconf 90' lang='lat' dir='ltr'><strong>dicat</strong></span> <span class='ocrx_word' id='word_1_533' title='bbox 2957 2645 2970 2680; x_wconf 94' lang='lat'><strong>:</strong></span> <span class='ocrx_word' id='word_1_534' title='bbox 3016 2625 3094 2679; x_wconf 89' lang='lat' dir='ltr'><strong>lta</strong></span> <span class='ocrx_word' id='word_1_535' title='bbox 3140 2623 3323 2677; x_wconf 90' lang='lat' dir='ltr'><strong>laboro</strong></span> <span class='ocrx_word' id='word_1_536' title='bbox 3350 2619 3406 2681; x_wconf 83' lang='lat' dir='ltr'><strong>in</strong></span> 
     </span>
    </p>
   </div>
   <div class='ocr_carea' id='block_1_78' title="bbox 1840 2710 3415 2788">
    <p class='ocr_par' dir='ltr' id='par_1_78' title="bbox 1840 2710 3415 2788">
     <span class='ocr_line' id='line_1_78' title="bbox 1840 2710 3415 2788; baseline -0.013 -4"><span class='ocrx_word' id='word_1_537' title='bbox 1840 2731 1944 2784; x_wconf 91' lang='lat' dir='ltr'><strong>isto</strong></span> <span class='ocrx_word' id='word_1_538' title='bbox 1979 2727 2153 2783; x_wconf 75' lang='lat' dir='ltr'><strong>ofﬁcio</strong></span> <span class='ocrx_word' id='word_1_539' title='bbox 2199 2726 2328 2780; x_wconf 90' lang='lat' dir='ltr'><strong>mihi</strong></span> <span class='ocrx_word' id='word_1_540' title='bbox 2373 2724 2577 2780; x_wconf 89' lang='lat' dir='ltr'><strong>credito</strong></span> <span class='ocrx_word' id='word_1_541' title='bbox 2614 2741 2626 2776; x_wconf 91' lang='lat'><strong>:</strong></span> <span class='ocrx_word' id='word_1_542' title='bbox 2675 2717 2922 2776; x_wconf 90' lang='lat' dir='ltr'><strong>similiter</strong></span> <span class='ocrx_word' id='word_1_543' title='bbox 2946 2732 3074 2788; x_wconf 86' lang='lat' dir='ltr'><strong>ergo</strong></span> <span class='ocrx_word' id='word_1_544' title='bbox 3120 2723 3176 2770; x_wconf 88' lang='lat' dir='ltr'><strong>et</strong></span> <span class='ocrx_word' id='word_1_545' title='bbox 3211 2721 3267 2767; x_wconf 91' lang='lat' dir='ltr'><strong>tu</strong></span> <span class='ocrx_word' id='word_1_546' title='bbox 3302 2710 3415 2765; x_wconf 80' lang='lat' dir='ltr'><strong>for-</strong></span> 
     </span>
    </p>
   </div>
   <div class='ocr_carea' id='block_1_79' title="bbox 1842 2819 2369 2882">
    <p class='ocr_par' dir='ltr' id='par_1_79' title="bbox 1842 2819 2369 2882">
     <span class='ocr_line' id='line_1_79' title="bbox 1842 2819 2369 2882; baseline -0.006 -9"><span class='ocrx_word' id='word_1_547' title='bbox 1842 2835 1983 2873; x_wconf 91' lang='lat' dir='ltr'><strong>mam</strong></span> <span class='ocrx_word' id='word_1_548' title='bbox 2017 2819 2242 2882; x_wconf 90' lang='lat' dir='ltr'><strong>habens,</strong></span> <span class='ocrx_word' id='word_1_549' title='bbox 2265 2824 2369 2871; x_wconf 89' lang='lat' dir='ltr'><strong>etc.</strong></span> 
     </span>
    </p>
   </div>
   <div class='ocr_carea' id='block_1_80' title="bbox 1909 2891 3413 2978">
    <p class='ocr_par' dir='ltr' id='par_1_80' title="bbox 1909 2891 3413 2978">
     <span class='ocr_line' id='line_1_80' title="bbox 1909 2891 3413 2978; baseline -0.011 -16"><span class='ocrx_word' id='word_1_550' title='bbox 1909 2909 1995 2963; x_wconf 80' lang='lat' dir='ltr'><strong>Ea:</strong></span> <span class='ocrx_word' id='word_1_551' title='bbox 2017 2908 2201 2978; x_wconf 88' lang='lat' dir='ltr'><strong>quibus</strong></span> <span class='ocrx_word' id='word_1_552' title='bbox 2222 2916 2299 2962; x_wconf 84' lang='lat' dir='ltr'><strong>est</strong></span> <span class='ocrx_word' id='word_1_553' title='bbox 2319 2904 2587 2976; x_wconf 81' lang='lat' dir='ltr'><strong>Pltigellus</strong></span> <span class='ocrx_word' id='word_1_554' title='bbox 2609 2914 2655 2958; x_wconf 90' lang='lat' dir='ltr'><strong>et</strong></span> <span class='ocrx_word' id='word_1_555' title='bbox 2684 2900 3048 2971; x_wconf 85' lang='lat' dir='ltr'><strong>Hermogenes.</strong></span> <span class='ocrx_word' id='word_1_556' title='bbox 3074 2895 3334 2952; x_wconf 88' lang='lat' dir='ltr'><strong>Simulate</strong></span> <span class='ocrx_word' id='word_1_557' title='bbox 3355 2891 3413 2946; x_wconf 84' lang='lat' dir='ltr'><strong>hi</strong></span> 
     </span>
    </p>
   </div>
   <div class='ocr_carea' id='block_1_81' title="bbox 1841 2985 3408 3067">
    <p class='ocr_par' dir='ltr' id='par_1_81' title="bbox 1841 2985 3408 3067">
     <span class='ocr_line' id='line_1_81' title="bbox 1841 2985 3408 3067; baseline -0.013 -12"><span class='ocrx_word' id='word_1_558' title='bbox 1841 3015 1963 3055; x_wconf 92' lang='lat' dir='ltr'><strong>cum</strong></span> <span class='ocrx_word' id='word_1_559' title='bbox 2014 2997 2270 3067; x_wconf 83' lang='lat' dir='ltr'><strong>Apostolo</strong></span> <span class='ocrx_word' id='word_1_560' title='bbox 2318 2995 2556 3055; x_wconf 82' lang='lat' dir='ltr'><strong>luerunt,</strong></span> <span class='ocrx_word' id='word_1_561' title='bbox 2605 3002 2664 3046; x_wconf 90' lang='lat' dir='ltr'><strong>ut</strong></span> <span class='ocrx_word' id='word_1_562' title='bbox 2711 2989 3034 3046; x_wconf 79' lang='lat' dir='ltr'><strong>calumniam</strong></span> <span class='ocrx_word' id='word_1_563' title='bbox 3067 2985 3408 3041; x_wconf 88' lang='lat' dir='ltr'><strong>invenirent:</strong></span> 
     </span>
    </p>
   </div>
   <div class='ocr_carea' id='block_1_82' title="bbox 1839 3080 3414 3158">
    <p class='ocr_par' dir='ltr' id='par_1_82' title="bbox 1839 3080 3414 3158">
     <span class='ocr_line' id='line_1_82' title="bbox 1839 3080 3414 3158; baseline -0.012 -13"><span class='ocrx_word' id='word_1_564' title='bbox 1839 3092 1934 3145; x_wconf 86' lang='lat' dir='ltr'><strong>sed</strong></span> <span class='ocrx_word' id='word_1_565' title='bbox 1966 3096 2253 3158; x_wconf 90' lang='lat' dir='ltr'><strong>postquam</strong></span> <span class='ocrx_word' id='word_1_566' title='bbox 2279 3087 2530 3140; x_wconf 89' lang='lat' dir='ltr'><strong>viderunt</strong></span> <span class='ocrx_word' id='word_1_567' title='bbox 2569 3099 2628 3138; x_wconf 91' lang='lat' dir='ltr'><strong>se</strong></span> <span class='ocrx_word' id='word_1_568' title='bbox 2655 3081 3048 3150; x_wconf 77' lang='lat' dir='ltr'><strong>manifestatos,</strong></span> <span class='ocrx_word' id='word_1_569' title='bbox 3071 3080 3414 3132; x_wconf 89' lang='lat' dir='ltr'><strong>recesserunt</strong></span> 
     </span>
    </p>
   </div>
   <div class='ocr_carea' id='block_1_83' title="bbox 1840 3181 2017 3236">
    <p class='ocr_par' dir='ltr' id='par_1_83' title="bbox 1840 3181 2017 3236">
     <span class='ocr_line' id='line_1_83' title="bbox 1840 3181 2017 3236; baseline -0.023 0"><span class='ocrx_word' id='word_1_570' title='bbox 1840 3181 1909 3236; x_wconf 90' lang='lat' dir='ltr'><strong>ab</strong></span> <span class='ocrx_word' id='word_1_571' title='bbox 1931 3195 2017 3236; x_wconf 93' lang='lat' dir='ltr'><strong>eo.</strong></span> 
     </span>
    </p>
   </div>
   <div class='ocr_carea' id='block_1_84' title="bbox 2457 3242 2786 3300">
    <p class='ocr_par' dir='ltr' id='par_1_84' title="bbox 2457 3242 2786 3300">
     <span class='ocr_line' id='line_1_84' title="bbox 2457 3242 2786 3300; baseline -0.012 0"><span class='ocrx_word' id='word_1_572' title='bbox 2457 3243 2684 3300; x_wconf 87' lang='lat' dir='ltr'><strong>CAPUT</strong></span> <span class='ocrx_word' id='word_1_573' title='bbox 2721 3242 2786 3296; x_wconf 85' lang='lat' dir='ltr'><strong>ll.</strong></span> 
     </span>
    </p>
   </div>
   <div class='ocr_carea' id='block_1_85' title="bbox 1912 3345 3414 3420">
    <p class='ocr_par' dir='ltr' id='par_1_85' title="bbox 1912 3345 3414 3420">
     <span class='ocr_line' id='line_1_85' title="bbox 1912 3345 3414 3420; baseline -0.014 -1"><span class='ocrx_word' id='word_1_574' title='bbox 1912 3363 2077 3419; x_wconf 82' lang='lat' dir='ltr'><strong>Vens.</strong></span> <span class='ocrx_word' id='word_1_575' title='bbox 2116 3361 2170 3416; x_wconf 74' lang='grc'><strong>4.</strong></span> <span class='ocrx_word' id='word_1_576' title='bbox 2209 3390 2280 3401; x_wconf 92' lang='grc'><strong>-</strong></span> <span class='ocrx_word' id='word_1_577' title='bbox 2318 3358 2485 3413; x_wconf 86' lang='lat' dir='ltr'><strong>Nemo</strong></span> <span class='ocrx_word' id='word_1_578' title='bbox 2519 3355 2771 3410; x_wconf 86' lang='lat' dir='ltr'><strong>militans.</strong></span> <span class='ocrx_word' id='word_1_579' title='bbox 2815 3351 2980 3420; x_wconf 88' lang='lat' dir='ltr'><strong>Quasi</strong></span> <span class='ocrx_word' id='word_1_580' title='bbox 3012 3349 3195 3405; x_wconf 76' lang='lat' dir='ltr'><strong>dicat:</strong></span> <span class='ocrx_word' id='word_1_581' title='bbox 3231 3345 3288 3400; x_wconf 90' lang='lat' dir='ltr'><strong>Si</strong></span> <span class='ocrx_word' id='word_1_582' title='bbox 3318 3345 3414 3399; x_wconf 84' lang='lat' dir='ltr'><strong>bo-</strong></span> 
     </span>
    </p>
   </div>
   <div class='ocr_carea' id='block_1_86' title="bbox 1843 3442 3418 3520">
    <p class='ocr_par' dir='ltr' id='par_1_86' title="bbox 1843 3442 3418 3520">
     <span class='ocr_line' id='line_1_86' title="bbox 1843 3442 3418 3520; baseline -0.015 -4"><span class='ocrx_word' id='word_1_583' title='bbox 1843 3478 1944 3516; x_wconf 90' lang='lat' dir='ltr'><strong>nus</strong></span> <span class='ocrx_word' id='word_1_584' title='bbox 1974 3460 2127 3514; x_wconf 91' lang='lat' dir='ltr'><strong>miles</strong></span> <span class='ocrx_word' id='word_1_585' title='bbox 2155 3471 2274 3512; x_wconf 90' lang='lat' dir='ltr'><strong>esse</strong></span> <span class='ocrx_word' id='word_1_586' title='bbox 2316 3455 2418 3519; x_wconf 90' lang='lat' dir='ltr'><strong>vis,</strong></span> <span class='ocrx_word' id='word_1_587' title='bbox 2454 3467 2561 3506; x_wconf 92' lang='lat' dir='ltr'><strong>non</strong></span> <span class='ocrx_word' id='word_1_588' title='bbox 2602 3449 2844 3520; x_wconf 88' lang='lat' dir='ltr'><strong>implices</strong></span> <span class='ocrx_word' id='word_1_589' title='bbox 2878 3456 2929 3502; x_wconf 92' lang='lat' dir='ltr'><strong>te</strong></span> <span class='ocrx_word' id='word_1_590' title='bbox 2954 3442 3300 3501; x_wconf 64' lang='lat' dir='ltr'><strong>saecularibus</strong></span> <span class='ocrx_word' id='word_1_591' title='bbox 3323 3454 3418 3493; x_wconf 85' lang='lat' dir='ltr'><strong>ne-</strong></span> 
     </span>
    </p>
   </div>
   <div class='ocr_carea' id='block_1_87' title="bbox 1842 3529 3410 3624">
    <p class='ocr_par' dir='ltr' id='par_1_87' title="bbox 1842 3529 3410 3624">
     <span class='ocr_line' id='line_1_87' title="bbox 1842 3529 3410 3624; baseline -0.016 -18"><span class='ocrx_word' id='word_1_592' title='bbox 1842 3551 2022 3624; x_wconf 90' lang='lat' dir='ltr'><strong>gotiis,</strong></span> <span class='ocrx_word' id='word_1_593' title='bbox 2059 3549 2182 3618; x_wconf 91' lang='lat' dir='ltr'><strong>quia</strong></span> <span class='ocrx_word' id='word_1_594' title='bbox 2212 3560 2390 3609; x_wconf 89' lang='lat' dir='ltr'><strong>nemo,</strong></span> <span class='ocrx_word' id='word_1_595' title='bbox 2429 3553 2534 3598; x_wconf 89' lang='lat' dir='ltr'><strong>etc.</strong></span> <span class='ocrx_word' id='word_1_596' title='bbox 2568 3540 2825 3610; x_wconf 85' lang='lat' dir='ltr'><strong>Negotiis.</strong></span> <span class='ocrx_word' id='word_1_597' title='bbox 2873 3535 3094 3607; x_wconf 82' lang='lat' dir='ltr'><strong>Negotia</strong></span> <span class='ocrx_word' id='word_1_598' title='bbox 3133 3529 3410 3587; x_wconf 67' lang='lat' dir='ltr'><strong>saecularia</strong></span> 
     </span>
    </p>
   </div>
   <div class='ocr_carea' id='block_1_88' title="bbox 1846 3628 3417 3702">
    <p class='ocr_par' dir='ltr' id='par_1_88' title="bbox 1846 3628 3417 3702">
     <span class='ocr_line' id='line_1_88' title="bbox 1846 3628 3417 3702; baseline -0.015 -5"><span class='ocrx_word' id='word_1_599' title='bbox 1846 3651 1969 3698; x_wconf 89' lang='lat' dir='ltr'><strong>sunt</strong></span> <span class='ocrx_word' id='word_1_600' title='bbox 1999 3656 2119 3695; x_wconf 90' lang='lat' dir='ltr'><strong>cum</strong></span> <span class='ocrx_word' id='word_1_601' title='bbox 2152 3637 2364 3691; x_wconf 88' lang='lat' dir='ltr'><strong>animus</strong></span> <span class='ocrx_word' id='word_1_602' title='bbox 2391 3643 2686 3702; x_wconf 90' lang='lat' dir='ltr'><strong>occupatur</strong></span> <span class='ocrx_word' id='word_1_603' title='bbox 2729 3628 3039 3700; x_wconf 86' lang='lat' dir='ltr'><strong>colligendae</strong></span> <span class='ocrx_word' id='word_1_604' title='bbox 3081 3639 3210 3679; x_wconf 88' lang='lat' dir='ltr'><strong>cura</strong></span> <span class='ocrx_word' id='word_1_605' title='bbox 3247 3636 3417 3690; x_wconf 87' lang='lat' dir='ltr'><strong>pecu-</strong></span> 
     </span>
    </p>
   </div>
   <div class='ocr_carea' id='block_1_89' title="bbox 1846 3713 3418 3796">
    <p class='ocr_par' dir='ltr' id='par_1_89' title="bbox 1846 3713 3418 3796">
     <span class='ocr_line' id='line_1_89' title="bbox 1846 3713 3418 3796; baseline -0.013 -8"><span class='ocrx_word' id='word_1_606' title='bbox 1846 3735 1949 3788; x_wconf 69' lang='lat' dir='ltr'><strong>nite</strong></span> <span class='ocrx_word' id='word_1_607' title='bbox 1977 3733 2092 3787; x_wconf 90' lang='lat' dir='ltr'><strong>sine</strong></span> <span class='ocrx_word' id='word_1_608' title='bbox 2133 3729 2316 3784; x_wconf 88' lang='lat' dir='ltr'><strong>labore</strong></span> <span class='ocrx_word' id='word_1_609' title='bbox 2356 3727 2618 3796; x_wconf 89' lang='lat' dir='ltr'><strong>corporis,</strong></span> <span class='ocrx_word' id='word_1_610' title='bbox 2664 3732 2724 3778; x_wconf 90' lang='lat' dir='ltr'><strong>ut</strong></span> <span class='ocrx_word' id='word_1_611' title='bbox 2750 3722 3109 3792; x_wconf 89' lang='lat' dir='ltr'><strong>negotiatores</strong></span> <span class='ocrx_word' id='word_1_612' title='bbox 3147 3727 3204 3770; x_wconf 89' lang='lat' dir='ltr'><strong>et</strong></span> <span class='ocrx_word' id='word_1_613' title='bbox 3229 3713 3418 3783; x_wconf 89' lang='lat' dir='ltr'><strong>hujus-</strong></span> 
     </span>
    </p>
   </div>
   <div class='ocr_carea' id='block_1_90' title="bbox 1843 3806 3419 3890">
    <p class='ocr_par' dir='ltr' id='par_1_90' title="bbox 1843 3806 3419 3890">
     <span class='ocr_line' id='line_1_90' title="bbox 1843 3806 3419 3890; baseline -0.013 -11"><span class='ocrx_word' id='word_1_614' title='bbox 1843 3822 2029 3879; x_wconf 91' lang='lat' dir='ltr'><strong>modi:</strong></span> <span class='ocrx_word' id='word_1_615' title='bbox 2060 3821 2201 3890; x_wconf 88' lang='lat' dir='ltr'><strong>quod</strong></span> <span class='ocrx_word' id='word_1_616' title='bbox 2235 3835 2302 3873; x_wconf 91' lang='lat' dir='ltr'><strong>ne</strong></span> <span class='ocrx_word' id='word_1_617' title='bbox 2333 3818 2434 3872; x_wconf 89' lang='lat' dir='ltr'><strong>iste</strong></span> <span class='ocrx_word' id='word_1_618' title='bbox 2459 3814 2681 3880; x_wconf 82' lang='lat' dir='ltr'><strong>faceret,</strong></span> <span class='ocrx_word' id='word_1_619' title='bbox 2719 3813 2845 3883; x_wconf 90' lang='lat' dir='ltr'><strong>quia</strong></span> <span class='ocrx_word' id='word_1_620' title='bbox 2875 3811 3124 3866; x_wconf 91' lang='lat' dir='ltr'><strong>inﬁrmus</strong></span> <span class='ocrx_word' id='word_1_621' title='bbox 3167 3806 3419 3861; x_wconf 84' lang='lat' dir='ltr'><strong>laborare</strong></span> 
     </span>
    </p>
   </div>
   <div class='ocr_carea' id='block_1_91' title="bbox 1845 3909 2506 3982">
    <p class='ocr_par' dir='ltr' id='par_1_91' title="bbox 1845 3909 2506 3982">
     <span class='ocr_line' id='line_1_91' title="bbox 1845 3909 2506 3982; baseline -0.012 -14"><span class='ocrx_word' id='word_1_622' title='bbox 1845 3929 1952 3969; x_wconf 88' lang='lat' dir='ltr'><strong>non</strong></span> <span class='ocrx_word' id='word_1_623' title='bbox 1983 3918 2208 3982; x_wconf 86' lang='lat' dir='ltr'><strong>poterat,</strong></span> <span class='ocrx_word' id='word_1_624' title='bbox 2241 3909 2506 3978; x_wconf 86' lang='lat' dir='ltr'><strong>prohibet.</strong></span> 
     </span>
    </p>
   </div>
   <div class='ocr_carea' id='block_1_92' title="bbox 1920 3985 3420 4064">
    <p class='ocr_par' dir='ltr' id='par_1_92' title="bbox 1920 3985 3420 4064">
     <span class='ocr_line' id='line_1_92' title="bbox 1920 3985 3420 4064; baseline -0.019 0"><span class='ocrx_word' id='word_1_625' title='bbox 1920 4009 2082 4064; x_wconf 85' lang='lat' dir='ltr'><strong>Vens.</strong></span> <span class='ocrx_word' id='word_1_626' title='bbox 2117 4008 2169 4061; x_wconf 87' lang='lat'><strong>6.</strong></span> <span class='ocrx_word' id='word_1_627' title='bbox 2201 4036 2273 4046; x_wconf 91' lang='lat'><strong><em>—</em></strong></span> <span class='ocrx_word' id='word_1_628' title='bbox 2307 4003 2656 4057; x_wconf 82' lang='lat' dir='ltr'><strong>Laborantem</strong></span> <span class='ocrx_word' id='word_1_629' title='bbox 2691 3992 2999 4064; x_wconf 86' lang='lat' dir='ltr'><strong>agricolam.</strong></span> <span class='ocrx_word' id='word_1_630' title='bbox 3033 3987 3196 4056; x_wconf 89' lang='lat' dir='ltr'><strong>Quasi</strong></span> <span class='ocrx_word' id='word_1_631' title='bbox 3239 3985 3420 4039; x_wconf 85' lang='lat' dir='ltr'><strong>Timo-</strong></span> 
     </span>
    </p>
   </div>
   <div class='ocr_carea' id='block_1_93' title="bbox 1849 4079 3419 4169">
    <p class='ocr_par' dir='ltr' id='par_1_93' title="bbox 1849 4079 3419 4169">
     <span class='ocr_line' id='line_1_93' title="bbox 1849 4079 3419 4169; baseline -0.016 -13"><span class='ocrx_word' id='word_1_632' title='bbox 1849 4103 2004 4157; x_wconf 89' lang='lat' dir='ltr'><strong>theus</strong></span> <span class='ocrx_word' id='word_1_633' title='bbox 2032 4105 2298 4169; x_wconf 62' lang='lat' dir='ltr'><strong>quaereret</strong></span> <span class='ocrx_word' id='word_1_634' title='bbox 2328 4113 2340 4148; x_wconf 90' lang='lat'><strong>:</strong></span> <span class='ocrx_word' id='word_1_635' title='bbox 2371 4094 2523 4149; x_wconf 87' lang='lat' dir='ltr'><strong>Unde</strong></span> <span class='ocrx_word' id='word_1_636' title='bbox 2549 4105 2676 4160; x_wconf 90' lang='lat' dir='ltr'><strong>ergo</strong></span> <span class='ocrx_word' id='word_1_637' title='bbox 2715 4089 2894 4142; x_wconf 87' lang='lat' dir='ltr'><strong>vivam</strong></span> <span class='ocrx_word' id='word_1_638' title='bbox 2939 4096 3061 4137; x_wconf 92' lang='lat' dir='ltr'><strong>cum</strong></span> <span class='ocrx_word' id='word_1_639' title='bbox 3107 4079 3288 4133; x_wconf 80' lang='lat' dir='ltr'><strong>fodere</strong></span> <span class='ocrx_word' id='word_1_640' title='bbox 3310 4091 3419 4131; x_wconf 90' lang='lat' dir='ltr'><strong>non</strong></span> 
     </span>
    </p>
   </div>
   <div class='ocr_carea' id='block_1_94' title="bbox 1847 4169 3420 4266">
    <p class='ocr_par' dir='ltr' id='par_1_94' title="bbox 1847 4169 3420 4266">
     <span class='ocr_line' id='line_1_94' title="bbox 1847 4169 3420 4266; baseline -0.02 -19"><span class='ocrx_word' id='word_1_641' title='bbox 1847 4191 2087 4266; x_wconf 91' lang='lat' dir='ltr'><strong>possim,</strong></span> <span class='ocrx_word' id='word_1_642' title='bbox 2133 4186 2437 4242; x_wconf 90' lang='lat' dir='ltr'><strong>mendicare</strong></span> <span class='ocrx_word' id='word_1_643' title='bbox 2487 4177 2827 4236; x_wconf 81' lang='lat' dir='ltr'><strong>confundar?</strong></span> <span class='ocrx_word' id='word_1_644' title='bbox 2867 4173 3047 4229; x_wconf 89' lang='lat' dir='ltr'><strong>subdit</strong></span> <span class='ocrx_word' id='word_1_645' title='bbox 3097 4169 3420 4222; x_wconf 87' lang='lat' dir='ltr'><strong>laborantem</strong></span> 
     </span>
    </p>
   </div>
   <div class='ocr_carea' id='block_1_95' title="bbox 1850 4255 3420 4355">
    <p class='ocr_par' dir='ltr' id='par_1_95' title="bbox 1850 4255 3420 4355">
     <span class='ocr_line' id='line_1_95' title="bbox 1850 4255 3420 4355; baseline -0.018 -19"><span class='ocrx_word' id='word_1_646' title='bbox 1850 4255 2155 4355; x_wconf 74' lang='lat' dir='ltr'><strong>agricolam.</strong></span> <span class='ocrx_word' id='word_1_647' title='bbox 2189 4275 2352 4343; x_wconf 91' lang='lat' dir='ltr'><strong>Quasi</strong></span> <span class='ocrx_word' id='word_1_648' title='bbox 2382 4273 2548 4334; x_wconf 88' lang='lat' dir='ltr'><strong>dicat,</strong></span> <span class='ocrx_word' id='word_1_649' title='bbox 2581 4269 2682 4326; x_wconf 92' lang='lat' dir='ltr'><strong>etsi</strong></span> <span class='ocrx_word' id='word_1_650' title='bbox 2709 4282 2816 4321; x_wconf 91' lang='lat' dir='ltr'><strong>non</strong></span> <span class='ocrx_word' id='word_1_651' title='bbox 2845 4263 3084 4334; x_wconf 89' lang='lat' dir='ltr'><strong>implices</strong></span> <span class='ocrx_word' id='word_1_652' title='bbox 3112 4269 3162 4314; x_wconf 93' lang='lat' dir='ltr'><strong>te</strong></span> <span class='ocrx_word' id='word_1_653' title='bbox 3189 4255 3420 4326; x_wconf 87' lang='lat' dir='ltr'><strong>negotiis</strong></span> 
     </span>
    </p>
   </div>
   <div class='ocr_carea' id='block_1_96' title="bbox 1850 4345 3421 4433">
    <p class='ocr_par' dir='ltr' id='par_1_96' title="bbox 1850 4345 3421 4433">
     <span class='ocr_line' id='line_1_96' title="bbox 1850 4345 3421 4433; baseline -0.019 -6"><span class='ocrx_word' id='word_1_654' title='bbox 1850 4371 2217 4433; x_wconf 72' lang='lat' dir='ltr'><strong>saecularibus,</strong></span> <span class='ocrx_word' id='word_1_655' title='bbox 2271 4375 2354 4421; x_wconf 90' lang='lat' dir='ltr'><strong>est</strong></span> <span class='ocrx_word' id='word_1_656' title='bbox 2399 4372 2578 4417; x_wconf 87' lang='lat' dir='ltr'><strong>tamen</strong></span> <span class='ocrx_word' id='word_1_657' title='bbox 2629 4357 2768 4414; x_wconf 91' lang='lat' dir='ltr'><strong>unde</strong></span> <span class='ocrx_word' id='word_1_658' title='bbox 2807 4356 2990 4410; x_wconf 84' lang='lat' dir='ltr'><strong>vivere</strong></span> <span class='ocrx_word' id='word_1_659' title='bbox 3037 4348 3246 4422; x_wconf 89' lang='lat' dir='ltr'><strong>possis:</strong></span> <span class='ocrx_word' id='word_1_660' title='bbox 3281 4345 3421 4412; x_wconf 84' lang='lat' dir='ltr'><strong>Quia</strong></span> 
     </span>
    </p>
   </div>
   <div class='ocr_carea' id='block_1_97' title="bbox 1851 4434 3422 4536">
    <p class='ocr_par' dir='ltr' id='par_1_97' title="bbox 1851 4434 3422 4536">
     <span class='ocr_line' id='line_1_97' title="bbox 1851 4434 3422 4536; baseline -0.02 -17"><span class='ocrx_word' id='word_1_661' title='bbox 1851 4472 2068 4536; x_wconf 87' lang='lat' dir='ltr'><strong>oportet,</strong></span> <span class='ocrx_word' id='word_1_662' title='bbox 2092 4469 2196 4515; x_wconf 91' lang='lat' dir='ltr'><strong>etc.</strong></span> <span class='ocrx_word' id='word_1_663' title='bbox 2245 4457 2484 4512; x_wconf 86' lang='lat' dir='ltr'><strong>Primum</strong></span> <span class='ocrx_word' id='word_1_664' title='bbox 2515 4453 2793 4523; x_wconf 89' lang='lat' dir='ltr'><strong>percipere.</strong></span> <span class='ocrx_word' id='word_1_665' title='bbox 2829 4446 2887 4500; x_wconf 80' lang='lat' dir='ltr'><strong>Id</strong></span> <span class='ocrx_word' id='word_1_666' title='bbox 2929 4451 3014 4498; x_wconf 87' lang='lat' dir='ltr'><strong>est</strong></span> <span class='ocrx_word' id='word_1_667' title='bbox 3061 4453 3292 4495; x_wconf 90' lang='lat' dir='ltr'><strong>sumere.</strong></span> <span class='ocrx_word' id='word_1_668' title='bbox 3341 4434 3422 4488; x_wconf 86' lang='lat' dir='ltr'><strong>De</strong></span> 
     </span>
    </p>
   </div>
   <div class='ocr_carea' id='block_1_98' title="bbox 1853 4526 3421 4626">
    <p class='ocr_par' dir='ltr' id='par_1_98' title="bbox 1853 4526 3421 4626">
     <span class='ocr_line' id='line_1_98' title="bbox 1853 4526 3421 4626; baseline -0.02 -18"><span class='ocrx_word' id='word_1_669' title='bbox 1853 4526 2128 4626; x_wconf 78' lang='lat' dir='ltr'><strong>fructibus.</strong></span> <span class='ocrx_word' id='word_1_670' title='bbox 2177 4549 2233 4603; x_wconf 80' lang='grc' dir='ltr'>ω</span> <span class='ocrx_word' id='word_1_671' title='bbox 2279 4556 2364 4602; x_wconf 90' lang='lat' dir='ltr'><strong>est</strong></span> <span class='ocrx_word' id='word_1_672' title='bbox 2423 4541 2728 4599; x_wconf 85' lang='lat' dir='ltr'><strong>necessaria</strong></span> <span class='ocrx_word' id='word_1_673' title='bbox 2776 4539 2843 4591; x_wconf 90' lang='lat' dir='ltr'><strong>ab</strong></span> <span class='ocrx_word' id='word_1_674' title='bbox 2888 4531 3241 4591; x_wconf 86' lang='lat' dir='ltr'><strong>auditoribus,</strong></span> <span class='ocrx_word' id='word_1_675' title='bbox 3294 4526 3421 4594; x_wconf 86' lang='lat' dir='ltr'><strong>quia</strong></span> 
     </span>
    </p>
   </div>
   <div class='ocr_carea' id='block_1_99' title="bbox 1853 4614 3426 4715">
    <p class='ocr_par' dir='ltr' id='par_1_99' title="bbox 1853 4614 3426 4715">
     <span class='ocr_line' id='line_1_99' title="bbox 1853 4614 3426 4715; baseline -0.021 -16"><span class='ocrx_word' id='word_1_676' title='bbox 1853 4614 2044 4715; x_wconf 77' lang='lat' dir='ltr'><strong>dignus</strong></span> <span class='ocrx_word' id='word_1_677' title='bbox 2083 4649 2165 4695; x_wconf 91' lang='lat' dir='ltr'><strong>est</strong></span> <span class='ocrx_word' id='word_1_678' title='bbox 2193 4637 2471 4708; x_wconf 62' lang='lat' dir='ltr'><strong>opesarius</strong></span> <span class='ocrx_word' id='word_1_679' title='bbox 2501 4630 2748 4688; x_wconf 88' lang='lat' dir='ltr'><strong>mercede</strong></span> <span class='ocrx_word' id='word_1_680' title='bbox 2789 4641 2914 4690; x_wconf 90' lang='lat' dir='ltr'><strong>sua;</strong></span> <span class='ocrx_word' id='word_1_681' title='bbox 2967 4631 3025 4677; x_wconf 92' lang='lat' dir='ltr'><strong>ut</strong></span> <span class='ocrx_word' id='word_1_682' title='bbox 3068 4617 3302 4690; x_wconf 81' lang='lat' dir='ltr'><strong>agricola</strong></span> <span class='ocrx_word' id='word_1_683' title='bbox 3338 4614 3426 4668; x_wconf 88' lang='lat' dir='ltr'><strong>vel</strong></span> 
     </span>
    </p>
   </div>
   <div class='ocr_carea' id='block_1_100' title="bbox 1851 4705 3420 4800">
    <p class='ocr_par' dir='ltr' id='par_1_100' title="bbox 1851 4705 3420 4800">
     <span class='ocr_line' id='line_1_100' title="bbox 1851 4705 3420 4800; baseline -0.022 -10"><span class='ocrx_word' id='word_1_684' title='bbox 1851 4705 2052 4790; x_wconf 70' lang='lat' dir='ltr'><strong>vinitor</strong></span> <span class='ocrx_word' id='word_1_685' title='bbox 2080 4705 2284 4800; x_wconf 82' lang='lat' dir='ltr'><strong>primos</strong></span> <span class='ocrx_word' id='word_1_686' title='bbox 2312 4727 2517 4781; x_wconf 84' lang='lat' dir='ltr'><strong>fructus</strong></span> <span class='ocrx_word' id='word_1_687' title='bbox 2542 4720 2741 4776; x_wconf 89' lang='lat' dir='ltr'><strong>laboris</strong></span> <span class='ocrx_word' id='word_1_688' title='bbox 2765 4718 2845 4772; x_wconf 90' lang='lat' dir='ltr'><strong>sui</strong></span> <span class='ocrx_word' id='word_1_689' title='bbox 2870 4716 3141 4782; x_wconf 87' lang='lat' dir='ltr'><strong>degustat,</strong></span> <span class='ocrx_word' id='word_1_690' title='bbox 3165 4708 3240 4761; x_wconf 87' lang='lat' dir='ltr'><strong>ita</strong></span> <span class='ocrx_word' id='word_1_691' title='bbox 3276 4705 3420 4774; x_wconf 86' lang='lat' dir='ltr'><strong>Apo-</strong></span> 
     </span>
    </p>
   </div>
   <div class='ocr_carea' id='block_1_101' title="bbox 1854 4795 3421 4894">
    <p class='ocr_par' dir='ltr' id='par_1_101' title="bbox 1854 4795 3421 4894">
     <span class='ocr_line' id='line_1_101' title="bbox 1854 4795 3421 4894; baseline -0.021 -13"><span class='ocrx_word' id='word_1_692' title='bbox 1854 4825 2028 4882; x_wconf 91' lang='lat' dir='ltr'><strong>stolus</strong></span> <span class='ocrx_word' id='word_1_693' title='bbox 2055 4795 2208 4894; x_wconf 74' lang='lat' dir='ltr'><strong>prius</strong></span> <span class='ocrx_word' id='word_1_694' title='bbox 2229 4818 2380 4888; x_wconf 91' lang='lat' dir='ltr'><strong>jubet</strong></span> <span class='ocrx_word' id='word_1_695' title='bbox 2405 4831 2526 4870; x_wconf 89' lang='lat' dir='ltr'><strong>eum</strong></span> <span class='ocrx_word' id='word_1_696' title='bbox 2555 4825 2767 4868; x_wconf 91' lang='lat' dir='ltr'><strong>sumere</strong></span> <span class='ocrx_word' id='word_1_697' title='bbox 2785 4807 2874 4877; x_wconf 90' lang='lat' dir='ltr'><strong>qui</strong></span> <span class='ocrx_word' id='word_1_698' title='bbox 2899 4804 3105 4875; x_wconf 90' lang='lat' dir='ltr'><strong>primus</strong></span> <span class='ocrx_word' id='word_1_699' title='bbox 3125 4807 3230 4861; x_wconf 88' lang='lat' dir='ltr'><strong>est,</strong></span> <span class='ocrx_word' id='word_1_700' title='bbox 3249 4805 3303 4852; x_wconf 90' lang='lat' dir='ltr'><strong>et</strong></span> <span class='ocrx_word' id='word_1_701' title='bbox 3323 4795 3421 4860; x_wconf 89' lang='lat' dir='ltr'><strong>sic,</strong></span> 
     </span>
    </p>
   </div>
   <div class='ocr_carea' id='block_1_102' title="bbox 1853 4893 3425 4976">
    <p class='ocr_par' dir='ltr' id='par_1_102' title="bbox 1853 4893 3425 4976">
     <span class='ocr_line' id='line_1_102' title="bbox 1853 4893 3425 4976; baseline -0.024 0"><span class='ocrx_word' id='word_1_702' title='bbox 1853 4918 2063 4976; x_wconf 63' lang='lat' dir='ltr'><strong>caeteris</strong></span> <span class='ocrx_word' id='word_1_703' title='bbox 2089 4914 2434 4970; x_wconf 91' lang='lat' dir='ltr'><strong>distribuere.</strong></span> <span class='ocrx_word' id='word_1_704' title='bbox 2463 4907 2647 4961; x_wconf 91' lang='lat' dir='ltr'><strong>Primo</strong></span> <span class='ocrx_word' id='word_1_705' title='bbox 2689 4901 2832 4957; x_wconf 90' lang='lat' dir='ltr'><strong>enim</strong></span> <span class='ocrx_word' id='word_1_706' title='bbox 2853 4899 3013 4951; x_wconf 89' lang='lat' dir='ltr'><strong>debet</strong></span> <span class='ocrx_word' id='word_1_707' title='bbox 3041 4893 3130 4948; x_wconf 91' lang='lat' dir='ltr'><strong>ille</strong></span> <span class='ocrx_word' id='word_1_708' title='bbox 3154 4905 3307 4945; x_wconf 89' lang='lat' dir='ltr'><strong>suam</strong></span> <span class='ocrx_word' id='word_1_709' title='bbox 3328 4902 3425 4941; x_wconf 79' lang='lat' dir='ltr'><strong>ne-</strong></span> 
     </span>
    </p>
   </div>
   <div class='ocr_carea' id='block_1_103' title="bbox 1978 4975 3424 5071">
    <p class='ocr_par' dir='ltr' id='par_1_103' title="bbox 1978 4975 3424 5071">
     <span class='ocr_line' id='line_1_103' title="bbox 1978 4975 3424 5071; baseline -0.024 -9"><span class='ocrx_word' id='word_1_710' title='bbox 1978 5009 2162 5061; x_wconf 89' lang='lat' dir='ltr'><strong>itatem</strong></span> <span class='ocrx_word' id='word_1_711' title='bbox 2193 5000 2413 5071; x_wconf 90' lang='lat' dir='ltr'><strong>implere</strong></span> <span class='ocrx_word' id='word_1_712' title='bbox 2435 5013 2503 5051; x_wconf 80' lang='lat' dir='ltr'><strong>ex</strong></span> <span class='ocrx_word' id='word_1_713' title='bbox 2548 4994 2633 5049; x_wconf 91' lang='lat' dir='ltr'><strong>his</strong></span> <span class='ocrx_word' id='word_1_714' title='bbox 2659 4990 2752 5060; x_wconf 91' lang='lat' dir='ltr'><strong>qui</strong></span> <span class='ocrx_word' id='word_1_715' title='bbox 2789 4985 3017 5054; x_wconf 90' lang='lat' dir='ltr'><strong>accepit,</strong></span> <span class='ocrx_word' id='word_1_716' title='bbox 3049 4991 3103 5036; x_wconf 91' lang='lat' dir='ltr'><strong>et</strong></span> <span class='ocrx_word' id='word_1_717' title='bbox 3130 4988 3270 5051; x_wconf 92' lang='lat' dir='ltr'><strong>post,</strong></span> <span class='ocrx_word' id='word_1_718' title='bbox 3303 4975 3424 5030; x_wconf 87' lang='lat' dir='ltr'><strong>aliis</strong></span> 
     </span>
    </p>
   </div>
   <div class='ocr_carea' id='block_1_104' title="bbox 1857 5085 2845 5170">
    <p class='ocr_par' dir='ltr' id='par_1_104' title="bbox 1857 5085 2845 5170">
     <span class='ocr_line' id='line_1_104' title="bbox 1857 5085 2845 5170; baseline -0.028 -10"><span class='ocrx_word' id='word_1_719' title='bbox 1857 5106 1923 5160; x_wconf 91' lang='lat' dir='ltr'><strong>de</strong></span> <span class='ocrx_word' id='word_1_720' title='bbox 1953 5103 2037 5157; x_wconf 87' lang='lat' dir='ltr'><strong>his</strong></span> <span class='ocrx_word' id='word_1_721' title='bbox 2065 5115 2183 5170; x_wconf 64' lang='lat' dir='ltr'><strong>quae</strong></span> <span class='ocrx_word' id='word_1_722' title='bbox 2204 5098 2492 5164; x_wconf 89' lang='lat' dir='ltr'><strong>supersunt</strong></span> <span class='ocrx_word' id='word_1_723' title='bbox 2516 5085 2845 5142; x_wconf 90' lang='lat' dir='ltr'><strong>ministrare.</strong></span> 
     </span>
    </p>
   </div>
   <div class='ocr_carea' id='block_1_105' title="bbox 1926 5157 3425 5246">
    <p class='ocr_par' dir='ltr' id='par_1_105' title="bbox 1926 5157 3425 5246">
     <span class='ocr_line' id='line_1_105' title="bbox 1926 5157 3425 5246; baseline -0.026 1"><span class='ocrx_word' id='word_1_724' title='bbox 1926 5157 2098 5246; x_wconf 60' lang='lat' dir='ltr'><strong>Vens:</strong></span> <span class='ocrx_word' id='word_1_725' title='bbox 2127 5189 2179 5243; x_wconf 91' lang='lat'><strong>8.</strong></span> <span class='ocrx_word' id='word_1_726' title='bbox 2207 5157 2286 5228; x_wconf 48' lang='grc' dir='ltr'><strong>μ’</strong></span> <span class='ocrx_word' id='word_1_727' title='bbox 2317 5181 2517 5237; x_wconf 87' lang='lat' dir='ltr'><strong>Memor</strong></span> <span class='ocrx_word' id='word_1_728' title='bbox 2539 5185 2666 5230; x_wconf 88' lang='lat' dir='ltr'><strong>esto.</strong></span> <span class='ocrx_word' id='word_1_729' title='bbox 2698 5171 2907 5226; x_wconf 88' lang='lat' dir='ltr'><strong>Labora</strong></span> <span class='ocrx_word' id='word_1_730' title='bbox 2931 5167 3071 5220; x_wconf 89' lang='lat' dir='ltr'><strong>sicut</strong></span> <span class='ocrx_word' id='word_1_731' title='bbox 3095 5176 3211 5232; x_wconf 83' lang='lat' dir='ltr'><strong>ego,</strong></span> <span class='ocrx_word' id='word_1_732' title='bbox 3245 5166 3299 5211; x_wconf 92' lang='lat' dir='ltr'><strong>et</strong></span> <span class='ocrx_word' id='word_1_733' title='bbox 3322 5157 3425 5210; x_wconf 84' lang='lat' dir='ltr'><strong>hoc</strong></span> 
     </span>
    </p>
   </div>
   <div class='ocr_carea' id='block_1_106' title="bbox 1855 5247 3425 5355">
    <p class='ocr_par' dir='ltr' id='par_1_106' title="bbox 1855 5247 3425 5355">
     <span class='ocr_line' id='line_1_106' title="bbox 1855 5247 3425 5355; baseline -0.027 -15"><span class='ocrx_word' id='word_1_734' title='bbox 1855 5298 1950 5355; x_wconf 89' lang='lat' dir='ltr'><strong>spe</strong></span> <span class='ocrx_word' id='word_1_735' title='bbox 1989 5282 2115 5335; x_wconf 71' lang='lat' dir='ltr'><strong>vita:</strong></span> <span class='ocrx_word' id='word_1_736' title='bbox 2146 5285 2380 5332; x_wconf 61' lang='lat' dir='ltr'><strong>aeterna}.</strong></span> <span class='ocrx_word' id='word_1_737' title='bbox 2427 5268 2550 5323; x_wconf 67' lang='grc' dir='ltr'><strong>Πειιο</strong></span> <span class='ocrx_word' id='word_1_738' title='bbox 2596 5271 2774 5338; x_wconf 84' lang='lat' dir='ltr'><strong>autem</strong></span> <span class='ocrx_word' id='word_1_739' title='bbox 2819 5274 2924 5313; x_wconf 91' lang='lat' dir='ltr'><strong>non</strong></span> <span class='ocrx_word' id='word_1_740' title='bbox 2974 5267 3191 5326; x_wconf 70' lang='lat' dir='ltr'><strong>propter</strong></span> <span class='ocrx_word' id='word_1_741' title='bbox 3243 5247 3425 5301; x_wconf 87' lang='lat' dir='ltr'><strong>Timo-</strong></span> 
     </span>
    </p>
   </div>
   <div class='ocr_carea' id='block_1_107' title="bbox 1859 5337 3426 5431">
    <p class='ocr_par' dir='ltr' id='par_1_107' title="bbox 1859 5337 3426 5431">
     <span class='ocr_line' id='line_1_107' title="bbox 1859 5337 3426 5431; baseline -0.027 0"><span class='ocrx_word' id='word_1_742' title='bbox 1859 5337 2039 5430; x_wconf 71' lang='lat' dir='ltr'><strong>theum</strong></span> <span class='ocrx_word' id='word_1_743' title='bbox 2065 5375 2344 5429; x_wconf 89' lang='lat' dir='ltr'><strong>memorat,</strong></span> <span class='ocrx_word' id='word_1_744' title='bbox 2371 5363 2465 5418; x_wconf 90' lang='lat' dir='ltr'><strong>sed</strong></span> <span class='ocrx_word' id='word_1_745' title='bbox 2487 5366 2705 5431; x_wconf 87' lang='lat' dir='ltr'><strong>propter</strong></span> <span class='ocrx_word' id='word_1_746' title='bbox 2729 5351 3010 5409; x_wconf 62' lang='lat' dir='ltr'><strong>haereticos</strong></span> <span class='ocrx_word' id='word_1_747' title='bbox 3030 5361 3163 5416; x_wconf 90' lang='lat' dir='ltr'><strong>quos</strong></span> <span class='ocrx_word' id='word_1_748' title='bbox 3183 5337 3426 5414; x_wconf 63' lang='lat' dir='ltr'><strong>praevidit</strong></span> 
     </span>
    </p>
   </div>
   <div class='ocr_carea' id='block_1_108' title="bbox 1861 5459 2606 5524">
    <p class='ocr_par' dir='ltr' id='par_1_108' title="bbox 1861 5459 2606 5524">
     <span class='ocr_line' id='line_1_108' title="bbox 1861 5459 2606 5524; baseline -0.027 -2"><span class='ocrx_word' id='word_1_749' title='bbox 1861 5467 2069 5522; x_wconf 75' lang='lat' dir='ltr'><strong>futuros</strong></span> <span class='ocrx_word' id='word_1_750' title='bbox 2089 5471 2143 5517; x_wconf 90' lang='lat' dir='ltr'><strong>et</strong></span> <span class='ocrx_word' id='word_1_751' title='bbox 2164 5461 2265 5514; x_wconf 88' lang='lat' dir='ltr'><strong>ista</strong></span> <span class='ocrx_word' id='word_1_752' title='bbox 2296 5459 2606 5524; x_wconf 87' lang='lat' dir='ltr'><strong>negaturos.</strong></span> 
     </span>
    </p>
   </div>
   <div class='ocr_carea' id='block_1_109' title="bbox 1931 5528 3425 5612">
    <p class='ocr_par' dir='ltr' id='par_1_109' title="bbox 1931 5528 3425 5612">
     <span class='ocr_line' id='line_1_109' title="bbox 1931 5528 3425 5612; baseline -0.029 1"><span class='ocrx_word' id='word_1_753' title='bbox 1931 5557 2095 5612; x_wconf 80' lang='lat' dir='ltr'><strong>Vens.</strong></span> <span class='ocrx_word' id='word_1_754' title='bbox 2143 5553 2196 5606; x_wconf 91' lang='lat'><strong>9.</strong></span> <span class='ocrx_word' id='word_1_755' title='bbox 2239 5579 2308 5602; x_wconf 85' lang='lat'><strong>——.</strong></span> <span class='ocrx_word' id='word_1_756' title='bbox 2351 5543 2516 5611; x_wconf 82' lang='lat' dir='ltr'><strong>Quasi</strong></span> <span class='ocrx_word' id='word_1_757' title='bbox 2552 5537 2688 5594; x_wconf 89' lang='lat' dir='ltr'><strong>male</strong></span> <span class='ocrx_word' id='word_1_758' title='bbox 2724 5549 2963 5606; x_wconf 87' lang='lat' dir='ltr'><strong>operans.</strong></span> <span class='ocrx_word' id='word_1_759' title='bbox 3006 5528 3104 5583; x_wconf 85' lang='lat' dir='ltr'><strong>Hic</strong></span> <span class='ocrx_word' id='word_1_760' title='bbox 3144 5531 3425 5578; x_wconf 82' lang='lat' dir='ltr'><strong>contume-</strong></span> 
     </span>
    </p>
   </div>
   <div class='ocr_carea' id='block_1_110' title="bbox 1860 5609 3425 5712">
    <p class='ocr_par' dir='ltr' id='par_1_110' title="bbox 1860 5609 3425 5712">
     <span class='ocr_line' id='line_1_110' title="bbox 1860 5609 3425 5712; baseline -0.032 -7"><span class='ocrx_word' id='word_1_761' title='bbox 1860 5651 1986 5705; x_wconf 90' lang='lat' dir='ltr'><strong>liam</strong></span> <span class='ocrx_word' id='word_1_762' title='bbox 2015 5654 2166 5701; x_wconf 88' lang='lat' dir='ltr'><strong>nolat</strong></span> <span class='ocrx_word' id='word_1_763' title='bbox 2199 5655 2319 5712; x_wconf 74' lang='lat' dir='ltr'><strong>qua:</strong></span> <span class='ocrx_word' id='word_1_764' title='bbox 2426 5632 2787 5704; x_wconf 79' lang='lat' dir='ltr'><strong>ingerebatur.</strong></span> <span class='ocrx_word' id='word_1_765' title='bbox 2817 5623 2918 5680; x_wconf 85' lang='lat' dir='ltr'><strong>Sed</strong></span> <span class='ocrx_word' id='word_1_766' title='bbox 2959 5619 3165 5676; x_wconf 71' lang='lat' dir='ltr'><strong>verbum</strong></span> <span class='ocrx_word' id='word_1_767' title='bbox 3204 5609 3298 5712; x_wconf 58' lang='lat' dir='ltr'><strong>Dei</strong></span> <span class='ocrx_word' id='word_1_768' title='bbox 3325 5621 3425 5658; x_wconf 87' lang='lat' dir='ltr'><strong>non</strong></span> 
     </span>
    </p>
   </div>
   <div class='ocr_carea' id='block_1_111' title="bbox 1858 5699 3427 5806">
    <p class='ocr_par' dir='ltr' id='par_1_111' title="bbox 1858 5699 3427 5806">
     <span class='ocr_line' id='line_1_111' title="bbox 1858 5699 3427 5806; baseline -0.031 -11"><span class='ocrx_word' id='word_1_769' title='bbox 1858 5750 1930 5795; x_wconf 87' lang='lat' dir='ltr'><strong>est</strong></span> <span class='ocrx_word' id='word_1_770' title='bbox 1955 5699 2248 5806; x_wconf 64' lang='lat' dir='ltr'><strong>alligatum.</strong></span> <span class='ocrx_word' id='word_1_771' title='bbox 2277 5726 2440 5796; x_wconf 89' lang='lat' dir='ltr'><strong>Quasi</strong></span> <span class='ocrx_word' id='word_1_772' title='bbox 2462 5699 2604 5779; x_wconf 72' lang='lat' dir='ltr'><strong>dicat</strong></span> <span class='ocrx_word' id='word_1_773' title='bbox 2634 5738 2646 5772; x_wconf 89' lang='lat'><strong>:</strong></span> <span class='ocrx_word' id='word_1_774' title='bbox 2694 5717 2844 5772; x_wconf 86' lang='lat' dir='ltr'><strong>Licet</strong></span> <span class='ocrx_word' id='word_1_775' title='bbox 2881 5726 3011 5780; x_wconf 85' lang='lat' dir='ltr'><strong>ergo</strong></span> <span class='ocrx_word' id='word_1_776' title='bbox 3052 5707 3153 5761; x_wconf 88' lang='lat' dir='ltr'><strong>sim</strong></span> <span class='ocrx_word' id='word_1_777' title='bbox 3183 5699 3427 5796; x_wconf 77' lang='lat' dir='ltr'><strong>alligatus</strong></span> 
     </span>
    </p>
   </div>
   <div class='ocr_carea' id='block_1_112' title="bbox 1861 5800 3397 5902">
    <p class='ocr_par' dir='ltr' id='par_1_112' title="bbox 1861 5800 3397 5902">
     <span class='ocr_line' id='line_1_112' title="bbox 1861 5800 3397 5902; baseline -0.031 -13"><span class='ocrx_word' id='word_1_778' title='bbox 1861 5800 2108 5902; x_wconf 71' lang='lat' dir='ltr'><strong>corpore,</strong></span> <span class='ocrx_word' id='word_1_779' title='bbox 2155 5836 2330 5882; x_wconf 75' lang='lat' dir='ltr'><strong>tamen</strong></span> <span class='ocrx_word' id='word_1_780' title='bbox 2355 5820 2574 5875; x_wconf 84' lang='lat' dir='ltr'><strong>verbum</strong></span> <span class='ocrx_word' id='word_1_781' title='bbox 2600 5811 2691 5868; x_wconf 84' lang='lat' dir='ltr'><strong>Dei</strong></span> <span class='ocrx_word' id='word_1_782' title='bbox 2719 5822 2824 5864; x_wconf 81' lang='lat' dir='ltr'><strong>non</strong></span> <span class='ocrx_word' id='word_1_783' title='bbox 2852 5812 2934 5860; x_wconf 84' lang='lat' dir='ltr'><strong>est</strong></span> <span class='ocrx_word' id='word_1_784' title='bbox 2958 5800 3228 5870; x_wconf 82' lang='lat' dir='ltr'><strong>alligatum</strong></span> <span class='ocrx_word' id='word_1_785' title='bbox 3262 5807 3275 5845; x_wconf 87' lang='lat'><strong>:</strong></span> <span class='ocrx_word' id='word_1_786' title='bbox 3303 5801 3397 5858; x_wconf 75' lang='lat' dir='ltr'><strong>qut</strong></span> 
     </span>
    </p>
   </div>
  </div>
