3948 6314
565 411 675 469 635

972 376 977 384 ’
1074 403 1470 460 WALAFRlDl
1510 403 1758 460 suum
1796 403 1999 460 sum.
2041 400 2183 458 non

2272 400 2397 459 )PP.
2440 400 2621 458 PARS
2659 400 2698 456 Ι.
2740 432 2808 441 —-
2845 397 3298 455 THEOLOGICA.
3646 408 3723 463 ,εδδ

569 537 626 583 et
663 534 914 581 sermone
954 526 1272 591 praesentes,
1309 526 1364 574 et
1404 517 1596 573 litteris
1655 519 1906 573 absentes
1958 517 2149 572 docere
2176 514 2228 575 Α
2325 514 2488 571 Vens.
2531 515 2621 568 ει.
2661 544 2731 555 --
2760 512 2977 568 Servum
3020 522 3192 566 autem
3231 510 3432 565 Domini
3473 529 3559 568 non
3592 530 3725 585 oportet

572 627 681 668 non
712 621 886 663 £8380.

644 700 811 754 Vens.
864 697 949 752 10.
998 727 1070 737 -
1122 693 1382 766 Salutem,
1439 701 1570 757 etc.,
1624 710 1741 747 cum
1786 693 1990 765 gloria,
2045 703 2152 749 etc.

577 792 742 864 Quasi
782 790 929 846 dicat
960 806 973 844 :
1002 786 1289 843 Justiﬁcati
1326 785 1462 841 estis
1512 794 1572 841 ut
1615 786 1703 841 hic
1749 785 2156 856 conscquamini

578 885 827 944 salutem,
858 887 937 945 et,
967 886 1090 950 post
1113 879 1254 933 hanc
1276 876 1464 942 vitam,
1493 875 1721 947 gloriam
1750 875 2050 931 cmlcstem.

573 1042 585 1051 ‘
648 975 813 1033 Vens.
846 971 934 1028 11.
964 1001 1038 1013 -
1064 969 1266 1026 Fidelis
1296 985 1487 1025 sermo.
1520 968 1616 1025 Est
1646 969 1771 1035 iste,
1802 969 1947 1039 quod
1969 981 2160 1024 conse-

580 1074 814 1137 quentur
866 1064 1096 1121 salutem
1144 1069 1198 1117 et
1248 1061 1499 1133 gloriam,
1551 1075 1674 1115 nam
1726 1075 1915 1115 sumus
1961 1058 2159 1114 mortui

580 1158 804 1225 mundo,
834 1157 976 1213 sicut
1005 1154 1254 1212 Christus
1282 1154 1454 1210 reteri
1480 1152 1706 1220 homini,
1730 1160 1786 1208 et
1808 1152 2158 1217 sustinentes,

581 1250 635 1306 id
665 1259 749 1306 est
774 1259 1060 1322 martyres.

580 1328 587 1333 ’
652 1339 822 1396 Vens.
872 1339 958 1395 14.
1001 1369 1071 1381 -
1121 1336 1250 1393 Hazc
1297 1352 1585 1392 commone.
1626 1334 1753 1393 Haec
1798 1335 2053 1408 praedicta
2105 1343 2167 1390 ut

579 1432 829 1504 patiaris,
868 1445 1191 1490 commoneo
1237 1439 1312 1486 te.
1356 1427 1476 1495 Vel,
1520 1428 1637 1484 haec
1688 1443 1972 1485 commone
2020 1437 2162 1483 tuos.

583 1523 668 1579 Ad
723 1523 852 1578 nihil
901 1530 1039 1578 enim
1084 1519 1212 1575 utile
1259 1528 1357 1575 est.
1392 1516 1905 1575 Contentio'minus
1957 1517 2167 1573 stabilis

584 1626 727 1683 saepe
751 1621 971 1683 generat
1001 1611 1332 1680 scrupulum.
1367 1609 1556 1665 Solent
1581 1610 1724 1665 enim
1750 1610 1803 1664 in
1824 1608 2168 1665 contentione

586 1698 715 1773 talia
764 1702 959 1772 opponi
1006 1700 1227 1757 elimato
1274 1699 1666 1754 malevolentiae
1710 1708 2062 1772 argumento,
2110 1706 2169 1751 ut

587 1802 839 1849 moveant
885 1793 1095 1849 animos
1138 1790 1505 1862 insipientium
1553 1790 1800 1845 fratrum.
1844 1789 1953 1845 Nec
1995 1794 2169 1860 potest

2255 605 2481 678 litigare,
2528 607 2618 661 sed
2643 613 2973 660 mansuetum
3004 618 3113 657 esse
3139 602 3207 656 ad
3234 616 3422 657 omnes.
3444 602 3566 659 Satis
3586 606 3726 663 obstre-

2256 704 2388 768 punt
2406 697 2863 753 contradicentes.
2892 692 2968 749 Ne
2995 708 3125 764 ergo
3152 707 3339 747 servus
3365 691 3451 747 Dei
3483 692 3568 749 sibi
3587 695 3726 754 obstre-

2255 798 2349 860 pat
2369 788 2546 843 studio
2568 785 2882 843 altercandi.
2915 784 3033 839 Non
3058 785 3245 839 deesse
3278 783 3437 839 voluit
3470 801 3554 839 nos
3573 785 3727 844 fratrum

2256 881 2605 952 correptioni,
2649 894 2751 934 nec
2776 877 2996 934 studere
3037 875 3344 932 certamini.
3372 874 3506 929 Multi
3532 877 3642 931 enim
3670 879 3728 935 ho-

2259 973 2435 1029 mines
2461 988 2585 1028 cum
2627 988 2659 1025 a
2693 985 2891 1027 somno
2906 968 3240 1033 excitantur,
3260 967 3473 1039 litigare
3496 968 3655 1035 volunt,
3674 987 3716 1026 au

2261 1079 2449 1119 rursus
2473 1058 2728 1126 dormire,
2761 1075 2883 1115 cum
2909 1059 3120 1131 litigare
3145 1057 3501 1128 prohibentur.

2325 1151 2497 1208 Vens.
2526 1151 2617 1207 25.
2649 1182 2720 1192 —
2750 1150 3047 1223 Nequando
3074 1149 3157 1202 det
3183 1147 3285 1202 illis
3318 1147 3446 1202 Deus
3475 1149 3727 1218 penitentiam

2263 1244 2333 1299 ad
2379 1241 2791 1315 cognoscendam
2814 1240 3098 1295 veritatem.
3132 1237 3249 1293 Non
3291 1224 3496 1308 prodest
3523 1242 3728 1309 correptio,

2264 1335 2364 1390 nisi
2398 1349 2659 1404 supernus
2692 1333 2935 1401 medicus
2960 1330 3239 1400 respiciat,
3275 1329 3329 1386 id
3355 1339 3436 1386 est
3481 1330 3573 1385 nisi
3613 1330 3731 1395 faciat,

2264 1434 2323 1482 ut
2370 1425 2573 1495 peccati
2605 1423 2687 1479 sui
2731 1436 2997 1492 quemque
3040 1421 3324 1492 paeniteat.
3370 1420 3488 1489 Quae
3511 1421 3730 1491 pmnitentia

2263 1523 2468 1594 pudore
2496 1528 2549 1576 et
2580 1521 2773 1575 timore
2798 1517 3114 1588 displicendi
3161 1516 3285 1573 aliis
3323 1516 3558 1572 interdum
3583 1516 3714 1585 impedi

2268 1613 2530 1679 tur,dum
2558 1612 2677 1683 plus
2715 1610 2949 1665 delectat
2988 1607 3265 1663 hominem
3304 1608 3514 1673 aliorum
3543 1606 3731 1661 existima-

2269 1705 2371 1770 tio;
2411 1718 2574 1774 quam
2605 1700 2841 1772 justitia,
2882 1715 2987 1769 qua
3022 1716 3079 1755 se
3117 1700 3348 1768 quisque
3384 1695 3598 1752 humiliat
3625 1696 3733 1766 paeni-

2270 1797 2448 1853 tendo.
2496 1796 2727 1866 ideoque
2772 1810 2878 1850 non
2931 1786 3103 1847 selum
3147 1807 3271 1847 cum
3315 1790 3479 1861 agitur
3499 1788 3733 1861 poenitentia,

586 1897 726 1947 esse,
759 1882 890 1953 quin
913 1882 1188 1939 contentio
1209 1889 1534 1952 extorqueat
1562 1881 1765 1951 aliquid
1793 1881 1936 1951 quod
1960 1880 2169 1935 dicatur
2198 1879 2244 1938 Β
2272 1904 2456 1944 verum
2486 1886 2647 1942 etiam
2682 1894 2739 1940 ut
2773 1893 2983 1955 agatur,
3021 1883 3117 1939 Dei
3152 1881 3505 1938 misericordia
3527 1877 3733 1935 necessaria

587 1983 775 2033 contra
802 1974 1212 2040 conscientiam,
1257 1983 1317 2030 ut
1362 1974 1507 2030 intus
1548 1974 1601 2030 in
1647 1974 1829 2028 animo
1863 1971 2079 2042 perdat,
2111 1978 2167 2027 et

586 2066 724 2123 foris
754 2067 925 2122 victor
977 2066 1221 2122 accedat.
1267 2064 1438 2121 Nemo
1462 2066 1605 2119 enim
1649 2064 1853 2134 patitur
1892 2078 1950 2118 se
2000 2062 2165 2129 vinci,

588 2155 719 2212 licet
738 2156 876 2212 sciat
900 2170 1029 2211 vera
1059 2170 1180 2212 esse
1220 2171 1341 2227 quae
1390 2156 1559 2210 audit.
1589 2154 1818 2210 Collatio
1854 2169 1983 2226 ergo
2029 2154 2171 2210 inter

506 2286 511 2295 .
592 2246 687 2301 Dei
718 2260 905 2302 servos
930 2261 1051 2301 esse
1076 2247 1258 2314 debet,
1284 2260 1390 2300 non
1417 2232 1717 2300 altercatio.

671 2333 830 2391 Vsus.
877 2336 964 2395 17.
996 2367 1062 2376 -
1110 2334 1195 2390 Ea:
1221 2336 1409 2407 quibus
1454 2343 1528 2389 est
1558 2332 1877 2406 Hymenazus
1909 2341 1955 2388 et
1995 2328 2171 2386 Phile-

593 2436 697 2481 tus.
732 2426 934 2484 Horum
958 2425 1197 2500 prodidit
1234 2424 1477 2491 nomina,
1522 2432 1579 2478 ut
1610 2424 1677 2479 ab
1701 2422 1786 2478 his
1821 2419 2176 2493 spiritualiter

591 2528 800 2588 caveat,
827 2536 964 2592 quos
984 2528 1038 2577 et
1057 2519 1321 2592 profanos
1348 2527 1403 2573 et
1423 2517 1619 2590 impios
1645 2517 1893 2590 designat
1914 2525 1969 2571 et
1987 2530 2177 2573 erran-

593 2618 677 2667 tes
699 2626 729 2667 a
756 2612 1006 2670 veritate.

590 2770 593 2773 _
667 2701 827 2759 Vens.
883 2705 971 2760 18.
1002 2735 1069 2745 -
1090 2703 1334 2759 Dicentes
1359 2703 1790 2760 resurrectionem
1816 2700 1932 2769 jam
1957 2699 2174 2769 factam.

596 2794 727 2850 Duae
748 2802 874 2849 sunt
903 2795 1346 2851 resurrectiones.
1375 2792 1557 2847 Prima
1587 2800 1670 2848 est
1694 2808 1814 2862 quas
1841 2790 1901 2845 ﬁt
1923 2790 1977 2844 in
1998 2788 2179 2844 anima

596 2898 696 2957 per
714 2885 895 2951 ﬁdem,
926 2885 1141 2956 quando
1162 2884 1253 2955 qui
1282 2891 1529 2940 mortuus
1555 2891 1673 2938 erat
1696 2884 1749 2939 in
1776 2880 2092 2937 inﬁdelitate
2126 2886 2182 2935 et

599 2972 721 3029 aliis
756 2964 1014 3044 peccatis,
1065 2988 1161 3044 per
1198 2973 1359 3028 lidem
1389 2981 1443 3026 et
1480 2973 1808 3042 baptismum
1849 2970 2177 3026 viviﬁcatur.

599 3061 805 3128 Altera,
838 3078 956 3133 quae
994 3064 1100 3119 erit
1127 3078 1435 3134 corporum,
1478 3079 1599 3133 quae
1626 3063 1731 3118 erit
1759 3063 1814 3118 in
1856 3064 1943 3119 die
1969 3061 2179 3133 judicii.

602 3151 681 3209 De
707 3153 794 3209 illa
824 3154 1219 3210 resurrectione
1243 3170 1363 3225 qua:
1405 3154 1465 3210 ﬁt
1495 3155 1548 3209 in
1597 3156 1774 3210 anima
1801 3171 1897 3227 per
1920 3156 2079 3211 ﬁdem
2104 3154 2184 3210 lo-

2269 1989 2372 2036 cst.
2408 1978 2478 2035 Ut
2506 1978 2650 2034 enim
2682 1977 2877 2033 Petrus
2913 1990 3097 2031 amare
3128 1972 3298 2038 ﬁeret,
3333 1970 3544 2044 respexit
3564 1984 3653 2025 eum
3677 1969 3735 2022 De

2271 2073 2467 2127 minus.
2497 2071 2562 2125 Et
2606 2070 2727 2126 ideo
2755 2068 3043 2140 Apostolus
3086 2068 3179 2124 hic
3217 2067 3387 2123 dicit:
3423 2064 3508 2119 Det
3548 2062 3627 2116 illis
3650 2059 3737 2114 Dm

2270 2164 2625 2236 paenitentiam
2654 2159 2873 2233 (Matth.
2906 2158 3080 2232 sxw).

2891 2296 3123 2355 CAPUT
3158 2298 3246 2354 Ill.

2347 2434 2510 2490 Vens.
2557 2432 2611 2487 2.
2637 2463 2708 2473 —
2738 2430 2950 2502 Seipsos
2983 2437 3246 2484 amantes.
3297 2427 3408 2484 Non
3445 2425 3683 2487 Dominum,
3702 2430 3735 2475 ut

2276 2525 2496 2590 Petrus,
2519 2522 2608 2595 qui
2639 2531 2721 2577 ter
2746 2521 3113 2591 interrogatus
3139 2534 3170 2572 a
3198 2518 3436 2582 Domino,
3473 2523 3543 2570 ter
3560 2510 3738 2585 professus

2280 2626 2363 2674 est
2408 2631 2467 2672 se
2505 2631 2627 2672 eum
2672 2614 2894 2685 diligere
2933 2613 3117 2667 dicens
3152 2630 3165 2664 :
3197 2610 3276 2665 Tu
3322 2609 3417 2664 scis
3443 2607 3550 2679 quia
3584 2619 3668 2658 amo
3696 2611 3735 2653 tt.

2282 2709 2435 2767 Unde
2478 2718 2533 2763 ct
2574 2706 2830 2762 Dominus
2860 2705 2906 2760 ei
2937 2719 3065 2759 oves
3099 2702 3401 2775 pascendas
3425 2693 3737 2764 credidit:quia

2283 2801 2337 2855 in
2392 2798 2678 2870 pascendis
2723 2797 2917 2853 ovibus
2969 2811 3097 2851 vera
3148 2803 3472 2850 monstratur
3509 2785 3740 2852 dilectio,si

2283 2893 2405 2964 quis
2451 2892 2524 2947 ibi
2562 2907 2666 2946 non
2702 2893 2898 2961 quaerit
2938 2903 3056 2955 sua,
3100 2888 3197 2944 sed
3228 2902 3348 2958 quae
3381 2883 3558 2942 Christi
3582 2885 3681 2936 sunt.
3696 2875 3742 2931 Et

2284 2998 2350 3038 eo
2376 2988 2555 3036 autem
2598 2980 2739 3049 quod
2771 2979 2995 3048 seipsos,
3044 2993 3153 3033 non
3196 2978 3361 3032 Deum
3388 2981 3563 3039 amant,
3586 2966 3744 3039 quasiet

2287 3073 2467 3129 radice
2509 3073 2624 3127 haec
2655 3087 2775 3142 qtue
2804 3078 3104 3138 sequuntur
3152 3067 3294 3123 mala
3326 3066 3567 3122 oriuntur.
3598 3054 3741 3128 Ingrati.

2284 3163 2363 3219 Illi
2392 3158 2516 3218 sunt
2559 3162 2754 3233 ingrati
2804 3161 2896 3232 qui
2938 3159 3337 3230 corrigentibus
3385 3154 3511 3212 mala
3546 3165 3622 3223 pro
3652 3144 3748 3203 bouis

604 3246 787 3317 quitur
806 3245 892 3301 hic
914 3245 1228 3317 Apostolus,
1256 3262 1381 3305 cum
1413 3248 1489 3301 ait
1519 3265 1532 3302 :
1566 3247 1807 3303 Dicentes
1837 3248 2173 3303 resurreclia-
2205 3255 2250 3317 ο
2283 3253 2534 3308 reddunt.

606 3353 743 3406 nem,
771 3340 1033 3397 mentium
1078 3340 1284 3397 scilicet
1329 3358 1438 3396 esse
1471 3340 1668 3411 [actam
1696 3341 1750 3395 in
1788 3341 2078 3412 baptismo,
2128 3347 2184 3394 et

605 3432 660 3488 in
688 3431 794 3488 ﬁde
836 3434 1038 3489 nullam
1082 3433 1537 3489 resurrectionem
1584 3448 1871 3503 corporum
1922 3431 2181 3487 futuram.

606 3522 806 3580 Omnes
830 3535 991 3581 sectae
1016 3540 1136 3596 quae
1164 3525 1476 3597 religionem
1498 3527 1844 3596 promittunt,
1877 3525 2188 3580 concedunt

607 3616 1063 3670 resurrectionem
1108 3616 1384 3670 mentium.
1410 3616 1467 3669 in
1507 3615 1631 3671 ﬁde.
1664 3616 1836 3672 Aliter
1881 3615 2028 3671 enim
2078 3630 2186 3670 non

608 3704 924 3761 viderentur
956 3706 1227 3761 audiendi.
1258 3706 1513 3762 Volentcs
1538 3722 1669 3774 ergo
1692 3706 1839 3763 credi
1864 3706 1969 3763 sibi
1991 3721 2182 3763 omnes

614 3798 778 3855 etiam
815 3799 906 3869 qui
937 3800 1290 3856 instituerunt
1332 3801 1560 3878 alicujus
1594 3800 1744 3855 falsze
1778 3800 2058 3872 religionis
2104 3815 2191 3856 se-

612 3899 781 3957 ctam,
829 3906 1028 3964 negare
1078 3892 1233 3948 istam
1277 3894 1727 3948 resurrectionem
1782 3891 2042 3947 mentium
2082 3906 2190 3947 non

606 3985 922 4050 potuerunt,
962 3996 1151 4038 omnes
1180 3982 1246 4038 de
1285 3982 1376 4037 illa
1412 3990 1821 4040 consenserunt.
1859 3980 1967 4037 Sed
1998 3996 2192 4052 corpo-

616 4084 737 4124 rum
784 4071 1233 4142 resurrectionem
1289 4071 1442 4128 multi
1502 4078 1872 4145 negaverunt,
1928 4070 2068 4126 sicut
2103 4070 2193 4126 isti

618 4172 757 4228 quos
783 4159 1027 4214 nominat
1048 4159 1356 4230 Apostolus.

690 4246 855 4306 Vsus.
887 4250 971 4305 19.
996 4238 1336 4322 -Έοςηοινὶι
1366 4251 1626 4307 Dominus
1648 4253 1736 4324 qui
1762 4260 1884 4307 sunt
1915 4250 2050 4322 ejus,
2087 4259 2194 4308 etc.

614 4340 675 4397 1d
700 4352 803 4406 est,
833 4356 979 4396 amat
1008 4350 1063 4397 et
1092 4342 1626 4415 delenditpraescitos
1648 4360 1797 4402 suos.
1825 4344 1883 4399 ιη
1908 4346 2012 4401 hoc
2044 4352 2199 4400 nota-

620 4440 710 4484 tur
759 4434 1135 4501 prxescientia,
1164 4450 1268 4505 qua
1320 4450 1456 4506 quos
1497 4436 1770 4506 prazscivit
1815 4437 2028 4494 futuros
2078 4450 2201 4494 esse

620 4523 927 4581 conformes
960 4526 1212 4599 imaginis
1247 4526 1372 4583 Filii
1414 4529 1519 4594 sui,
1550 4527 1605 4583 id
1645 4538 1727 4584 est
1772 4528 2199 4599 prmdestinavit,

620 4617 857 4682 vocavit,
879 4615 1217 4684 justiﬁeavit,
1241 4618 1580 4690 gloriﬁcavit.

697 4704 863 4761 Vsus.
890 4706 983 4761 20.
1024 4738 1094 4747 —
1142 4707 1283 4765 Vasa
1319 4727 1480 4766 aurea
1508 4720 1558 4766 et
1583 4721 1849 4784 argentea.
1880 4711 2037 4769 Sicut
2057 4712 2202 4768 enim

625 4808 756 4849 vasa
795 4794 969 4867 lignea
997 4804 1052 4852 et
1100 4796 1287 4853 ﬁctilia
1317 4799 1498 4856 valent
1529 4800 1590 4856 ut
1618 4811 1917 4873 purgentur
1954 4816 2119 4857 aurea
2151 4809 2208 4858 ct

627 4893 903 4952 argentea,
932 4886 1013 4941 sic
1052 4887 1180 4942 mali
1222 4898 1448 4977 prosunt
1491 4890 1558 4945 ad
1582 4890 1883 4961 profectum
1916 4891 2202 4946 bonorum.

629 4972 819 5044 Magna
848 4990 976 5046 ergo
1005 4977 1214 5046 domus,
1244 4972 1507 5046 Ecclesia,
1531 4981 1585 5036 in
1617 4996 1724 5052 qua
1747 4990 1873 5038 sunt
1891 4997 2021 5038 vasa
2040 4996 2204 5037 aurea

629 5071 686 5118 et
719 5073 994 5135 argentea,
1024 5066 1077 5122 id
1104 5078 1207 5135 est,
1230 5070 1354 5126 boni
1384 5080 1438 5126 et
1461 5069 1645 5128 ﬁdeles
1668 5080 1722 5127 et
1750 5072 1924 5128 sancti
1946 5071 2037 5126 Dei
2062 5070 2203 5128 servi

630 5152 832 5222 ubique
884 5154 1113 5229 dispersi
1166 5167 1222 5214 et
1272 5154 1536 5231 spirituali
1583 5162 1791 5220 unitate
1837 5162 2095 5230 devincti,
2148 5162 2203 5218 in

632 5249 820 5304 eadem
871 5255 1250 5310 communione
1293 5267 1757 5314 sacramentorum
1807 5258 2080 5331 degentes.
2138 5258 2207 5313 Et

633 5351 763 5393 vasa
799 5338 974 5411 lignea
998 5351 1052 5399 et
1080 5343 1286 5412 ﬁctilia,
1312 5346 1362 5401 id
1393 5356 1476 5407 est
1498 5347 1574 5402 illi
1602 5349 1692 5420 qui
1718 5357 1845 5404 sunt
1864 5350 1915 5404 in
1941 5351 2120 5416 domo,
2145 5358 2207 5405 ut

634 5441 741 5482 non
772 5430 880 5485 sint
908 5431 964 5486 in
1010 5447 1266 5505 compage
1296 5436 1507 5502 domus,
1536 5453 1635 5493 nec
1677 5438 1730 5492 in
1769 5439 2026 5495 societate
2064 5440 2208 5510 paci-

635 5518 761 5587 ﬁca,
786 5531 841 5579 et
863 5531 1042 5598 tamen
1073 5527 1250 5582 adhuc
1278 5541 1507 5598 corpore
1546 5528 1705 5583 simul
1743 5544 1865 5584 eum
1889 5529 2065 5585 bonis.

709 5609 870 5667 Vens.
901 5596 1099 5668 23..—
1132 5614 1335 5672 Stultus
1363 5596 1537 5674 autem
1562 5629 1611 5675 et
1637 5620 1747 5675 sine
1773 5620 2051 5691 disciplina
2077 5638 2217 5693 quat-

636 5700 831 5761 stioncs
859 5702 1049 5759 devita.
1094 5704 1212 5760 Non
1257 5721 1446 5765 omnes
1486 5712 1811 5781 qumstioncs
1840 5712 2094 5781 vitandae,
2120 5712 2211 5769 sed

656 5791 861 5850 nutiles
893 5802 947 5850 et
970 5794 1086 5854 sine
1102 5786 1442 5871 disciplina...

2358 3343 2522 3399 Vsus.
2564 3344 2616 3399 5.
2644 3374 2715 3384 —
2745 3340 3008 3398 Habentes
3036 3340 3284 3408 speciem.
3308 3336 3436 3409 Quia
3454 3327 3748 3393 habentcadetn

2287 3444 2774 3523 sacramentaﬁcum
2805 3433 2926 3505 piis.
2988 3430 3251 3486 Virtutem
3290 3442 3475 3486 autem.
3515 3426 3656 3481 Virtus

2287 3526 2527 3582 cbaritas
2558 3508 2831 3582 dc‘qcorde
2874 3538 3030 3593 puro,
3084 3522 3416 3579 conscientia
3453 3519 3590 3583 bona,
3627 3519 3665 3568 et
3687 3508 3748 3563 ﬁde

2288 3634 2396 3674 non
2426 3617 2571 3672 ﬁcta.

2359 3709 2524 3764 Vens.
2554 3709 2607 3763 6.
2655 3738 2727 3749 —
2769 3706 2873 3773 Qui
2914 3715 3210 3778 penetrant.
3241 3703 3634 3778 lngrediebantur
3660 3688 3747 3750 enim

2290 3799 2482 3856 domos
2508 3797 2817 3864 mulierum,
2848 3805 2902 3852 et
2929 3797 3275 3867 decipiebant
3304 3812 3413 3852 eas.

2364 3892 2530 3950 Vens.
2565 3890 2616 3944 7.
2649 3921 2717 3931 —
2740 3889 2959 3961 Semper
2976 3889 3237 3945 discentes
3257 3898 3305 3944 et
3326 3895 3568 3957 nunquam
3589 3879 3640 3934 ad
3652 3874 3753 3932 sciet-

2292 3983 2444 4047 tiam,
2466 3990 2570 4037 etc.
2606 3980 2716 4037 Nos
2744 3989 2925 4034 autem
2963 3994 3180 4050 semper
3219 3978 3537 4034 ambulemus
3561 3972 3602 4026 in
3624 3962 3753 4022 viatic-

2294 4088 2397 4130 nec
2421 4088 2486 4128 eo
2516 4072 2798 4128 veniamus
2827 4087 2936 4142 quo
2962 4071 3111 4127 ducit
3137 4072 3249 4136 via,
3279 4083 3529 4140 nusquam
3565 4059 3685 4118 inilla
3703 4069 3753 4109 η’

2295 4178 2635 4230 maneamus,
2683 4163 2855 4225 donec
2893 4160 3155 4233 perducat
3199 4163 3291 4217 ubi
3322 4170 3614 4217 maneamus.
3647 4149 3754 4233 Atqu?

2297 4252 2371 4307 ita
2392 4260 2446 4306 et
2465 4252 2754 4323 quaerendo
2782 4232 3073 4318 tendimus,
3117 4259 3173 4307 et
3199 4249 3526 4314 inveniendo,
3553 4243 3608 4300 ad
3629 4232 3754 4307 αιίίιιιίδ

2297 4342 2656 4414 pervenimus.

2372 4437 2537 4494 VERS-
2570 4437 2624 4492 8-
2669 4466 2743 4477 —
2785 4436 3242 4515 Quentqdmodum
3285 4446 3450 4491 autem
3486 4432 3663 4489 Jannes,
3693 4426 3755 4474 ειεο

2304 4527 2469 4597 Quasi
2513 4528 2657 4583 dicat
2688 4546 2705 4583 ς
2734 4526 2894 4584 Tales
2920 4528 3180 4583 seducunt
3209 4545 3223 4583 :
3265 4525 3471 4583 veritati
3510 4529 3652 4576 autem
3671 4521 3754 4597 stm-

2226 4607 2280 4668 D
2303 4595 2403 4690 per
2426 4616 2701 4674 resistunt.
2731 4616 2799 4671 Et
2829 4617 2933 4671 hoc
2974 4624 3057 4671 est
3081 4614 3225 4687 quod
3263 4615 3337 4669 ait
3374 4632 3386 4667 :
3423 4595 3756 4677 Quemadmodltl

2306 4717 2477 4764 autem
2507 4706 2731 4772 Jannes,
2759 4715 2862 4763 etc.
2896 4706 3096 4762 lanues
3127 4715 3182 4762 et
3205 4705 3483 4767 Mambres,
3512 4699 3600 4754 duo
3621 4691 3756 4779 intret.

2306 4797 2523 4854 fuerunt
2547 4797 2689 4870 magi
2719 4795 3039 4852 Pharaonis.
3070 4794 3273 4852 Horum
3302 4793 3504 4849 nomina
3525 4802 3611 4843 non
3632 4778 3759 4870 invenit

2304 4887 2590 4959 Apostolus
2612 4888 2664 4943 in
2687 4887 2884 4943 divinis
2910 4887 3084 4952 libris,
3112 4886 3205 4942 sed
3230 4887 3283 4940 in
3304 4878 3611 4955 apocryphis.
3626 4871 3673 4925 de
3689 4878 3757 4933 φιν

2306 4980 2407 5049 lius
2430 4981 2535 5036 hoc
2563 4981 2814 5036 sumitur.
2849 4980 2912 5034 lli
2946 4987 3125 5034 autem
3158 4977 3467 5033 restiterunt
3501 4963 3634 5038 Moysi
3658 4962 3759 5049 usti}?

2308 5044 2377 5126 a‘d
2403 5065 2633 5126 tertium'
2647 5072 2856 5142 signum
2877 5111 2893 5136 ,
2921 5068 2974 5123 in
2999 5083 3104 5138 quo
3131 5066 3439 5123 defecerunt
3468 5062 3690 5150 dicemch

2305 5163 2443 5234 gitus
2469 5162 2561 5218 Dei
2584 5172 2657 5218 est
2685 5132 2789 5216 hic.
2817 5132 2886 5215 Et
2913 5132 3053 5216 sicut
3075 5159 3146 5214 illi
3178 5159 3485 5216 restiterunt
3503 5143 3651 5219 Moysi,
3671 5132 3760 5192 Ῐιθδί

2305 5255 2512 5312 scilicet
2535 5254 2775 5309 haeretici
2798 5252 2929 5307 mihi
2953 5251 3236 5306 resistunt.

2377 5320 2542 5402 Vsus.
2574 5344 2660 5399 15.
2687 5373 2756 5385 --
2785 5341 2917 5397 Mali
2946 5352 3122 5396 autem
3159 5341 3413 5401 homines,
3436 5343 3530 5391 etc.
3554 5324 3673 5383 Tales
3686 5314 3760 5410 ῥυηξ

2311 5439 2404 5509 qui
2433 5438 2620 5493 timent
2646 5437 2745 5492 hos
2771 5435 2966 5491 laedere
3001 5450 3189 5491 coram
3226 5434 3417 5506 quibus
3455 5417 3757 5509 loquuntur-fill

2314 5498 2420 5584 lio“
2449 5537 2754 5600 Pl'il‘parant
2773 5527 2839 5582 ad
2864 5526 3214 5592 tentalioncs,
3236 5498 3327 5580 sed
3354 5515 3639 5600 promittunt
3659 5498 3745 5600 felici

2317 5595 2481 5676 tatem
2532 5595 2689 5688 hujus
2723 5619 2925 5685 saeculi,
2979 5634 3143 5690 quam
3196 5619 3339 5672 Deus
3379 5615 3479 5685 ipse
3515 5595 3664 5661 εωωιιο
3699 5595 3754 5690 Μ’

2316 5711 2585 5784 promisit.
2616 5710 2707 5765 llle
2753 5688 3011 5781 pnediciti
3042 5710 3256 5767 labores
3292 5718 3451 5775 usque
3473 5701 3517 5755 in
3552 5688 3761 5784 aneane:

2319 5772 2470 5862 turos
2490 5804 2686 5863 saeculo
2711 5820 2723 5858 :
2753 5772 2809 5859 tu
2839 5817 3125 5876 prospera.
3149 5802 3243 5863 ille
3261 5799 3329 5862 ad
3358 5772 3763 5854 confortandam”
