3948 6314
205 452 307 508 637

1164 391 1433 494 GLOSSA
1473 430 1873 492 ORDINARIA.
1913 459 1980 467 —
2020 425 2237 481 EPIST.
2282 425 2372 479 AD
2411 423 2544 480 TlT.

3352 413 3456 471 638

203 579 378 629 tuum,
416 561 566 618 venit
603 559 734 628 pati,
775 555 935 620 mori,
961 553 1134 624 sputis
1179 552 1384 616 illiniri,
1428 550 1597 620 Spiuis
1621 562 1778 602 coro-
1805 546 1856 604 Α
1881 549 1938 594 ut
1962 538 2131 608 ﬁdelis
2166 552 2346 590 essem.
2376 533 2685 604 Apostolum
2715 531 2857 586 enim
2889 528 3194 586 invenimus
3226 526 3342 580 sine
3370 524 3454 576 ul-

202 659 346 721 nari,
399 653 688 725 opprobria
735 651 897 711 ferre,
941 647 1009 702 fel
1055 654 1110 701 et
1149 653 1357 699 acetum
1388 642 1596 702 bibere,
1640 639 1782 708 ligno

203 748 425 818 conﬁgi.
453 745 643 801 Omnia
686 743 800 796 haec
833 740 920 793 ille
968 737 1088 792 tulit
1113 751 1212 807 pro
1239 743 1310 788 te.
1347 733 1437 787 llle
1474 730 1786 786 confortans

206 844 506 906 inﬁrmum,
549 848 608 892 ιιι
645 851 768 892 cum
799 833 1108 896 crediderit,
1156 846 1262 885 non
1310 837 1493 899 speret
1530 840 1786 896 prospera

208 934 371 1004 hujus
392 931 603 995 seculi;
634 928 776 983 unde
796 908 876 980 z'F
881 924 961 986 ili,
992 923 1238 978 accedens
1261 920 1329 974 ad
1355 919 1648 974 servitutem
1669 916 1788 980 Dei,

208 1038 293 1084 sta
317 1029 374 1081 in
391 1022 603 1095 justitia
629 1029 677 1074 el
711 1019 916 1082 timore,
945 1024 992 1069 et
1022 1029 1262 1085 prtepara
1285 1011 1514 1064 animant
1553 1018 1698 1061 tuam
1720 1007 1788 1060 ad

212 1119 543 1176 tentationes.

285 1205 452 1260 Vens.
483 1203 568 1257 l5.
599 1232 671 1242 -—
722 1201 912 1256 Sacras
958 1197 1160 1250 litteras
1215 1195 1350 1248 nosti
1395 1207 1512 1263 quae
1564 1199 1633 1254 te,
1681 1198 1786 1244 etc.

215 1297 442 1353 Multum
491 1297 666 1365 signat
702 1293 960 1362 prodesse
999 1288 1211 1344 Veteris
1237 1283 1566 1340 Testamenti
1594 1282 1792 1337 habere

216 1387 488 1449 notitiam,
511 1386 597 1438 ubi
621 1382 820 1438 Christi
842 1395 1068 1451 persona
1091 1387 1146 1433 et
1174 1375 1472 1431 incarnatio
1493 1374 1794 1428 insinuatur

217 1495 341 1550 qua:
367 1476 432 1532 ad
458 1475 686 1531 salutem
710 1475 985 1530 hominum
1015 1471 1176 1526 valet.

825 1605 1052 1662 CAPUT
1095 1604 1182 1660 1V.

295 1743 462 1797 Vsns.
501 1741 556 1795 2.
599 1770 670 1780 -—
702 1739 1026 1808 lmportune.
1068 1737 1146 1790 Tu
1192 1743 1490 1805 opportune
1523 1732 1661 1797 agis,
1701 1730 1795 1785 sed

221 1837 568 1906 importunus
605 1848 724 1888 esse
758 1830 958 1884 videris
999 1830 1049 1884 ei
1087 1828 1178 1898 qui
1217 1843 1323 1881 non
1363 1826 1589 1880 libenter
1626 1822 1792 1883 audit,

1887 633 1954 687 lis
1983 631 2138 685 bonis
2165 628 2372 683 meritis
2391 667 2405 692 ,
2437 627 2544 680 imo
2567 641 2688 681 eum
2715 623 2899 678 multis
2923 622 3066 676 vitiis
3101 619 3196 675 Dei
3227 618 3458 689 gratiam

1887 730 2258 783 consecutum,
2301 718 2650 772 reddentibus
2679 720 2816 771 bona
2856 729 2955 786 pro
3001 713 3174 767 malis.
3226 711 3328 778 Qui
3359 725 3458 764 sua

1879 811 1992 882 jam
2021 811 2413 882 propinquante
2438 808 2687 880 passione
2715 809 2852 860 bona
2877 804 3071 859 merita
3105 817 3200 859 sua
3224 815 3459 856 comme-

1887 913 2082 966 morat,
2127 911 2248 972 post
2293 916 2412 970 quae
2455 907 2813 968 consequetur
2872 911 3150 959 coronam,
3201 893 3292 964 qui
3339 901 3463 963 post

1888 995 2026 1050 mala
2054 995 2247 1048 merita
2269 999 2589 1046 consecutus
2623 999 2704 1043 est
2735 988 2963 1060 gratiam
2998 1004 3010 1040 :
3041 1000 3158 1055 quae
3180 984 3282 1038 nisi
3310 983 3462 1054 prius

1889 1085 2119 1153 gratuita
2145 1083 2456 1144 donaretur,
2479 1094 2679 1134 corona
2708 1094 2812 1131 non
2836 1076 3168 1131 redderetur.
3197 1073 3312 1128 Non
3335 1075 3468 1142 ergo

1891 1173 2080 1226 merita
2108 1173 2277 1242 ipsius
2304 1180 2558 1241 tanquam
2591 1170 2760 1239 ipsius
2788 1176 2914 1224 sunt
2933 1208 2946 1232 ,
2979 1169 3031 1224 id
3059 1175 3142 1222 est
3175 1167 3388 1236 ex'ipso
3414 1166 3463 1221 ei

1892 1269 2224 1330 comparata,
2257 1261 2350 1314 scd
2383 1263 2520 1321 dona
2551 1259 2644 1313 Dei
2671 1266 2813 1312 sunt.

1967 1327 2126 1406 vens.
2169 1352 2222 1406 8.
2261 1381 2332 1390 —
2366 1349 2580 1404 Reddet.
2618 1347 2674 1404 Si
2711 1348 2868 1403 enim
2890 1346 3026 1403 ﬁdes
3060 1346 3233 1417 gratia
3271 1355 3373 1408 est,
3413 1327 3470 1399 et

1891 1441 2000 1494 vita
2036 1450 2233 1495 teterna
2281 1439 2434 1508 quasi
2472 1453 2679 1493 merces
2704 1445 2787 1493 est
2815 1436 2970 1502 ﬁdei;
3002 1437 3215 1490 videtur
3252 1434 3466 1504 quidem

1895 1531 2036 1586 Deus
2064 1532 2225 1584 vitam
2263 1540 2519 1585 aeternam
2561 1540 2814 1599 tanquam
2845 1530 3081 1583 debitum
3115 1529 3344 1582 reddere
3382 1529 3469 1582 cui

1895 1622 2053 1675 debet
2079 1621 2236 1681 ﬁdeli,
2265 1622 2388 1690 quia
2406 1621 2701 1691 promeruit
2719 1620 2862 1674 illam
2887 1635 2982 1688 per
3012 1617 3200 1684 ﬁdem;
3229 1619 3322 1673 sed
3345 1618 3471 1686 quia

1896 1711 2029 1765 ﬁdes
2053 1711 2222 1781 gratia
2244 1719 2348 1773 est,
2373 1718 2426 1763 et
2452 1711 2559 1764 vita
2581 1717 2781 1764 aeterna
2808 1709 3101 1778 estgratia,
3129 1724 3226 1778 per
3245 1708 3472 1778 gratiam

1898 1821 2026 1875 ergo
2047 1805 2256 1860 reddet.
2279 1803 2465 1858 Justus
2486 1806 2676 1875 judex.
2712 1805 3097 1875 Utiquejustus
3126 1805 3476 1861 retribuendo

222 1888 368 1995 qugd
400 1934 577 1978 tamen
620 1923 670 1980 ei
711 1919 998 1990 aliquando
1033 1918 1270 1989 prodest.
1305 1915 1382 1968 Τυ
1415 1922 1594 1968 tamen
1622 1912 1798 1964 sciens
1831 1888 1874 1947 Β
1903 1895 2166 1966 bona'pro
2196 1897 2370 1960 bonis,
2397 1897 2521 1967 quia
2553 1909 2731 1952 tamen
2757 1897 2909 1967 prius
2941 1896 3251 1951 misericors
3275 1906 3353 1951 est
3384 1912 3474 1951 re-

225 2017 331 2071 hoc
360 2014 435 2068 illi
462 2029 581 2069 esse
608 2020 1022 2082 oppportunum,
1052 2008 1195 2076 quod
1220 2007 1268 2060 ei
1295 2005 1510 2059 videtur
1539 2004 1799 2072 importu-

222 2122 379 2171 num,
412 2104 750 2161 dilectionem
792 2114 1084 2169 curamque
1136 2096 1382 2152 sanitatis
1430 2095 1568 2163 ejus,
1620 2092 1800 2144 animo

227 2206 414 2252 teneas
461 2204 742 2250 mansueto
779 2201 833 2247 et
881 2190 1142 2245 modesto.
1186 2187 1407 2256 lncrepa
1447 2186 1501 2238 in
1541 2183 1797 2236 omnibus.

227 2285 514 2357 Timotheo
567 2283 829 2338 acriorem
876 2280 1064 2335 suadet
1092 2277 1429 2348 patientiam.
1476 2273 1601 2328 Tito
1640 2272 1802 2326 nimis

225 2376 485 2448 patienti,
514 2373 796 2443 imperium
827 2370 1134 2442 persuadet.

305 2465 464 2522 Vsns.
492 2465 544 2518 ’5.
566 2461 1023 2517 —Coacervabunt
1050 2459 1149 2514 sibi
1179 2456 1474 2527 magistros.
1508 2453 1563 2509 ld
1584 2461 1688 2519 est,
1710 2452 1801 2522 qui

228 2572 296 2612 ea
319 2557 545 2612 doceant
567 2569 690 2625 quae
710 2553 914 2608 volunt.
939 2549 1224 2618 Prophetia
1255 2556 1337 2602 est
1359 2546 1532 2602 sancti
1555 2543 1803 2614 apostoli,

227 2649 324 2718 qui
371 2646 630 2717 prmseius
668 2644 992 2705 futurorum,
1026 2641 1078 2696 in
1111 2639 1356 2694 doctrina
1398 2635 1642 2706 praecipit
1682 2648 1803 2688 esse

227 2739 562 2801 instandum,
601 2745 659 2790 ut
691 2746 879 2790 contra
920 2734 1022 2788 hoc
1051 2731 1193 2801 quod
1232 2729 1468 2784 futurum
1505 2735 1639 2791 erat,
1666 2741 1805 2796 prm-

225 2831 452 2903 paretur
482 2829 741 2884 Ecclesia.
787 2826 942 2881 Tales
968 2824 1112 2880 enim
1149 2823 1281 2878 dicit
1313 2821 1535 2880 futuros,
1577 2817 1667 2886 qui
1706 2831 1804 2886 pro

226 2923 516 2980 desideriis
554 2921 667 2975 suis
696 2917 876 2974 doceri
920 2916 1104 2969 volunt
1138 2923 1199 2968 ut
1232 2928 1262 2966 a
1290 2909 1564 2981 magistris
1599 2907 1807 2962 scilicet

225 3015 610 3074 constantibus
647 3021 701 3066 et
743 3011 1026 3066 veracihus
1052 3008 1118 3061 ad
1158 3021 1250 3060 eos
1288 3008 1672 3059 convertantur
1711 2996 1803 3067 qui

227 3107 353 3161 hate
377 3105 497 3159 illos
517 3104 742 3157 doceant
775 3115 892 3168 quae
923 3099 1150 3153 libenter
1177 3093 1415 3156 audiant,
1451 3089 1574 3160 quia
1606 3087 1804 3142 veritas

228 3196 344 3252 illis
371 3209 563 3265 aspera
586 3191 871 3255 videbitur,
899 3196 958 3243 ut
983 3187 1165 3244 relicta
1193 3199 1322 3240 vera
1343 3180 1588 3237 doctrina
1610 3177 1805 3233 fabulis

222 3292 470 3429 “vi:
497 3371 551 3426 5.
581 3402 654 3412 —
680 3368 822 3440 Opus
857 3368 940 3438 fac
962 3364 1305 3436 evangelista.
1344 3358 1612 3415 Testando
1643 3371 1804 3426 opere

224 3465 378 3536 quod
404 3479 499 3518 ore
531 3461 862 3532 praedicans,
895 3464 954 3512 ut
988 3461 1365 3524 retorqueatur
1389 3465 1451 3504 os
1480 3447 1706 3503 turturis
1737 3446 1804 3500 ad

225 3554 480 3617 ascellas,
513 3562 568 3608 et
605 3553 714 3607 sint
754 3549 894 3604 mala
921 3548 1116 3617 punica
1153 3552 1207 3599 et
1235 3538 1590 3598 tintinnabula
1628 3537 1682 3591 in
1708 3551 1806 3601 ex,-

225 3645 423 3700 tremis
442 3643 554 3697 oris
576 3639 937 3712 byacinthinm
968 3637 1180 3692 tunicae.

304 3734 470 3789 Vens.
509 3733 562 3788 6.
607 3762 680 3772 —
722 3730 955 3784 Delibor.
995 3728 1190 3782 Libare
1217 3723 1466 3787 dicimus,
1497 3722 1803 3790 degustare,

225 3828 459 3884 fundere
481 3835 538 3882 et
561 3823 860 3880 immolare.
898 3822 1026 3876 inde
1055 3818 1311 3880 delibare,
1343 3814 1484 3884 quod
1513 3822 1692 3867 tamen
1720 3809 1809 3864 hic

225 3933 335 3990 pro
364 3918 477 3988 ipsa
500 3915 861 3972 immolatione
885 3911 1120 3984 ponitur,
1159 3907 1464 3977 passionem
1485 3902 1629 3958 enim
1652 3915 1806 3956 suam

228 4009 616 4064 delibationem
653 4005 902 4076 appellat.
939 4004 1050 4060 Deo
1079 4001 1222 4056 enim
1252 3996 1560 4054 immolatur
1593 3994 1687 4064 qui
1713 4007 1810 4064 pro

221 4101 442 4174 justitia
471 4101 693 4170 patitur.
745 4149 754 4157 .

310 4189 497 4245 Vens-
513 4190 566 4243 7.
586 4218 658 4229 —
677 4185 887 4250 Fidem,
910 4199 1029 4255 quae
1053 4191 1136 4238 est
1159 4188 1320 4251 caput
1341 4176 1662 4235 Christiana:
1685 4172 1811 4230 reli-

229 4279 436 4352 gionis,
473 4279 692 4342 servavi,
727 4293 845 4347 qua:
881 4291 987 4330 non
1014 4282 1188 4346 potest
1218 4271 1404 4328 haberi
1431 4269 1531 4324 nisi
1566 4267 1672 4321 Deo
1708 4265 1811 4319 mi-

229 4381 472 4434 serante,
505 4371 629 4440 quia
659 4372 856 4424 donum
897 4368 992 4422 Dei
1021 4375 1138 4433 est;
1167 4365 1309 4419 unde
1338 4362 1463 4417 alibi
1493 4360 1568 4414 ait
1593 4376 1607 4412 :
1642 4355 1809 4410 Mise-

1902 1991 2186 2044 tribuendo
2229 1990 2368 2043 bona
2412 2005 2510 2060 pro
2554 1990 2740 2055 malis;
2788 1989 2902 2060 ipsa
2937 1987 3145 2058 iustitia
3177 2003 3282 2058 qua
3325 1988 3480 2042 retri-

1900 2079 2143 2134 buuntur
2178 2079 2315 2132 bona
2358 2095 2456 2148 pro
2495 2080 2652 2134 bonis
2688 2095 2792 2133 non
2819 2088 2903 2134 est
2931 2079 3046 2133 sine
3084 2078 3480 2134 misericordia.

1971 2169 2133 2222 Vens.
2172 2168 2258 2222 l5.
2289 2199 2359 2208 —
2395 2165 2674 2222 Penulam.
2719 2166 2961 2240 (Cnnvs.)
2996 2167 3226 2222 Pallium
3262 2167 3351 2222 hic
3383 2182 3478 2238 pe-

1902 2263 2084 2318 nulam
2107 2263 2256 2327 dicit,
2287 2274 2422 2330 etc.,
2449 2281 2611 2335 usque
2632 2263 2702 2318 ad
2728 2278 2796 2318 ne
2825 2263 2893 2318 ab
2917 2261 3038 2318 aliis
3063 2262 3206 2318 hanc
3234 2263 3482 2333 accipere

1901 2372 2035 2427 opus
2063 2356 2150 2410 sit.

1974 2446 2138 2502 Vnns.
2196 2447 2282 2501 14.
2332 2478 2402 2489 ——
2451 2447 2765 2502 Alexander.
2820 2447 2925 2503 Iste
2969 2455 3054 2502 est
3099 2461 3257 2517 quem
3319 2460 3478 2514 supra

1903 2541 2039 2595 dixit
2074 2555 2350 2596 reversum
2379 2540 2446 2594 ad
2484 2540 2807 2611 apostasiam
2827 2580 2841 2604 ,
2873 2539 2962 2608 qui
3009 2531 3310 2593 fabricaba't
3337 2537 3483 2591 aedes

1904 2633 2088 2688 Diana:
2130 2633 2268 2701 apud
2305 2632 2575 2693 Athenas,
2633 2640 2687 2686 et
2725 2646 2913 2687 omnes
2949 2639 3134 2684 contra
3162 2627 3476 2698 Apostolum

1905 2722 2217 2778 commovit.
2244 2721 2414 2776 Multa
2437 2723 2564 2776 mihi
2595 2722 2737 2797 mala
2759 2721 3000 2776 ostendit.
3038 2719 3279 2791 (Cnnvs.)
3311 2718 3413 2786 Qui
3445 2733 3477 2772 a

1905 2829 2102 2886 magno
2125 2813 2304 2883 aliquo
2329 2813 2620 2884 premitur,
2647 2821 2774 2878 etc.,
2797 2829 2960 2884 usque
2979 2813 3046 2865 ad
3070 2819 3130 2864 ut
3153 2809 3484 2866 inﬁrmiores

1905 2919 2120 2975 quoque
2146 2905 2308 2958 etiam
2332 2916 2398 2958 ex
2428 2903 2530 2957 hac
2555 2912 2709 2973 parte
2744 2902 2994 2958 solatium
3019 2901 3254 2970 capiant.

1975 2995 2140 3053 Vens.
2185 2994 2270 3048 16.
2320 3023 2390 3034 -
2429 2992 2761 3062 Defensione.
2802 2991 3116 3046 Pressuram
3154 2997 3208 3046 et
3259 2990 3477 3046 tribula-

1905 3087 2105 3140 tionem
2140 3086 2241 3139 sibi
2272 3084 2472 3138 illatam
2507 3083 2869 3139 defensionem
2897 3082 3128 3151 appellat
3157 3100 3171 3137 :
3203 3082 3479 3138 tribulatio

1906 3174 2145 3230 defensio
2189 3182 2273 3230 est
2322 3173 2662 3240 Christianis,
2695 3174 2830 3244 quia
2876 3171 3112 3228 defendit
3149 3186 3242 3227 eos
3291 3171 3346 3227 in
3391 3173 3478 3228 die

1828 3249 1874 3312 C
1899 3263 2108 3336 judieii.

1979 3355 2103 3409 Non
2158 3353 2264 3408 illis
2313 3354 2612 3424 imputetur.
2667 3353 2783 3410 Non
2830 3362 2950 3409 orat
2996 3369 3093 3424 pro
3145 3352 3476 3420 Alexandro,

1906 3446 1997 3516 qui
2021 3445 2310 3499 invidentia
2340 3443 2732 3500 fraternitatem
2757 3444 3110 3514 oppugnando
3135 3450 3477 3514 peccaverat,

1909 3536 2003 3591 sed
2047 3549 2146 3604 pro
2194 3534 2279 3588 his
2319 3534 2410 3603 qui
2452 3533 2776 3604 abruperant
2825 3548 3064 3587 amorem
3089 3572 3104 3597 ,
3149 3533 3242 3588 sed
3284 3531 3479 3586 timore

1909 3626 2336 3689 succubuerunt;
2370 3631 2490 3678 orat
2522 3632 2582 3677 ut
2609 3624 2688 3679 eis
2716 3624 3045 3695 ignoscatur.
3076 3621 3301 3677 Multum
3331 3622 3478 3678 enim

1909 3716 2135 3770 interest
2167 3714 2309 3769 inter
2331 3729 2426 3769 eos
2449 3715 2540 3784 qui
2569 3713 2672 3770 hoe
2695 3716 2855 3769 modo
2877 3722 2931 3768 et
2961 3727 3054 3768 eos
3081 3713 3171 3782 qui
3201 3711 3292 3767 illo
3318 3712 3485 3768 modo

1907 3815 2155 3878 peccant.

1979 3901 2145 3956 Vens.
2184 3900 2270 3954 l7.
2302 3930 2374 3942 —
2408 3899 2488 3954 De
2510 3915 2599 3952 ore
2619 3898 2803 3952 leonis.
2826 3895 3072 3959 Neronis,
3101 3895 3168 3950 de
3197 3892 3348 3962 cujus
3375 3907 3484 3948 ma-

1910 3993 2070 4049 nibus
2103 3992 2364 4047 liberatus
2401 3997 2483 4044 est
2507 4004 2538 4043 a
2572 3989 2815 4050 Domino,
2845 3987 3056 4056 quando
3075 3986 3224 4039 venit
3256 3984 3488 4038 Romam

1912 4083 2176 4137 adductus
2215 4080 2282 4133 ab
2316 4079 2402 4133 bis
2437 4079 2526 4148 qui
2555 4087 2824 4148 prmerant
2857 4074 3077 4138 Iudicas,
3108 4075 3178 4128 ob
3212 4073 3314 4127 hoc
3341 4070 3487 4140 quod

1911 4172 2180 4228 Caesarem
2221 4169 2562 4241 appellasset.
2610 4167 2745 4222 Nam
2799 4182 2922 4222 cum
2973 4165 3214 4220 venisset
3258 4163 3492 4216 Romam

1913 4265 2121 4321 duobus
2155 4263 2312 4317 annis
2332 4255 2544 4315 ‘mansit
2573 4259 2626 4314 in
2664 4258 2832 4314 libera
2867 4256 3110 4313 custodia
3130 4296 3144 4321 ,
3176 4262 3297 4324 post
3319 4252 3494 4306 etiam.

1913 4355 2166 4411 transivit
2205 4354 2273 4409 ad
2319 4352 2455 4408 alias
2502 4351 2751 4407 nationes
2794 4365 2914 4422 quae
2959 4356 3116 4404 erant
3161 4347 3215 4402 in
3261 4344 3490 4401 circuitu

231 4461 528 4517 ricordiam
547 4470 847 4515 consecutus
867 4475 1003 4523 sum,
1035 4473 1142 4514 non
1167 4457 1290 4527 quia
1321 4453 1494 4509 ﬁdelis
1522 4465 1692 4514 eram,
1719 4447 1813 4504 sed
1839 4438 1890 4498 D
1919 4445 2121 4501 Romae.

241 4584 3496 4622 MM

1265 4703 1795 4782 ‘EPlSTOLA
1869 4702 2002 4778 AD
2077 4697 2454 4776 TlTUM.

783 4957 1288 5016 ARGUMENTUM.

317 5071 502 5128 Titum
536 5067 950 5125 commonefacit
990 5077 1045 5123 et
1073 5067 1290 5122 instruit
1331 5068 1396 5122 de
1439 5066 1819 5122 constitutione

237 5161 569 5236 presbyterii
609 5160 754 5214 etde
782 5158 1047 5228 spirituali
1087 5159 1515 5222 conversatione,
1560 5167 1613 5212 et
1650 5160 1820 5212 haere-

241 5253 374 5307 ticis
403 5250 656 5313 vitandis,
692 5249 784 5318 qui
813 5249 867 5302 in
901 5248 1274 5303 traditionibus
1294 5247 1534 5303 Judaieis
1570 5249 1816 5314 credunt,

242 5343 496 5398 scribens
531 5341 580 5395 ei
617 5355 647 5392 a
674 5339 934 5409 Nicopoli.
1368 5322 1373 5327 ’

760 5433 986 5489 CAPUT
1021 5432 1309 5488 PRIMUM.

328 5523 490 5578 Vens.
525 5525 574 5578 l.
615 5555 688 5566 —
730 5523 934 5578 Paulus
974 5540 1186 5588 servus,
1218 5532 1324 5578 etc.
1356 5523 1674 5579 Conditione
1713 5539 1819 5580 non

245 5627 432 5672 tamen
475 5618 682 5688 peccati
724 5618 922 5672 misera
971 5618 1247 5677 servitute.
1299 5619 1393 5673 sed
1443 5619 1556 5673 Dei.
1598 5621 1824 5686 Quidam

246 5707 556 5775 nobilitate,
596 5708 828 5778 qualiter
867 5707 1076 5778 Moyses
1114 5720 1170 5763 et
1201 5709 1367 5763 David
1399 5710 1536 5763 servi
1569 5719 1692 5764 sunt
1732 5726 1828 5780 ap-

245 5795 460 5864 pellati,
501 5807 556 5853 et
596 5797 761 5852 Maria
800 5796 1010 5851 ancilla.
1051 5795 1343 5851 Secundum
1374 5798 1524 5853 ﬁdem
1561 5799 1726 5853 electi.
1771 5799 1827 5854 ld

1919 4963 2004 5012 est
2031 4969 2193 5024 quam
2219 4959 2403 5007 tenent
2429 4950 2511 5006 vel
2536 4965 2640 5020 qua
2663 4947 2940 5004 salvantur
2961 4946 3120 5002 electi
3147 4948 3266 5013 Dei,
3291 4958 3348 5006 et
3376 4950 3506 5006 ideo

1918 5062 2016 5119 per
2039 5061 2103 5100 ea
2134 5044 2309 5114 magis
2336 5041 2708 5096 laborandum.

1993 5139 2160 5193 Vens.
2201 5136 2256 5189 2.
2286 5164 2354 5174 —
2396 5133 2463 5190 In
2496 5151 2638 5203 spem
2679 5132 2797 5187 vitae
2837 5142 3066 5186 wterme.
3112 5130 3239 5187 Haec
3275 5146 3383 5186 res.
3412 5131 3508 5187 hic

1921 5230 2128 5284 fruetus
2177 5225 2458 5297 apostolici
2498 5224 2677 5280 ollicii.
2734 5224 2837 5279 Per
2867 5225 2970 5280 hoc
3009 5223 3352 5280 commendat
3387 5223 3506 5279 olli-

1921 5323 2064 5378 cium
2093 5319 2444 5390 apostolicum
2478 5333 2584 5372 non
2616 5316 2845 5386 tepidius
2889 5317 3178 5386 agendum.
3206 5315 3339 5369 Ante
3367 5324 3502 5368 tent-

1928 5430 2080 5485 pora,
2109 5421 2214 5467 etc.
2261 5410 2376 5464 Non
2411 5425 2600 5464 recens
2636 5409 2943 5478 promissio,
2977 5409 3068 5464 sed
3095 5416 3220 5463 ante
3259 5415 3500 5476 tempora

1930 5507 2170 5562 omnium
2201 5502 2542 5558 saeculorum.

2004 5613 2169 5668 Vens.
2211 5615 2264 5669 3.
2313 5644 2383 5653 —
2428 5613 2802 5683 Manifestavit.
2854 5611 3122 5682 Congruis
3160 5609 3264 5662 hoc
3302 5605 3510 5660 factum

1932 5713 2015 5760 est
2043 5703 2394 5773 temporibus,
2422 5704 2629 5760 scilicet
2658 5703 2916 5770 Verbum,
2948 5703 3000 5758 id
3034 5709 3119 5756 est
3139 5698 3342 5755 Filius:
3373 5696 3503 5753 Haec

1932 5806 2005 5850 est
2039 5796 2139 5849 vita
2179 5804 2393 5849 wterna.
