3948 6314
485 415 589 471 639

985 410 1378 469 WALAFltlDl
1419 411 1670 469 STRABI
1706 411 1912 468 FULD.
1954 411 2051 468 MO

2179 411 2315 468 )PP.
2361 412 2541 469 PARS
2576 411 2621 468 l.
2664 406 3235 471 JTIIEOLOGICA'.

3579 413 3596 421 ’
3656 421 3753 476 nso

549 529 716 585 Vsus.
751 529 809 584 4.
847 558 917 570 -
941 525 1082 581 Filio
1118 527 1403 581 secundum
1434 544 1758 582 communem
1795 527 1972 595 ﬁdem.
2010 526 2066 581 Id
2095 530 2141 588 Α
2171 525 2552 590 Antichristos,
2580 527 2670 597 qui
2703 543 2797 583 ore
2819 528 3144 584 conﬁtentur
3177 530 3477 597 Christum,
3517 541 3576 588 et
3599 537 3753 614 mori-

478 631 566 678 est
601 621 926 678 catholicam
971 635 1077 675 non
1118 620 1388 690 privatam
1443 619 1686 689 alicujus.
1745 618 2062 674 Catholicon

478 709 688 778 Graece,
712 726 998 767 commune
1027 710 1111 765 vel
1135 710 1440 764 universale
1462 711 1659 764 dicitur
1688 710 1897 764 Latine.

550 801 732 871 Hujus
761 801 836 854 rei
854 801 1049 870 gratia.
1081 800 1262 854 Primo
1285 798 1415 853 dicit
1443 799 1572 868 quid
1603 814 1765 869 agere
1796 798 1988 852 debeat
2011 805 2065 850 et

480 891 665 962 quales
714 891 966 947 ordinare
1011 891 1358 961 presbyteros
1386 932 1400 955 ,
1457 891 1719 961 incipiens
1769 890 1862 954 ita,
1908 889 2065 959 hujus

483 984 556 1036 rei
579 983 771 1052 gratia.
798 981 936 1036 Dum
971 982 1086 1036 hate
1114 981 1323 1048 recolit,
1345 983 1486 1037 sicut
1513 981 1561 1036 ei
1589 982 1925 1052 disposuerat
1948 995 2063 1034 mos

481 1085 574 1128 net
600 1075 846 1144 exsequi.
1498 1091 1504 1118 ι

558 1162 721 1217 Vens.
747 1163 801 1218 5.
824 1194 896 1204 —
926 1161 1284 1234 Presbyteros.
1313 1163 1601 1219 Pluraliter
1623 1164 1754 1218 dicit
1782 1165 2061 1244 presliylcf

481 1272 606 1320 ros,
651 1272 756 1312 non
800 1267 979 1312 autem
1022 1257 1386 1328 singulariter,
1432 1265 1490 1312 ut
1532 1257 1739 1312 scilicet
1777 1245 2063 1327 pastoralis

483 1365 627 1403 curae
653 1364 790 1404 onus
823 1348 1034 1403 facilius
1064 1341 1426 1414 sustineatur,
1454 1363 1551 1418 per
1582 1347 1780 1403 multos
1809 1348 2059 1403 divisum.

556 1440 719 1494 Vens.
753 1439 805 1495 6.
835 1472 906 1480 -
942 1440 1064 1495 Sine
1107 1441 1343 1496 crimine.
1389 1441 1444 1496 Si
1481 1441 1726 1506 dixisset,
1777 1441 1892 1494 sine
1937 1457 2063 1510 pec-

485 1541 620 1593 cato,
665 1533 843 1588 nullus
876 1535 927 1588 in
965 1534 1207 1589 Ecclesia
1239 1543 1385 1588 recte
1413 1542 1599 1604 posset
1637 1534 1873 1588 ordinari
1905 1534 2064 1587 mini-

483 1633 618 1677 ster.
658 1623 807 1677 Multi
846 1625 990 1679 enim
1016 1624 1274 1693 baptizati
1307 1625 1491 1680 ﬁdeles
1513 1633 1638 1679 sunt
1675 1624 1788 1678 sine
1812 1623 2058 1688 crimine,

485 1715 601 1769 sine
649 1725 869 1785 peccato
923 1733 1051 1772 vero
1103 1718 1154 1771 in
1205 1719 1307 1773 hac
1344 1719 1451 1772 vita
1489 1719 1758 1773 neminem
1793 1717 2057 1782 dixerim;

484 1819 589 1858 non
614 1807 737 1875 quia
763 1807 964 1876 peccati
988 1807 1188 1878 aliquid
1208 1818 1485 1862 remaneat
1503 1807 1643 1876 quod
1669 1807 1720 1860 in
1739 1807 2061 1876 baptismate

2168 615 2268 669 bus
2309 615 2636 670 dissentiunt
2677 618 2745 671 ab
2786 633 2870 672 eo.
2917 618 3176 688 Quisquis
3215 619 3371 675 factis
3402 631 3572 693 negat
3600 623 3754 680 Chrio

2167 712 2310 758 stum
2349 703 2718 762 Antichristus
2757 716 2859 762 est.
2899 708 3056 764 Tales
3096 720 3224 764 sunt
3261 727 3453 767 omnes
3495 713 3624 768 mali
3668 731 3754 771 ca-

2169 795 2373 861 tholici,
2397 797 2486 866 qui
2509 812 2613 852 non
2639 798 2840 864 verbis,
2865 801 2960 854 sed
2981 799 3139 856 factis
3169 811 3386 871 negant.
3419 802 3604 858 Nolite
3625 820 3752 878 ergo

2167 901 2286 942 esse
2315 897 2574 958 tanquam
2611 889 2679 944 de
2723 890 2828 945 ﬁde
2857 891 3068 956 securi,
3101 891 3376 964 adjimgite
3421 894 3548 949 ﬁdei
3598 906 3754 951 recta

2166 981 2336 1034 vitam
2376 991 2603 1048 rectam,
2648 991 2708 1038 ut
2736 984 3012 1038 Christum
3045 985 3433 1047 conﬁteamini,
3483 995 3543 1040 et
3577 989 3753 1043 verbis

2165 1087 2292 1126 vera
2324 1072 2584 1138 docendo,
2621 1082 2676 1127 et
2707 1073 2862 1129 factis
2891 1075 3028 1130 bene
3052 1076 3300 1130 vivendo.
3342 1076 3477 1130 Nam
3511 1077 3560 1132 si
3589 1079 3752 1134 contio

2168 1163 2351 1217 temini
2394 1163 2575 1218 verbis
2619 1172 2672 1218 et
2707 1180 2812 1218 non
2855 1163 3035 1230 factis,
3088 1164 3222 1221 ﬁdes
3266 1175 3475 1220 tantum
3512 1181 3750 1220 meorum

2165 1256 2382 1324 proprie
2415 1254 2546 1310 ﬁdes
2570 1264 2653 1310 cst
2677 1257 3084 1311 daemoniorum.

2778 1346 3006 1402 CAPUT
3052 1348 3110 1402 ll.

2237 1435 2398 1489 Vens.
2436 1435 2483 1488 1.
2523 1465 2589 1474 —-
2615 1434 2693 1489 Tu
2727 1446 2899 1490 autem
2940 1436 3147 1508 loquere
3176 1455 3292 1509 qua:
3332 1439 3519 1494 decent
3569 1457 3747 1495 sanata

2165 1524 2479 1578 doctrinam.
2510 1524 2633 1580 llmc
2663 1534 2928 1596 suntquae
2957 1529 3023 1581 ad
3048 1528 3218 1582 bonos
3250 1545 3432 1584 mores
3457 1533 3745 1601 pertinent.

2237 1613 2400 1668 Vens.
2428 1613 2482 1666 2.
2506 1645 2577 1652 —
2602 1614 2760 1669 Senes
2788 1625 2844 1669 ut
2865 1616 3024 1670 sobrii
3053 1617 3176 1670 sint.
3204 1617 3450 1690 (Cunvs.)
3484 1619 3659 1676 Habet
3678 1638 3748 1676 se-

2164 1714 2354 1760 nectus
2393 1706 2522 1760 vitia
2558 1709 2803 1777 qumdam
2834 1709 3069 1779 propria,
3103 1719 3156 1765 et
3189 1712 3411 1766 morbos
3445 1714 3649 1782 quibus
3670 1715 3747 1784 ju-

2164 1807 2354 1852 ventus
2395 1805 2564 1853 caret.
2608 1799 2674 1852 Et
2716 1801 2829 1869 ipsa
2860 1815 3073 1870 quoque
3104 1810 3356 1857 senectus
3388 1803 3620 1858 morbus
3649 1815 3741 1868 est,

484 1909 589 1947 non
621 1895 958 1961 dimittatur,
1001 1897 1096 1952 sed
1128 1899 1251 1966 quia
1283 1899 1334 1950 in
1364 1897 1520 1952 nobis
1557 1897 1609 1950 in
1641 1895 1796 1965 hujus
1832 1897 1954 1950 vitm
1981 1897 2057 1951 in-

2179 1890 2306 1941 ‘ncst
2327 1887 2406 1942 illi
2431 1897 2612 1942 tamen
2651 1899 2910 1960 praeterea
2942 1891 3199 1962 segnities
3220 1893 3471 1961 quadam
3494 1909 3562 1950 ac
3587 1895 3740 1949 lardi-

482 1983 742 2040 ﬁrmilate
791 1989 1130 2043 manentibus
1174 1989 1413 2059 quotidie
1453 1989 1569 2043 ﬁeri
1611 2005 1717 2043 non
1757 1989 2062 2058 quiescunt,

484 2096 603 2149 qua:
636 2079 862 2135 ﬁdeliter
890 2084 1171 2138 orantibus
1199 2084 1439 2153 quotidie
1466 2083 1830 2138 remittantur.
1863 2083 2065 2149 Quam-

483 2169 614 2224 libet
653 2172 804 2225 valde
826 2169 1034 2238 justum
1064 2173 1323 2228 discutias
1353 2173 1405 2226 in
1430 2172 1533 2227 hac
1566 2172 1699 2239 vita,
1741 2186 1847 2227 non
1874 2180 1957 2227 est
1986 2182 2064 2226 ta-

483 2272 607 2311 men
631 2258 746 2313 sine
771 2268 1014 2329 peccato.

557 2346 722 2404 Unius
752 2353 930 2405 uxoris
957 2353 1141 2406 virum.
1177 2353 1427 2423 (lltEBON.
1457 2352 1624 2424 Epist.
1655 2355 1724 2408 ad
1753 2351 2061 2424 Oceanum.)

480 2439 609 2494 Post
641 2443 985 2512 baptismum,
1009 2453 1116 2499 etc.
1139 2486 1152 2511 ,
1182 2462 1343 2515 usque
1365 2446 1434 2500 ad
1456 2447 1582 2515 quia
1609 2454 1692 2501 est
1724 2446 1792 2501 ab
1814 2462 1920 2500 uno
1952 2446 2061 2502 Deo

482 2541 789 2601 apostatare
808 2573 822 2598 ,
852 2542 905 2588 et
935 2535 986 2588 in
1016 2535 1236 2589 alterius
1259 2537 1699 2604 superstitionem
1726 2537 1822 2591 ire.

551 2624 722 2680 Filios
751 2627 944 2682 habens
969 2627 1169 2696 ﬁdeles.
1194 2629 1248 2683 ld
1278 2637 1381 2694 est,
1407 2644 1508 2684 nec
1530 2629 1720 2683 saltem
1752 2630 1818 2684 de
1851 2629 2061 2684 luxuria

479 2727 782 2783 accusatos,
823 2718 908 2771 vel
943 2719 1042 2772 sibi
1073 2735 1176 2774 non
1211 2720 1474 2775 subditos.
1511 2719 1763 2790 Alioquin
1805 2735 1908 2776 nec
1939 2736 2063 2791 spes

480 2808 534 2862 in
561 2809 650 2864 illo
675 2816 758 2863 est
777 2811 1084 2878 corrigendi
1109 2811 1259 2875 alios,
1286 2827 1386 2867 nec
1406 2811 1638 2867 frontem
1662 2812 1822 2866 habet
1839 2812 1905 2866 ad
1928 2811 2064 2868 alios

482 2902 667 2956 talium
702 2903 1057 2959 cohabitator.

555 2991 720 3048 Vens.
756 2995 806 3047 7.
842 3024 912 3034 —
947 2993 1162 3065 Oportet
1194 3001 1352 3050 enim.
1373 2995 1527 3051 Talis
1555 2996 1715 3050 debet
1753 2996 2005 3051 constitui
2045 3014 2058 3051 :

477 3102 704 3142 necesse
743 3096 825 3142 est
867 3083 1010 3142 enim
1055 3089 1121 3143 ad
1166 3091 1540 3145 tractationem
1583 3088 1745 3144 ofﬁcii
1792 3103 1914 3144 eum
1952 3107 2062 3144 esse

477 3177 591 3230 sine
632 3178 864 3237 crimine.
919 3179 973 3234 id
1019 3187 1102 3236 est
1145 3180 1676 3250 irreprehensibilem
1719 3181 2053 3250 episcopum.

2169 1986 2271 2043 tas,
2303 1978 2502 2032 oblivio
2531 1980 2816 2048 profunda,
2840 1981 3054 2036 obtusio
3086 1996 3344 2036 sensuum
3365 1991 3421 2037 et
3448 1983 3740 2039 iracundia.

2168 2066 2305 2120 Sunt
2332 2068 2476 2121 enim
2513 2068 2744 2138 plurima
2771 2085 2891 2140 qua:
2919 2071 2972 2124 in
2997 2069 3301 2140 huiusmodi
3324 2082 3489 2128 aetate
3522 2075 3613 2129 vix
3641 2075 3740 2129 ﬁeri

2165 2157 2458 2226 patiantur.

2239 2246 2398 2303 Vens.
2423 2248 2476 2302 5.
2500 2279 2569 2288 —-
2596 2249 2663 2303 In
2683 2249 2865 2303 habitu
2886 2261 3084 2305 sancto.
3119 2251 3188 2306 Ut
3218 2251 3429 2308 scilicet
3451 2268 3641 2308 earum
3671 2254 3739 2308 in-

2165 2351 2374 2404 cessus,
2408 2348 2607 2405 motus,
2631 2338 2828 2405 vultus,
2853 2355 3032 2395 sermo
3054 2342 3347 2412 pra:l‘erant
3375 2346 3738 2400 sanctitatem.

2168 2426 2291 2480 Non
2314 2429 2434 2482 vino
2463 2431 2648 2482 multo.
2675 2428 2862 2484 Solent
2881 2431 3023 2484 enim
3047 2445 3166 2486 esse
3189 2433 3460 2501 quaedam,
3485 2449 3611 2503 qua:
3636 2449 3742 2489 cor-

2164 2517 2308 2586 poris
2324 2517 2645 2589 frigesceute
2660 2519 3021 2585 luxuria,vino
3034 2535 3092 2576 se
3105 2537 3203 2590 pro
3221 2521 3445 2577 libidine
3464 2525 3742 2579 dederunt.

2237 2605 2395 2661 Vens.
2440 2607 2494 2660 4.
2531 2639 2602 2648 ——
2633 2607 2697 2662 Ut
2733 2611 2868 2663 viros
2910 2627 3055 2664 suos.
3093 2613 3239 2678 Quos
3270 2614 3508 2666 naturali
3557 2615 3743 2670 atl‘ecta

2164 2697 2484 2752 naturaliter
2515 2699 2762 2770 diligunt,
2799 2709 2984 2755 ament
3012 2703 3172 2756 etiam
3206 2703 3404 2772 pudica
3434 2705 3739 2768 dilectione,

2165 2797 2224 2842 ut
2251 2789 2458 2845 scilicet
2480 2806 2601 2846 cum
2628 2793 2834 2863 pudore
2861 2793 2992 2849 viris
3017 2794 3258 2850 debitum
3281 2797 3467 2866 potius
3496 2799 3740 2867 reddant,

2165 2895 2324 2950 quam
2356 2883 2591 2954 exigant.

2237 2969 2397 3026 Vens.
2441 2973 2491 3026 5.
2522 3003 2592 3013 -—
2617 2971 2682 3026 Ut
2711 2989 2814 3028 non
2839 2973 3239 3044 blasphemetur.
3270 2975 3386 3032 Hoc
3422 2978 3492 3032 ad
3517 2987 3743 3034 seneset

2163 3064 2230 3118 ad
2261 3065 2444 3120 omnia
2471 3067 2746 3136 superiora
2781 3076 2957 3137 potest
2978 3067 3191 3133 referri,
3215 3071 3370 3137 quasi
3393 3071 3544 3126 dicat
3577 3070 3742 3125 :Hor—

2103 3161 2119 3175 ’
2164 3163 2282 3210 tare
2305 3170 2461 3210 senes
2480 3196 2494 3221 ,
2525 3163 2578 3211 et
2609 3171 2766 3223 anus,
2797 3167 2851 3211 et
2873 3157 3324 3224 adolescentulas,
3350 3170 3412 3214 ut
3454 3161 3528 3215 ita
3567 3177 3624 3216 se
3655 3161 3741 3214 ha-

478 3263 579 3319 }lic
601 3275 786 3335 aperte
805 3269 1042 3323 ostendit
1071 3246 1506 3343 presbyterorum
1534 3246 2058 3342 nomine—episcopos
2087 3246 2132 3309 Ο
2166 3247 2330 3343 δξ⁵²¹¹ί
2358 3255 2415 3300 ιη
2446 3248 2554 3302 dm
2572 3287 2588 3315 ν
2615 3250 2756 3318 quoa
2779 3247 2899 3303 ideo
2928 3247 3110 3305 facere
3151 3251 3350 3306 “ehem
3384 3263 3444 3308 ω
3471 3268 3580 3308 ¹¹⁰¹³
3607 3253 3744 3308 “‘5'

480 3370 640 3422 supra
670 3355 837 3411 fuisse
869 3357 1201 3429 designatos.

554 3441 716 3499 Vsus.
752 3446 804 3501 9.
835 3476 908 3486 —
933 3446 1036 3501 Eos
1059 3451 1148 3519 qui
1173 3451 1559 3517 contradicunt,
1578 3470 1815 3523 arguere.
1839 3454 2066 3510 Contra-

477 3531 718 3588 dicentes
743 3550 848 3590 non
880 3551 988 3591 uno
1019 3538 1178 3592 modo
1206 3539 1536 3609 intelligendi
1567 3551 1710 3608 sunt,
1749 3538 2063 3612 paucissimi

478 3624 675 3692 quippe
704 3626 857 3680 nobis
883 3630 1264 3684 contradicunt
1295 3630 1580 3700 loquendo,
1623 3635 1718 3690 sed
1743 3635 1898 3690 multi
1924 3636 2063 3691 male

477 3712 728 3767 vivendo.
759 3714 891 3780 Quis
911 3717 1055 3771 enim
1085 3717 1249 3774 audet
1277 3721 1616 3790 apertissime
1643 3721 1910 3792 loquendo
1931 3740 2060 3780 con-

480 3801 746 3856 tradicere
764 3805 996 3859 veritati.
1024 3805 1138 3862 Non
1162 3810 1538 3865 contradicunt
1563 3812 1715 3866 multi
1738 3811 1939 3882 lingua,
1964 3815 2059 3870 sed

480 3892 591 3946 vita
627 3911 638 3946 :
675 3909 810 3962 quos
833 3897 1155 3969 redarguere
1182 3901 1381 3956 bonum
1401 3918 1537 3975 opus
1565 3913 1666 3971 est,
1697 3906 1915 3976 grandis
1944 3921 2063 3962 sar-

477 3982 621 4049 cina,
655 3984 823 4042 clivus
845 3988 1061 4045 arduus.

555 4073 715 4130 Vsus.
752 4077 836 4131 12.
875 4109 946 4117 -
974 4078 1114 4134 Dixit
1154 4082 1370 4152 quidam
1414 4101 1478 4140 ex
1521 4085 1644 4142 illis.
1687 4087 1867 4160 (Auc.,
1897 4091 1990 4147 lib.
2019 4109 2058 4147 ll

477 4176 660 4220 contra
688 4167 1045 4225 adversarium
1073 4171 1170 4244 leg.
1207 4185 1256 4228 et
1289 4178 1550 4249 praphet.)
1582 4179 1687 4234 Iste
1720 4181 1819 4235 fuit
1848 4183 2061 4253 Epime-

478 4258 631 4313 nides
658 4259 952 4329 Cretensis,
999 4265 1052 4319 in
1087 4265 1238 4335 cujus
1268 4269 1422 4323 libris
1464 4272 1566 4327 hoc
1594 4272 1895 4340 invenitur,
1923 4285 2056 4340 etc.,

479 4365 641 4418 usque
661 4352 730 4404 ad
752 4353 817 4406 ad
841 4355 1198 4412 ministerium
1216 4358 1408 4414 domus
1428 4361 1520 4416 Dei
1546 4366 1927 4420 assumendum
1951 4376 2050 4423 est.

549 4438 711 4496 Vens.
757 4443 843 4497 14.
879 4475 948 4484 -
986 4445 1269 4503 Mandatis.
1309 4452 1445 4518 Quia
1485 4456 1737 4509 mandata
1778 4455 1908 4528 legis
1935 4468 2059 4528 post

479 4532 822 4590 manifestam
848 4537 1152 4606 veritatem,
1173 4539 1287 4608 jam
1319 4543 1617 4613 hominum,
1644 4564 1752 4603 non
1779 4548 1874 4605 Dei
1903 4567 2055 4606 man-

479 4622 604 4676 data
635 4633 780 4679 sunt.

547 4711 710 4768 Vens.
741 4715 827 4770 15.
871 4747 943 4756 —
977 4717 1166 4773 Omnia
1192 4723 1389 4777 munda
1411 4727 1638 4781 mundis.
1673 4727 1786 4783 Hoc
1823 4729 1923 4800 ipsi
1958 4711 2052 4786 ne-

477 4814 608 4875 gant
635 4807 755 4859 ideo
781 4849 794 4872 ,
828 4811 952 4878 quia
987 4813 1040 4865 in
1081 4813 1195 4884 lege
1222 4819 1466 4885 quaedam
1504 4819 1713 4891 Moyses
1757 4824 2052 4894 prohibuit,

473 4907 530 4951 et
557 4898 625 4952 ab
652 4899 944 4958 immundis
968 4907 1166 4961 munda
1190 4908 1464 4965 discrevit.
1501 4911 1611 4967 Hoc
1634 4923 1812 4969 autem
1836 4931 1938 4970 non
1967 4933 2052 4973 se-

475 4991 708 5044 cundum
740 5002 960 5051 naturas
992 5013 1124 5067 quas
1153 4999 1291 5056 Deus
1321 5005 1546 5070 creavit,
1594 5005 1819 5077 intelligi
1861 5009 2048 5074 voluit,

474 5081 572 5133 sed
619 5084 912 5140 secundum
955 5089 1374 5159 signiﬁcationes
1403 5109 1416 5146 :
1445 5094 1635 5149 Omnia
1681 5111 1810 5166 ergo
1852 5100 2052 5154 munda

475 5179 602 5223 sunt
635 5176 848 5230 mundis
875 5181 1166 5234 secundum
1206 5192 1453 5240 naturam
1480 5203 1494 5253 ;
1539 5189 1678 5242 unde
1717 5188 1770 5242 in
1805 5187 2003 5244 Genesi
2036 5209 2048 5244 ε

483 5258 625 5315 Vidit
654 5262 790 5319 Deus
835 5280 1021 5322 cuncta
1061 5289 1176 5342 qua:
1204 5275 1416 5342 fecerat,
1446 5289 1492 5331 et
1518 5287 1664 5331 erant
1692 5280 1841 5333 valde
1891 5281 2048 5334 bona.

475 5354 780 5411 Secundum
833 5359 1259 5431 signiﬁcationes
1310 5369 1552 5437 quaedam
1601 5371 1876 5425 immunda
1924 5381 2052 5428 sunt

470 5442 670 5499 Judreis
717 5460 730 5498 :
762 5463 863 5502 nec
896 5451 1050 5507 nobis
1077 5455 1256 5509 omnia
1287 5466 1407 5528 apta
1441 5469 1588 5525 sunt,
1612 5459 1694 5514 vel
1719 5467 1937 5532 propter
1957 5477 2049 5515 sa-

472 5537 638 5593 lutem
664 5555 970 5612 cci-porum,
991 5545 1072 5602 vel
1093 5559 1311 5619 propter
1331 5552 1777 5608 consuetudinem
1799 5554 2048 5608 humana:

472 5631 766 5690 societatis.

546 5720 704 5777 Vens.
731 5724 813 5778 16.
845 5756 913 5765 ——
945 5725 1124 5782 Factis
1153 5739 1346 5784 autem.
1379 5730 1434 5784 Si
1464 5731 1676 5803 negatio
1704 5749 1808 5792 non
1841 5741 2046 5795 tantum

470 5812 647 5886 lngua
687 5817 766 5889 ﬁt,
800 5820 894 5876 scd
921 5821 1082 5877 etiam
1114 5819 1291 5892 tactis,
1325 5830 1469 5881 certe
1508 5823 1705 5882 multos
1744 5825 2046 5884 invenimus

2167 3336 2474 3404 phemetur,
2507 3345 2614 3392 etc.

2238 3425 2400 3482 Vens.
2429 3428 2483 3481 7.
2525 3457 2596 3467 —
2644 3427 2712 3482 In
2757 3429 3028 3497 omnibus,
3079 3439 3185 3486 etc.
3235 3431 3428 3488 Omnis
3475 3432 3622 3487 enim
3655 3433 3742 3503 qui

2166 3519 2307 3575 male
2345 3520 2477 3574 vivit
2526 3520 2579 3574 in
2617 3533 2909 3591 conspectu
2956 3537 3143 3578 eorum
3188 3525 3384 3594 quibus
3428 3525 3743 3594 praepositus

2165 3620 2269 3678 est,
2297 3620 2556 3682 quantum
2590 3613 2644 3667 in
2674 3614 2790 3684 ipso
2816 3623 2900 3670 est
2926 3616 3126 3670 occidit
3151 3631 3278 3682 eos;
3306 3617 3523 3670 etiamsi
3559 3618 3632 3671 illi
3664 3619 3741 3672 vi-

2164 3712 2316 3769 vunt,
2345 3705 2410 3758 de
2441 3704 2810 3760 misericordia
2837 3705 2934 3760 Dei
2967 3707 3177 3761 vivunt.

2237 3798 2399 3854 Vens.
2446 3799 2532 3854 10.
2576 3828 2648 3839 -
2697 3797 2767 3853 Ut
2813 3799 3108 3854 doctrinam
3159 3797 3473 3854 Salvatoris.
3504 3797 3624 3854 Hoc
3663 3815 3745 3854 re-

2163 3892 2335 3949 fertur
2363 3894 2431 3949 ad
2455 3893 2638 3948 omnia
2662 3895 2938 3964 przedicta,
2969 3893 3178 3949 scilicet
3206 3895 3273 3948 ad
3301 3909 3480 3958 senes,
3509 3905 3569 3949 et
3589 3911 3739 3956 anus,

2165 3996 2218 4042 et
2246 4001 2451 4052 servos,
2483 3986 2638 4056 quasi
2669 3985 2850 4040 dicat:
2878 3985 3110 4042 Hortare
3131 4001 3325 4041 omnes
3355 3987 3664 4056 praedictos,
3686 3997 3741 4040 ut

2163 4078 2237 4132 ita
2275 4090 2333 4132 se
2360 4077 2595 4132 habeant
2621 4078 2760 4132 sicut
2787 4078 3160 4148 praescriptum
3187 4086 3289 4143 est,
3335 4086 3394 4132 ut
3439 4079 3510 4132 ita
3550 4089 3740 4132 ornent

2163 4171 2216 4225 in
2249 4170 2455 4225 actibus
2494 4171 2607 4226 suis
2637 4171 2939 4226 doctrinam
2984 4168 3283 4227 Salvatoris
3307 4212 3322 4236 ,
3372 4181 3478 4226 etc.
3523 4170 3739 4226 Ornent.

2161 4262 2550 4318 Ornamentum
2572 4262 2811 4317 doctoris
2835 4272 2920 4317 est
2949 4263 3172 4317 honesta
3196 4262 3306 4316 vita
3333 4253 3607 4330 discipuli.

2231 4350 2396 4406 Vens.
2423 4351 2598 4406 11.-
2622 4353 2878 4423 Apparuit
2902 4355 3060 4407 enim.
3104 4353 3270 4420 Quasi
3307 4353 3453 4406 dicat
3491 4371 3505 4406 :
3541 4353 3737 4409 Omnes

2158 4442 2411 4500 monendi
2458 4451 2623 4510 sunt,
2675 4444 2801 4513 quia
2845 4444 3104 4508 omnibus
3137 4453 3298 4499 natus
3333 4453 3417 4499 est
3465 4443 3732 4498 Christus.

2158 4535 2361 4590 nullum
2384 4535 2631 4590 exclusit.
2664 4535 2778 4600 Vel,
2827 4534 3010 4589 Gratia
3030 4577 3044 4601 ,
3080 4536 3132 4591 id
3154 4545 3238 4591 est
3264 4536 3514 4591 Christus
3538 4538 3633 4605 qui
3658 4545 3738 4589 est

2078 4599 2132 4659 D
2157 4626 2331 4704 gratia
2365 4627 2480 4682 Dei.
2515 4626 2633 4686 Vel.
2662 4629 2834 4698 gratia
2861 4627 2953 4680 Dei
2979 4599 3037 4681 et
3053 4626 3370 4693 Salvatoris,
3399 4638 3528 4690 etc.,
3559 4599 3626 4681 vid
3661 4636 3740 4680 est

2159 4717 2301 4773 Deus
2327 4727 2382 4772 et
2417 4718 2663 4774 Salvator
2702 4727 2906 4784 noster,
2934 4719 3143 4774 scilicet
3175 4719 3268 4774 Dei
3299 4719 3488 4785 Filius,
3520 4721 3622 4774 etsi
3653 4721 3735 4772 in-

2156 4811 2387 4866 visibilis
2407 4812 2478 4866 sit
2500 4812 2554 4865 in
2578 4810 2749 4866 forma
2775 4810 2891 4878 Dei,
2923 4821 3100 4866 tamen
3125 4826 3223 4881 per
3244 4811 3475 4882 gratiam
3500 4810 3737 4881 apparuit

2158 4903 2212 4956 in
2243 4901 2414 4957 forma
2443 4902 2603 4958 servi.
2723 4896 2744 4900 ”

2233 4991 2394 5048 Vens.
2442 4993 2527 5046 15.
2566 5023 2636 5033 -—-
2662 4989 2729 5045 Et
2758 4993 3036 5048 adventum
3065 4992 3248 5064 gloria:
3270 4994 3448 5062 magni
3491 4992 3604 5056 Dei,
3631 5002 3734 5046 etc.

2157 5086 2256 5153 Qui
2289 5101 2395 5142 non
2420 5086 2473 5140 in
2501 5086 2817 5141 inﬁrmitate
2845 5095 2903 5141 ut
2923 5087 3093 5157 prius,
3119 5087 3214 5140 sed
3241 5087 3293 5140 in
3324 5087 3494 5156 gloria
3517 5097 3568 5142 et
3592 5094 3736 5157 pote-

2155 5187 2293 5236 state
2325 5181 2505 5235 veniet
2542 5181 2766 5252 prtemia
2805 5181 3029 5236 daturus
3074 5181 3372 5236 secundum
3401 5184 3610 5247 merita,
3642 5184 3734 5252 qui

2155 5274 2208 5328 in
2234 5275 2407 5344 primo
2437 5274 2670 5328 adventu
2701 5275 2836 5328 adeo
2863 5273 3081 5328 humilis
3115 5274 3233 5337 fuit,
3261 5275 3405 5342 quod
3434 5291 3540 5330 non
3566 5275 3734 5329 solum

2153 5365 2407 5432 erudivit,
2436 5365 2530 5420 sed
2552 5365 2711 5422 etiam
2740 5364 2886 5420 dedit
2907 5365 3280 5435 semetipsum.
3307 5362 3623 5418 Sectatorem
3648 5363 3736 5415 bo-

2154 5474 2338 5514 norum
2353 5474 2586 5528 operum,
2605 5466 2708 5512 etc.
2741 5456 2875 5525 Quia
2892 5457 2956 5512 ad
2975 5457 3077 5512 hoc
3105 5457 3331 5524 redemit
3358 5471 3458 5510 nos
3471 5454 3730 5515 Christus,

2151 5554 2210 5600 ut
2239 5564 2429 5617 puram
2472 5547 2635 5602 vitam
2669 5556 2936 5603 sectantes
2971 5556 3026 5602 et
3057 5547 3242 5617 repleti
3270 5546 3528 5618 operibus
3560 5545 3730 5606 bonis,

2151 5639 2244 5696 Dei
2272 5639 2512 5696 hmredcs
2542 5655 2662 5695 esse
2693 5640 2985 5710 possimus.

2223 5729 2383 5788 Vens.
2416 5730 2500 5786 15.
2526 5763 2595 5772 -
2616 5731 2788 5802 Argue
2817 5749 2932 5786 cum
2966 5733 3125 5794 omni,
3160 5740 3266 5785 etc.
3299 5730 3368 5786 Ut
3407 5747 3508 5786 non
3537 5745 3727 5800 aspere

2152 5824 2464 5893 accipiatur,
2495 5841 2612 5880 cum
2643 5841 2738 5895 pro
2774 5825 2950 5879 salute
2990 5824 3103 5879 ﬁeri
3143 5824 3336 5880 scitur.
