3948 6314
1198 166 1227 189 ρ

526 318 635 375 M5

530 458 1851 485 Ἠ.

1020 313 1411 372 WALAFRIDI
1452 313 1702 370 STRABI
1739 313 1943 370 FULD.
1983 313 2148 370 MON.
2185 316 2336 372 OPP.
2377 317 2554 375 PARS
2592 318 2632 374 Ι.
2673 351 2744 362 -
2777 318 3233 380 TIIEOLOGICA.
3632 339 3705 397 su

2143 460 3650 496 ________________________

1506 561 2013 640 EPISTULA
2088 564 2218 640 AD
2295 565 2802 647 HEBIUEOS.

1060 828 1571 887 ARGUMENTUM.

594 950 655 1007 In
692 945 887 1020 primis
927 944 1219 1001 videndum
1256 953 1341 1000 est
1365 959 1467 1000 cur
1508 945 1785 1016 apostolus
1820 944 2020 1001 Paulus
2048 945 2105 1002 in

428 1054 437 1059 '
522 1046 629 1104 hac
650 1042 879 1116 epistola
907 1040 1194 1097 scribenda
1224 1055 1333 1095 non
1359 1039 1662 1094 servaverit
1693 1053 1899 1094 morem
1923 1053 2101 1106 suum,

522 1145 584 1192 ut
612 1132 696 1190 vel
719 1130 1042 1188 vocabulum
1074 1128 1312 1185 nominis
1340 1127 1448 1193 sui,
1479 1126 1564 1184 vel
1587 1126 1794 1183 ordinis
1833 1126 2107 1183 describe-

519 1235 607 1283 ret
639 1224 971 1297 dignitatem.
1018 1219 1146 1276 Haec
1192 1236 1359 1277 causa
1398 1229 1519 1276 est:
1546 1219 1691 1290 quod
1736 1218 1804 1274 ad
1837 1235 1932 1275 eos
1969 1219 2105 1275 scri-

517 1319 654 1375 bens
681 1316 774 1389 qui
820 1330 889 1370 ex
932 1311 1344 1369 circumcisione
1384 1311 1748 1376 crediderant,
1784 1311 1939 1381 quasi
1979 1324 2108 1382 gen-

518 1410 656 1465 tium
701 1405 979 1478 apostolus
1005 1414 1062 1461 et
1093 1419 1201 1459 non
1252 1402 1640 1467 Hebraeorum,
1671 1401 1849 1458 sciens
1890 1416 2104 1471 quoque

518 1514 710 1555 eorqu
757 1495 1065 1568 superbiam
1088 1536 1105 1561 ,
1135 1508 1400 1563 suamque
1440 1492 1802 1551 humilitatem
1840 1492 1958 1563 ipse
2002 1490 2102 1547 de-

518 1599 868 1652 monstrans,
916 1585 1169 1641 meritum
1231 1581 1403 1639 oﬂicii.
1438 1580 1522 1638 sui
1589 1580 1764 1637 noluit
1805 1578 2098 1636 anteferre.

520 1678 696 1734 Simili
719 1678 884 1734 etiam
909 1675 1068 1731 modo
1097 1674 1333 1730 Joannes
1369 1671 1645 1743 apostolus
1673 1678 1895 1741 propter
1919 1669 2101 1725 humi-

516 1771 727 1828 litatem
746 1811 762 1836 ,
794 1770 849 1826 in
873 1768 1103 1839 epistola
1131 1782 1227 1823 sua
1250 1780 1448 1821 nomen
1476 1780 1634 1821 suum
1660 1764 1850 1820 eadem
1892 1762 2102 1818 ratione

513 1879 627 1921 non
671 1860 925 1934 praetulit.
976 1858 1132 1915 Hanc
1164 1870 1347 1914 autem
1393 1856 1678 1927 epistolam
1727 1855 1796 1911 ad
1847 1853 2102 1910 Hebraeos

515 1954 910 2025 conscriptam,
947 1950 1211 2007 Hebraiea
1238 1948 1421 2019 lingua
1459 1945 1633 2003 fertur
1669 1944 1958 2016 Apostolus
1994 1943 2099 1998 mi-

515 2045 692 2102 sisse:
716 2042 873 2114 cujus
899 2056 1122 2099 sensum
1136 2047 1192 2094 ει
1204 2040 1450 2095 ordinem
1473 2038 1716 2094 retinens
1736 2036 1913 2091 Lucas
1935 2050 2102 2090 evan—

516 2134 727 2208 gelista,
766 2141 890 2205 post
932 2145 1216 2187 excessum
1247 2128 1395 2186 beati
1436 2127 1666 2200 apostoli
1708 2126 1863 2184 Pauli
1908 2125 2098 2193 Graeco

516 2239 769 2282 sermone
797 2222 1124 2295 composuit.

1017 2329 1243 2388 CAPUT
1289 2330 1581 2422 PRIMUM;

589 2428 857 2502 νειιεζλι.
895 2473 965 2486 -
1007 2441 1167 2498 Olim.
1205 2442 1323 2498 Non
1349 2450 1677 2499 estnovum.
1710 2442 1873 2510 Deus,
1893 2442 1988 2513 qui
2015 2450 2102 2498 est

513 2528 847 2595 invariabilis
876 2544 1005 2591 tunc
1029 2545 1087 2609 ει
1112 2550 1276 2591 nunc.
1300 2533 1562 2607 Loquens.
1585 2533 1764 2591 Dicit:
1786 2533 2020 2605 loquens,
2045 2534 2101 2591 in

512 2630 797 2702 praesenti,
827 2628 955 2699 quia
984 2627 1130 2698 quod
1156 2636 1285 2683 tunc
1324 2628 1488 2682 etiam
1528 2643 1692 2682 nunc.
1740 2626 2012 2683 Patribus.
2045 2626 2102 2683 ld

511 2735 598 2782 est
638 2724 707 2779 iis
730 2723 822 2795 qui
852 2737 1018 2777 carne
1047 2728 1102 2777 et
1129 2720 1275 2776 cultu
1307 2718 1403 2776 Dei
1432 2728 1613 2791 patres
1659 2719 1816 2776 nobis
1861 2728 2005 2775 sunt.
2033 2704 2102 2774 I'n

510 2816 795 2888 prophetis.
822 2814 939 2870 Non
962 2814 1107 2870 enim
1132 2814 1257 2884 ipsi,
1285 2814 1379 2868 sed
1405 2812 1548 2868 Deus
1571 2812 1625 2867 in
1651 2813 1750 2868 eis.
1783 2811 2099 2882 Multifarie.

511 2906 570 2962 1d
615 2914 703 2960 est
742 2903 1050 2959 multotiens
1096 2901 1352 2966 Abrahae,
1376 2900 1551 2967 lsaac,
1579 2899 1746 2956 Jacob
1788 2909 1842 2955 et
1869 2899 2099 2966 caeteris,

512 3011 578 3051 ac
609 2994 813 3051 eisdem
843 3008 1005 3063 same.
1047 2991 1333 3062 Multisque
1376 2992 1568 3046 modis.
1614 2991 1751 3059 Quia
1797 2992 1958 3047 modo
2005 3006 2102 3062 per

512 3089 744 3155 somnia,
780 3097 840 3143 ut
876 3087 1084 3143 Danieli
1109 3103 1124 3140 :
1149 3087 1310 3141 modo
1352 3093 1538 3157 aperta
1582 3101 1717 3141 voce
1741 3125 1757 3152 ,
1791 3095 1849 3141 ut
1886 3086 2097 3160 Moysi:

513 3180 677 3236 modo
706 3178 952 3236 interiori
990 3177 1368 3247 inspiratione,
1400 3185 1461 3231 ut
1483 3176 1671 3231 David.

586 3272 751 3328 Vens.
776 3272 832 3328 2.
853 3302 926 3314 -
953 3270 1023 3327 In
1047 3269 1213 3337 Filio,
1242 3269 1334 3340 qui
1357 3269 1638 3339 prophetis
1675 3278 1760 3324 est
1783 3269 1973 3340 major.
2005 3268 2103 3326 Est

510 3348 658 3420 enim
679 3364 936 3420 Dominus
952 3362 1336 3433 prophetarum
1360 3360 1612 3432 impletor
1630 3368 1687 3416 et
1708 3359 2095 3417 sanctiﬁcator.

511 3455 606 3513 Sic
632 3470 762 3528 ergo
798 3455 1067 3526 propheta
1097 3461 1202 3519 est,
1230 3452 1375 3522 quod
1417 3461 1472 3507 et
1506 3453 1769 3508 Dominus
1814 3453 2102 3523 propheta-

511 3564 654 3604 rum.
700 3547 791 3604 Sic
811 3555 867 3603 et
887 3546 1112 3618 angelus
1139 3544 1384 3600 Christus
1410 3553 1516 3609 est,
1543 3553 1603 3599 ut
1634 3553 1691 3600 et
1719 3544 1980 3601 Dominus
2003 3562 2100 3602 an-

514 3637 779 3710 gelorum.
818 3634 1101 3690 Constituit
1128 3633 1555 3689 immutabiliter.
1590 3633 1868 3689 Hteredem
1894 3637 2101 3691 univer-

512 3745 717 3793 sorum,
736 3729 790 3784 id
815 3736 899 3783 est
919 3741 1286 3797 possessorem
1313 3727 1491 3783 omnis
1512 3739 1797 3783 creaturae.
1821 3727 1937 3784 Non
1956 3731 2101 3785 enim

511 3818 626 3890 jam
668 3818 847 3889 portio
888 3816 1104 3873 Domini
1151 3822 1234 3872 est
1275 3815 1474 3884 Iacob,
1508 3826 1563 3874 et
1592 3834 1719 3891 pars
1748 3818 1867 3889 ejus
1894 3819 2096 3876 Israel:

516 3908 611 3963 sed
645 3922 835 3964 omnes
862 3922 1089 3980 prorsus
1116 3908 1364 3963 nationes
1396 3908 1599 3964 mundi.

585 3997 751 4055 Vsus.
793 3998 846 4054 3.
872 4029 941 4039 —
983 3998 1088 4064 Qui
1113 4015 1229 4052 cum
1258 4000 1326 4054 sit
1361 3999 1606 4071 splendor
1632 4000 1836 4072 gloriw,
1862 4009 1968 4057 etc.
2001 4000 2101 4058 Hic

517 4094 815 4150 secundum
842 4093 1081 4149 divinam
1114 4101 1363 4147 naturam
1411 4094 1755 4149 commendat
1799 4093 2098 4162 Christum,

515 4187 807 4243 ostendens
832 4201 955 4241 eum
982 4193 1307 4240 comternum
1336 4194 1392 4239 et
1416 4186 1743 4255 coaequalem
1768 4185 1937 4251 Patri,
1961 4188 2103 4258 ejus-

515 4277 751 4349 demque
773 4293 896 4333 cum
918 4293 982 4333 eo
1004 4276 1339 4342 substantiae,
1375 4277 1470 4332 sed
1501 4277 1728 4331 alterum
1756 4277 1809 4330 in
1846 4292 2098 4345 persona.

589 4348 797 4441 Figura
845 4370 1168 4424 substantiis.
1232 4369 1368 4423 Ecce
1419 4348 1576 4422 aliter
1616 4369 1994 4438 personaliter,
2045 4377 2104 4424 ut

518 4459 691 4532 ﬁgura
715 4460 784 4515 ab
807 4474 872 4514 eo
900 4457 1052 4527 cujus
1083 4465 1165 4513 est
1194 4456 1386 4528 ﬁgura.
1419 4457 1524 4512 Sed
1568 4458 1813 4528 aequalis,
1838 4460 1965 4528 quia
1993 4476 2102 4514 non

518 4551 818 4617 dissimilis,
842 4550 982 4606 sicut
1002 4549 1118 4619 ipse
1145 4549 1222 4603 ait
1246 4567 1258 4602 :
1286 4547 1448 4602 Pater
1468 4549 1525 4603 in
1545 4565 1625 4603 me
1645 4559 1718 4604 est
1734 4566 1753 4615 ;
1772 4558 1862 4604 et:
1890 4549 1994 4616 Qui
2023 4552 2102 4606 vi-

521 4646 607 4700 det
638 4661 741 4711 me,
771 4644 906 4699 videt
932 4652 979 4697 et
1014 4638 1229 4696 Patrem
1251 4657 1421 4695 meum
1461 4639 1645 4713 (Joan.
1697 4643 1827 4712 xrv).
1868 4642 2103 4698 Attende

514 4741 664 4810 quod
686 4740 801 4794 haec
828 4738 1067 4802 nomina,
1101 4735 1309 4790 scilicet
1334 4734 1537 4801 lumen,
1562 4736 1752 4807 gloria,
1780 4739 2102 4808 quandoque

520 4832 590 4887 ad
616 4838 864 4886 naturam
894 4830 1132 4884 divinam
1164 4826 1501 4893 referuntur,
1531 4829 1853 4899 quandoque
1878 4830 1944 4885 ad
1980 4845 2100 4899 per-

2131 838 2185 895 Α
2282 831 2611 931 Partansque
2657 838 2853 900 omnia,
2886 847 2991 893 etc.
3047 839 3221 913 Supra
3277 846 3469 907 dictum
3511 865 3597 920 est,
3620 864 3707 931 quia

2206 937 2305 995 per
2331 926 2504 997 ipsum
2530 928 2661 985 fecit
2698 933 2899 986 omnia.
2941 932 3041 990 Hic
3064 936 3114 991 ei
3139 953 3282 994 nunc
3305 957 3549 1003 summam
3571 926 3707 1011 aucto-

2205 1018 2383 1073 ritatis
2410 1021 2676 1087 attribuit,
2706 1036 2774 1078 ex
2803 1039 2870 1080 eo
2895 1027 3038 1095 quod
3077 1044 3200 1095 eum
3230 1037 3533 1095 auctoritate
3568 1056 3705 1104 cuncta

2204 1112 2467 1184 gubernat
2493 1124 2548 1170 et
2574 1118 2832 1173 continet.
2876 1119 3028 1176 Sicut
3063 1125 3207 1179 enim
3245 1128 3315 1183 ab
3339 1144 3401 1199 eo
3439 1145 3596 1193 creata
3620 1151 3707 1197 sunt

2203 1205 2421 1271 omnia,
2473 1207 2545 1263 ita
2594 1224 2692 1278 per
2740 1225 2863 1264 eum
2914 1212 3306 1275 immutabilem
3373 1238 3704 1288 conservantur.

2202 1293 2477 1387 Creatoris
2520 1297 2667 1353 enim
2713 1300 3104 1371 omnipotentia
3143 1323 3307 1364 causa
3337 1323 3419 1368 est
3451 1316 3706 1387 subsistendi

2202 1385 2350 1440 omni
2392 1395 2676 1453 creaturae,
2706 1404 2827 1458 quae
2858 1391 3032 1449 virtus
3077 1395 3124 1451 si
3167 1399 3237 1453 ab
3272 1401 3354 1457 eis
3386 1418 3498 1472 quae
3531 1385 3706 1466 condidit

2202 1475 2449 1547 regendis
2497 1476 2788 1547 aliquando
2838 1492 3098 1550 cessaret,
3130 1485 3294 1543 simul
3319 1492 3539 1549 omnium
3575 1512 3705 1555 rerum

2201 1568 2408 1638 species
2429 1577 2487 1624 et
2509 1578 2704 1625 natum
2729 1573 3056 1632 concideret.

2273 1656 2671 1731 Purgationem.
2703 1661 2996 1743 Postquam
3015 1654 3258 1726 ostendit
3273 1672 3389 1744 ejus
3406 1676 3705 1736 excellentiam

2202 1764 2310 1841 quo
2337 1764 2529 1807 cuncta
2560 1754 2769 1810 creavit
2792 1764 2846 1810 et
2874 1758 3171 1828 gubernat,
3203 1764 3295 1820 hic
3319 1765 3604 1825 humilitatis
3624 1772 3705 1841 ejus

2201 1840 2592 1914 benignitatem
2618 1849 2981 1904 commendat.
3010 1850 3336 1911 Commonet
3365 1859 3498 1913 enim
3521 1875 3602 1916 nos
3619 1840 3703 1916 cru-

2202 1933 2282 1989 cis
2318 1943 2375 1990 et
2413 1937 2829 1993 resurrectionis
2873 1946 2928 1994 et
2961 1944 3317 2014 ascensionis,
3348 1949 3434 2003 ubi
3458 1949 3702 2016 ait:Sedct.

2202 2033 2309 2081 etc.
2354 2024 2424 2081 In
2466 2027 2702 2083 excelsis.
2758 2029 2954 2088 Dicens
3005 2033 3130 2102 hoc,
3184 2053 3297 2095 non
3349 2040 3460 2098 loco
3501 2044 3704 2100 concludit

2203 2115 2373 2172 Deum
2411 2119 2549 2174 :sed
2598 2121 2836 2175 ostendit
2885 2122 3159 2182 hominem
3216 2120 3481 2188 Christum
3520 2135 3703 2191 omnibus

2127 2196 2176 2257 B
2203 2208 2489 2276 altiorem,
2550 2220 2604 2266 et
2655 2213 2905 2270 omnibus
2952 2218 3385 2278 eminentiorem.
3436 2223 3517 2280 Sic
3560 2235 3605 2281 et
3640 2242 3702 2297 per

2202 2300 2503 2367 dexteram,
2531 2318 2641 2358 non
2669 2302 2838 2359 Deum
2880 2305 3229 2378 deformavit,
3257 2313 3350 2369 sed
3379 2315 3701 2371 similitudinem

2201 2392 2425 2447 honoris
2447 2393 2858 2451 demonstravit.
2896 2396 3188 2457 Confessus
3223 2406 3367 2461 enim
3394 2407 3515 2464 nihil
3542 2409 3702 2464 demon-

2203 2490 2340 2537 strat
2367 2483 2514 2539 aliud
2544 2485 2647 2540 nisi
2673 2487 2895 2544 honoris
2918 2492 3304 2560 aequalitatem.

2273 2594 2434 2652 Vens.
2475 2596 2530 2651 4.
2557 2629 2630 2641 -
2653 2599 2820 2657 Tanto
2860 2604 3061 2660 melior.
3111 2608 3169 2663 In
3198 2612 3405 2682 psalmo
3438 2621 3589 2669 tamen
3621 2613 3699 2667 ait:

2202 2685 2373 2741 Paulo
2415 2687 2588 2744 minus
2633 2693 2924 2749 minoratus
2955 2705 3031 2752 est
3075 2699 3138 2752 ab
3191 2702 3391 2771 angelis
3428 2701 3698 2774 (Psal.mt).

2200 2778 2301 2835 Hic
2344 2781 2547 2837 eisdem
2588 2784 2781 2839 melior
2817 2786 3033 2844 dicitur.
3065 2790 3132 2847 Et
3159 2793 3304 2850 sicut
3329 2796 3453 2851 illud
3479 2795 3699 2853 secundum

2201 2870 2492 2926 humanam
2532 2882 2802 2939 naturam,
2849 2877 2922 2932 ita
2953 2888 3007 2935 et
3050 2880 3153 2939 hoc
3198 2887 3486 2942 secundum
3526 2887 3699 2941 divinam

2200 2962 2400 3019 dictum
2430 2979 2549 3019 esse
2574 2976 2757 3047 posset
2787 2967 3043 3042 intelligi,
3080 2976 3184 3029 nisi
3234 2978 3509 3033 adderetur
3532 2979 3698 3048 effectu.

2198 3069 2296 3125 per
2320 3055 2463 3124 quod
2486 3058 2907 3129 aperitur,qnod
2931 3062 3019 3117 hic
3048 3064 3291 3134 loquitur
3312 3070 3378 3124 de
3396 3085 3457 3124 eo
3480 3069 3698 3124 secundum

2198 3161 2440 3201 carnem.
2478 3147 2612 3201 Nam
2638 3153 2933 3206 secundum
2966 3154 3068 3209 hoc
3094 3158 3242 3225 quod
3266 3158 3440 3213 Patris
3462 3156 3699 3214 substantia

2200 3239 2677 3296 eonsubstantialis
2716 3244 3051 3312 agnoscitur,
3080 3263 3186 3303 non
3215 3261 3303 3306 est
3337 3249 3516 3316 lactus,
3541 3248 3613 3305 sed
3632 3261 3697 3302 na-

2202 3342 2288 3388 tus
2314 3352 2326 3387 :
2354 3334 2420 3389 de
2445 3349 2509 3390 eo
2533 3350 2662 3407 ergo
2688 3353 2868 3393 sermo
2902 3349 3147 3396 versatur
3170 3347 3460 3399 secundum
3482 3345 3698 3399 humanam

2198 3435 2471 3489 naturam,
2502 3428 2798 3483 secundum
2825 3445 2989 3500 quam
3015 3441 3068 3486 et
3094 3435 3279 3490 minor
3301 3435 3398 3491 fuit
3421 3435 3596 3507 angelis
3617 3446 3699 3503 patr

2202 3518 2373 3583 sione,
2403 3525 2456 3570 et
2487 3518 2662 3587 major
2697 3530 2751 3575 ct
2779 3522 2970 3577 melior
3006 3523 3168 3578 etiam
3199 3527 3389 3597 gratia:
3422 3524 3698 3596 plenitudine,

2203 3611 2268 3666 dc
2294 3627 2399 3681 qua
2427 3621 2483 3666 ct
2511 3612 2612 3682 ipsi
2638 3614 2814 3684 angeli
2838 3616 2907 3670 ad
2939 3632 3253 3672 mensuram
3280 3620 3545 3688 accipiunt.

2271 3725 2860 3813 Diﬂ'erentius‘nomen.
2907 3729 3041 3784 Dum
3091 3729 3191 3785 fuit
3240 3731 3491 3794 mortalis,
3512 3726 3702 3784 dilueret)!

2201 3832 2396 3873 nomen
2421 3818 2628 3883 habuit,
2644 3819 2770 3889 quia
2787 3820 2963 3891 angeli
2992 3822 3372 3878 ministrabant
3395 3822 3461 3878 ei.
3483 3820 3702 3887 Postquam

2202 3910 2544 3975 immortalis,
2574 3911 2742 3980 magis
2772 3911 3046 3968 diﬂ'erens.
3073 3914 3141 3968 Et
3159 3916 3288 3983 quia
3311 3916 3410 3970 hoc
3434 3912 3603 3968 habere
3623 3921 3705 3978 pos.

2203 4008 2304 4064 set,
2331 4010 2386 4055 et
2420 4015 2528 4055 non
2549 4016 2648 4070 pro
2669 4001 2797 4066 illis,
2824 4003 2977 4058 addit
3002 4021 3111 4075 pra!
3137 4005 3270 4072 illis,
3298 4006 3350 4061 id
3376 4015 3472 4069 est,
3493 4001 3621 4056 valde
3634 3994 3705 4051 dif-

2204 4089 2383 4146 ferens
2405 4106 2433 4143 a
2471 4091 2690 4145 nomine
2714 4092 3050 4162 angelorum,
3083 4094 3186 4150 hoc
3209 4103 3295 4150 est
3316 4109 3498 4149 nomen
3517 4088 3631 4160 quod
3649 4093 3706 4138 est

2202 4196 2367 4251 super
2392 4197 2552 4237 omne
2594 4198 2813 4249 nomen,
2838 4184 3043 4239 scilicet
3073 4184 3248 4250 Deus,
3277 4188 3389 4242 sive
3419 4182 3583 4242 Filius,
3603 4171 3723 4247 quod.

2202 4289 2391 4329 revera
2442 4274 2657 4345 dignius
2699 4284 2785 4331 est
2827 4277 2917 4332 illo
2947 4292 3053 4346 quo
3094 4278 3170 4333 illi
3203 4279 3454 4333 dicuntur
3491 4265 3705 4343 angeli,“

2203 4374 2289 4419 est
2313 4365 2509 4419 nuntii.
2560 4365 2679 4421 Filii
2708 4367 2852 4421 enim
2878 4383 3076 4423 nomen
3104 4370 3482 4439 proprietatem
3512 4358 3704 4420 ostendit.

2205 4470 2309 4509 non
2347 4455 2710 4525 adoptionem.
2735 4457 2859 4526 quia
2888 4458 2993 4513 nisi
3014 4468 3155 4529 esset
3178 4460 3435 4530 proprius
3453 4455 3611 4515 Filius,
3631 4459 3705 4502 non

2203 4556 2385 4617 posset
2414 4563 2481 4602 ex
2507 4547 2611 4602 hoc
2636 4548 2926 4618 ApostOlus
2950 4550 3354 4633 amplitudinem
3381 4545 3579 4604 honoris
3598 4551 3704 4636 asst-

2205 4654 2346 4694 rere.
2391 4638 2653 4708 Proprius
2690 4650 2869 4695 autem
2899 4639 3066 4697 Filius
3090 4650 3176 4696 est
3200 4643 3268 4697 de
3309 4641 3421 4712 ipso
3445 4638 3584 4692 Patre
3602 4641 3705 4701 89""

2208 4737 2310 4783 tus.
2341 4727 2397 4783 Si
2430 4738 2609 4784 autem
2636 4730 2940 4800 adoptionis
2979 4733 3153 4802 gratia
3175 4740 3319 4787 esset
3346 4731 3525 4796 Filius,
3545 4735 3629 4778 non
3646 4728 3705 4770 εο-

2204 4817 2315 4872 lum
2344 4817 2523 4884 Patre,
2552 4820 2646 4874 sed
2674 4821 2837 4875 etiam
2868 4822 3074 4893 angelis
3105 4824 3286 4878 minor
3308 4829 3463 4878 εεεει.

523 4938 733 4979 sonam.
758 4922 825 4976 Et
850 4922 1064 4991 quando
1086 4921 1153 4974 ad
1173 4935 1458 4990 personam
1488 4920 1826 4986 referuntur;
1855 4923 2013 4978 modo
2034 4922 2103 4977 ad
2130 4918 2181 4978 D
2280 4927 2437 4981 Vens.
2475 4927 2529 4982 5.
2558 4958 2629 4968 —
2656 4914 2846 4984 Hodie.
2872 4930 2949 4985 Ne
2975 4933 3249 5001 pneterita
3278 4927 3537 5003 generatio
3555 4920 3705 4975 *ἰάθη*

523 5012 763 5078 Patrem,
790 5012 951 5067 modo
978 5011 1044 5065 ad
1071 5010 1264 5065 Filium
1296 5009 1624 5065 referuntur.
1651 5008 1891 5066 Dicimus
1919 5012 2096 5066 enim:

524 5104 688 5160 Pater
711 5110 795 5157 est
816 5102 1014 5165 lumen,
1046 5109 1103 5156 et
1123 5100 1291 5157 Filius
1316 5111 1398 5156 est
1420 5101 1622 5156 lumen.
1653 5099 1915 5156 Similiter
1942 5101 2105 5157 Pater

524 5202 612 5251 est
635 5194 828 5265 gloria,
849 5193 1020 5248 Filius
1046 5191 1236 5263 gloria,
1258 5204 1311 5248 et
1331 5194 1387 5248 hi
1412 5194 1519 5248 duo
1544 5210 1653 5248 una
1676 5194 1843 5265 gloria
1864 5202 1917 5249 et
1939 5210 2103 5249 unum

527 5288 733 5353 lumen,
767 5303 874 5343 non
902 5288 1029 5343 duo.
1077 5288 1147 5343 Et
1181 5288 1380 5344 dicitur
1412 5288 1582 5345 Filius
1622 5290 1793 5362 gloria
1816 5291 1883 5345 de
1909 5290 2102 5361 gloria,

529 5378 670 5435 sicut
705 5378 884 5434 lumen
921 5377 989 5431 de
1031 5376 1253 5442 lumine,
1279 5386 1335 5433 et
1359 5380 1684 5452 principium
1720 5381 1786 5437 de
1817 5381 2099 5451 principio,

528 5475 586 5523 et
624 5466 765 5522 Deus
793 5466 861 5521 de
890 5466 1021 5532 Deo,
1053 5479 1160 5521 non
1200 5474 1380 5521 tamen
1409 5468 1514 5524 duo
1539 5470 1642 5534 dii.
1671 5470 1765 5524 sed
1802 5485 1961 5534 unus,
1998 5486 2104 5525 non

530 5558 638 5613 duo
672 5557 960 5629 principia,
989 5556 1082 5614 sed
1110 5571 1296 5613 unum.
1328 5556 1592 5629 Splendor
1613 5568 1793 5615 autem
1822 5568 1879 5615 et
1912 5560 2102 5631 ligura,

531 5649 671 5705 sicut
701 5657 757 5706 et
784 5649 961 5721 imago
998 5648 1214 5718 proprie
1241 5647 1307 5703 ad
1334 5663 1620 5720 personam
1646 5649 1766 5706 Filii
1798 5650 2103 5707 referuntur

531 5750 588 5797 et
613 5742 833 5798 relative
858 5742 1125 5799 dicuntur.

2207 5026 2312 5082 tur,
2349 5018 2483 5072 dixit
2510 5018 2686 5073 hodie.
2739 5019 3058 5092 Quanquam
3100 5023 3244 5078 enim
3294 5022 3458 5094 possit
3493 5006 3706 5074 etiamille

2205 5107 2323 5162 dies
2350 5106 2593 5178 intelligi,
2615 5124 2722 5178 quo
2746 5110 2995 5168 Christus
3017 5117 3311 5169 secundum
3334 5110 3578 5168 hominem
3596 5108 3706 5156 nam

2205 5206 2311 5263 est,
2343 5209 2523 5254 tamen
2569 5200 2695 5271 quia
2727 5202 2884 5257 hodie
2923 5206 3265 5274 prmseniiam
3308 5200 3568 5274 signiﬁcat.
3591 5199 3707 5259 ιιηυθ

2208 5290 2264 5345 in
2290 5290 2591 5345 aeternitate
2636 5306 2735 5347 nec
2781 5296 3113 5362 praeteritum
3156 5303 3243 5350 est
3288 5295 3557 5365 quidquam
3596 5275 3705 5352 limi

2207 5389 2331 5435 esse
2371 5380 2613 5447 desierit,
2645 5397 2747 5437 nec
2794 5383 3032 5441 futurum
3084 5387 3239 5457 quasi
3286 5385 3507 5441 nondum
3547 5365 3704 5437 sinsi!d

2207 5484 2448 5538 prtesnns
2478 5478 2687 5526 tantum
2713 5490 2725 5526 :
2748 5475 2873 5542 quia
2920 5476 3181 5546 quidquid
3220 5485 3470 5532 internum
3497 5480 3584 5530 est.
3606 5472 3704 5518 δεῖθ’

2209 5575 2307 5630 ρει·
2346 5561 2719 5618 est:divinius
2765 5567 3027 5636 accipitur
3071 5567 3138 5623 de
3181 5568 3495 5638 sempiterna
3533 5565 3703 5631 genera-

2209 5649 2356 5704 tione
2393 5650 2672 5720 sapientiae
2696 5652 2812 5719 Dei,
2842 5672 3005 5727 quam
3035 5658 3168 5715 ﬁdes
3207 5656 3548 5715 sinceriSSima
3577 5653 3694 5701 etc:-

2211 5740 2406 5795 tliolica
2441 5743 2712 5811 praedicat.
