3948 6314
480 306 586 360 647

977 293 1368 351 WALAFRIDI
1411 289 1659 348 STRABI
1697 285 1898 342 FULD.
1935 259 2098 339 ΜΘΝ.
2140 283 2291 336 OPP.
2333 283 2510 340 PAliS
2547 285 2586 339 I.
2623 310 2692 318 —
2731 283 2763 334 ἰ
2779 279 3184 337 ιιιυιοϐιιᾈ.

3651 282 3765 337 688

480 425 662 472 autem
695 411 950 474 hominis,
980 408 1231 464 cmlestis.
1263 406 1328 460 Et
1357 406 1444 459 ille
1485 405 1640 470 longe
1669 399 1942 468 sejunctas
1969 405 2050 450 est
2078 400 2124 456 Α
2153 395 2245 447 sed
2276 393 2673 447 misericordim.
2715 393 2866 460 Quod
2917 397 3110 464 probat
3147 411 3242 466 per
3280 399 3654 468 prophetam,
3693 418 3766 456 ne

482 510 614 571 Deo,
639 505 729 558 hic
759 511 935 557 autem
976 513 1214 569 praesens
1249 505 1352 552 est.
1396 496 1460 549 Et
1499 495 1620 548 ideo
1652 492 1794 545 illius
1831 499 1914 544 est
1940 504 2053 542 me-

481 618 603 658 mor
625 611 874 668 tanquam
901 597 955 649 in
986 594 1276 663 longinquo
1297 589 1477 660 positi.
1505 587 1660 640 Hunc
1687 585 1866 640 visitat
1891 597 2051 653 quem

481 692 631 745 vultu
667 701 786 751 suo,
827 685 884 740 id
919 691 1020 747 est,
1070 682 1256 753 gratia:
1299 695 1408 734 sua:
1456 676 1740 747 praesentia
1793 675 2047 728 illustrat.

489 781 684 835 Visitas
721 790 882 832 eum:
921 775 1192 830 hominem
1231 787 1324 841 per
1369 768 1561 822 Filium
1591 766 1858 828 hominis,
1899 763 2053 834 quasi

482 887 582 944 per
618 868 882 925 medicum
905 865 1202 926 infirmum,
1228 861 1466 914 visitavit
1489 858 1668 911 Pater.

557 958 793 1015 Vrsas.7.
843 986 913 996 —
955 951 1155 1006 Gloria.
1205 950 1461 1005 Claritate
1492 943 1916 1001 immortalitatis
1961 943 2052 996 ho-

484 1067 630 1118 nore,
656 1065 721 1105 eo
759 1046 902 1119 quod
952 1046 1031 1101 sic
1057 1043 1293 1098 ﬂectitur
1318 1055 1477 1096 omne
1513 1052 1671 1109 genu.
1703 1035 1873 1106 Super
1898 1051 2054 1104 opera

483 1158 755 1205 manuum,
772 1138 1038 1209 digniora,
1063 1135 1291 1197 scilicet,
1324 1130 1543 1201 angelos
1569 1136 1624 1183 et
1645 1127 1910 1192 homines,
1935 1140 2054 1196 qua:

481 1250 580 1306 per
607 1230 978 1288 excellentiam
1015 1227 1267 1281 dicuntur
1299 1238 1460 1292 opera
1489 1234 1765 1274 manuum.

554 1327 718 1382 Vens.
745 1323 798 1378 8.
824 1352 894 1362 —-—
924 1319 991 1373 In
1021 1335 1080 1372 eo
1113 1327 1305 1371 autem.
1336 1315 1570 1385 Exponit
1615 1326 1830 1367 sensum
1859 1308 2050 1364 David.

482 1419 573 1474 Ait
615 1416 783 1472 David
812 1411 984 1486 (Psal.
1015 1409 1134 1480 vttt)
1165 1427 1176 1462 :
1210 1408 1402 1462 Omnia
1435 1405 1697 1475 subjecisti
1725 1417 1744 1456 :
1776 1402 1842 1457 In
1872 1418 1931 1456 eo
1953 1418 2054 1454 au-

484 1519 587 1563 tem
607 1505 744 1578 quod
768 1503 1046 1573 Scriptura
1066 1499 1304 1570 subjecit,
1338 1498 1391 1551 id
1417 1505 1521 1560 est,
1552 1495 1791 1565 subjecta
1819 1492 2057 1546 ostendit

485 1599 684 1662 omnia,
717 1594 846 1650 nihil
875 1593 1090 1656 dimisit,
1109 1592 1159 1645 id
1174 1598 1275 1655 est,
1300 1586 1660 1654 uihilexcepit
1686 1585 1751 1639 de
1779 1582 2049 1638 omnibus.

556 1689 718 1743 Vens.
751 1689 805 1742 9.
829 1716 898 1726 —
927 1685 1066 1739 Eum
1096 1692 1288 1744 autem,
1339 1689 1446 1734 etc.
1480 1677 1708 1746 Majores
1743 1673 1916 1743 angeli
1957 1674 2054 1726 ho-

2150 494 2367 554 putetur
2396 500 2610 537 novum.

2223 574 2385 628 Vens.
2419 572 2504 626 M.
2535 603 2607 613 —-
2636 573 2774 638 Quia
2809 591 2951 644 ergo.
2990 576 3152 643 Quasi
3190 597 3202 631 :
3255 579 3388 633 Cum
3434 593 3639 636 essent
3689 600 3760 638 ex

2151 682 2259 719 uno
2291 680 2499 729 oumes,
2547 673 2622 726 et,
2663 667 2785 734 quia
2827 667 2979 736 pueri
3013 670 3102 737 qui
3148 671 3520 726 sanctificandi
3582 685 3766 728 erant

2151 759 2678 814 communicaveraut
2731 758 2901 822 carni,
2953 759 3005 814 id
3035 771 3118 815 est
3157 771 3312 815 erant
3365 764 3641 819 homines
3692 781 3762 819 ex

2152 852 2329 906 anima
2369 861 2423 905 et
2460 865 2702 919 corpore,
2757 867 2877 919 qua:
2926 867 3022 921 per
3075 855 3389 923 sanguinem
3425 858 3761 926 accipitur,

2153 941 2561 1012 corruptibiles;
2616 943 2734 996 ideo
2790 952 2837 994 et
2877 944 3003 1012 ipse,
3058 943 3328 999 Christus.
3377 947 3758 1019 Participarit

2152 1033 2342 1086 eisdem
2366 1033 2566 1102 pueris,
2597 1033 2679 1087 vel
2721 1034 2935 1092 eisdem.
2961 1036 3014 1090 id
3054 1048 3138 1090 est
3169 1053 3330 1092 carne
3357 1048 3411 1093 et
3442 1042 3758 1110 sanguine,

2152 1133 2207 1177 et
2236 1124 2336 1177 hoc
2361 1124 2630 1187 similiter,
2662 1124 2712 1178 id
2734 1132 2835 1188 est,
2861 1126 3130 1193 passibilis
3155 1137 3210 1182 et
3236 1130 3494 1195 mortalis,
3521 1142 3591 1186 ut
3622 1149 3760 1202 pos-

2153 1224 2234 1268 set
2254 1213 2414 1278 mori,
2442 1223 2497 1269 et
2520 1215 2600 1268 sic
2629 1215 2929 1270 destrueret
2955 1217 3249 1285 diabolum,
3275 1230 3328 1275 ct
3347 1237 3446 1290 per
3475 1235 3755 1289 mortem,

2154 1304 2322 1374 legem
2355 1313 2662 1369 evacuaret,
2702 1315 2756 1361 et
2783 1305 2995 1362 Judreos
3022 1308 3221 1364 liberos
3260 1310 3462 1367 faceret
3489 1331 3598 1384 per
3626 1333 3759 1386 gra—

2154 1396 2284 1448 tiam
2313 1395 2403 1464 qui
2453 1396 2646 1450 timore
2692 1411 2973 1466 pmnarum
3025 1401 3166 1454 servi
3217 1412 3375 1456 erant
3423 1403 3585 1474 legis.
3643 1405 3757 1461 Per

2153 1498 2391 1541 mortem.
2419 1487 2615 1542 Mirum
2656 1489 2824 1558 quid?
2852 1489 2995 1545 Mors
3024 1501 3142 1546 erat
3167 1509 3317 1548 arma
3343 1510 3442 1565 per
3465 1512 3594 1565 qua:
3623 1498 3756 1551 vin-

2153 1581 2310 1636 cebat
2365 1580 2631 1646 diabolus,
2678 1590 2733 1636 et
2775 1597 2872 1653 per
2917 1597 3036 1637 eam
3084 1585 3260 1640 victus
3301 1596 3387 1641 est
3433 1603 3468 1642 a
3514 1588 3755 1644 Christo

2153 1673 2416 1728 diabolus.

485 1781 633 1837 mine
668 1780 773 1834 dici
817 1784 1060 1848 possunt,
1093 1775 1216 1844 quia
1247 1771 1477 1840 majores
1512 1777 1638 1824 sunt
1678 1766 1910 1821 hominis
1929 1780 2052 1820 cor-
2227 1766 2389 1822 Vens.
2441 1768 2529 1822 16.
2567 1799 2641 1809 ——
2678 1769 2975 1840 Nusquam.
3019 1771 3368 1844 Participavit
3414 1775 3629 1830 eisdem
3692 1787 3752 1830 ιιι

485 1887 638 1944 pore.
671 1867 907 1937 Majores
941 1875 1064 1921 sunt
1084 1874 1140 1920 et
1164 1865 1365 1925 animo,
1395 1861 1489 1916 sed
1515 1860 1568 1914 in
1587 1873 1652 1913 eo
1685 1865 1889 1911 tantum
1913 1854 2057 1924 quod

485 1959 695 2032 peccati
741 1957 1018 2028 originalis
1066 1954 1258 2008 merito
1315 1965 1513 2020 corpus
1571 1954 1831 2018 aggravat
1884 1945 2056 2013 ipsum

488 2052 750 2114 animum,
796 2049 891 2103 sed
921 2049 1023 2102 hoc
1056 2061 1163 2100 non
1209 2045 1263 2098 in
1299 2041 1533 2097 Christo.
1562 2039 1716 2106 Quod
1758 2047 1935 2092 autem
1961 2035 2058 2090 tibi

487 2142 700 2197 videtur
729 2138 862 2194 nihil
892 2151 1142 2207 magnum
1191 2135 1256 2190 de
1304 2134 1412 2187 Deo
1436 2131 1596 2185 Patre
1625 2129 1754 2193 dici,
1801 2127 1848 2183 si
1885 2125 2058 2182 forma

488 2233 631 2289 servi
675 2231 846 2301 major
889 2236 994 2293 est,
1034 2242 1140 2297 qua
1187 2223 1418 2292 majores
1457 2221 1706 2276 videntur
1742 2227 1796 2274 et
1843 2218 2055 2290 angeli;

489 2337 597 2377 non
630 2327 777 2376 recte
797 2319 1020 2390 cogitas,
1068 2331 1167 2371 nec
1202 2314 1433 2370 attendis
1463 2327 1620 2382 quem
1649 2309 1843 2365 habeat
1879 2309 2058 2364 locum

491 2416 544 2471 in
570 2415 731 2470 rebus
754 2413 988 2467 humana
1025 2417 1243 2472 natura,
1277 2423 1395 2476 qua-
1426 2404 1642 2460 condita
1670 2410 1752 2456 est
1781 2400 1847 2454 ad
1870 2400 2060 2468 imagi—

489 2524 612 2564 nem
658 2507 797 2562 Dei:
839 2506 926 2561 cui
981 2513 1158 2559 tamen
1191 2499 1386 2570 injuria
1439 2499 1581 2554 facta
1629 2513 1734 2551 non
1783 2504 1908 2561 est,
1936 2511 2058 2550 cum

488 2599 734 2654 Christus
763 2597 971 2653 dicebat
1003 2614 1016 2649 :
1048 2593 1212 2648 Pater
1250 2593 1423 2662 major
1458 2607 1538 2644 me
1572 2598 1646 2642 est
1683 2587 1863 2658 (Joan.
1905 2588 2054 2658 xxv);

490 2672 580 2758 qui
611 2704 716 2743 non
755 2686 904 2741 carui
945 2701 1055 2741 suae
1101 2684 1304 2747 solum,
1348 2682 1440 2736 sed
1482 2681 1641 2734 etiam
1677 2678 1842 2732 menti
1897 2692 2057 2746 quam

488 2780 708 2850 gerebat
734 2777 982 2831 humanae
1009 2775 1173 2829 Deum
1200 2781 1406 2844 patrem
1435 2770 1772 2842 przeferebat,
1800 2783 1918 2838 quae
1944 2768 2061 2822 sine

489 2870 651 2923 dubio
694 2867 862 2921 forma
913 2865 1222 2934 agnoscitur
1259 2864 1419 2927 servi,
1449 2860 1700 2931 quoniam
1744 2859 1909 2914 servit
1952 2867 2060 2913 tota

490 2967 736 3014 creatura
759 2957 1024 3012 Creatori.

564 3052 784 3120 Propter
804 3051 1114 3121 passionem.
1148 3048 1247 3103 Hic
1288 3047 1394 3115 iam
1436 3042 1925 3116 incipitostendere
1955 3057 2061 3097 non

491 3159 591 3216 pro
619 3145 857 3213 potentia
887 3151 1123 3207 tantum,
1161 3141 1245 3196 vel
1289 3140 1487 3194 ultione
1521 3139 1685 3192 verba
1725 3136 1924 3190 Christi
1968 3151 2065 3188 au-

490 3234 683 3288 dienda
715 3247 854 3297 esse,
900 3233 992 3287 sed
1033 3247 1132 3302 pro
1167 3231 1450 3287 dilectione
1484 3245 1590 3299 qua
1620 3226 1805 3283 dilexit
1850 3242 1976 3291 nos,
2007 3227 2066 3280 ut

492 3340 590 3395 pro
617 3325 772 3380 nobis
805 3331 1127 3379 moreretur.

563 3415 727 3470 Vens.
760 3415 846 3470 IO.
872 3445 943 3455 -—
963 3415 1256 3468 Auctorem.
1282 3413 1578 3468 Christum.
1611 3409 1810 3465 Salutis
1837 3424 2017 3462 eorum
2046 3447 2060 3471 ,

492 3505 545 3560 id
573 3514 655 3560 est
706 3505 957 3560 filiorum.
1007 3503 1122 3573 Ipse
1161 3504 1306 3557 enim
1345 3511 1428 3556 est
1471 3501 1610 3554 [ilius
1648 3515 1744 3570 per
1792 3508 2062 3562 naturam,

493 3593 645 3663 cujus
673 3596 913 3650 haeredcs
937 3595 1138 3649 erimus
1162 3595 1250 3664 qui
1274 3608 1460 3647 sumus
1479 3593 1764 3660 adoptione
1794 3591 1906 3644 lilii.
1935 3586 2066 3644 Vide

493 3697 726 3760 quantus
751 3697 834 3742 est
861 3688 914 3740 in
943 3688 1118 3740 medio
1152 3695 1394 3740 nostrum
1428 3702 1440 3737 :
1479 3683 1544 3737 Et
1573 3684 1661 3737 ille
1698 3683 1858 3749 (ilius,
1885 3694 1938 3740 et
1969 3702 2066 3742 uos

497 3780 590 3834 filii
619 3793 824 3833 sumus.
874 3777 980 3832 Sed
1020 3778 1202 3842 distat,
1241 3777 1381 3846 quod
1421 3776 1509 3831 ille
1549 3776 1739 3841 salvat,
1771 3793 1869 3832 nos
1895 3779 2067 3832 salva-

499 3886 641 3924 mur.
672 3869 764 3924 Ille
794 3867 1112 3932 sanctificat,
1143 3884 1241 3923 nos
1276 3867 1699 3922 sanctificamur.
1733 3867 1890 3922 Modo
1933 3885 2066 3924 con-

491 3960 662 4032 jungit
688 3975 816 4016 .nos
862 3959 1160 4029 Scriptura,
1200 3959 1359 4013 modo
1391 3957 1669 4029 disjungit.
1717 3957 1945 4024 Multos,
1986 3961 2068 4014 itt-

497 4053 636 4123 quit,
663 4050 836 4120 ﬁlios,
865 4051 953 4105 hic
999 4049 1309 4119 conjunxit:
1349 4061 1609 4104 auctorem
1648 4049 1830 4103 salutis
1865 4067 2063 4115 eorum,

497 4148 587 4203 hic
615 4147 886 4202 discrevit.
916 4143 1022 4198 Per
1040 4148 1348 4216 passionem.
1374 4146 1507 4212 Quia
1539 4145 1640 4198 nisi
1672 4144 1920 4199 Christus
1947 4159 2065 4198 mo-

498 4247 728 4302 reretur,
766 4240 924 4292 homo
968 4253 1072 4291 non
1110 4239 1495 4301 redimeretur,
1527 4248 1582 4291 et
1623 4253 1728 4290 non
1756 4237 2065 4305 redemptus

498 4330 718 4398 periret.
749 4327 902 4394 Quod
932 4327 977 4382 si
1008 4338 1172 4392 esset,
1214 4326 1412 4381 frustra
1443 4328 1625 4381 omnia
1675 4328 1814 4381 facta
1865 4336 2062 4381 essent.

499 4419 705 4474 Caetera
734 4419 876 4472 enim
925 4418 1127 4471 homini
1171 4419 1433 4484 serviunt,
1487 4420 1648 4473 homo
1685 4419 1815 4472 Deo.
1866 4417 1975 4472 Nec
2009 4419 2062 4472 in

498 4509 766 4578 aliquibus
816 4510 956 4563 Deus
992 4510 1384 4581 glorificaretur
1469 4527 1592 4566 cum
1635 4514 1700 4567 ad
1739 4513 1842 4566 hoc
1865 4509 2068 4564 omnis

500 4601 642 4659 facta
674 4602 799 4658 sint.
835 4602 991 4657 Falsa
1036 4618 1248 4672 quoque
1275 4611 1419 4658 esset
1451 4604 1850 4673 praedestinatio
1882 4606 1946 4660 de
1977 4605 2070 4658 ad-

502 4694 760 4750 ducendis
789 4693 931 4748 filiis.
979 4692 1372 4748 Consummare.
1411 4694 1525 4750 Hoc
1568 4695 1621 4749 in
1674 4697 2070 4752 resurrectione

502 4784 743 4852 incmpit,
796 4784 1012 4852 quando
1059 4784 1479 4839 immortalitatis
1527 4785 1694 4856 gloria
1751 4788 2068 4844 sublimatus

501 4884 606 4929 εει.
636 4874 704 4926 Ει
737 4882 952 4928 auctum
1002 4873 1056 4927 in
1086 4875 1430 4940 ascensione,
1474 4877 1686 4944 quando
1730 4880 1969 4933 ascendit
1999 4881 2065 4935 ad

505 4963 781 5018 dexteram
829 4961 1022 5017 Patris.
1065 4964 1130 5018 Et
1179 4965 1482 5034 perficietur
1509 4967 1559 5020 in
1604 4968 1824 5038 judicio,
1860 4972 2070 5041 quando

503 5055 552 5107 ei
578 5053 751 5106 omnia
807 5054 1186 5125 subjicientur,
1237 5066 1285 5110 et
1349 5059 1446 5112 erit
1497 5060 1668 5112 omnia
1726 5061 1782 5114 in
1835 5063 2070 5118 omnibus

508 5141 560 5213 (I
582 5139 706 5196 Cor.
739 5142 851 5214 xv).

581 5231 683 5296 Qui
709 5234 865 5297 enim,
892 5240 995 5287 etc.
1032 5234 1209 5307 (Auc.)
1237 5237 1454 5305 Probat,
1496 5241 1638 5310 quod
1670 5257 1767 5312 pro
1798 5252 1981 5298 nostra
2007 5243 2073 5297 li-

509 5321 787 5376 beratione
835 5322 1104 5378 Christum
1143 5327 1250 5394 pati
1306 5329 1577 5395 decuerit,
1626 5341 1764 5398 etc.,
1808 5351 1966 5403 usque
2001 5334 2070 5387 ad

509 5429 632 5469 eum
665 5422 720 5468 et
745 5423 1030 5482 utramque
1059 5424 1300 5472 naturam
1323 5435 1416 5490 per
1440 5437 1497 5475 se
1524 5433 1734 5477 constat
1757 5425 1999 5479 scivisse.
2045 5431 2073 5493 ,ξ

583 5505 668 5558 Ex
705 5521 808 5558 uno
841 5521 1036 5559 omnes.
1095 5505 1202 5562 Sed
1248 5509 1334 5562 ille
1383 5519 1441 5563 ut
1467 5519 1714 5582 proprius
1744 5515 1929 5580 Filius,
1975 5532 2074 5570 nos

513 5600 765 5671 adoptivi.
821 5600 953 5654 Cum
998 5600 1165 5654 dicit:
1199 5619 1300 5656 non
1339 5605 1587 5659 erubescit
1635 5607 1822 5676 fratres
1858 5626 2075 5676 uocare,

511 5693 744 5748 ostendit
781 5691 921 5761 quod
959 5706 1064 5745 non
1103 5693 1150 5746 ei
1191 5702 1392 5750 natura:
1417 5706 1498 5751 est
1529 5695 1836 5754 fraternitas
1871 5712 2073 5765 nostra,

2089 3105 2135 3168 C

2155 1857 2401 1913 homines
2416 1858 2799 1913 sanctificaret.
2829 1861 2894 1914 Et
2919 1871 3066 1916 recte
3093 1863 3208 1918 haec
3230 1880 3394 1918 causa
3419 1867 3748 1934 apponitur,

2155 1948 2281 2016 quia
2311 1948 2356 2002 si
2397 1963 2504 2002 non
2537 1958 2680 2004 esset
2705 1964 2797 2005 eos
2835 1951 3180 2017 liberaturus,
3211 1969 3316 2008 non
3342 1955 3422 2008 eis
3445 1957 3752 2025 participa-

2156 2048 2256 2094 ret.
2286 2040 2439 2109 Quod
2481 2041 2533 2095 in
2574 2043 2778 2112 angelis
2804 2053 3044 2114 apparet,
3077 2047 3202 2116 quia
3233 2063 3525 2117 nusquam,
3552 2049 3609 2102 id
3635 2060 3742 2111 est,

2157 2131 2305 2185 nulla
2357 2132 2623 2201 scriptura
2671 2132 2867 2203 legitur
2913 2137 3330 2204 apprehendisse
3354 2138 3603 2208 angelos.
3638 2141 3747 2208 Αρ-

2157 2223 2444 2292 prehendit.
2478 2222 2767 2292 Apostolus
2798 2224 2934 2278 dixit
2963 2243 2976 2279 :
3005 2228 3366 2295 apprehendit,
3415 2243 3523 2280 non
3554 2239 3742 2284 autem

2159 2314 2455 2383 assumpsit,
2500 2315 2699 2383 quasi:
2745 2315 2926 2385 Longe
2970 2315 3264 2386 fugientem
3307 2328 3594 2372 assecutus
3637 2329 3742 2373 est.

2160 2405 2216 2458 In
2244 2419 2350 2473 quo
2381 2406 2628 2461 humana:
2672 2416 2876 2462 natura:
2918 2408 3151 2477 dignitas
3188 2409 3411 2481 intelligi
3459 2419 3745 2481 potest,et

2160 2496 2532 2552 misericordia
2571 2507 2626 2552 et
2663 2500 2837 2568 gratia
2876 2515 2982 2568 qua
3016 2501 3118 2555 hoc
3148 2499 3295 2566 fecit,
3326 2512 3381 2555 et
3421 2517 3552 2556 cura
3575 2518 3739 2571 quam

2161 2587 2228 2642 de
2260 2588 2414 2642 nobis
2452 2589 2662 2644 habuit.
2701 2589 3014 2660 Fugientem
3053 2593 3248 2662 quippe
3282 2601 3408 2646 ante
3442 2595 3739 2647 humanam

2161 2685 2429 2744 naturam,
2464 2687 2519 2733 et
2549 2678 2704 2750 longe
2749 2680 3039 2752 fugientem
3073 2684 3249 2754 (longe
3275 2686 3419 2739 enim
3461 2686 3735 2755 eramus);

2161 2769 2435 2826 insecutus
2479 2773 2852 2842 apprehendit,
2907 2790 3014 2829 non
3055 2778 3329 2847 angelicaz,
3359 2778 3456 2831 sed
3487 2779 3736 2832 humanm.
3791 2809 3808 2820 ε

2162 2872 2369 2918 natura:
2398 2863 2522 2918 data
2559 2873 2641 2919 est
2668 2866 2784 2922 haec
2830 2867 3080 2938 dignitas,
3113 2880 3173 2922 ut
3216 2868 3357 2922 Deus
3390 2869 3442 2923 ei
3488 2869 3542 2922 in
3572 2885 3736 2922 unam

2162 2971 2446 3026 personam
2465 2955 2804 3028 iungeretur.

2235 3047 2396 3101 Vsus.
2429 3033 2512 3101 l7.
2542 3079 2612 3088 —
2648 3046 2750 3102 Per
2787 3049 2982 3102 omnia.
3028 3049 3164 3117 Quia
3216 3058 3393 3116 natus,
3445 3052 3731 3111 educatus,

2166 3140 2368 3205 crevit;
2401 3155 2613 3210 passus,
2641 3149 2905 3195 mortuus.
2930 3140 3033 3208 Qui
3062 3157 3222 3210 supra
3251 3143 3429 3196 dictus
3457 3152 3542 3197 est
3571 3144 3734 3212 figura

2165 3239 2403 3301 paterna:
2428 3232 2758 3286 substantiae.

2238 3327 2402 3381 Vsus.
2441 3327 2526 3381 18.
2553 3358 2624 3366 -
2661 3327 2728 3382 1η
2756 3345 2814 3381 eo
2848 3329 3006 3382 enim.
3047 3327 3101 3382 Id
3142 3336 3242 3390 est,
3293 3328 3347 3382 in
3379 3344 3548 3383 carne
3575 3344 3731 3398 quam

2167 3420 2401 3490 suscepit
2435 3420 2605 3474 multa
2642 3436 2782 3476 saeva
2825 3437 3012 3491 passus
3039 3431 3142 3477 est.
3186 3421 3454 3491 Novilque
3491 3423 3621 3492 quid
3655 3432 3732 3477 est

2166 3510 2268 3564 ista
2315 3510 2588 3564 tribulatio
2629 3513 2946 3580 patientium
2993 3528 3090 3582 per
3126 3513 3583 3582 experimentum.
3630 3514 3729 3579 Qui

2165 3611 2448 3656 tentantur.
2479 3601 2674 3656 Tentat
2716 3602 2858 3657 Deus
2887 3613 2946 3658 ut
2980 3606 3188 3674 probet,
3218 3604 3465 3660 diabolus
3492 3612 3556 3660 ut
3589 3606 3731 3661 deci-

2165 3693 2294 3761 piat,
2320 3691 2481 3748 homo
2511 3701 2569 3746 ut
2601 3693 2738 3748 sciat
2759 3695 2900 3764 quod
2931 3695 3120 3750 nescit.

2773 3827 2997 3884 CAPUT
3029 3830 3116 3885 IlI.

2238 3961 2400 4017 Vnus.
2434 3963 2484 4016 l.
2509 3961 2638 4018 —U
2643 3963 2740 4016 nde
2761 3961 2968 4032 fratres.
3001 3964 3077 4019 Ex
3099 3965 3347 4020 omnibus
3371 3968 3740 4036 superioribus

2169 4050 2330 4106 infert
2359 4069 2372 4115 ;
2405 4051 2595 4120 quasi:
2628 4052 2762 4120 Quia
2787 4063 3009 4123 potens,
3039 4055 3163 4124 quia
3192 4068 3385 4123 passus
3415 4072 3517 4126 pro
3549 4057 3736 4118 nobis.

2167 4150 2220 4196 ct
2244 4151 2420 4210 potest
2449 4141 2717 4197 auxiliari.

2238 4234 2399 4288 Vens.
2422 4235 2477 4287 '2.
2495 4265 2562 4273 —
2579 4234 2680 4300 Qui
2700 4235 2890 4304 ﬁdelis.
2906 4234 3097 4305 Incipit
3113 4235 3387 4292 Christum
3416 4253 3734 4307 comparare

2168 4324 2332 4395 Moysi
2355 4365 2368 4388 ,
2417 4326 2557 4379 sicut
2593 4342 2754 4396 supra
2787 4327 3062 4396 prophetis
3099 4337 3154 4382 et
3195 4328 3431 4397 angelis,
3468 4330 3541 4382 ita
3586 4341 3642 4383 ut
3667 4331 3733 4384 sit

2169 4431 2277 4485 prie
2299 4416 2477 4487 Moyse
2506 4417 2692 4482 fidelis,
2723 4419 2843 4486 quia
2868 4433 2972 4472 non
3000 4433 3172 4481 suam,
3190 4420 3282 4472 sed
3309 4417 3489 4473 Patris
3511 4420 3729 4491 gloriam

2173 4511 2440 4581 quaesivit,
2470 4525 2570 4562 nec
2597 4507 2711 4575 ejus
2739 4509 2989 4561 mandata
3026 4508 3326 4563 abscondit.
3361 4509 3465 4576 Qui
3495 4511 3733 4565 Christus

2174 4604 2346 4658 ﬁdelis
2371 4612 2452 4657 est
2475 4602 2618 4656 Patri
2651 4601 2810 4672 (sicut
2839 4600 3065 4672 Moyses)
3096 4601 3148 4654 in
3175 4601 3322 4655 omni
3353 4600 3516 4657 domo
3539 4601 3734 4657 Judzeo—

2171 4711 2290 4748 rum
2317 4703 2372 4748 et
2393 4693 2650 4765 gentium.

2243 4790 2404 4843 Vens.
2438 4787 2490 4839 5.
2514 4817 2586 4825 —
2611 4784 2909 4854 Amplioris.
2940 4783 3140 4850 Quasi:
3168 4783 3320 4851 Quod
3357 4784 3532 4839 ﬁdelis
3562 4784 3729 4845 fuerit,

2169 4878 2281 4948 ipse
2320 4877 2541 4932 elfectus
2588 4875 2831 4929 iudicat:
2876 4875 3000 4943 quia
3051 4874 3245 4944 dignus
3287 4882 3375 4928 est
3425 4876 3635 4945 gloria,
3681 4884 3732 4927 ut

2173 4966 2382 5036 Moyses
2424 4979 2438 5018 :
2482 4973 2537 5018 et
2574 4962 2787 5033 quidem
2828 4963 3085 5031 ampliore
3115 4979 3226 5032 pra:
3273 4963 3492 5036 Moyse,
3533 4967 3587 5020 id
3635 4975 3728 5027 est,

2172 5074 2331 5130 quam
2363 5055 2590 5127 Moyses,
2613 5055 2696 5108 vel
2717 5071 2824 5123 prae
2847 5053 3025 5125 Moyse
3049 5054 3315 5109 exsistens
3342 5056 3396 5109 in
3426 5059 3694 5112 merendo.

2244 5147 2407 5202 Vens.
2438 5145 2490 5198 4.
2523 5175 2590 5185 —-
2613 5143 2793 5198 Omnis
2825 5159 3044 5213 namque
3067 5143 3272 5209 domus,
3299 5156 3406 5199 etc.
3437 5145 3730 5200 Fabricavit

2174 5239 2315 5307 dico,
2339 5253 2434 5306 per
2454 5250 2513 5290 se
2531 5235 2673 5289 enim
2707 5249 2810 5287 non
2846 5243 3023 5302 potest
3054 5234 3189 5299 ﬁeri,
3222 5236 3313 5289 sed
3338 5238 3408 5290 ab
3430 5237 3628 5306 aliquo.
3655 5243 3724 5290 Au

2173 5331 2296 5386 ideo
2314 5346 2343 5383 a
2361 5327 2607 5383 Christo?
2634 5326 2791 5390 Vere,
2819 5328 2943 5396 quia
2971 5327 3110 5382 Deus
3130 5335 3211 5381 est
3230 5329 3318 5397 qui
3346 5327 3478 5383 facit
3503 5330 3724 5392 domum,

2175 5431 2228 5477 et
2247 5423 2445 5477 omnia.
2479 5420 2580 5486 Qui
2609 5430 2781 5474 autem
2809 5421 2982 5472 omnia
3005 5420 3231 5484 creavit,
3263 5429 3318 5472 et
3344 5421 3581 5475 domum.
3606 5422 3722 5473 Deus

2177 5525 2273 5568 est.
2323 5513 2611 5581 Utriusque
2656 5511 2797 5564 enim
2840 5511 3028 5564 domus
3074 5519 3182 5563 tam
3231 5508 3347 5576 ejus
3387 5527 3548 5581 quam
3606 5511 3723 5565 rexit

2182 5608 2407 5678 Moyses,
2438 5621 2596 5676 quam
2634 5603 2748 5674 ejus
2783 5619 2941 5673 quam
2966 5603 3136 5658 crcxit
3166 5603 3435 5667 Christus,
3469 5604 3636 5660 factor
3656 5612 3719 5656 est

2180 5699 2336 5755 Deus.
