3948 6314
192 376 290 433 619

1103 369 1366 427 GLOSSA
1407 364 1799 424 ORDINARIA.
1835 393 1905 404 -—
1939 363 2154 420 EPIST.
2197 367 2286 420 AD
2328 366 2529 422 HEBR.

3317 366 3421 420 650

260 480 421 536 Vens.
449 478 500 534 5.
528 507 596 520 -—
617 476 684 532 Et
717 476 939 548 Moyses.
963 475 1211 532 Ostendit
1233 475 1504 530 Christum
1531 472 1748 542 dignum
1777 473 1827 532 Α
1851 485 1970 525 εεεε
1997 472 2064 527 de
2093 475 2296 542 requie,
2334 475 2464 530 dicit
2490 475 2703 543 quando
2728 494 2739 528 :
2773 474 3039 540 videlicet,
3071 485 3196 532 ante
3224 475 3426 548 legem,

193 570 430 640 ampliori
460 567 630 639 gloria
660 583 820 637 quam
860 567 1078 637 Moysen
1098 607 1112 630 ,
1149 568 1273 635 quia
1301 566 1549 624 Christus
1581 562 1750 616 fabri-

191 669 340 714 cator
360 667 442 713 est
469 659 686 721 domus,
721 672 828 712 non
857 667 1035 710 autem
1071 655 1298 725 Moyses.
1341 653 1438 708 Hic
1466 653 1627 706 aliam
1662 664 1750 703 ra-

193 753 388 805 tionem
414 746 577 804 etiam
608 749 871 811 ostendit,
903 747 1029 816 quia
1058 746 1264 801 scilicet
1294 744 1540 798 Christus
1571 741 1710 794 ﬁlius
1733 779 1750 803 ,

191 841 396 913 Moyses
424 838 654 893 famulus
675 847 788 902 est,
816 838 904 907 qui
933 846 990 890 et
1027 835 1262 889 carnalia
1301 831 1608 887 carnalibus
1643 836 1754 884 tra-

189 931 363 996 debat,
390 930 638 985 Christus
673 943 800 983 vero
828 925 1144 996 spiritualia.

258 1023 422 1077 Vens.
451 1023 504 1075 7.
525 1049 595 1060 -—
621 1019 966 1088 Quapropter.
995 1017 1129 1070 Cum
1155 1030 1313 1084 supra
1343 1029 1452 1084 prae
1477 1010 1680 1082 angelis
1700 1017 1755 1064 ει

187 1111 461 1182 prephetis
489 1109 763 1164 Christum
791 1106 1221 1162 commendasset
1247 1104 1302 1158 in
1332 1103 1532 1162 multis.
1570 1101 1755 1155 subin-

191 1201 434 1254 tuliLnos
463 1209 713 1270 Oportere
739 1198 1030 1253 observare
1052 1212 1174 1266 qtue
1195 1197 1263 1250 ab
1295 1195 1382 1248 illo
1414 1193 1748 1256 audivimus;

189 1291 263 1344 ita
291 1299 346 1344 et
374 1305 517 1344 nunc
537 1288 913 1343 commendato
940 1287 1056 1355 ipso
1083 1301 1195 1354 pra:
1221 1284 1422 1353 Moyse,
1451 1282 1636 1350 incipit
1661 1295 1754 1335 eos

189 1390 409 1444 terrere,
435 1393 502 1432 ne
533 1379 644 1434 sint
667 1377 923 1432 increduli
946 1376 1180 1439 Christo,
1206 1391 1303 1444 per
1331 1383 1543 1444 patrum
1564 1371 1738 1426 simili.

188 1470 456 1534 tudinem;
508 1477 562 1523 et
601 1483 668 1523 ne
709 1467 959 1522 amittant
995 1465 1232 1534 requiem
1257 1504 1272 1528 ,
1323 1462 1616 1525 blanditur,
1657 1474 1753 1528 per

186 1559 638 1629 opportunitatem
663 1557 939 1620 temporis.
968 1554 1157 1608 Hodie.
1187 1553 1359 1612 Modo,
1384 1567 1482 1620 per
1500 1566 1559 1604 se
1584 1548 1753 1617 loqui-

191 1661 294 1714 tur,
336 1649 428 1718 qui
471 1648 622 1718 prius
659 1662 756 1716 per
797 1659 1112 1716 praecones:
1149 1643 1193 1698 si
1230 1653 1356 1697 tunc
1390 1640 1509 1696 duri
1591 1638 1751 1692 modo

186 1747 355 1794 estote
390 1737 591 1793 molles.

1852 572 1970 630 post
2006 563 2384 632 perfectionem
2425 579 2892 638 operumseptem
2939 570 3144 624 dierum
3188 586 3284 639 per
3324 586 3422 632 reo,

1851 654 2029 722 quiem
2058 656 2292 720 sabbati;
2319 665 2374 710 et
2408 659 2506 711 sub
2531 657 2664 727 lege,
2694 661 2908 728 quando
2932 675 3027 728 per
3052 671 3251 718 terram
3292 677 3420 731 pro-

1852 742 2122 797 missionis
2159 744 2564 812 designabatur;
2598 756 2652 800 et
2690 757 2948 817 tempore,
2987 750 3172 817 gratiae
3215 749 3420 819 Spiritu

1851 842 2038 889 sancto
2066 836 2275 890 dicente
2309 839 2360 890 in
2391 837 2553 890 David
2578 855 2591 890 :
2627 839 2804 903 hodie,
2837 849 2964 904 etc.,
2993 840 3180 908 quasi,
3205 841 3420 895 nuntia-

1852 935 1964 980 tum
1993 936 2077 981 est
2101 928 2166 982 de
2193 930 2377 998 requie
2401 929 2488 983 illa
2514 938 2568 984 et
2604 931 2684 986 sic
2709 933 2916 1001 quidem
2947 935 3161 1003 quando
3183 935 3419 989 nondum

1851 1016 2133 1086 completio
2161 1018 2316 1072 istius
2353 1035 2492 1074 vera:
2538 1022 2736 1090 requiei
2778 1032 2897 1077 erat
2932 1025 3258 1094 signiﬁcata,
3291 1026 3418 1096 quia

1853 1108 2036 1174 requie
2063 1108 2239 1163 nullus
2269 1111 2444 1164 adhuc
2477 1113 2677 1180 potitus
2709 1111 2904 1168 fuerat.
2949 1115 3221 1184 Perfectis.
3261 1116 3428 1184 Quod.

1853 1196 1953 1249 fuit
1973 1197 2113 1251 facto
2135 1200 2368 1262 homine,
2400 1217 2498 1270 pro
2527 1217 2632 1270 quo
2656 1201 2798 1257 facta
2828 1213 2952 1257 sunt
2973 1207 3149 1259 omnia
3173 1246 3189 1272 ,
3222 1215 3279 1262 et
3305 1207 3428 1278 ipse

1853 1289 1920 1344 ad
1943 1290 2107 1344 Deum
2132 1291 2535 1362 gloriﬁcandum
2573 1294 2746 1349 factus
2765 1304 2863 1350 est.
3202 1316 3204 1320 τ
3421 1351 3426 1358 ,

1924 1380 2084 1435 Vens.
2112 1382 2164 1434 4.
2193 1412 2264 1422 --
2292 1383 2356 1436 Et
2387 1385 2627 1454 requievit
2676 1385 2759 1438 die
2797 1386 3032 1453 septima.
3086 1386 3191 1442 Sex
3232 1387 3423 1446 diebus

1852 1465 1982 1523 fecit
2007 1470 2210 1535 omnia,
2235 1481 2294 1526 ut
2314 1482 2435 1541 post
2465 1474 2592 1528 nihil
2621 1474 2774 1530 ﬁeret
2806 1474 2909 1530 nisi
2939 1476 3006 1532 de
3027 1476 3259 1532 materia
3291 1485 3420 1538 tunc

1852 1557 2028 1626 facta,
2070 1569 2126 1616 et
2162 1563 2229 1616 ad
2270 1563 2674 1618 similitudinem
2722 1565 3004 1620 factorum.
3055 1566 3294 1638 Septima
3333 1567 3422 1624 die

1851 1647 2084 1715 quievit,
2129 1664 2248 1719 quae
2285 1651 2402 1705 ideo
2437 1651 2700 1726 signiﬁcat
2745 1655 3000 1724 requiem.
3045 1655 3138 1712 Sic
3167 1667 3222 1712 et
3267 1666 3419 1714 sexta

1850 1746 2006 1791 aetate
2034 1738 2194 1793 homo
2227 1738 2476 1796 Christus
2501 1751 2661 1797 natus
2699 1752 2780 1798 est
2808 1745 3005 1800 mundo
3036 1745 3102 1799 ad
3145 1745 3418 1814 laborem,

257 1829 418 1882 Vens.
452 1827 504 1881 8.
541 1856 611 1866 ——
637 1824 814 1879 Nolite
849 1824 1102 1879 obdurare
1143 1822 1303 1876 corda
1334 1829 1547 1909 υεεῑναί
1569 1818 1750 1909 idest,
1782 1829 1826 1888 Β
1855 1838 2008 1884 sexta
2041 1831 2128 1886 die
2153 1839 2208 1886 et
2245 1842 2397 1888 sexta
2419 1835 2523 1888 diei
2552 1837 2682 1890 hora
2709 1852 2916 1905 passus,
2947 1838 3171 1909 septima
3193 1840 3417 1909 quievit.

186 1917 348 1974 nolite
390 1918 500 1972 Deo
539 1914 763 1971 rebelles
800 1921 856 1969 et
888 1922 1230 1968 contumaces
1268 1925 1416 1974 esse,
1459 1908 1554 1964 sed
1594 1906 1752 1961 obse-

226 2024 324 2064 uen
332 2016 430 2062 ιεε.

226 2025 430 2064 uenies.

187 2025 222 2078 ς
255 2099 419 2154 Vens.
443 2098 496 2153 9.
522 2128 594 2138 —
615 2094 1002 2160 Probaverunt;
1031 2092 1084 2149 id
1107 2101 1210 2158 est,
1238 2088 1565 2148 curiositatis
1588 2103 1752 2144 causa

185 2196 574 2264 exquisierunt.

197 2339 202 2343 .
259 2287 420 2342 Vens.
469 2285 553 2338 10.
593 2314 667 2324 —
705 2281 970 2353 Oﬂensus.
1023 2279 1191 2335 Valde
1235 2288 1293 2336 et
1345 2276 1754 2346 implacabiliter

189 2379 373 2432 iratus.
424 2375 688 2445 Infensus.
740 2373 833 2430 Vel
881 2374 1149 2445 proximus
1224 2369 1528 2427 adhibendo
1569 2384 1777 2444 corre-g

187 2458 381 2526 ctionis
409 2466 633 2538 ﬂagella.

259 2559 420 2614 Vens.
451 2557 537 2611 ll.
567 2588 639 2598 ——
679 2555 746 2610 In
777 2557 856 2609 ira
883 2572 1017 2610 mea.
1050 2554 1216 2610 Irasci
1256 2553 1453 2610 dicitur
1480 2554 1624 2608 Deus
1657 2565 1756 2620 per

189 2649 412 2719 ﬁguram
465 2649 942 2718 ant'nropopathos.
991 2647 1052 2702 Si
1095 2646 1376 2701 introibant
1427 2645 1480 2698 in
1527 2645 1754 2703 requiem

189 2755 375 2794 meam.
406 2739 745 2812 Aposiopesis
773 2748 879 2803 est,
916 2738 968 2792 id
995 2747 1078 2792 est
1101 2753 1206 2792 non
1237 2735 1550 2791 introibunt.

259 2828 420 2883 Vens.
454 2829 539 2882 12.
570 2859 638 2868 -
666 2828 769 2882 Cor
795 2827 989 2884 malum
1019 2827 1417 2881 incredulitatis.
1461 2823 1533 2879 Ut
1557 2823 1755 2894 putetis

188 2918 458 2975 Christum
491 2933 596 2974 non
636 2919 878 2974 sullicere
918 2920 1031 2973 sine
1057 2918 1200 2988 lege,
1228 2916 1367 2986 quod
1404 2925 1486 2971 est
1531 2915 1750 2980 malum,

186 3012 311 3081 quia
348 3011 427 3066 sic
451 3010 555 3063 ruit
581 3011 741 3064 homo
770 3010 822 3063 in
854 3009 1019 3063 multa
1049 3017 1287 3078 peccata.
1322 3005 1432 3061 Nec
1477 3007 1578 3060 hoc
1601 3005 1751 3070 leve,

186 3102 312 3170 quia
339 3101 442 3154 hoc
470 3107 555 3154 est
589 3115 679 3154 cor
715 3100 1019 3154 discedendi
1041 3115 1072 3151 a
1095 3098 1204 3154 Deo
1228 3098 1368 3153 vivo.

1853 1922 1946 1976 Sic
1987 1931 2042 1977 et
2076 1939 2174 1979 nos
2211 1925 2337 1979 dum
2386 1927 2486 1981 sub
2514 1928 2767 1997 operibus
2799 1945 2894 1985 sex
2922 1931 3128 1988 dierum
3154 1933 3418 1999 vivimus,

1849 2026 2164 2082 operantur;
2219 2015 2341 2071 inde
2383 2026 2661 2082 exeuntes,
2719 2021 3090 2088 quiescimus:
3134 2023 3180 2078 si
3239 2033 3420 2080 tamen

1850 2117 2014 2172 opera
2041 2113 2225 2160 nostra
2249 2107 2400 2162 valde
2423 2110 2563 2164 bona
2594 2109 2954 2168 inveniantur.

1923 2192 2083 2250 Vens.
2110 2195 2342 2250 5.—Et
2393 2199 2446 2252 in
2490 2200 2607 2253 isto.
2656 2201 2728 2256 De
2765 2204 2997 2259 secunda
3044 2209 3250 2278 requie,
3297 2225 3419 2282 qua

1851 2282 2184 2352 signiﬁcatur
2209 2301 2307 2355 per
2334 2287 2556 2356 figuram
2585 2292 2786 2360 requiei
2824 2301 2982 2349 terrae
3021 2298 3418 2364 promissionis.

1927 2371 2085 2431 Vens.
2117 2375 2168 2428 7.
2192 2404 2260 2413 —
2286 2375 2434 2430 Diem
2462 2380 2737 2446 quemdam
2764 2380 2934 2435 hodie.
2966 2383 3040 2438 De
3071 2385 3228 2438 tertia
3253 2386 3421 2456 signi-

1852 2459 2009 2515 ﬁcata
2029 2501 2043 2526 ,
2072 2470 2127 2516 et
2152 2464 2366 2532 quando
2406 2465 2585 2530 datur,
2619 2468 2864 2535 quamvis
2891 2471 3149 2538 obscure,
3176 2488 3296 2543 quae
3322 2488 3420 2556 per

1852 2547 2123 2605 Christum
2144 2551 2485 2607 credentibus
2507 2554 2768 2623 promissa
2791 2565 2888 2611 est.
2918 2556 3044 2612 Post
3073 2570 3272 2614 tantum
3291 2547 3421 2615 tem-

1851 2640 2012 2710 poris.
2038 2640 2095 2695 in
2131 2643 2232 2696 hoc
2252 2651 2427 2698 autem
2459 2653 2605 2713 patet
2639 2647 2781 2715 quod
2822 2648 2933 2703 haec
2961 2658 3042 2704 est
3073 2650 3176 2706 alia
3204 2652 3420 2722 requies

1853 2729 1920 2783 de
1952 2744 2056 2798 qua
2086 2730 2253 2786 David
2277 2732 2407 2788 dicit
2442 2733 2612 2799 hodie,
2635 2749 2794 2804 quam
2822 2736 2911 2790 illa
2940 2738 3008 2791 ad
3039 2753 3202 2806 quam
3251 2737 3419 2796 Josue

1854 2823 2023 2878 duxit.
2079 2825 2214 2880 Nam
2262 2828 2306 2881 si
2354 2827 2440 2882 illa
2480 2839 2654 2894 esset,
2706 2845 2812 2884 non
2855 2831 3164 2901 loqueretur
3205 2835 3272 2890 de
3315 2835 3420 2891 alia

1854 2911 2052 2979 David;
2085 2931 2213 2986 ergo
2233 2926 2440 2971 certum
2467 2928 2550 2972 est
2571 2935 2692 2975 esse
2720 2922 2878 2974 aliam
2909 2923 2973 2977 ad
2995 2939 3156 2993 quam
3174 2923 3421 2982 Christus

1853 3003 2019 3069 ducit,
2044 3021 2164 3060 alia:
2189 3021 2285 3077 per
2309 3007 2453 3061 illam
2479 3009 2761 3065 Palmstina
2793 3013 3124 3083 signabatur.

1929 3092 2086 3149 Vens.
2111 3095 2163 3150 8.
2189 3126 2256 3135 —
2279 3095 2371 3150 Eis
2389 3139 2403 3160 .
2437 3097 2560 3154 ﬁliis
2584 3100 2743 3155 Israel
2765 3141 2781 3162 .
2813 3101 3006 3169 quibus
3034 3104 3182 3171 prius
3206 3107 3419 3163 nuntia-

258 3189 424 3245 Vens.
461 3189 548 3243 l5.
584 3217 650 3230 —
683 3189 860 3243 Donec
881 3189 1066 3254 hodie;
1097 3188 1151 3242 id
1181 3196 1282 3252 est,
1317 3195 1523 3258 tempus
1548 3187 1754 3259 gratiae,
1782 3162 1827 3224 Ο
1859 3196 1972 3242 tum
2002 3198 2088 3243 est
2123 3190 2189 3244 de
2228 3191 2412 3258 requie
2441 3206 2536 3260 per
2561 3194 2803 3264 signum,
2830 3162 2901 3249 -id
2945 3162 3050 3251 esti
3067 3206 3264 3254 terram
3294 3216 3421 3270 pro-

185 3291 245 3338 et
271 3282 336 3336 de
375 3297 482 3350 quo
506 3282 683 3336 aiebat
719 3281 978 3352 prepheta
1007 3281 1252 3350 superius
1276 3281 1328 3334 in
1359 3279 1599 3350 psalmis,
1627 3280 1754 3349 quia

187 3388 296 3428 non
340 3373 518 3428 minus
558 3375 715 3428 modo
754 3382 1043 3442 praestatur
1083 3373 1428 3427 credentibus
1465 3372 1636 3439 gratia
1683 3370 1754 3425 ad

187 3462 437 3526 salutem,
466 3477 628 3532 quam
664 3463 779 3532 ipso
815 3461 1032 3516 Christo
1067 3470 1331 3530 praesente
1380 3459 1749 3528 corporaliter.

186 3551 429 3607 Fallacia
447 3555 670 3623 peccati,
700 3553 752 3607 id
771 3559 855 3607 est
876 3552 1092 3616 diaboli,
1116 3552 1206 3620 qui
1230 3560 1313 3606 εει
1333 3566 1496 3606 causa
1517 3549 1750 3620 peccati.

257 3642 420 3698 Vens.
456 3643 542 3699 M.
565 3674 636 3684 —
664 3641 952 3712 Participes
977 3644 1113 3696 enim
1143 3640 1355 3696 Christi.
1388 3642 1603 3697 Debetis
1628 3642 1755 3696 hor-

185 3732 315 3795 tari,
338 3742 392 3786 et
420 3747 525 3786 non
551 3747 669 3787 esse
697 3732 837 3796 duri,
869 3732 993 3801 quia
1030 3731 1169 3800 quod
1205 3747 1310 3785 non
1343 3746 1588 3794 eramus,
1625 3730 1750 3786 facti

185 3837 376 3876 sumus
401 3837 498 3890 per
523 3823 771 3893 gratiam,
800 3823 1058 3877 habentes
1079 3831 1285 3890 partem
1307 3837 1427 3875 cum
1453 3821 1670 3876 Christo
1697 3822 1751 3875 in

183 3903 499 3966 haereditate
531 3929 544 3965 :
582 3912 683 3965 hac
719 3919 895 3964 tamen
926 3911 1260 3974 conditione,
1300 3913 1343 3963 si
1380 3912 1586 3964 initium
1625 3910 1751 3964 sub-

182 4003 416 4068 stantiae,
451 4003 502 4058 id
548 4012 633 4058 est
673 4001 814 4065 fidei,
838 4019 955 4071 quae
983 4012 1065 4057 est
1097 4003 1304 4056 initium
1343 4002 1622 4067 bonorum,
1657 4017 1754 4071 per

185 4109 350 4163 quam
377 4095 518 4150 Deus
535 4095 740 4158 existit,
764 4095 817 4149 in
845 4095 1014 4156 nobis.
1039 4103 1091 4148 et
1113 4109 1211 4164 per
1234 4110 1396 4164 quam
1417 4095 1749 4162 deilicamur,

182 4193 243 4256 et
273 4185 465 4240 divina:
492 4185 810 4240 substantia:
830 4185 1234 4256 partiripamus,
1264 4200 1424 4256 usque
1454 4186 1523 4248 ad
1557 4185 1750 4254 ﬁnem.

179 4273 397 4342 ﬁrmum
427 4277 759 4330 retineamus.

263 4362 423 4420 Vens.
450 4366 534 4421 16.
566 4397 636 4408 -—
677 4366 904 4433 Quidam
949 4369 1085 4422 enim
1132 4367 1418 4422 audientes.
1469 4367 1583 4424 Hoc
1635 4367 1753 4423 ideo

181 4456 342 4521 dicit,
381 4441 449 4510 ne
478 4457 600 4527 quis
617 4466 769 4528 putet
789 4457 922 4512 satis
951 4473 1072 4513 esse
1091 4458 1278 4513 audire
1305 4459 1372 4513 de
1400 4459 1602 4527 requie,
1625 4459 1751 4530 quia

179 4557 242 4604 et
268 4547 346 4603 illi
371 4563 562 4605 omnes
590 4550 873 4604 audierunt
893 4590 908 4614 ,
944 4550 1039 4605 sed
1067 4565 1172 4606 non
1201 4564 1391 4607 omnes
1426 4551 1748 4620 audierunt,

179 4639 284 4696 sed
306 4656 415 4696 non
440 4654 628 4698 omnes
653 4649 1031 4712 pervenerunt.

801 4793 1027 4852 CAPUT
1061 4795 1148 4851 IV.

259 4905 424 4963 Vens.
461 4907 518 4963 2.
555 4939 626 4950 —
661 4906 784 4962 Non
823 4909 1056 4979 profuit,
1085 4921 1189 4966 etc.
1240 4909 1452 4981 Egressi
1495 4912 1639 4967 enim
1685 4913 1752 4969 de

177 4989 458 5070 Egypto,
507 5014 628 5053 cum
686 4999 906 5053 multam
958 5000 1097 5054 viam
1150 5004 1640 5070 perambulassent,
1697 5014 1753 5061 et

175 5093 357 5149 multa
392 5092 586 5148 indicia
617 5092 831 5148 virtutis
856 5092 948 5148 Dei
973 5094 1306 5164 accepissent
1336 5096 1389 5149 in
1418 5096 1751 5168 IEgypto,in

177 5183 324 5236 mari
362 5183 578 5248 Rubro,
612 5183 666 5238 in
692 5198 905 5248 eremo,
939 5184 1218 5239 consilium
1250 5184 1494 5241 fecerunt
1535 5188 1751 5244 mittere

174 5271 554 5342 speculatores
582 5273 671 5343 qui
709 5274 966 5328 deberent
995 5273 1259 5342 inspicere
1292 5286 1540 5331 naturam
1569 5285 1747 5334 terrai.

177 5363 322 5430 Qui:
341 5366 638 5420 audierunt.
664 5364 1130 5435 Exploratoribus;
1155 5367 1245 5437 qui
1271 5367 1407 5421 mala
1433 5368 1748 5436 retulerunt,

173 5469 295 5509 non
326 5455 695 5521 crediderunt;
728 5455 809 5508 vel
844 5457 915 5510 ita
942 5455 1236 5527 distingue,
1271 5458 1394 5527 ﬁdei
1431 5471 1654 5530 sumptae
1686 5478 1751 5516 ea:

170 5543 267 5596 his
294 5559 412 5608 qua:
441 5544 738 5598 audierunt.

253 5629 420 5686 Vens.
452 5631 505 5686 5.
543 5662 616 5704 έ-
660 5630 728 5686 Ει
768 5622 994 5703 quidem.
1051 5637 1124 5693 De
1164 5639 1332 5708 prima
1380 5641 1561 5710 requie
1606 5643 1750 5712 quod

169 5722 469 5795 signiticet,
495 5725 582 5780 hic
603 5725 730 5794 agit.
765 5725 1034 5795 Operibtts.
1055 5730 1187 5795 Quia
1215 5731 1421 5786 dixerat
1444 5715 1746 5790 nuntiatum

580 5821 850 5881 Ps‘ruoe.
905 5822 1127 5886 CXIV.

1776 4508 1833 4572 D

1855 3282 2157 3347 missionis;
2219 3285 2442 3353 requiem
2498 3287 2818 3354 praestitisset
2893 3306 3189 3360 nunquam,
3239 3293 3292 3347 id
3337 3305 3424 3350 est

1855 3373 2001 3428 nullo
2031 3383 2297 3445 tempore;
2324 3377 2558 3444 posthac,
2581 3377 2632 3432 id
2662 3388 2745 3432 est
2783 3379 2836 3434 in
2875 3385 3117 3450 sequenti
3147 3392 3417 3453 tempore;

1853 3461 2148 3534 loqueretur
2183 3464 2248 3518 de
2277 3464 2384 3520 alia
2412 3467 2522 3531 die,
2561 3467 2612 3521 id
2662 3478 2744 3523 est
2791 3477 3029 3541 tempore
3058 3476 3244 3544 gratia:
3262 3495 3287 3540 ,‘
3313 3491 3422 3546 quo

1854 3551 2073 3608 deberet
2099 3555 2233 3610 dari.
2260 3555 2384 3620 Vel,
2413 3573 2684 3628 nunquam
2714 3570 2832 3629 post
2856 3560 3164 3630 loqueretur
3191 3566 3257 3621 de
3279 3565 3383 3622 alia
3403 3607 3420 3633 ,

1852 3642 2056 3697 scilicet
2093 3646 2296 3714 requie,
2314 3656 2510 3715 praeter
2534 3659 2732 3703 terram
2756 3652 3145 3720 promissionis.
3166 3657 3420 3724 Dicendo,

1853 3730 1954 3785 hac
1994 3733 2079 3787 dic
2116 3735 2254 3790 idem
2293 3736 2405 3791 vult
2440 3753 2594 3805 esse,
2645 3740 2790 3811 quod
2839 3743 3051 3800 dixerat
3093 3761 3292 3818 supra,
3335 3751 3424 3804 ho-

1851 3820 1952 3886 die,
1990 3831 2094 3876 etc.
3025 3857 3030 3862 -

1922 3910 2085 3966 Vens.
2119 3913 2171 3968 9.
2224 3945 2292 3955 --
2338 3915 2734 3987 Sahbatismus;
2777 3922 2830 3977 id
2878 3933 2980 3990 est,
3032 3913 3160 3987 vera
3207 3932 3423 3999 requies

1852 3999 2148 4070 signiﬁcata
2170 4018 2267 4072 per
2286 4005 2565 4060 sabbatum
2588 4009 2788 4074 (idest,
2813 4012 2983 4081 plena:
3007 4017 3204 4084 quietis
3230 4019 3421 4076 feriata

1847 4087 2174 4164 iucunditas)
2205 4111 2313 4164 quo
2340 4096 2596 4152 Dominus
2618 4104 2878 4170 requievit
2931 4115 2986 4160 et
3012 4108 3066 4161 iu
3095 4107 3211 4177 lege
3229 4113 3420 4168 obser-

1851 4183 2097 4236 vabatur.
2131 4181 2280 4238 Tunc
2305 4187 2446 4240 enim
2477 4187 2709 4256 perfecte
2733 4193 3064 4258 vacabimus,
3097 4198 3272 4267 gratia
3301 4214 3420 4254 ma-

1846 4274 1966 4346 jore
2000 4276 2204 4342 refecti,
2231 4287 2285 4333 et
2311 4279 2421 4334 Deo
2447 4280 2610 4352 pleni.
2651 4284 2717 4338 Et
2741 4285 2973 4342 sciemus
2997 4289 3233 4357 perfecte
3251 4331 3266 4358 ,
3295 4294 3423 4362 quia

1853 4365 1968 4435 ipse
1997 4377 2078 4422 est
2120 4368 2273 4424 Deus.
2303 4370 2378 4425 lbi
2412 4375 2749 4441 vacabimus,
2773 4379 3102 4448 videbimus,
3128 4393 3184 4438 et
3211 4387 3422 4440 amabi-
3489 4403 3496 4412 '

1855 4473 1993 4513 mus.
2029 4458 2338 4517 Amabimus
2382 4471 2436 4516 et
2481 4463 2862 4523 laudabimus:
2903 4483 3031 4525 ecce
3066 4473 3192 4542 quid
3235 4475 3341 4530 erit
3369 4474 3425 4530 in

1857 4547 1965 4603 ﬁne
2001 4550 2118 4605 sine
2158 4551 2281 4607 line.
2313 4553 2445 4608 Nam
2483 4555 2604 4623 quis
2632 4556 2768 4612 alius
2799 4569 2984 4614 noster
3012 4570 3098 4616 est
3137 4562 3276 4627 linis,
3318 4564 3426 4619 nisi

1857 4643 2138 4713 pervenire
2164 4644 2230 4698 ad
2255 4661 2474 4716 regnum
2496 4686 2511 4712 ,
2538 4647 2688 4718 cujus
2714 4665 2818 4704 non
2848 4658 2930 4705 est
2953 4651 3109 4706 ﬁnis?
3415 4701 3430 4725 ὁ

1929 4732 2092 4790 Vens.
2123 4735 2368 4792 ll.—ln
2396 4738 2619 4808 idipsum
2641 4741 2948 4810 exemplum.
2982 4741 3099 4808 Vel,
3128 4744 3181 4798 in
3208 4761 3422 4815 plenam

1856 4826 2068 4896 qualem
2097 4827 2170 4881 illi
2200 4843 2294 4896 per
2321 4829 2744 4886 incredulitatem
2773 4833 3104 4903 habuerunt;
3133 4839 3424 4908 exemplum

1857 4917 1985 4972 dicit
2005 4925 2061 4970 ut
2083 4927 2316 4973 mentem
2343 4926 2578 4974 nostram
2612 4922 2903 4976 habeamus
2923 4924 3049 4990 illic,
3082 4940 3149 4980 ne
3177 4927 3426 4990 similiter

1857 5007 2189 5084 excidemus.
3421 4997 3434 5066 ί

1927 5101 2088 5156 Vens.
2123 5102 2208 5156 12.
2235 5130 2305 5141 —
2342 5100 2526 5157 Sermo
2557 5101 2673 5156 Dei.
2705 5102 2808 5170 Qui
2836 5119 2866 5158 a
2894 5104 3164 5175 regalibus
3206 5107 3424 5166 sedibus

1854 5193 2022 5248 venit.
2069 5192 2241 5247 Vivus.
2274 5192 2443 5261 Quem
2473 5193 2714 5250 infideles
2740 5204 3008 5251 mortuum
3043 5208 3251 5268 putant.
3286 5198 3420 5254 Per-

1819 5285 2076 5354 ‘tingens.
2110 5284 2243 5340 Tota
2272 5285 2702 5342 consideratione
2737 5291 3052 5357 perveniens
3093 5293 3162 5347 ad
3208 5309 3426 5363 separa~

1858 5377 2056 5430 tionem
2103 5377 2329 5442 animae,
2359 5378 2409 5432 id
2442 5387 2527 5432 cst
2553 5381 2948 5448 sensualitatis,
2984 5392 3040 5440 et
3082 5385 3338 5455 spiritus,
3371 5387 3424 5439 id

1857 5473 1942 5520 est
1975 5465 2216 5519 rationis.
2249 5465 2565 5520 Divisionem
2586 5469 2794 5522 animte.
2825 5471 3015 5526 Anima
3043 5474 3271 5528 vivimus
3301 5489 3424 5528 cum

1855 5554 2063 5618 bestiis,
2095 5555 2284 5624 Spiritu
2313 5556 2657 5627 intelligimus
2677 5575 2796 5613 cum
2825 5562 3046 5631 angelis.
3079 5561 3308 5631 Ideoque
3329 5577 3424 5631 per

1855 5647 2089 5701 animam
2125 5646 2492 5717 intelliguntur
2534 5650 2768 5704 carnalia
2814 5662 3051 5720 peccata,
3091 5651 3142 5705 id
3178 5661 3263 5705 est
3305 5667 3425 5719 qam:

1854 5751 1974 5794 actu
2000 5739 2240 5808 corporis
2264 5737 2417 5807 ﬁunt,
2442 5750 2501 5794 ut
2520 5741 2746 5796 luxuria.
2765 5743 2869 5796 Per
2888 5745 3133 5812 spirituum
3157 5757 3283 5797 vero
3313 5745 3424 5814 spl-

2910 5837 2981 5896 21
