3948 6314
514 354 614 410 θνι

516 565 598 620 nit
625 569 802 618 autem
833 573 1010 616 sermo
1033 557 1126 612 Dei
1154 556 1293 613 inter
1327 554 1564 610 carnalia
1590 561 1808 623 peccata
1829 559 1886 606 et
1922 549 2084 619 spiri-

516 654 682 709 tualia
720 669 734 705 :
771 651 910 721 quis,
965 647 1112 718 quid,
1167 661 1274 716 quo
1317 647 1497 700 animo
1549 652 1692 715 agat.
1731 644 1806 696 Ac
1848 641 2081 711 spiritus.

516 743 783 813 Pertingit
829 754 1008 796 sermo
1058 737 1153 792 Dei
1195 736 1501 806 cognitione
1547 731 1912 803 inseparabili,
1958 729 2085 798 quia

516 832 792 904 cognoscit
816 829 1085 900 quomodo
1119 826 1390 882 dividatur
1414 822 1738 879 sensualitas
1775 836 1804 874 a
1839 819 2084 882 ratione,

514 934 572 981 et
604 926 720 999 ipsa
747 937 778 977 a
815 937 897 988 se,
919 921 1044 975 dum
1074 917 1194 990 plus
1220 917 1398 972 dedita
1428 914 1625 970 inlimis
1649 914 1831 976 rebus,
1862 908 2087 964 inferior

516 1027 633 1083 est,
667 1015 749 1071 vel
792 1016 861 1070 ab
902 1013 988 1068 his
1032 1017 1282 1066 revocata
1325 1007 1552 1078 dignior.
1601 1004 1693 1060 Sic
1732 1003 1895 1058 etiam
1940 999 2089 1054 videt

515 1108 786 1179 quomodo
834 1105 1056 1176 spiritus
1093 1118 1124 1157 a
1170 1101 1348 1172 seipse
1386 1099 1688 1162 dividatur,
1731 1093 1814 1151 vel
1860 1094 1984 1148 dum
2029 1092 2083 1146 in

517 1200 684 1256 Deum
731 1197 904 1253 inhiat
945 1196 1011 1249 de
1053 1193 1232 1248 divina
1274 1190 1480 1245 visione
1523 1188 1799 1258 cogitans,
1837 1183 1922 1238 vel
1957 1183 2084 1236 dum

515 1289 744 1345 inferius
766 1285 1004 1342 coelestia
1029 1282 1364 1346 considerat,
1393 1279 1475 1334 vel
1508 1277 1731 1333 inferius
1761 1275 1812 1330 in
1846 1283 1991 1328 terra
2021 1272 2088 1325 de

513 1375 806 1435 mundanis
853 1384 1000 1431 recte
1051 1373 1640 1445 agendispertractat,
1685 1365 1769 1422 vel
1818 1364 2086 1435 quomodo

515 1470 763 1540 spiritus,
794 1468 848 1523 id
883 1475 966 1522 est
991 1466 1150 1530 ratio,
1185 1478 1213 1517 a
1244 1461 1588 1517 sensualitate
1608 1457 1929 1522 secernitur,
1961 1457 2086 1511 dum

516 1562 658 1632 quad
687 1561 739 1614 in
763 1573 821 1615 se
845 1556 1065 1613 inferius
1087 1563 1190 1619 est,
1213 1562 1431 1624 superat
1451 1553 1593 1622 quod
1617 1551 1668 1605 in
1693 1550 1782 1604 illa
1805 1548 1964 1602 altius
1981 1555 2081 1601 est.

588 1649 909 1720 Compagam
971 1663 1190 1716 quoque.
1252 1644 1550 1714 Compages
1595 1641 1796 1696 dicitur
1834 1639 2085 1708 junctura

517 1744 686 1814 ipsius
735 1741 1097 1796 seusuaiitatis
1130 1747 1186 1794 et
1231 1737 1488 1801 rationis,
1525 1749 1689 1804 quam
1732 1733 1883 1786 videt
1920 1728 2086 1782 Filius

1021 344 1407 404 murium
1442 344 1688 401 STRABI
1725 311 1926 398 rem.
1965 335 2087 394 uo:

2202 335 2320 392 iPP.
2363 337 2542 396 PARS
2573 338 2612 395 Ι.
2649 365 2722 392 *φ
2761 335 3214 399 τιιεοιοςιω.

518 469 754 536 ritualia,
779 465 831 523 id
860 473 942 522 est
967 478 1088 534 quae
1111 471 1239 518 sunt
1268 461 1570 523 mentis..ut
1591 459 1858 530 superbia.
1879 456 2090 512 Discer-
2117 457 2168 516 Α

3619 358 3624 362 ’
3661 337 3762 396 ιδὶ

2807 454 3035 512 CAPUT
3073 454 3139 510 V.

2262 544 2419 604 Vsss.
2461 547 2512 602 ι.
2547 576 2616 589 -
2656 545 2839 602 Omnis
2865 563 3103 616 namque
3135 544 3390 617 pontifex.
3426 542 3569 614 Quia
3605 544 3760 616 spiri-

2190 636 2354 693 tualia
2383 653 2487 692 non
2518 637 2603 693 sic
2625 637 2975 693 introducunt
2999 635 3242 692 inﬁrmos
3279 649 3296 690 :
3331 644 3391 692 ut
3423 626 3756 706 corporalia;

2188 728 2254 784 de
2290 727 2375 783 bis
2412 726 2617 799 incipit,
2653 728 2839 784 volens
2869 728 3160 784 ostendere
3197 726 3405 783 Novum
3444 726 3753 784 Testamen-

2188 828 2300 876 tum
2324 834 2442 876 esse
2465 820 2654 876 melius
2672 818 2874 875 Veteri.
2901 818 3154 886 Quadam
3175 827 3354 874 autem
3374 817 3598 874 Christo
3615 832 3762 874 cont—

2187 909 2369 964 munia
2397 925 2518 964 cum
2549 910 2922 965 sacerdotibus
2943 910 3115 979 ponit,
3147 911 3393 979 quaedam
3413 909 3615 964 altiora
3638 921 3760 980 per-

2190 1000 2413 1055 tinentia
2449 1001 2516 1055 ad
2557 1000 2729 1056 solum
2764 998 3060 1056 Christum.
3098 1000 3352 1068 Quantam
3391 1016 3557 1072 porro
3585 1001 3764 1058 humi-

2187 1091 2338 1154 liora,
2373 1092 2476 1146 illis
2511 1098 2716 1146 tantum
2740 1091 3109 1147 sacerdotibus
3140 1093 3538 1148 convenientia.

2259 1181 2423 1236 Vens.
2461 1181 2516 1234 2.
2547 1211 2618 1221 —
2647 1180 2910 1247 Quoniam
2937 1192 2982 1235 et
3015 1182 3142 1251 ipse.
3186 1180 3354 1236 Aufer
3390 1183 3480 1238 hic
3520 1181 3767 1240 occasio.

2183 1285 2311 1325 nem
2340 1270 2627 1326 extollendi
2653 1286 2713 1326 se
2742 1286 2902 1341 supra
2937 1271 3094 1327 alios.

2258 1359 2420 1415 Vens.
2449 1361 2502 1415 4.
2534 1389 2606 1402 --
2636 1361 2747 1418 Nec
2768 1363 3068 1432 quisquam,
3100 1372 3205 1418 etc.
3238 1363 3476 1421 Percutit
3513 1366 3765 1436 cupidos,

2187 1451 2276 1520 qui
2306 1467 2412 1506 non
2437 1460 2725 1516 vocantur,
2755 1452 2847 1508 sed
2875 1454 3125 1524 ingerunt
3155 1469 3236 1508 se.

2257 1539 2420 1595 Vens.
2459 1542 2513 1596 5.
2541 1573 2610 1583 ——
2640 1541 2764 1596 Non
2800 1543 3025 1614 seiputm
3054 1543 3380 1615 clari/ienuit.
3423 1545 3769 1603 Clariﬁcattn

2185 1631 2459 1686 estl‘ilius
2490 1647 2519 1686 a
2552 1632 2731 1694 Patre.
2759 1648 2881 1687 cum
2919 1634 3056 1688 dixit
3091 1652 3104 1688 :
3145 1635 3250 1690 llic
3286 1645 3364 1690 est
3403 1633 3578 1690 Filius
3617 1654 3768 1691 mea

2187 1722 2438 1787 dilectus,
2463 1724 2533 1776 [in
2563 1739 2664 1793 quo
2691 1724 2826 1776 ΔιιιὶΙιὶ
2868 1725 2991 1779 bene
3035 1725 3326 1796 complacui
3364 1725 3592 1797 (Matth.
3647 1728 3763 1799 ut).

517 1811 644 1902 Dei;
668 1835 870 1890 scilicet
883 1833 1152 1905 quOmodo
1170 1831 1385 1886 et‘inter
1405 1843 1462 1884 se
1483 1829 1788 1883 cohaereant
1805 1824 1863 1878 i-n
1885 1822 2082 1892 aliquo,
2120 1821 2162 1882 Β
2181 1811 2319 1878 θυῖε
2349 1812 2660 1905 ςξθνὶῧοθιίο
2688 1813 2845 1884 longe
2873 1823 2999 1868 ante
3029 1830 3125 1884 per
3148 1814 3477 1886 Prophetam
3505 1818 3764 1887 pradicta

515 1927 602 1982 vel
629 1927 733 1982 hoc
757 1933 812 1981 et
849 1925 957 1990 illa,
981 1925 1050 1978 id
1081 1930 1166 1978 est
1186 1922 1325 1976 ratio
1347 1929 1411 1974 et
1444 1917 1793 1978 sensualitas,
1823 1913 2090 1984 quomodo

515 2018 570 2072 in
599 2018 713 2073 suis
735 2015 1052 2072 diﬁ‘erentiis
1073 2014 1214 2068 inter
1243 2027 1302 2067 se
1329 2010 1674 2072 conveniant,
1696 2003 2090 2074 dum-superior

514 2108 814 2164 dill'erentia
859 2105 1224 2162 sensualitatis
1269 2101 1654 2159 consentiendo
1693 2097 1942 2153 convenit
1968 2110 2089 2149 cum

516 2197 834 2253 dill'erentiis
856 2196 1100 2250 rationis.
1131 2194 1224 2249 Vel
1257 2190 1480 2247 inferior
1508 2188 1807 2245 diﬁerentia
1841 2184 2086 2248 rationis,

514 2300 700 2357 pressa
727 2294 784 2340 et
807 2285 1037 2354 captiva,
1061 2282 1349 2352 aliquando
1379 2275 1914 2335 consentitginl’eriori
1939 2272 2091 2329 diﬂ‘es

515 2374 705 2430 rentia:
729 2373 1109 2428 sensualitatis.
1140 2369 1512 2424 Medullamm.
1542 2365 1770 2421 Medulla
1800 2379 1920 2434 quae
1949 2363 2088 2417 intc-

517 2462 629 2517 rior
648 2469 753 2526 est,
774 2461 976 2515 dicitur
1006 2461 1092 2514 hic
1117 2458 1370 2528 quidquid
1398 2456 1625 2511 interius
1651 2462 1706 2508 et
1737 2453 1985 2507 subtilius
2005 2459 2089 2506 est

515 2550 572 2605 in
597 2550 779 2604 anima
809 2549 892 2602 vel
928 2548 1152 2616 spiritu,
1185 2545 1326 2615 quod
1352 2544 1510 2598 etiam
1561 2541 1708 2596 videt
1752 2540 1919 2594 Filius
1970 2538 2085 2594 Dei.

515 2639 785 2696 Discernit
828 2638 972 2694 enim
1021 2637 1376 2707 cogitationes
1395 2633 1493 2700 ,-id
1521 2641 1602 2687 est
1627 2645 1746 2702 quae
1771 2631 1979 2686 diversa
2009 2628 2090 2682 di-

514 2731 657 2787 versi
685 2730 940 2800 cogitent.
975 2729 1244 2784 Discernit
1281 2736 1337 2782 et
1360 2725 1687 2780 intentiones
1724 2737 1909 2778 earum
1943 2720 2090 2790 cogi-

517 2825 801 2887 tationum,
821 2838 925 2892 quo
946 2821 1166 2893 singula:
1190 2819 1506 2874 tendant-ad
1533 2814 1836 2871 bonumve]
1860 2813 2083 2868 malum.

517 2920 607 2985 Et,
629 2926 688 2973 ut
711 2918 830 2988 plus
852 2917 1053 2978 dicam,
1079 2915 1219 2969 nulla
1249 2922 1494 2967 creatura
1517 2921 1728 2965 terrena
1749 2907 1832 2963 vel
1849 2905 2086 2962 caelestis

517 3018 600 3065 est
626 3011 674 3065 ei
700 3007 1000 3072 invisibilis,
1027 3006 1119 3061 sed
1139 3005 1319 3060 omnia
1342 3011 1467 3058 sunt
1484 3003 1626 3057 nuda
1648 3009 1704 3057 et
1725 3000 2082 3068 discooperta,

516 3102 644 3172 quia
669 3116 736 3155 ex
772 3099 916 3155 omni
952 3107 1104 3169 parte
1132 3096 1285 3166 plene
1321 3094 1452 3149 visa.
1487 3093 1616 3148 item
1641 3102 1925 3160 compages
1951 3087 2083 3142 dicit

515 3166 919 3261 conjunctiones
953 3166 1348 3260 cogitationum
1391 3203 1404 3239 :
1453 3183 1713 3240 medullas
1763 3166 2175 3236 intentionesC.

512 3299 750 3430 “Sintiis.
804 3371 892 3426 M.
921 3401 990 3412 —
1013 3370 1274 3424 Habentes
1297 3383 1438 3438 ergo.
1463 3365 1563 3421 Hic
1588 3359 1776 3435 incipit
1807 3354 1990 3418 dicere
2022 3360 2090 3416 de

513 3465 768 3538 pontiﬁce
811 3464 1051 3526 Christo,
1081 3460 1351 3531 quomodo
1385 3457 1686 3522 sulliciens,
1729 3463 1784 3510 et
1821 3452 2092 3524 quomodo
2128 3490 2138 3498 ι

515 3557 727 3629 dignior
766 3555 938 3610 veteri
975 3553 1272 3608 sacerdote.
1324 3551 1495 3617 Quem
1532 3547 2092 3609 etiamgimmutat,~et

516 3648 715 3718 legem,
747 3659 867 3715 quae
899 3641 1001 3698 sub
1027 3641 1116 3694 illo
1141 3649 1243 3704 est,
1270 3654 1366 3708 per
1390 3637 1665 3692 meliorem
1689 3635 1860 3706 legem
1893 3647 2044 3688 suam
2070 3671 2086 3698 ,

514 3747 572 3793 et
604 3737 873 3808 quomodo
906 3729 1432 3790 necessarius-nobis
1458 3728 1524 3783 ad
1558 3727 1824 3798 justitiam
1855 3734 1910 3780 et
1939 3724 2094 3779 salu-

519 3841 649 3886 tem.

587 3918 756 3974 Vens.
791 3918 877 3973 l5.
899 3947 969 3958 —
1000 3914 1121 3971 Non
1150 3912 1556 3969 enim-habemus
1575 3951 1590 3976 ,
1619 3919 1722 3965 etc.
1755 3909 1958 3977 Quasi:
1987 3906 2088 3962 Te-

515 4026 742 4070 neamus
768 4019 825 4067 et
850 4019 1033 4066 tenere
1053 4007 1327 4072 debemus,
1345 4005 1492 4076 quia,
1523 4019 1646 4060 cum
1675 4002 1746 4058 sit
1773 4011 1984 4073 potens,
2009 4003 2091 4055 est

513 4106 677 4162 etiam
705 4103 1049 4166 misericors,
1081 4107 1322 4155 nostram
1349 4105 1532 4166 utpote
1571 4104 1824 4164 expertus
1858 4092 2086 4146 inﬁrmi-

517 4206 705 4252 tatem.
734 4193 838 4262 Qui
861 4192 1289 4265 nonpossinetc.
1309 4188 1654 4258 impossibile
1683 4195 1767 4241 est
1790 4185 1930 4240 scire
1962 4182 2091 4238 aﬁli-

515 4291 724 4344 stiones
759 4285 1108 4348 alllictorum,
1137 4282 1339 4338 homini
1369 4282 1459 4350 qui
1487 4280 1912 4348 experimentum
1959 4273 2092 4328 allii-

515 4381 713 4436 ctionis
738 4395 844 4434 non
866 4378 1050 4433 habuit
1075 4385 1129 4431 et
1149 4375 1475 4430 sensibiiitcr
1495 4373 1674 4427 omnia
1693 4385 1796 4425 non
1814 4368 2084 4424 sustinuit.

515 4473 764 4528 Christus
810 4485 938 4526 vero
978 4469 1084 4526 scit
1119 4485 1223 4522 non
1272 4467 1442 4520 solum
1475 4480 1570 4534 per
1599 4465 1701 4518 hoc
1725 4461 1869 4533 quod
1905 4463 2045 4516 Deus
2069 4501 2083 4525 ,

2111 4521 2168 4583 Β

2190 1912 2310 1959 est:
2341 1902 2512 1958 Filius
2545 1920 2688 1958 meus
2719 1921 2771 1958 es
2802 1915 2881 1970 tu,
2909 1921 3001 1976 ego
3027 1906 3180 1961 hodie
3205 1908 3362 1977 genui
3385 1917 3434 1962 te
3457 1907 3638 1978 (Psal.
3685 1911 3764 1981 tt).

2261 1995 2421 2050 Vens.
2463 1995 2514 2050 6.
2546 2026 2612 2035 —
2643 1993 2719 2048 Tu
2743 2013 2794 2050 es
2815 1997 3077 2051 sacerdos.
3111 1997 3374 2080 Sacerdos
3399 2008 3579 2055 autem
3601 1999 3767 2057 Chri-

2190 2095 2305 2142 stus
2337 2096 2440 2151 est,
2477 2102 2584 2141 non
2624 2087 2918 2141 secundum
2945 2087 3010 2142 id
3035 2086 3177 2157 quod
3208 2081 3480 2144 natusest
3508 2091 3580 2145 de
3603 2091 3767 2146 Patre

2177 2181 2332 2237 —Deus
2373 2181 2514 2250 apud
2555 2181 2719 2236 Deum
2759 2190 3055 2236 coaeternus
3081 2182 3316 2252 gignenti
3365 2200 3378 2235 :
3423 2184 3770 2254 sedpropter

2190 2286 2404 2328 carnem
2430 2272 3030 2342 absumptanhvpropter
3063 2273 3360 2339 victimam,
3376 2289 3541 2330 quam
3567 2276 3768 2331 obtulit

2173 2377 2287 2433 pro
2314 2362 2487 2418 nobis.
2519 2361 2818 2418 Secundum
2841 2361 3077 2416 ordinem
3106 2361 3510 2431 Melchisedech,
3534 2365 3628 2435 qui
3663 2382 3764 2420 non

2179 2455 2498 2526 temporalis
2520 2453 2638 2517 fuit,
2657 2455 2932 2524 Scriptura
2965 2455 3265 2510 subticente
3290 2457 3503 2511 initium
3523 2467 3582 2512 et
3601 2459 3765 2512 ﬁnem

2189 2544 2304 2614 ejus
2329 2546 2479 2611 vitae,
2512 2561 2564 2600 tn
2597 2546 2765 2617 ﬁgura
2799 2544 2998 2600 Christt
3037 2545 3126 2616 qui
3165 2554 3317 2601 caret
3353 2546 3508 2602 initio
3547 2557 3604 2601 et
3636 2547 3762 2600 ﬁne.

2187 2635 2256 2690 Et
2292 2636 2430 2691 sicut
2468 2635 2555 2690 ille
2593 2635 2787 2690 obtulit
2818 2636 2870 2690 in
2899 2651 3037 2707 pane
3066 2647 3120 2691 et
3141 2638 3271 2694 vino
3295 2645 3354 2694 et
3382 2637 3576 2702 semel,
3606 2640 3692 2694 sic
3719 2647 3766 2692 et

2185 2725 2434 2784 Christus
2469 2725 2570 2781 sub
2603 2726 2784 2796 specie
2809 2727 3057 2796 panis'et
3085 2728 3198 2788 vini
3227 2744 3429 2800 corpus
3457 2736 3518 2784 et
3539 2731 3768 2802 sangui-

2186 2832 2309 2873 nem
2337 2831 2490 2872 suum
2523 2817 2801 2887 discipulis
2832 2817 2998 2873 dedit.

2255 2909 2420 2964 Vnus.
2453 2911 2505 2964 7.
2534 2907 2822 2964 —-‘Preces
2849 2909 3372 2983 supplicationesque.
3404 2912 3611 2969 Cbrish'
3637 2913 3767 2969 dicit

2173 3003 2450 3057 actionem
2476 3012 2530 3057 et
2557 3003 2719 3056 vitam
2754 3001 2906 3071 cujus
2931 3004 3110 3059 omnis
3136 3005 3277 3060 actio
3305 3005 3550 3060 ﬁdelium
3575 3016 3664 3062 est
3693 3008 3766 3061 iu-

2169 3094 2416 3156 ‘stitutio,
2449 3101 2504 3148 et
2531 3094 2595 3147 ad
2623 3098 2796 3147 Deum
2824 3093 3019 3148 oratio.
3048 3093 3317 3166 Quidquid
3346 3095 3459 3166 egit
3477 3094 3761 3159 Christus,

2187 3198 2375 3254 preces
2415 3193 2468 3237 et
2510 3182 2923 3252 supplicationes
2952 3183 3292 3254 fuerantpro
3321 3187 3596 3242 carnibus.
3623 3186 3756 3241 San-

2187 3275 2365 3344 guinis
2405 3275 2595 3330 ell'usio
2635 3275 2736 3330 fuit
2775 3275 2981 3331 clamor
3024 3277 3248 3344 validus,
3291 3279 3347 3332 in
3381 3295 3490 3348 quo
3526 3280 3760 3344 auditus,

2170 3380 2284 3438 pro
2319 3367 2620 3420 reverentia
2664 3367 2901 3437 ejusdem
2945 3367 3228 3438 passionis.
3272 3367 3600 3424 Reverentia
3645 3382 3762 3431 est,

2187 3457 2328 3528 quod
2366 3459 2482 3513 sine
2516 3469 2735 3530 peccato
2749 3473 2953 3529 apassus
2990 3474 3086 3528 pro
3123 3459 3234 3516 sola
3262 3460 3549 3516 cbarita-te.
3581 3461 3764 3516 Ens-

2185 3550 2327 3604 ditus
2367 3560 2460 3604 est.
2512 3550 2614 3605 Per
2647 3551 2749 3605 hoc
2787 3559 2956 3620 patet,
2987 3553 3129 3620 quod
3162 3566 3272 3622 .per
3303 3566 3438 3607 eum
3479 3567 3765 3624 possumus

2187 3642 2443 3710 consequi
2491 3641 2915 3696 misericordiam
2952 3657 3089 3698 cum
3124 3642 3238 3713 jam
3266 3644 3345 3698 ad
3383 3644 3670 3700 dexteram
3700 3647 3763 3702 sit

2179 3730 2384 3786 Patris.

2260 3819 2420 3874 Vens.
2456 3822 2508 3875 8.
2540 3842 2608 3860 --
2631 3821 2849 3885 Didicit,
2878 3836 2984 3877 etes
3019 3824 3073 3879 id
3095 3833 3180 3880 est
3204 3823 3507 3890 voluntarie
3528 3831 3766 3900 suscepit

2186 3911 2548 3967 obedientiam
2580 3928 2748 3984 usque
2779 3915 2844 3968 ad
2874 3925 3123 3970 mortem.

2259 4002 2424 4057 Vens.
2451 4002 2502 4057 9.
2527 4033 2596 4043 -——
2614 4002 2872 4058 Omnibus
2897 4005 3382 4076 obtemperantibus.
3410 4007 3651 4066 Tantum
3675 4027 3761 4066 va-

2189 4094 2264 4150 let
2285 4096 2484 4165 passio,
2506 4105 2566 4150 ut
2590 4097 2838 4152 omnibus
2864 4095 3090 4152 suiﬁciat
3111 4099 3174 4153 ad
3199 4109 3454 4166 salutem,
3478 4118 3604 4173 qua
3625 4106 3765 4160 salus

2189 4185 2326 4240 bene
2345 4194 2520 4254 potest
2541 4201 2766 4256 esseper
2786 4202 2928 4251 eum,
2949 4187 3074 4256 quia
3097 4189 3210 4260 ipse
3225 4199 3303 4243 est
3324 4191 3758 4262 appellatus,etc.

2191 4275 2388 4331 Factus
2414 4287 2488 4332 est
2505 4279 2904 4346 causa-salutis,
2927 4296 3038 4334 non
3064 4280 3368 4349 cujuslibet,
3387 4285 3485 4339 sed
3510 4295 3759 4352 aeterna;

2189 4383 2288 4424 nec
2322 4369 2526 4438 paucis,
2555 4370 2648 4425 sed
2679 4372 2956 4437 omnibus;
3002 4373 3106 4428 hac
3138 4382 3317 4430 tamen
3346 4378 3683 4447 conditione,
3709 4390 3763 4436 ut

2191 4459 2562 4529 obtemperent
2595 4461 2664 4516 ei.
2710 4460 2823 4516 Non
2860 4463 3002 4517 enim
3047 4463 3203 4519 aliter
3240 4465 3472 4523 salutem
3509 4470 3763 4542 consequi

516 4564 812 4621 secundum
837 4561 978 4634 quod
1006 4560 1184 4615 omnia
1212 4559 1377 4624 novit,
1402 4556 1494 4612 sed
1518 4570 1612 4627 per
1637 4557 1740 4612 hoc
1767 4554 1906 4626 quod
1929 4553 2088 4608 homo
2111 4551 2168 4583 ὐ
2190 4559 2463 4621 poterunt.
2500 4551 2567 4606 Et
2592 4553 2730 4608 bene
2754 4562 2928 4624 potest
2959 4554 3071 4624 ipse
3100 4572 3260 4611 causa
3291 4558 3486 4615 salutis
3512 4575 3640 4618 sse
3667 4576 3760 4618 σε.

515 4666 572 4712 et
609 4653 806 4710 similia
835 4651 1109 4713 suStinuit.

588 4746 755 4802 Vnns.
787 4743 875 4799 i6.
913 4772 985 4786 —-
1024 4742 1092 4798 In
1125 4740 1324 4796 auxilio
1358 4750 1664 4811 opportuno.
1697 4735 1854 4796 Nunc
1881 4748 2091 4809 tempus

515 4847 602 4895 est
635 4837 854 4899 auxilii,
907 4849 1052 4890 nunc
1093 4841 1178 4889 est
1225 4842 1436 4903 tempus
1471 4833 1763 4897 donorum,
1806 4847 1928 4888 cum
1971 4841 2090 4900 post

515 4929 839 5002 baptismum
867 4934 1150 4997 peccantes
1174 4941 1269 4997 per
1294 4925 1522 4996 gratiam
1557 4925 1799 4979 inVenire
1821 4925 2089 4993 ptenitcn-

518 5023 648 5078 tiam
679 5026 920 5089 possunt.
945 5017 1079 5074 Cum
1117 5026 1297 5071 autem
1331 5015 1599 5070 thalamus
1633 5013 1794 5071 fuerit
1830 5016 2044 5070 clausus
2069 5055 2083 5080 ,

515 5126 640 5165 cum
663 5107 943 5164 intraverit
969 5121 1062 5161 rex
1093 5106 1275 5160 videre
1297 5105 1716 5171 discumbentes,
1740 5115 1800 5159 ut
1822 5105 1886 5159 ad
1910 5105 2084 5159 sinum

515 5197 836 5269 patriarcha
860 5195 1104 5252 venerint
1133 5195 1223 5264 qui
1249 5210 1315 5250 eo
1343 5192 1544 5250 fuerint
1572 5195 1748 5264 digni,
1777 5205 1903 5248 tunc
1933 5195 2088 5250 malis

515 5290 620 5344 erit
648 5287 1035 5358 desperationis
1068 5295 1297 5355 tempus.
1330 5283 1482 5340 Nunc
1521 5293 1702 5341 autem
1748 5301 1869 5341 cum
1911 5286 2089 5342 adhuc

516 5397 655 5453 agon
679 5383 961 5452 permanet
999 5386 1056 5432 et
1087 5377 1261 5446 palma
1288 5377 1516 5447 pendet,
1551 5393 1657 5431 non
1689 5386 1773 5432 est
1800 5377 2088 5448 desperan-

515 5476 640 5530 dum
662 5515 676 5538 ,
703 5474 796 5529 sed
821 5488 944 5528 cum
977 5470 1167 5525 ﬁducia
1186 5510 1202 5534 ,
1230 5469 1281 5522 id
1312 5477 1394 5523 est
1419 5469 1536 5522 sine
1572 5469 1905 5525 dubitatione
1930 5485 2068 5525 acce-

516 5563 770 5627 dendum,
799 5571 856 5616 ut
886 5577 981 5630 per
1003 5561 1230 5630 gratiam
1258 5559 1565 5624 accedatur,
1604 5560 1908 5614 inveniatur
1939 5560 2090 5615 auxi-

517 5657 646 5712 liarii
683 5649 1082 5727 Jopportunum.
1141 5652 1235 5707 Est
1291 5652 1435 5707 enim
1503 5660 1715 5722 tempus
1777 5653 1918 5722 quod
1982 5669 2087 5709 non

517 5745 784 5816 conmittit!
816 5751 840 5776 ι·

2190 4643 2344 4707 teris,
2373 4643 2626 4713 quoniam
2657 4644 2949 4716 appellatus
2978 4656 3053 4700 est
3080 4665 3112 4700 a
3136 4647 3244 4702 Deo
3265 4651 3525 4720 pontifex,
3555 4654 3760 4708 sicutt't

2190 4735 2306 4804 ipse
2349 4736 2460 4791 suis
2502 4737 2753 4806 operibus
2800 4737 3016 4794 realiter
3051 4741 3287 4795 ostendit
3328 4757 3387 4797 se
3420 4744 3590 4799 talem
3633 4760 3756 4801 esse.

2191 4825 2326 4882 Nam
2364 4829 2487 4898 quia
2528 4829 2797 4896 pontiﬁcis
2833 4828 3063 4885 olllcium
3107 4834 3368 4902 implevit,
3409 4847 3583 4910 atque
3626 4839 3758 4894 Patri

2193 4914 2369 4971 fuitin
2408 4919 2657 4974 omnibus
2694 4917 2970 4988 obediens,
3017 4933 3073 4976 et
3117 4925 3170 4978 in
3211 4927 3390 4996 seipso
3418 4930 3669 4997 pervenit
3697 4928 3756 4984 ad

2193 5017 2400 5064 tantum
2435 5011 2693 5065 bonorum
2717 5013 2955 5068 omnium
2994 5019 3535 5083 roamnnmationem,
3570 5030 3630 5076 ut
3658 5018 3758 5076 suf-

2194 5101 2378 5157 ﬁceret
2402 5103 2562 5157 etiam
2594 5103 2660 5157 ad
2697 5103 2921 5158 aliorum
2961 5105 3209 5172 salutem,
3238 5107 3445 5166 idcirco
3476 5111 3757 5180 appellatus

2192 5211 2226 5248 a
2266 5193 2370 5248 Deo
2397 5204 2470 5247 est
2503 5193 2759 5263 pontifex,
2790 5203 2846 5247 et
2885 5195 3003 5258 hoc,
3034 5197 3195 5266 juxta
3227 5199 3464 5253 ordinem
3495 5199 3757 5254 Melchise-

2191 5285 2343 5348 dech,
2379 5284 2602 5346 scilicet,
2633 5294 2692 5338 ut
2723 5285 2899 5339 omnis
2928 5288 3058 5342 ordo
3085 5289 3384 5344 divinitatis
3414 5289 3468 5344 in
3497 5307 3565 5346 eo
3593 5293 3757 5348 censi-

2192 5376 2432 5440 deretur,
2465 5375 2554 5445 qui
2584 5377 2912 5432 considerari
2943 5380 3114 5447 potuit
3144 5380 3194 5434 in
3223 5380 3641 5438 Melchisedech.

2266 5466 2428 5521 Vens.
2461 5467 2544 5520 ll.
2573 5496 2642 5507 —
2664 5466 3154 5537 lnfntcrprclabilis.
3187 5469 3376 5526 Sermo
3399 5473 3466 5527 de
3490 5473 3755 5528 ineat-nato

2195 5563 2333 5617 Filio
2369 5561 2597 5616 diﬁicilis
2629 5571 2711 5616 est
2744 5563 2808 5615 ad
2863 5564 3354 5634 interpretandum,
3403 5567 3532 5636 quia
3565 5563 3754 5620 debiles

2195 5668 2351 5708 sensu
2375 5651 2508 5706 estis
2536 5653 2602 5706 ad
2629 5652 3029 5722 intelligendum
3059 5654 3319 5724 profunda
3350 5657 3628 5726 mysteria.

2267 5744 2427 5799 Vens.
2470 5742 2554 5796 l2.
2585 5773 2653 5782 —
2689 5742 2890 5798 Etenim
2928 5761 3042 5798 cum
3076 5745 3343 5800 deberetis.
3375 5745 3650 5803 lutet-serit
3680 5744 3756 5798 in-
