3948 6314
118 404 224 462 853

1043 397 1311 457 CLOSSA
1347 358 1742 456 cunmm.
1784 425 1851 436 -
1889 395 2106 454 msr.
2147 399 2239 454 AD
2277 389 2486 456 uena)

3269 387 3373 454 634

118 459 484 587 crepationem
520 512 585 569 de
619 510 951 576 inﬁrmitate,
981 520 1042 566 ut
1068 512 1175 565 alta
1204 511 1270 566 de
1296 511 1515 565 Christo
1544 509 1693 564 laho-
1725 513 1770 570 Α
1799 507 1872 562 illi
1905 494 2063 565 iidem
2105 509 2197 580 qui
2245 525 2302 566 se
2337 511 2522 566 colunt
2562 512 2614 566 in
2659 513 2812 567 bouis
2853 505 3134 584 operibus,
3179 514 3376 586 ﬁnitati

120 614 241 660 rent
281 603 598 674 intelligere.
640 602 770 666 Qua:
816 611 935 655 sunt
969 601 1222 654 elementa
1257 601 1482 654 eaordii.
1529 601 1697 653 Exora

119 694 266 751 dium
292 705 600 748 sermonum
619 701 704 745 est
725 689 948 759 simplex
973 691 1235 744 doctrina.
1260 689 1534 743 Elementa
1557 685 1694 757 ejus,

119 779 348 842 materia
378 785 444 840 de
471 801 574 854 qua
605 784 738 852 agit,
766 793 824 836 ut
852 783 1130 847 nativitas,
1152 781 1351 851 passio.

192 874 356 932 Vens.
387 876 472 930 13.
495 906 563 916 —-
580 873 766 928 Omnis
791 874 954 937 enim,
979 881 1088 927 etc.
1117 871 1219 938 Qui
1247 886 1352 925 non
1377 869 1521 939 capit
1549 869 1652 923 hoc
1679 886 1693 922 :

127 966 356 1023 Verbum
388 981 512 1020 caro
550 965 748 1034 factum
777 973 867 1026 est,
899 962 1167 1032 quomodo
1197 961 1411 1030 capiet:
1449 960 1515 1014 In
1551 959 1698 1030 prin-

117 1057 255 1127 cipio
275 1067 392 1112 erat
431 1055 650 1110 Verbum
667 1056 692 1108 .9
712 1053 898 1110 Omnis
923 1054 988 1108 de
1017 1055 1120 1108 hac
1151 1068 1211 1107 re
1233 1063 1434 1114 sermo,
1465 1065 1572 1120 quo
1592 1050 1700 1120 agi-

119 1158 227 1215 tur,
253 1157 315 1204 ut
331 1162 435 1203 non
462 1147 633 1202 solum
651 1148 920 1210 credatur,
941 1160 1127 1200 verum
1150 1144 1316 1200 etiam
1340 1141 1694 1212 intelligatur,

117 1241 430 1310 sciaturque
457 1240 602 1309 quod
632 1238 847 1303 dicitur,
876 1252 1142 1292 onerosus
1171 1245 1257 1291 est
1287 1251 1302 1287 :
1333 1233 1549 1288 facilius
1577 1232 1698 1287 illos

117 1329 314 1400 premit
350 1343 511 1399 quam
544 1327 737 1398 pascit.
765 1327 843 1380 Ex
883 1339 990 1399 quo
1023 1325 1102 1389 ﬁt,
1137 1333 1198 1379 ut
1228 1323 1554 1394 spirituales,
1594 1322 1696 1378 ista

118 1420 426 1476 carnalibus
463 1436 570 1475 non
598 1419 822 1474 omnino
850 1426 1082 1479 taceant,
1121 1424 1345 1485 propter
1372 1413 1697 1468 catholicam

118 1511 298 1576 ﬁdem,
328 1526 447 1580 quae
481 1511 729 1565 omnibus
763 1505 1104 1580 praedicanda
1126 1515 1229 1561 est.
1261 1503 1371 1559 Nec
1401 1513 1582 1558 tamen
1618 1502 1697 1557 sic

116 1602 394 1667 deserant,
424 1610 484 1656 ut
509 1601 748 1656 volentes
773 1615 836 1656 ea
858 1598 1159 1668 perducere
1189 1596 1255 1650 ad
1286 1592 1696 1665 intelligentiam

116 1707 227 1749 non
271 1708 547 1764 capacem,
590 1692 806 1746 facilius
846 1689 1077 1744 fastidiri
1119 1687 1320 1741 faciant
1371 1687 1424 1740 in
1471 1684 1697 1738 veritate

115 1801 428 1844 sermonem
455 1803 616 1859 quam
652 1787 704 1842 in
735 1799 986 1841 sermone
1011 1781 1214 1853 percipi
1238 1780 1541 1836 veritatem.

726 1915 953 1972 CAPUT
996 1915 1079 1969 Vl.

183 2050 356 2106 Vsus.
386 2049 441 2104 ί.
474 2079 543 2090 --
568 2047 913 2118 Quapropter.
950 2047 1162 2102 Duriter
1189 2045 1272 2102 eis
1311 2043 1604 2114 increpatis
1635 2053 1691 2099 et

112 2141 381 2212 culpatis,
419 2155 491 2197 eo
542 2141 685 2210 quod
728 2139 896 2194 velint
947 2153 1160 2207 semper
1203 2137 1395 2194 eadem
1445 2136 1560 2206 ipsa
1610 2135 1690 2190 di-

111 2247 300 2306 scere,
333 2233 526 2308 iterum
567 2232 841 2288 blanditur
877 2232 1077 2290 illisse
1112 2233 1193 2288 eis
1229 2232 1688 2298 connumerando,

111 2303 337 2380 hortans
377 2303 472 2380 eos
522 2325 590 2379 ad
643 2323 1049 2394 perfectionem.
1088 2323 1449 2378 lucubrationis
1493 2321 1689 2377 Christi

109 2429 428 2480 senionem,
453 2428 563 2486 quo
589 2415 750 2471 rudes
771 2423 897 2470 sunt
927 2414 1322 2479 calediizandi,
1345 2424 1403 2468 ut
1427 2422 1513 2468 est
1534 2412 1687 2484 Sym-

109 2502 296 2560 bolum
326 2504 447 2560 ﬁdei
496 2513 550 2561 et
578 2505 856 2567 Dominica
881 2505 1076 2561 oratio.
1111 2505 1234 2560 Non
1272 2521 1486 2569 rursus,
1527 2505 1580 2560 id
1603 2512 1692 2562 est

107 2607 221 2646 non
247 2593 408 2661 olim,
439 2603 499 2650 ut
527 2595 668 2651 sicut
696 2596 849 2664 prius
874 2595 1216 2660 ceciderunt,
1245 2595 1441 2650 iterum
1471 2595 1687 2650 cadant.

112 2681 232 2748 Vel,
259 2700 362 2738 non
389 2701 571 2740 rursus
591 2685 864 2756 iacientes,
891 2685 963 2740 ita
991 2686 1150 2742 modo
1172 2686 1459 2756 jaciamus,
1485 2694 1545 2740 ut
1572 2699 1690 2740 am-

106 2772 255 2842 plius
278 2774 462 2844 jacere
481 2791 590 2830 non
611 2776 681 2830 sit
700 2791 852 2846 opus.
885 2775 1332 2832 Fundamentum.
1359 2777 1511 2845 Quod
1537 2779 1689 2849 prius

110 2864 254 2918 dixit
276 2879 576 2922 sermonem
600 2867 976 2932 inchoationis,
1002 2869 1092 2924 hic
1117 2868 1348 2938 appellat
1372 2868 1688 2924 fundamen—

106 2962 253 3020 tum,
280 2970 345 3010 eo
369 2957 513 3024 quod
540 2957 609 3011 ad
628 2956 985 3012 Christianam
1009 2959 1320 3028 religionem
1349 2959 1688 3016 venientibus

106 3044 270 3114 prius
294 3045 634 3114 proponitur,
655 3055 716 3098 ut
744 3060 904 3115 super
927 3048 1050 3112 hoc,
1073 3049 1216 3117 quod
1240 3046 1587 3118 perfectionis
1605 3057 1689 3104 est

103 3133 434 3197 adiﬁeetur.
466 3133 577 3189 Hoc
603 3133 1010 3191 fundamentum
1035 3138 1292 3194 dividitur
1317 3140 1373 3193 in
1402 3154 1528 3206 sex,
1563 3155 1687 3209 qua:

1797 597 2004 653 scilicet
2035 601 2292 670 majores,
2332 601 2623 656 secundum
2664 602 2792 657 illud
2832 621 2844 656 :
2886 602 2954 656 Et
2986 604 3221 674 fecerunt
3256 605 3372 675 Im

1794 698 1934 740 ctum
1961 689 2265 756 nativitatis,
2289 692 2412 760 quia
2434 701 2618 760 patres
2636 707 2783 757 suos,
2803 693 2892 763 qui
2914 707 3006 748 eos
3031 693 3083 747 in
3105 693 3210 750 ﬁde
3231 709 3369 767 genu

1795 791 1972 846 erunt,
2003 782 2299 837 imitantur.

1869 872 2032 927 Vsus.
2073 872 2131 928 9.
2177 904 2249 914 —
2291 871 2636 943 Conﬁdimus.
2679 876 2814 942 Quia
2852 875 2919 932 de
2956 877 3210 948 praesenti
3261 894 3370 935 non

1797 961 1962 1016 habet
1989 960 2278 1031 Apostolus
2307 963 2448 1018 unde
2471 978 2564 1018 eos
2603 964 2808 1030 laudet;
2845 966 2910 1020 de
2936 981 3031 1035 spe
3063 966 3368 1024 futurorum

1797 1050 2011 1114 attollit,
2035 1052 2104 1107 ad
2131 1068 2250 1121 qua:
2275 1068 2374 1122 per
2402 1056 2677 1124 prmterita
2703 1056 2887 1120 allicit,
2921 1067 2978 1111 et
3008 1068 3216 1114 recreat
3254 1060 3370 1115 anis

1796 1155 1914 1196 mos
1945 1156 2131 1196 eorum
2160 1151 2218 1197 et
2246 1143 2538 1209 conforlat,
2568 1147 2788 1216 antiqua
2809 1149 2892 1203 eis
2925 1149 2978 1203 in
3013 1149 3250 1206 incntcm
3281 1166 3371 1206 rc-

1794 1246 2016 1297 vocans,
2057 1239 2116 1288 et
2159 1232 2288 1287 facit
2321 1247 2420 1289 eos
2457 1235 2768 1291 existimare
2798 1237 2965 1292 Deum
2999 1253 3104 1294 non
3143 1238 3371 1296 oblitum

1796 1323 2060 1377 bonorum
2083 1338 2202 1394 quae
2225 1323 2491 1379 fecerunt.
2523 1325 2677 1382 Sicut
2706 1328 2851 1382 enim
2877 1329 3056 1398 priora
3092 1331 3230 1384 bona
3271 1345 3372 1402 per

1796 1411 2078 1480 sequentia
2117 1411 2256 1466 mala
2296 1424 2506 1468 mortua
2549 1414 2763 1471 fuerant
2798 1427 2853 1471 et
2894 1417 3045 1472 irrita
3083 1418 3243 1484 facta,
3294 1420 3368 1474 ita
3451 1487 3454 1498 ἲ

1797 1501 1913 1570 ipsa
1934 1502 2122 1557 eadem
2151 1518 2250 1574 per
2278 1504 2652 1574 paenitentiam
2683 1517 2740 1562 et
2775 1507 2878 1562 alia
2912 1508 3052 1564 bona
3091 1513 3370 1580 sequentia

1795 1591 2144 1647 reviviscent.
3287 1599 3292 1606 ‘

1867 1683 2030 1739 Vsus.
2073 1683 2161 1740 10.
2197 1716 2268 1726 —
2305 1685 2512 1757 Operis.
2553 1686 2740 1760 Magna
2785 1690 2890 1746 illis
2918 1691 3234 1752 testiﬁcatus
3261 1705 3365 1751 est.

1797 1772 1924 1828 fl‘ria
1967 1781 2146 1829 autem
2191 1776 2333 1832 bona
2371 1780 2712 1833 commendat
2757 1780 2812 1834 in
2843 1782 2944 1846 eis,
2981 1783 3186 1839 scilicet
3223 1786 3366 1856 quod

1716 1865 1972 1954 onmnia
1999 1881 2098 1922 sua
2118 1866 2368 1924 fecerunt
2393 1869 2700 1924 communia
2731 1873 2952 1928 sanctis.
2977 1874 3117 1930 Ecce
3134 1891 3288 1947 opus,
3312 1885 3371 1933 et

1788 1957 1894 2012 hoc
1916 1972 1986 2012 ex
2005 1957 2312 2024 dilectione,
2335 1975 2456 2029 qua:
2498 1959 2756 2017 informat
2789 1963 3060 2029 actiones;
3095 1979 3224 2024 ecce
3253 1967 3368 2022 ala»

1786 2050 1986 2116 critas,
2025 2060 2083 2106 et
2117 2053 2220 2108 hoc
2261 2056 2329 2107 ad
2372 2054 2599 2124 gloriam
2630 2055 2755 2123 Dei;
2795 2071 2922 2112 ecce
2965 2072 3096 2128 pura
3129 2067 3183 2114 et
3216 2067 3366 2116 recta

1785 2140 2032 2198 intentio.
2957 2148 2962 2160 ‘

1859 2229 2022 2286 Vsus.
2055 2234 2142 2288 il.
2179 2265 2249 2276 --
2287 2235 2558 2307 Cupimus.
2603 2237 2820 2293 Multam
2859 2240 3200 2298 dilectionem
3239 2258 3364 2316 erga

1788 2318 1910 2376 illos
1936 2322 2186 2388 ostendit,
2215 2332 2271 2380 et
2299 2327 2544 2384 eamdem
2581 2329 2726 2383 circa
2765 2329 3005 2401 singulos
3043 2347 3230 2387 curam
3268 2333 3366 2389 de-

1791 2418 2074 2478 monstrat,
2100 2421 2157 2468 et
2180 2421 2295 2468 tum
2333 2415 2620 2486 majorum,
2654 2427 2766 2472 tum
2807 2419 3075 2475 minorum
3114 2421 3366 2477 similiter

1787 2513 1976 2555 curam
2013 2503 2172 2572 gerit,
2212 2513 2268 2558 et
2303 2519 2494 2561 omnes
2529 2506 2724 2578 diligit.

1866 2589 2130 2648 “133.13.
2157 2625 2227 2634 -
2251 2594 2476 2651 Abi-alca:
2497 2599 3004 2668 namque,etc.Tria
3027 2601 3158 2656 dicit
3183 2620 3196 2656 :
3219 2605 3363 2672 quod

1788 2683 2077 2750 promisszo
2107 2683 2281 2752 facta;
2311 2695 2366 2741 et
2394 2701 2493 2756 per
2520 2685 2886 2756 juramentum
2922 2689 3171 2757 ﬁrmata;
3215 2702 3268 2748 et
3307 2694 3364 2749 in

1789 2772 2060 2831 Abraham
2086 2776 2199 2847 jam
2227 2778 2470 2849 impleta.

1864 2868 2025 2924 Vsus.
2068 2870 2155 2925 ll».
2183 2901 2254 2911 -
2285 2871 2403 2927 Nisi
2425 2874 2748 2941 benedicens,
2772 2884 2874 2932 etc.
2908 2876 3254 2948 Aposiopesis
3278 2882 3366 2937 est

1790 2957 1902 3024 hic,
1933 2960 1986 3015 id
2025 2971 2110 3017 est
2140 2961 2390 3019 defectio.
2409 2964 2576 3032 Quasi
2607 2985 2623 3020 :
2661 2967 2718 3022 Si
2747 2969 2850 3025 hoc
2873 2985 2979 3025 non
3015 2969 3215 3039 fecero,
3253 2989 3361 3030 non

1789 3053 1922 3106 mihi
1958 3054 2213 3109 credatur
2241 3056 2307 3110 de
2345 3056 2543 3127 aliquo.

1863 3140 2024 3197 Vens.
2059 3145 2143 3197 l7.
2171 3175 2243 3185 -—
2266 3144 2334 3200 In
2361 3163 2462 3217 quo
2491 3148 2844 3206 abundantius
2869 3151 3057 3209 volens.
3082 3153 3246 3221 Quasi
3275 3155 3359 3210 di-

99 3231 244 3298 sunt
270 3241 284 3276 :
315 3223 587 3280 inchoatio
614 3239 706 3280 seu
741 3227 1086 3295 paenitentia,
1116 3228 1248 3284 ﬁdes
1268 3269 1282 3293 ,
1311 3230 1689 3298 baptismatum
1717 3229 1763 3290 C
1790 3241 1945 3287 ceret
1981 3251 1992 3284 :
2022 3231 2080 3288 Si
2115 3243 2294 3290 autem
2327 3237 2552 3304 homini,
2576 3241 2668 3309 qui
2699 3242 2927 3297 mendax
2955 3252 3068 3308 est,
3092 3261 3190 3315 per
3213 3245 3364 3315 jura-

106 3313 394 3378 doctrina,
418 3315 687 3384 impositio
721 3331 998 3382 manuum,
1031 3319 1388 3385 resurrectio,
1419 3329 1580 3389 atque
1600 3320 1689 3390 ju-

104 3403 337 3473 dicium.
370 3403 689 3475 Quicunque
713 3405 922 3474 aliquos
944 3407 1013 3462 ad
1039 3407 1198 3462 ﬁdem
1221 3411 1511 3477 convertit,
1537 3412 1689 3482 prius

102 3491 548 3563 facit-paenitere,
583 3496 637 3550 in
667 3497 835 3552 Deum
856 3499 1096 3567 credere,
1127 3501 1386 3570 baptizari
1414 3503 1469 3558 in
1501 3505 1690 3560 remis.

102 3583 344 3652 sionem,
383 3587 696 3642 conﬁrmari
739 3602 838 3658 per
877 3589 1294 3659 impositionem,
1337 3596 1686 3651 resurrectio-

102 3687 241 3727 nem
269 3683 326 3728 et
352 3675 492 3731 diem
516 3677 703 3747 judicii
731 3681 1050 3750 pncstolari.

186 3765 350 3823 Vsus.
401 3767 455 3822 4.
494 3800 567 3810 —
605 3769 949 3842 Impossibile.
996 3772 1075 3830 Ne
1103 3775 1226 3845 quis
1252 3791 1379 3832 vero
1412 3777 1685 3834 existimet

101 3858 416 3916 secundum
433 3859 519 3914 vel
545 3862 763 3917 tertium
801 3863 1068 3932 baptisma
1107 3875 1230 3935 post
1267 3877 1486 3936 peccata
1524 3884 1685 3938 posse

104 3947 257 4012 fieri,
296 3949 476 4005 subdit
512 3969 527 4003 :
569 3950 916 4021 Impossibile,
960 3971 1066 4011 non
1103 3965 1304 4012 tantum
1339 3958 1573 4025 difﬁcile,
1616 3977 1684 4016 ne

103 4038 240 4108 quis
265 4038 320 4093 in
346 4039 448 4096 hoc
478 4041 794 4099 conﬁderet.
825 4043 928 4099 Eos
949 4046 1058 4114 qui,
1089 4047 1140 4102 id
1162 4056 1266 4112 est,
1297 4049 1460 4103 etiam
1481 4063 1574 4106 eos
1592 4051 1682 4121 qui

105 4129 236 4184 hac
255 4130 393 4185 bona
422 4131 747 4188 habuerunt.
771 4132 974 4189 Nedum
1004 4137 1216 4206 penitus
1239 4138 1426 4194 malos.

189 4220 351 4284 Vsus.
379 4219 432 4276 6.
452 4253 523 4263 —
547 4223 826 4291 Renovari,
849 4240 946 4295 per
963 4227 1310 4298 baptismum,
1339 4229 1493 4299 cuius
1513 4231 1684 4288 virtus

105 4312 172 4365 in
219 4327 382 4367 cruce
426 4311 628 4368 Christi
669 4323 910 4380 constat,
952 4311 1092 4373 unde
1131 4319 1424 4374 subditur:
1457 4319 1684 4377 Rursum

103 4399 493 4470 cruciﬁgeutes.
544 4402 684 4470 Quia
730 4404 783 4457 in
833 4405 1098 4475 baptismo
1145 4423 1330 4464 sumus
1379 4410 1684 4468 conformes

107 4489 280 4543 morti
301 4488 416 4558 ejus
437 4498 492 4547 et
510 4491 818 4562 sepulturae.
835 4493 936 4561 Qui
958 4504 1116 4566 putat
1139 4499 1374 4553 secundo
1394 4500 1680 4571 baptizari,

1791 3330 2030 3376 mentum
2057 3324 2314 3390 creditur,
2337 3337 2538 3396 quanto
2568 3330 2739 3400 magis
2774 3331 2885 3387 Deo
2909 3335 3232 3390 credendum
3254 3345 3360 3403 est,

1791 3411 1881 3482 qui
1910 3413 2126 3468 mentiri
2154 3431 2260 3471 non
2281 3418 2495 3485 potest?
3367 3492 3381 3500 Γ

1858 3504 2024 3559 Vens.
2057 3505 2142 3561 18.
2179 3537 2246 3546 —
2269 3507 2628 3579 Confugimus.
2654 3511 2812 3584 Fugit
2846 3515 2914 3570 ad
2949 3530 3100 3587 spem
3133 3511 3224 3588 qui
3263 3533 3359 3592 spe

1787 3594 2134 3651 beatitudinis
2160 3597 2530 3655 tribulationes
2562 3604 2790 3672 spernit.

1859 3682 2020 3740 Vsus.
2061 3685 2147 3740 l9.
2176 3716 2248 3728 —-
2275 3686 2447 3753 Quam
2488 3691 2640 3745 sicut.
2681 3693 2833 3748 Sicut
2867 3695 3105 3751 anchora
3142 3712 3358 3766 navem,

1787 3772 1866 3828 sic
1901 3786 2027 3844 Spes
2063 3776 2297 3830 animam
2336 3785 2500 3844 tenet,
2539 3795 2608 3834 ne
2646 3793 2923 3854 mergatur
2957 3785 3014 3839 in
3052 3785 3165 3842 salo
3202 3788 3362 3859 hujus

1785 3867 1990 3930 mundi,
2011 3867 2398 3924 consentiendo
2418 3869 2718 3941 iniquitati;
2739 3891 2801 3929 ac
2824 3874 3054 3944 ﬁrmant,
3079 3894 3147 3934 ne
3164 3879 3356 3935 saltem

1785 3955 1997 4010 titubet.

1855 4043 2037 4115 (Αυῡ.)
2064 4044 2220 4099 laeta
2247 4047 2303 4100 in
2332 4046 2498 4103 Deum
2532 4067 2713 4106 curam
2751 4063 3072 4122 tuam,'elc.,
3104 4075 3264 4131 usque
3290 4063 3360 4116 ad

1783 4133 1829 4190 si
1856 4134 1924 4188 ad
1951 4145 2161 4204 tempus
2186 4134 2427 4204 ﬂuctuat,
2455 4140 2690 4197 anchora
2717 4158 2841 4213 spes
2863 4145 2982 4216 eius
3003 4156 3103 4203 est.

1854 4224 2015 4281 Vsus.
2055 4225 2145 4282 20.
2183 4258 2256 4268 -
2290 4226 2615 4286 Prwcursor.
2646 4234 2728 4290 Ad
2761 4237 2863 4291 hoc
2884 4237 3134 4294 Christus
3157 4255 3365 4312 praecu-

1783 4315 1972 4380 currit,
2017 4326 2078 4370 ut
2119 4333 2217 4372 nos
2255 4333 2569 4388 sequamur.
2608 4322 2711 4391 Qui
2751 4325 2889 4383 bene
2919 4327 3115 4384 dicitur
3141 4345 3358 4396 cursor,

1783 4406 1906 4476 quia
1949 4407 2092 4463 nulla
2135 4409 2288 4478 culpa
2329 4425 2454 4466 eum
2495 4411 2796 4483 impedivit,
2839 4421 3132 4477 secundum
3170 4422 3298 4480 illud
3341 4443 3354 4478 :

1784 4495 2078 4551 Exsultavit
2110 4508 2165 4551 ut
2195 4499 2341 4569 gigas
2372 4501 2442 4556 ad
2475 4504 2788 4559 currendum
2821 4508 2957 4561 viam
2979 4506 3150 4576 (Paul.
3175 4516 3352 4579 xvm).

103 4580 354 4636 secundo
393 4580 666 4637 Christum
713 4583 995 4654 (quantum
1041 4588 1107 4642 ad
1149 4603 1207 4643 se
1252 4589 1356 4661 est)
1393 4591 1681 4663 cruciﬁgit,

1810 4587 1853 4641 Et
1887 4588 2016 4643 alibi
2046 4606 2060 4642 :
2101 4588 2169 4644 In
2206 4607 2287 4644 vta
2318 4601 2647 4662 peccatorum
2685 4611 2789 4651 non
2823 4599 2962 4652 stetit
2991 4597 3154 4670 (Ibid.
3189 4601 3252 4672 I).
3292 4576 3360 4658 Ει

103 4671 260 4740 quod
291 4680 374 4726 est
398 4687 522 4727 eum
558 4673 757 4729 habere
791 4678 1024 4732 ostentui
1061 4687 1116 4733 et
1143 4679 1397 4736 derisioni
1424 4689 1484 4737 ut
1519 4685 1686 4741 semel

103 4773 363 4820 mortuus
402 4776 514 4832 est;
561 4767 637 4822 ita
678 4784 777 4824 nos
816 4770 870 4824 in
915 4771 1180 4842 baptismo
1215 4777 1385 4833 semel
1424 4779 1687 4836 morimur

103 4858 370 4927 peccatis,
399 4875 505 4915 non
535 4862 773 4917 secundo
801 4863 884 4919 vel
918 4866 1096 4922 tertio.

184 4945 349 5002 Vsus.
384 4948 432 5001 7.
461 4979 532 4988 —
551 4947 700 5018 Saepe
728 4953 1027 5008 venientem.
1060 4955 1199 5011 Dicit
1221 4973 1357 5027 saepe
1377 4959 1685 5027 venientem,

98 5037 239 5108 quia
276 5039 319 5092 si
361 5055 505 5105 rara,
534 5055 641 5095 non
678 5041 914 5098 suﬁicit:
957 5045 1002 5100 si
1037 5047 1272 5113 assidua,
1303 5049 1530 5105 vilescit.
1571 5051 1686 5107 Im-

101 5126 276 5178 breus.
324 5125 631 5183 Doctrinam
670 5139 943 5197 sanetam,
987 5150 1164 5190 rorem
1202 5137 1492 5206 caelorum,
1526 5154 1687 5210 quem

101 5217 320 5272 sitienti
352 5227 508 5274 terra:
536 5221 724 5290 pluunt
749 5224 898 5290 coeli,
929 5225 982 5279 id
1007 5235 1092 5282 est
1116 5228 1496 5296 praedicatores
1535 5231 1685 5286 verbi

102 5306 377 5362 veritatis.
413 5307 677 5366 Generum
710 5313 944 5369 herbam.
981 5314 1266 5386 Signiﬁcat
1293 5333 1386 5373 eos
1424 5334 1566 5389 stepe
1599 5319 1682 5375 bi-

100 5397 261 5453 bisse
278 5413 378 5468 per
402 5400 570 5468 legem
593 5411 644 5456 et
674 5403 966 5473 prophetas
989 5408 1208 5461 verbum
1230 5407 1466 5463 caelestis
1487 5409 1686 5465 doctri-

102 5506 214 5558 nae,
248 5492 341 5561 qui
376 5508 476 5548 nec
508 5494 588 5549 sic
615 5498 845 5565 prompti
885 5496 1100 5554 fuerunt
1125 5501 1366 5570 germina
1405 5501 1526 5555 ﬁdei
1557 5517 1686 5570 pro-

101 5580 279 5636 ferre.
315 5584 355 5634 Δ
386 5585 572 5654 quibus
607 5585 813 5642 colitur.
845 5587 1091 5646 Cultores
1124 5599 1281 5647 terra:
1311 5601 1438 5646 sunt
1467 5593 1556 5661 qui
1594 5608 1688 5648 vo-

101 5684 264 5725 mere
290 5673 558 5741 spirituali
601 5675 824 5731 arbusta
861 5679 1238 5744 conscindunt,
1266 5688 1320 5736 et
1362 5680 1500 5736 falce
1532 5682 1682 5736 verbi

100 5760 205 5819 Dei
235 5763 400 5820 noxia
425 5767 745 5837 praecidunt.
780 5768 874 5825 Vel
911 5769 988 5826 illi
1020 5786 1050 5825 a
1085 5771 1278 5841 quibus
1314 5773 1528 5828 colitur.
1561 5782 1686 5828 sunt

1785 4692 2108 4759 praecgrsor,
2147 4681 2272 4767 quia
2299 4690 2425 4739 ante
2451 4698 2578 4748 nos,
2601 4694 2657 4740 et
2687 4701 2786 4756 pro
2807 4688 2961 4743 nobis
2988 4690 3245 4745 cucurrit.

2376 4795 2605 4852 CAPUT
2657 4796 2762 4852 νη.

1858 4877 2119 4936 Sacerdos
2164 4881 2264 4937 Dei
2305 4886 2514 4940 summi.
2541 4885 2782 4958 (Csars,
2825 4886 2965 4943 bam.
2991 4890 3080 4955 55,
3110 4891 3165 4945 in
3201 4889 3357 4964 Gen.)

1791 4969 2054 5028 Sacerdos
2079 4981 2258 5028 autem
2287 4984 2405 5030 erat
2425 4976 2564 5032 forte
2585 4993 2614 5032 a
2639 4980 2929 5050 semetipso
2950 4982 3250 5047 ordinatus,
3274 4987 3355 5042 sic

1789 5063 1934 5117 enim
1967 5072 2093 5120 tunc
2115 5076 2274 5120 erant
2299 5068 2626 5124 sacerdotes.
2675 5069 2769 5125 Vel
2799 5073 2926 5142 quia
2964 5083 3125 5130 astate
3158 5091 3356 5148 prove-

1789 5153 1929 5209 ctior
1957 5164 2094 5221 erat,
2119 5171 2149 5210 a
2179 5157 2292 5212 suis
2315 5157 2614 5213 colebatur.
2649 5160 2740 5216 Vel
2763 5163 2906 5232 quod
2931 5173 2986 5219 et
3014 5165 3128 5234 ipse
3147 5168 3356 5223 sacriﬁ-

1789 5246 2171 5311 earestuduit,
2205 5247 2347 5301 sicut
2369 5255 2424 5302 et
2468 5248 2603 5316 Noe,
2631 5249 2763 5306 Abel
2818 5253 3113 5322 Abraham,
3140 5260 3356 5327 quando

1787 5333 2053 5390 sacriﬁcia
2082 5335 2412 5390 obtulerunt.

1862 5426 2022 5480 Vsus.
2061 5427 2114 5480 3.
2145 5457 2218 5468 —-
2242 5425 2424 5497 Neque
2459 5429 2684 5497 initium,
2710 5440 2838 5498 etc.,
2866 5450 3028 5505 neque
3057 5441 3214 5504 ﬁnem
3237 5439 3357 5495 uitat

1786 5517 1999 5571 habens.
2042 5515 2288 5572 Christus
2315 5518 2536 5575 omnino
2572 5535 2677 5576 non
2709 5522 2896 5578 habuit
2932 5525 3142 5580 initium
3177 5541 3354 5597 neque

1788 5607 1971 5662 ﬁnem.
2017 5607 2084 5661 In
2117 5619 2441 5679 perpetuum.
2468 5609 2581 5665 Hoc
2609 5611 2682 5666 ita
2725 5614 2854 5670 dicit
2901 5616 3024 5684 quia
3074 5616 3353 5684 Scriptura

1785 5701 2006 5767 obticet,
2037 5701 2179 5770 quod
2227 5701 2420 5771 aliquis
2472 5704 2522 5757 ei
2571 5707 2935 5763 successisset.
2993 5707 3084 5762 Vel
3131 5709 3354 5784 mystica

1785 5794 2025 5864 loquitur
2053 5794 2118 5850 de
2147 5795 2450 5851 sacerdotio
2479 5795 2697 5852 Christi.
3411 5789 3413 5792 ﬁ

3356 5900 3383 5923 ε
