3948 6314
170 377 270 433 637

1109 381 1369 442 CLOSSA
1409 383 1802 442 0RDINARIA.
1839 377 1910 424 -έ
1956 381 2175 438 EPIST.‘
2211 381 2300 438 AD
2339 383 2536 440 HEBR.

3295 387 3399 444 (358

165 499 492 546 statuentuut
519 490 715 549 Christi
744 496 930 552 melius
954 506 1040 554 est
1066 498 1242 555 Veteri
1277 518 1290 554 :
1323 515 1446 554 nam
1471 499 1600 554 illud
1627 513 1730 552 non
1760 495 1810 556 Δ
1837 501 2141 548 memorum
2184 495 2417 549 ostendi!
2439 535 2454 560 .
2493 503 2549 550 et
2586 507 2728 564 quoa
2758 493 2938 550 Veteri
2984 492 3188 550 Νονυπι
3214 491 3399 566 σύρει·-

168 591 323 637 vacat
341 583 518 654 culpa,
536 586 639 641 hoc
654 597 826 642 vacat.
853 588 908 643 Si
922 591 1065 645 enim
1079 600 1322 646 vacasset
1339 591 1626 659 culpa,non
1639 591 1733 645 da-

169 679 317 726 retur
375 674 706 740 secundum,
739 678 832 732 sed
869 678 1042 733 datur.
1096 681 1161 735 Et
1199 689 1273 735 ita
1322 690 1545 750 apparet
1603 681 1732 736 illud

168 760 783 834 luissegimperl'ectum,
817 767 920 822 hoc
961 769 1281 838 perlectum.
1338 768 1506 838 Culpa
1555 787 1734 824 vacas-

161 860 262 914 set,
289 867 393 906 non
440 854 634 923 utique.
670 853 746 909 Ita
792 855 893 910 hoc
935 858 1084 922 dicit,
1112 860 1264 924 quasi
1311 861 1482 929 ipsum
1518 859 1731 930 culpam

162 939 379 995 habeat.
428 941 581 1006 Quod
632 943 878 1010 videtur,
917 945 1045 1001 dum
1081 949 1325 1018 praecipit
1367 949 1483 1002 sine
1537 959 1731 1019 gratia,

165 1039 223 1084 et
255 1032 698 1099 prmvaricatores
729 1034 874 1088 facit.
905 1036 1281 1108 lnquireretur,
1313 1056 1344 1093 a
1367 1041 1614 1104 Domino,
1635 1043 1730 1110 qui

161 1120 312 1189 prius
349 1121 605 1191 paulatim
634 1123 887 1178 instruxit
926 1134 980 1180 et
1002 1127 1272 1193 educavit,
1299 1138 1349 1183 ut
1383 1138 1505 1199 post
1550 1131 1731 1200 perle-

163 1215 310 1262 ctum
339 1209 509 1264 daret.
1711 1271 1715 1274 ,

235 1299 398 1354 Vens.
439 1301 584 1362 9.-
613 1302 766 1370 Quod
814 1306 1194 1376 feci.patribus
1241 1325 1440 1364 eorum.
1494 1310 1559 1364 Et
1605 1311 1730 1380 quia

159 1389 496 1460 quibusdam,
530 1395 762 1462 speciale
807 1396 1030 1462 fecerat,
1058 1399 1397 1454 determinat.
1434 1400 1587 1466 Quod
1629 1403 1730 1471 feci

160 1481 217 1532 in
259 1479 381 1546 die,
407 1480 458 1536 id
502 1489 584 1533 est
619 1490 858 1553 tempore
897 1485 1048 1552 legis,
1081 1503 1200 1556 qua:
1245 1499 1366 1557 post
1412 1490 1616 1544 exitum
1663 1492 1732 1547 de

160 1569 395 1639 Egypto
440 1571 566 1624 data
611 1582 713 1626 est.
766 1574 915 1641 Quod
962 1591 1091 1647 ergo
1120 1588 1244 1634 ante
1291 1579 1457 1650 legem
1505 1582 1731 1638 Abrahae

159 1659 296 1714 dixit
326 1677 338 1713 :
369 1659 434 1713 In
457 1663 650 1716 semine
669 1673 756 1716 tuo
782 1665 1146 1723 benedicentur
1167 1687 1343 1725 omnes
1369 1682 1544 1742 gentes
1575 1671 1725 1743 (Ceu.

162 1747 318 1819 xm),
341 1751 678 1825 postmodum
705 1756 994 1823 complevit
1021 1759 1074 1812 in
1107 1759 1416 1829 Evangelia.
1464 1761 1555 1816 Illa
1583 1763 1726 1817 enim

1834 583 2066 646 eminet,
2104 590 2159 636 et
2209 582 2339 637 illud
2380 583 2646 638 immutat.
2694 581 2848 638 Nunc
2892 583 3034 638 idem
3066 581 3399 642 ostendihex

1837 672 2004 741 ipsius
2024 673 2353 728 tabernaculi
2375 673 2669 728 schemate.
2701 672 2974 740 Sanctum,
2997 691 3103 730 non
3133 674 3393 746 spiritale,

1833 764 1927 817 sed
1960 779 1974 814 :
2013 760 2294 817 Stroulare.
2328 764 2461 830 Quia
2499 765 2788 832 putabatur
2817 765 2887 818 ab
2928 765 3235 822 hominibus
3261 765 3401 822 san-

1831 860 1996 905 ctum.
2030 851 2090 905 Et
2111 867 2275 908 vere.
2290 853 2470 907 habuit
2503 863 2746 907 sanetum
2776 853 3052 920 saeculare,
3075 855 3200 924 quia
3226 853 3401 912 taber-

1833 941 2083 996 naculum
2111 957 2342 1011 prtmum
2367 953 2422 996 et
2445 928 2757 997 secundum.

1903 1031 2068 1088 Vens.
2091 1033 2143 1086 2.
2181 1063 2253 1073 -
2284 1033 2694 1087 Tabernaculum
2719 1036 2855 1088 enim
2876 1045 3132 1090 sanetum.
3159 1037 3400 1093 Primum

1835 1126 2234 1182 tabernaculum
2268 1129 2411 1182 intus
2441 1129 2626 1182 habuit
2651 1129 2821 1182 altare
2843 1127 3080 1196 iucenSi;
3108 1141 3234 1187 ante
3258 1132 3404 1190 fores

1832 1217 1932 1271 sub
1958 1216 2076 1276 dio.
2123 1217 2294 1274 altare
2338 1217 2770 1273 holocaustorum
2803 1234 2816 1271 :
2850 1220 2932 1273 vel
2958 1221 3099 1288 quod
3150 1219 3278 1276 foris
3317 1230 3402 1277 est

1831 1305 2098 1376 signiﬁcat
2138 1305 2300 1362 Vetus
2326 1306 2751 1374 Testamentum,
2788 1317 2948 1364 etest
2977 1312 3144 1381 [igura
3184 1312 3400 1383 ﬁgura;

1833 1398 1978 1452 intus
2006 1399 2509 1469 signiﬁcat.l\'ovutn

1905 1489 2064 1550 Vsus.
2109 1490 2162 1544 5.
2193 1519 2261 1530 ——
2301 1490 2596 1546 Clierubim.
2645 1493 2748 1548 Per
2795 1493 3084 1548 Cheruhim
3125 1495 3399 1566 signiﬁca—

1834 1587 1920 1632 tur
1963 1579 2235 1646 plenitndo
2288 1581 2554 1645 scientiae;
2615 1597 2712 1650 per
2759 1584 3188 1652 propitiaturium
3241 1599 3402 1654 super

1830 1686 2053 1734 arcam,
2097 1670 2376 1737 Christus,
2429 1675 2553 1742 quia
2604 1675 2702 1743 ipsi
2750 1675 2964 1729 Christo
3007 1692 3035 1728 a
3082 1675 3191 1730 Deo
3239 1677 3401 1732 Patre

1837 1762 2142 1831 specialiter
2165 1763 2346 1818 datum
2374 1774 2477 1829 est,
2503 1773 2558 1818 ut
2587 1775 2728 1821 esset
2753 1767 3059 1836 prepitiatio
3083 1783 3180 1836 pro
3205 1784 3400 1837 pecca-

158 1841 566 1916 promissioluit
589 1844 880 1914 spiritualis
909 1858 963 1902 et
1003 1849 1308 1918 specialiter
1337 1851 1613 1920 pertinens
1658 1854 1724 1908 ad
1757 1847 1797 1904 Β
1833 1853 1905 1906 tis
1935 1853 2151 1907 nostris.

158 1930 424 2000 gratiam.
464 1930 585 1987 Non
637 1949 1029 2002 permanserunt
1082 1939 1136 1994 in
1180 1939 1526 1996 Testamento.
1587 1943 1726 2000 Vitio

159 2038 346 2083 eorum
371 2025 589 2094 deputat
609 2028 749 2095 quod
775 2043 880 2082 non
905 2042 1315 2098 permanserunt
1339 2034 1391 2088 in
1417 2033 1726 2089 Testamen-

161 2123 236 2174 to,
265 2128 332 2167 ne
357 2113 438 2168 lex
466 2129 624 2182 quam
657 2125 782 2172 tunc
807 2130 1131 2188 acceperunt
1159 2121 1426 2189 culpanda
1455 2124 1723 2180 videatur.

159 2202 280 2270 ipsa
312 2203 454 2257 enim
482 2211 562 2259 est
605 2221 764 2276 quam
789 2222 896 2262 non
922 2210 1067 2264 venit
1087 2210 1345 2275 ,Christus
1375 2211 1602 2278 solvere,
1636 2212 1728 2268 sed

159 2293 401 2363 implere.
430 2293 544 2350 Non
566 2305 742 2354 tamen
758 2299 1023 2370 justiticat
1041 2303 1168 2368 ,sine
1189 2303 1385 2372 gratia,
1411 2319 1507 2376 pro
1530 2306 1726 2362 veteris

158 2384 394 2440 hominis
438 2403 595 2453 noxa,
627 2405 746 2461 qua:
787 2393 913 2461 quia
956 2408 1053 2462 per
1083 2394 1312 2450 litteram
1355 2395 1631 2464 jubentem
1675 2407 1730 2454 et

162 2476 456 2532 minantem
505 2495 618 2548 non,
659 2483 1144 2548 sanatur,dicitur
1183 2484 1332 2548 illud,
1367 2487 1560 2552 Vetus;
1605 2488 1726 2554 hoc,

162 2564 364 2621 Novum
391 2581 406 2620 :
437 2578 656 2640 propter
683 2573 975 2636 novitatem
1001 2575 1223 2644 spiritus
1247 2577 1335 2644 qui
1362 2586 1516 2630 sanat
1538 2579 1729 2635 avitio

162 2659 474 2730 vetuslatjs,
502 2662 643 2730 quod
689 2663 965 2728 evidenter
1017 2665 1411 2740 aperitdicens
1447 2685 1461 2722 :
1495 2667 1606 2736 ιιορ
1633 2681 1726 2726 .est

165 2748 214 2821 1:
208 2760 565 2821 ammentum,
593 2764 696 2810 etc.

149 2905 158 2910 .
234 2842 394 2912 Vsus.
441 2847 524 2903 10.
558 2879 626 2889 —-
652 2849 838 2904 Danda
863 2850 996 2921 leges
1019 2869 1162 2910 meas
1190 2854 1488 2914 iumenta.
1533 2855 1647 2911 Non
1675 2857 1730 2912 in

158 2936 358 3001 tabulis
400 2937 658 3007 lapideis,
692 2950 1144 3004 κοιίλη-δωρειιο
1168 2985 1185 3011 ,
1228 2947 1322 3001 sed
1368 2946 1593 3017 Spiritu,
1623 2964 1732 3018 quo

152 3038 427 3099 praesente
462 3030 682 3101 (quiest
705 3033 900 3103 digitus
922 3036 1038 3107 Dei)
1061 3035 1375 3091 ditl‘un-Jitur
1400 3039 1637 3094 charitas
1678 3040 1728 3094 in

148 3122 587 3192 wrdibus,qu:e
634 3133 718 3179 est
760 3125 1035 3194 plenitudo
1082 3127 1235 3198 legis.
1273 3129 1549 3198 Siquidem
1593 3130 1725 3199 justi

1902 1940 2063 1997 Vens.
2096 1944 2145 1997 7.
2171 1974 2240 1983 —
2266 1943 2335 1999 In
2372 1963 2527 2000 anno.
2572 1947 2723 2014 Quod
2763 1950 2987 2021 singulis
3029 1953 3185 2007 annis
3231 1953 3398 2008 intra-

1828 2029 2434 2103 batuc,.signilieabatur
2464 2051 2587 2090 .non
2636 2039 2846 2095 venisse
2891 2041 3065 2096 adhuc
3108 2042 3394 2111 perfectio-

1830 2139 1972 2177 nem.
2011 2122 2117 2179 I’ro
2144 2144 2239 2180 sua
2271 2139 2316 2181 et
2343 2130 2520 2196 ponuli
2547 2132 2861 2201 ignorantia.
2892 2134 3137 2190 Christus
3165 2151 3261 2206 pro
3293 2153 3392 2207 po-

1829 2216 1956 2286 pulo
1982 2232 2080 2272 suo
2099 2219 2320 2286 obtulit,
2350 2237 2448 2290 pro
2481 2238 2540 2276 se
2583 2239 2710 2278 vero
2753 2241 2880 2290 non,
2913 2228 3014 2282 nisi
3045 2227 3099 2282 in
3136 2229 3394 2284 membris

1829 2309 1961 2363 suis.
2020 2311 2170 2366 Unde
2220 2314 2332 2380 ipse
2380 2316 2456 2368 ait
2500 2335 2512 2368 :
2571 2315 2738 2371 Verba
2801 2318 3108 2374 delictorum
3159 2337 3393 2375 meorum

1831 2400 2002 2468 (Psal.
2034 2405 2165 2473 xvi).
2196 2405 2394 2460 Delicta
2435 2409 2576 2462 enim
2623 2419 2803 2464 nostra
2849 2427 2943 2466 sua
2985 2413 3147 2479 dicit,
3170 2414 3295 2484 quia
3327 2430 3390 2468 ea

1830 2493 2084 2560 suscepit,
2118 2510 2220 2548 non
2246 2497 2310 2548 ad
2343 2497 2666 2562 habendum,
2695 2501 2786 2553 sed
2818 2504 2884 2555 ad
2915 2502 3216 2556 delendum.

1901 2579 2061 2636 Vens.
2103 2584 2154 2638 8.
2185 2615 2254 2626 —
2285 2586 2532 2641 Nomium
2581 2589 2927 2658 propalatnm.
2972 2591 3176 2646 Caelum
3221 2592 3398 2650 adhuc

1831 2670 2200 2728 inaccessibile
2225 2686 2311 2730 est
2340 2678 2654 2733 mortalibus
2678 2682 2970 2735 secundum
2997 2683 3242 2753 corporis
3267 2699 3395 2738 con-

1830 2760 2110 2827 ditionem,
2137 2773 2262 2820 ante
2301 2780 2428 2820 vero
2475 2768 2638 2821 etiam
2689 2771 2981 2824 secundant
3030 2772 3255 2827 animas.
3287 2770 3397 2830 Sed

1828 2854 2094 2921 patienter
2133 2859 2492 2926 exspectanda
2545 2867 2629 2914 est
2680 2861 3006 2916 resurrectio
3033 2901 3048 2926 ,
3095 2863 3150 2916 iu
3196 2877 3301 2932 qua
3343 2870 3398 2919 et

1829 2947 2146 3015 corporibus
2171 2962 2264 3018 per
2293 2948 2564 3003 Christum
2593 2951 2798 3020 patebit
2825 2951 2878 3005 in
2900 2950 3094 3007 ctelum
3122 2965 3396 3008 accessus.

1831 3035 2142 3091 Sanctorum
2189 3039 2341 3094 viam.
2378 3041 2476 3094 Via
2524 3049 2835 3108 sanctorum
2879 3051 2962 3098 est
3007 3041 3272 3110 Christus,
3310 3045 3396 3099 vel

1831 3129 2123 3199 spiritualis
2171 3131 2515 3202 intelligentia
2559 3132 2690 3203 legis
2737 3148 2834 3203 per
2881 3149 3042 3204 quam
3091 3134 3398 3192 ascenditur

148 3228 269 3270 sum
318 3217 487 3270 extra.
522 3192 811 3279 terrentur,
842 3216 937 3270 sed
984 3192 1396 3286 intus'diliguut
1437 3192 1722 3288 justitiam.
1753 3192 1798 3254 α
1831 3192 1886 3271 in
1918 3218 2174 3272 interiora
2205 3192 2348 3274 coeli.

147 3302 347 3356 Danda
380 3305 531 3373 .teges
586 3319 604 3358 :
663 3306 798 3361 Ecce
849 3306 1267 3374 Testamentum.
1316 3307 1727 3380 Superseribam.

149 3395 325 3460 Quasi
357 3411 370 3448 :
404 3394 532 3462 Qua:
564 3396 762 3451 debent
798 3412 1077 3466 superesse
1115 3399 1302 3470 eisque
1329 3399 1624 3458 dominari.
1661 3400 1728 3454 Et

149 3501 247 3538 ere
278 3484 388 3552 illis,
410 3487 466 3539 in
496 3485 681 3541 Deum.
712 3487 771 3551 Id
797 3497 879 3544 est
900 3490 1086 3550 vivent
1105 3504 1171 3548 ex
1212 3505 1301 3546 me
1323 3500 1378 3546 et
1409 3491 1563 3555 mihi,
1593 3501 1645 3546 et
1675 3494 1727 3547 in

153 3577 342 3642 futuro
368 3593 456 3645 me
482 3580 771 3644 videbunt,
792 3581 936 3650 quod
967 3589 1054 3638 est
1089 3581 1369 3652 perfectio,
1399 3591 1460 3638 ut
1491 3582 1626 3638 alter
1650 3584 1728 3636 al-

153 3681 334 3724 terum
354 3687 461 3726 non
484 3671 708 3733 doceat..
723 3672 846 3730 Haec
864 3681 950 3730 est
977 3673 1228 3729 distantia
1259 3675 1468 3730 Veteris
1489 3683 1545 3730 et
1567 3674 1724 3740 Novi,

150 3761 302 3828 quod
326 3761 450 3830 illud
477 3765 529 3817 in
553 3763 751 3833 lapide,
771 3764 874 3825 hoc
893 3765 946 3820 in
972 3765 1163 3831 corde;
1190 3767 1264 3821 ibi
1288 3781 1516 3834 merces,
1546 3776 1722 3834 terra;

151 3851 251 3906 hic
284 3852 420 3906 visio
445 3852 562 3908 Dei.
581 3915 587 3921 ο

233 3941 394 3996 Vsus.
437 3943 517 3997 ll.
553 3974 622 3983 -—
652 3943 772 3997 Non
794 3944 1011 3998 docebit.
1041 3945 1194 4012 Quod
1221 3946 1424 4005 latebat
1447 3947 1724 4012 inlittera,

147 4042 212 4087 et
233 4032 477 4110 discebat
497 4034 720 4105 populus
741 4051 836 4105 per
861 4037 1176 4094 traditiones
1198 4039 1608 4110 magistrorum,
1625 4041 1724 4096 hoc

149 4122 392 4191 Spiritus
417 4124 708 4180 adveniens
737 4127 918 4182 docuit
943 4128 1239 4197 apostolos,
1266 4139 1320 4183 et
1342 4130 1444 4186 hoc
1468 4138 1551 4184 est
1575 4132 1722 4199 quod

149 4215 425 4285 Propheta
452 4217 612 4272 dicit;
652 4217 773 4273 Non
795 4219 993 4273 docebit
1020 4221 1367 4290 unusquisque
1396 4222 1730 4291 proximum,

146 4305 283 4376 quia
309 4322 482 4360 omnes
505 4307 663 4361 scient
691 4307 823 4376 (Jer.
850 4308 1032 4377 xxxi);
1059 4309 1200 4374 sicut
1224 4309 1282 4362 in
1310 4309 1598 4380 Evangelio
1639 4310 1729 4366 di?-

148 4396 306 4466 citur
341 4393 544 4472 :‘Tun‘c
593 4397 792 4468 aperuit
836 4398 1170 4464 eis..,se.nsum,
1216 4397 1367 4468 (Luc.
1416 4397 1587 4469 XXIV),
1615 4409 1720 4453 etc.

151 4488 439 4558 llajorem.
485 4488 713 4560 Majores
739 4490 973 4561 iutellige
1007 4493 1088 4546 vel
1120 4501 1361 4560 tempore
1391 4511 1404 4546 :
1430 4502 1489 4546 ut
1515 4493 1723 4561 priores

147 4581 252 4650 qui
289 4595 385 4636 nos
415 4582 741 4650 posteriores
769 4589 1215 4651 exspectaverunt
1255 4582 1306 4634 in
1333 4582 1554 4636 denario
1578 4583 1723 4637 acci-

148 4671 385 4742 piendo;
410 4671 490 4725 vel
517 4671 764 4736 scientia,
782 4671 865 4726 vel
885 4673 1080 4725 virtute
1102 4672 1394 4740 digniores,
1411 4673 1500 4742 qui
1523 4671 1726 4726 scilicet

148 4761 460 4835 intelligere
501 4762 784 4816 valuerunt
811 4762 990 4815 lumen
1032 4762 1404 4831 incorporeum
1447 4771 1608 4832 atque
1638 4763 1722 4816 in-

147 4855 582 4925 commutabile,
614 4862 870 4924 quantum
904 4854 956 4907 in
1006 4854 1106 4909 hac
1152 4855 1256 4908 vita
1303 4863 1478 4924 potest
1521 4873 1533 4908 :
1583 4855 1724 4925 quod

147 4947 404 5020 minores
429 4955 610 5016 tamen
626 4947 852 5017 credere
873 4954 1178 5016 potuerunt.
1208 4946 1339 5016 Cum
1369 4962 1496 5017 ergo
1517 4949 1727 5002 venerit

145 5038 306 5109 quod
344 5038 638 5108 perlectum
677 5045 790 5102 est,
838 5046 891 5092 et
933 5047 1246 5092 cvacuatum
1298 5037 1458 5092 fuerit
1491 5039 1631 5108 quod
1661 5054 1731 5096 ex

143 5141 318 5204 parte
343 5140 598 5196 est,tunc
636 5132 727 5200 qui
755 5140 1025 5200 assumpta
1055 5147 1218 5186 carne
1257 5133 1408 5186 carni
1456 5135 1726 5204 apparuit,

143 5222 410 5278 ostendet
454 5223 688 5292 seipsmn
762 5221 1108 5284 dilectoribus
1163 5223 1297 5278 suis.
1356 5223 1506 5277 Tunc
1541 5239 1734 5303 omnes

145 5311 338 5368 scient
365 5327 487 5380 eum
517 5328 546 5366 a
571 5313 774 5366 minore
804 5327 972 5381 usque
997 5313 1062 5364 ad
1096 5311 1350 5378 maiorem
1369 5353 1384 5377 ,
1411 5313 1538 5381 quia
1567 5313 1730 5368 etiam

144 5401 420 5456 minimus
451 5411 575 5456 tunc
604 5400 840 5470 perfecte
871 5402 1023 5460 sciet.
1055 5417 1176 5455 cum
1209 5417 1298 5472 per
1328 5416 1407 5468 se,
1437 5416 1596 5460 nona
1619 5417 1731 5458 ma-

132 5491 598 5562 joreinstructus
622 5491 742 5546 erit.

721 5626 1120 5696 'csrurtx.

509 5715 532 5742 ‘)

161 5805 198 5816 ..
228 5733 425 5836 ms."
446 5714 830 5811 i.:'illobuit.
863 5714 1145 5828 [lucusque
1168 5756 1520 5814 ditl'ercntiam
1551 5757 1736 5814 Testa-

1225 6010 1292 6027 Ν
1357 6023 1368 6031 .

1751 4539 1801 4599 D

1902 3306 2062 3363 Vens.
2093 3307 2147 3362 9.
2172 3337 2240 3347 —
2267 3307 2398 3370 Quae
2437 3309 2705 3378 parabola.
2746 3309 2899 3396 Quod
2945 3319 3124 3367 autem
3150 3313 3280 3386 tunc
3327 3314 3394 3369 de

1829 3396 2111 3451 sacriﬁciis
2156 3397 2592 3452 consummandis
2633 3398 2716 3454 vel
2764 3399 2818 3454 in
2860 3399 3035 3468 primo
3079 3399 3162 3455 vel
3207 3401 3262 3456 in
3311 3415 3410 3456 see

1829 3487 2002 3540 eundo
2043 3485 2387 3540 tabernaculo
2425 3487 2720 3542 secundum
2757 3487 3203 3558 signiﬁcationem
3251 3489 3394 3548 dicta

1825 3576 1948 3638 sint,
1975 3576 2167 3644 aperit,
2200 3575 2470 3643 subdens:
2500 3592 2618 3648 quia
2643 3577 2894 3647 parabole
2916 3588 3014 3644 est,
3041 3587 3143 3635 etc.

1900 3667 2060 3721 Vsus.
2095 3667 2180 3720 10.
2209 3697 2277 3708 --
2305 3666 2480 3739 Usque
2499 3667 2569 3721 ad
2604 3677 2802 3739 tempus
2836 3669 3199 3734 correctionis;
3230 3669 3283 3724 id
3313 3680 3402 3725 est

1827 3771 2004 3826 usque,
2041 3756 2108 3810 ad
2151 3766 2362 3828 tempus
2398 3758 2607 3828 gratim,
2639 3759 2830 3828 quoin
2868 3759 3060 3815 melius
3091 3760 3396 3832 corrigendi

1827 3858 1984 3903 erant
2013 3851 2167 3919 tiqui
2195 3852 2477 3920 hucusque
2498 3852 2600 3906 sub
2629 3852 2914 3924 paedagogo
2941 3861 3114 3917 erant,
3136 3867 3272 3922 quos
3309 3852 3394 3908 lex

1827 3955 1932 3994 non
1970 3948 2181 4006 poterat
2207 3941 2473 4008 perfectos
2501 3942 2700 4008 facere,
2724 3957 2830 3996 non
2863 3950 3040 3997 tamen
3067 3957 3133 3998 eo
3156 3950 3396 4013 tempore

1829 4028 1956 4097 debe
1966 4029 2062 4099 bat
2077 4044 2321 4100 cessare.

1898 4117 2062 4173 Vnus.
2095 4105 2178 4172 (1.
2203 4151 2269 4160 --
2299 4117 2406 4174 Per
2445 4121 2691 4191 amplius.
2733 4121 2979 4178 Christus
3025 4122 3268 4179 introivit
3308 4133 3394 4179 ta-

1828 4211 2198 4276 bernaculum,
2240 4213 2292 4266 id
2335 4222 2438 4277 est,
2475 4213 2691 4268 emtum.
2735 4213 2962 4270 Nomine
3009 4215 3185 4283 signi,
3219 4215 3276 4270 id
3306 4224 3392 4271 est

1829 4301 2195 4365 tabernaculi,
2239 4302 2484 4372 designat
2529 4303 2820 4372 Apostolus
2871 4304 3174 4375 signatum,
3217 4304 3272 4360 id
3305 4315 3392 4362 est

1826 4392 2043 4455 cadum,
2072 4392 2214 4462 quod
2239 4393 2376 4448 bene
2407 4391 2625 4457 dicitur,
2659 4410 2750 4462 per
2778 4393 3020 4463 amplius,
3049 4394 3172 4462 quia
3209 4393 3392 4463 plures

1826 4483 1970 4550 capit
2001 4498 2166 4552 quam
2217 4492 2486 4538 terrenum
2529 4483 2678 4550 illud,
2719 4493 2775 4538 et
2809 4483 3110 4553 perfectius,
3152 4485 3278 4554 quia
3317 4485 3393 4541 ibi

1827 4573 2064 4640 perfecta
2093 4573 2379 4627 beatitudo.

1898 4660 2062 4715 Vens.
2102 4662 2186 4714 12.
2225 4692 2293 4700 -—
2331 4660 2392 4713 In
2441 4673 2642 4716 sancta.
2685 4662 2912 4732 Exponit
2937 4659 3097 4732 'quod
3141 4665 3393 4720 dixerat:

1831 4751 2244 4808 Tuba-naculum
2281 4754 2806 4823 uou.manufactum,
2849 4766 3030 4809 sancta
3075 4766 3394 4824 sanctorum,

1827 4844 1879 4900 id
1905 4853 1988 4898 est
2015 4845 2273 4910 caelestia.

1902 4935 2066 4992 Vsus.
2106 4936 2190 4989 15.
2217 4967 2285 4976 -
2315 4937 2375 4991 Si
2405 4939 2540 4992 enim
2568 4938 2801 5007 sanguis.
2827 4936 2978 5004 Quod
3007 4953 3101 5004 per
3127 4935 3400 4994 Christum

1834 5027 2071 5096 potuerit
2099 5041 2221 5082 esse
2251 5029 2568 5098 redemptio,
2598 5043 2629 5082 a
2677 5027 2874 5082 minori
2916 5029 3126 5095 probat,
3152 5029 3277 5097 quia
3306 5043 3402 5098 per

1834 5117 1922 5172 illa
1971 5116 2158 5187 legalia
2207 5117 2370 5171 [iebat
2424 5117 2702 5174 inundatio
2740 5117 3051 5185 corporalis.
3095 5115 3399 5172 Hircorum.

1835 5207 2026 5276 Hircus
2049 5208 2323 5274 Christum
2353 5208 2642 5278 signiﬁcat,
2665 5222 2760 5277 per
2779 5207 3193 5263 similitudinem
3222 5209 3412 5264 carnis‘

1835 5298 2064 5366 peccati.
2084 5295 2290 5351 Taurus
2310 5297 2506 5360 dicitur
2527 5297 2941 5365 Christus..quia
2967 5298 3195 5351 duorum
3223 5297 3405 5353 Testa-

1836 5395 2137 5442 menlorum
2181 5386 2432 5440 cornibus
2483 5387 2702 5440 ventilat
2749 5387 3012 5442 inimicos.
3045 5389 3124 5442 Ad
3155 5390 3406 5450 emunda-

1836 5479 2025 5533 tionem
2063 5476 2254 5542 carnis,
2285 5477 2336 5530 id
2367 5486 2472 5540 est,
2511 5486 2566 5530 ut
2600 5493 2727 5542 caro
2757 5480 3041 5532 emundata
3064 5477 3150 5538 sit
3185 5486 3405 5546 propter

1840 5567 1969 5636 legis
1997 5575 2316 5636 prgcccptum
2343 5583 2356 5631 ;
2385 5568 2485 5634 sed,
2511 5568 2561 5621 iu
2593 5567 2808 5623 Christo
2833 5576 2918 5622 est
2948 5567 3226 5640 perfectio.

1915 5657 2070 5713 Vens.
2103 5657 2186 5711 14.
2215 5688 2282 5696 ——-
2304 5643 2499 5712 Obtulit
2525 5661 2872 5728 semetipsum.
2901 5659 3168 5722 Christus,
3199 5655 3405 5712 medius

1841 5757 1981 5812 inter
2007 5755 2173 5822 Deum
2202 5762 2250 5808 et
2279 5753 2543 5820 homines,
2569 5755 2719 5810 dator
2749 5763 2828 5812 est
2863 5754 2994 5808 Novi
3027 5752 3353 5808 Testamenti
3380 5776 3400 5817 ε
