3948 6314
529 395 637 452 659

1022 390 1414 448 WALAFRIDI
1449 392 1694 452 STRABI
1733 394 1940 452 FULD.
1979 395 2150 456 ΜοΝ..
2185 393 2339 454 OPP.
2377 399 2558 457 PARS
2593 401 2632 456 1.
2674 432 2742 443 -—-
2781 399 3236 460 THEOLOGICA.

3669 381 3781 458 ta.

531 507 686 578 quasi
713 505 953 576 pontifex
985 503 1144 573 nobis
1169 513 1254 560 est
1286 505 1443 559 dator
1467 503 1602 575 legis
1631 521 1805 562 novae.
1833 505 2101 565 [msu-
2129 510 2180 571 Α
2208 508 2318 566 imo
2349 508 2460 565 sola
2493 511 2788 566 voluntate.
2818 510 3018 568 Verum
3054 522 3115 568 ut
3145 515 3308 569 homo
3343 511 3516 568 semel
3535 521 3784 568 mortuus

532 598 722 653 latum.
749 596 896 652 Illius
921 595 1139 665 sanguis
1167 604 1249 650 est
1287 597 1678 653 immaculatus.

602 691 681 744 Aa
709 688 947 760 operibus
972 688 1224 754 mortuis;
1252 687 1302 742 id
1329 695 1412 743 est
1440 690 1696 758 peccatis,
1723 704 1842 758 qua
1865 690 1956 760 qui
1990 698 2108 746 tan-

535 780 614 851 git
652 777 984 847 inquinatur,
1027 777 1165 832 sicut
1209 779 1299 848 qui
1347 778 1600 848 tangebat
1650 789 1917 835 mortuum
1961 783 2107 836 coin-

535 867 898 938 quinabatur;
941 880 1042 922 nec
1083 866 1251 921 intrat
1296 867 1349 921 in
1391 869 1612 936 ctutum,
1644 869 1785 924 sicut
1807 885 1906 925 nec
1943 871 2107 926 illeiu

539 958 818 1029 templum.
857 957 1077 1012 Viventi.
1105 957 1304 1013 Christi
1339 967 1515 1013 tamen
1546 975 1692 1018 mors
1719 970 1837 1015 erat
1863 977 2116 1017 necessa-_

535 1051 618 1106 ria
655 1051 710 1104 in
749 1051 1117 1119 redemptione
1147 1065 1254 1104 non
1289 1050 1452 1106 modo
1477 1051 1773 1122 gentilium,
1803 1053 1895 1107 sed
1928 1064 1982 1108 et
2016 1069 2107 1108 ea-

535 1155 658 1196 rum
683 1140 1187 1210 praevaricationum
1216 1155 1350 1209 quas
1383 1141 1469 1196 l'ex
1501 1142 1834 1207 ostendebat,
1866 1159 1972 1198 non
1998 1142 2106 1199 sol-

536 1233 714 1286 vebat.
746 1231 977 1286 Tantum
1031 1231 1132 1286 fuit
1171 1242 1452 1302 peccatum
1497 1243 1762 1300 nostrum,
1814 1244 1873 1290 ut
1911 1237 2107 1290 salvari

539 1337 648 1376 non
680 1336 964 1393 possemus
997 1322 1101 1378 nisi
1137 1323 1457 1394 Unigenitus
1494 1325 1595 1380 Dei
1622 1339 1720 1394 pro
1753 1326 1909 1380 nobis
1935 1341 2109 1382 more-

539 1419 716 1478 retur,
741 1411 1076 1469 debitoribus
1105 1416 1321 1478 mortis;
1363 1415 1458 1470 sed
1505 1415 1583 1470 sic.
1627 1416 1753 1472 fecit
1787 1431 1884 1469 nos
1919 1417 2110 1487 dignos

536 1503 870 1560 Testamenti
910 1514 965 1560 et
1012 1505 1292 1575 promissae
1331 1507 1682 1572 haereditatis,
1711 1516 1766 1562 et
1813 1509 1891 1561 ita
1919 1508 2107 1563 Testa-

537 1605 778 1653 mentum
810 1595 1010 1652 factum
1039 1605 1124 1650 est
1151 1595 1384 1651 ﬁrmum.

510 1703 514 1708 '
610 1687 774 1742 Vens.
815 1685 902 1741 15.
927 1716 998 1726 -
1019 1685 1394 1744 Intereedente.
1431 1684 1577 1742 inter
1601 1685 1766 1742 Vetus
1789 1686 2106 1740 Testamen~

538 1785 654 1832 tum
675 1784 730 1831 et
753 1774 962 1832 Novum
992 1774 1068 1847 (in
1103 1775 1297 1845 quibus
1323 1792 1426 1831 non
1464 1777 1637 1832 solum
1667 1786 2000 1832 sacramenta
2029 1777 2109 1831 di-

539 1868 653 1924 visa
696 1875 850 1932 sunt,
908 1870 1002 1923 sed
1047 1877 1102 1922 et
1147 1868 1434 1938 promissa)
1484 1869 1757 1924 distinctio
1799 1877 1885 1922 est
1930 1867 2108 1938 passio
2141 1851 2183 1909 Β

540 1959 764 2025 Christi,
787 1959 842 2013 in
871 1959 1026 2029 cujus
1046 1968 1220 2015 morte
1245 1969 1457 2015 constat
1479 1968 1694 2014 terrena
1718 1973 1822 2012 non
1847 1957 2109 2027 promitti,

539 2051 636 2106 sed
675 2059 897 2106 aeterna.
941 2049 996 2104 ln
1046 2058 1219 2104 morte
1264 2050 1407 2105 enim
1453 2048 1721 2120 Unigeuiti
1772 2060 1992 2102 necesse
2029 2053 2113 2102 est

543 2153 735 2206 magna
764 2138 998 2206 sperari.

620 2229 781 2282 Vsus.
825 2229 910 2282 16.
944 2259 1010 2268 -
1043 2225 1140 2281 Ubi
1185 2228 1342 2281 enim.
1387 2227 1632 2283 Christus
1663 2234 1751 2283 est
1793 2227 1950 2282 dator
1977 2225 2111 2282 Novi

543 2318 899 2383 Testamenti,
935 2325 1107 2372 morte
1139 2318 1520 2383 intercedente,
1546 2333 1691 2372 nunc
1718 2331 1849 2372 vero
1883 2317 1938 2371 in
1979 2332 2113 2373 con-

546 2408 900 2466 ﬁrmationem
934 2407 1289 2474 Testamenti,
1329 2417 1541 2478 poterat
1578 2409 1826 2466 Christus
1866 2411 2005 2466 mosi
2055 2417 2116 2464 ut

545 2501 742 2570 probat
764 2499 1152 2555 consuetudine
1179 2500 1428 2555 humanae
1457 2499 1607 2571 legis.

547 2639 550 2642 .
615 2588 780 2644 Vsus.
809 2587 1161 2645 i9.—Lana.
1189 2590 1438 2646 Charitas
1460 2589 1658 2645 Christi
1685 2598 1770 2645 est
1790 2589 1946 2646 nobis
1967 2590 2113 2656 lana,

545 2680 613 2735 de
639 2694 744 2750 qua
770 2687 975 2734 vestem
1006 2677 1284 2737 faciamus.

619 2769 782 2825 Vsus.
808 2769 899 2827 22.
925 2799 993 2808 —
1019 2769 1085 2822 Et
1112 2771 1224 2823 sine
1258 2769 1528 2838 sanguinis
1551 2770 1826 2839 effusione,
1849 2779 1956 2826 etc.
1991 2769 2116 2826 Haec

547 2859 930 2916 determinatio
956 2859 1074 2913 ideo
1097 2859 1402 2929 apponitur,
1429 2859 1554 2928 quia
1577 2875 1676 2929 per
1708 2874 1902 2928 aquam
1931 2873 2116 2929 asper-

547 2949 718 3006 sionis
749 2965 870 3020 qua:
908 2948 1069 3003 ﬁebat
1097 2947 1161 3004 de
1205 2948 1386 3002 cinere
1426 2948 1604 3003 vitulus
1651 2946 1803 3011 rufae,
1831 2947 1993 3004 ﬁebat
2030 2963 2115 3004 re-

549 3041 739 3099 missio
771 3051 1113 3111 peccatorum
1151 3039 1459 3108 aliquando,
1484 3039 1700 3109 quando
1741 3055 1847 3099 non
1877 3038 2115 3095 effunde-

2209 603 2531 658 neeessitale
2565 611 2618 657 et
2647 601 2769 671 iure
2797 612 3005 658 tiamne
3028 603 3257 673 amplius
3288 619 3394 659 non
3416 603 3674 666 moritur,
3707 602 3783 657 sic

2207 698 2262 744 et
2284 691 2530 746 Christus
2549 692 2736 746 eodem
2765 690 2883 759 iure
2906 693 3071 746 semel
3097 693 3314 746 oblatus
3333 709 3437 748 non
3467 697 3650 762 potest
3676 705 3784 746 am-

2206 782 2347 852 plius
2377 785 2532 838 mori.
2563 783 2689 837 Post
2717 785 2815 838 hoc
2839 795 3033 838 autem.
3063 783 3193 839 Post
3227 783 3393 839 semel
3422 783 3592 848 mori,
3621 791 3786 838 restat

2202 872 2478 942 judicium,
2516 875 2569 930 in
2609 889 2718 944 quo
2762 888 2949 931 omnes
2990 875 3262 943 accipiant
3305 875 3612 929 secundum
3652 874 3785 942 quod

2207 972 2550 1026 meruerunt;
2593 979 2697 1018 non
2738 972 2905 1018 restat
2942 971 3122 1018 autem
3153 973 3213 1019 ut
3239 963 3433 1018 iterum
3467 970 3717 1034 surgant,
3739 972 3789 1018 et

2206 1049 2384 1106 denuo
2411 1053 2731 1106 moriantur.

2279 1141 2443 1195 Vsus.
2469 1141 2558 1195 28.
2591 1172 2664 1182 —
2688 1140 2815 1197 Siue
2840 1152 3050 1211 peccato
3075 1140 3360 1212 apparebit.
3389 1139 3471 1196 Ita
3495 1141 3650 1212 quod
3671 1152 3792 1197 tunc

2207 1248 2314 1286 non
2345 1233 2448 1286 erit
2491 1233 2663 1287 hostia
2695 1248 2793 1302 pro
2820 1233 3065 1302 peccato,
3096 1233 3188 1288 sed
3211 1231 3422 1301 justitia
3451 1232 3508 1286 in
3535 1247 3790 1286 remune-

2210 1325 2400 1387 rando,
2425 1323 2509 1378 vel
2543 1323 2869 1378 damnando.
2907 1323 3059 1390 Quod
3087 1324 3134 1378 si
3161 1338 3260 1378 nec
3287 1323 3340 1376 in
3369 1322 3458 1377 die
3493 1322 3593 1377 ira:
3621 1323 3792 1378 beatis

2207 1414 2330 1476 erit,
2356 1413 2523 1469 multo
2561 1414 2748 1469 minus.
2774 1415 2826 1468 in
2863 1414 2983 1469 aliis
3008 1415 3355 1484 temporibus.
3387 1413 3487 1470 Vel
3522 1414 3646 1468 sine
3676 1431 3791 1484 pee-

2208 1511 2354 1564 cato,
2390 1503 2441 1556 id
2480 1512 2564 1557 est
2607 1503 2955 1558 similitudine
2984 1502 3166 1558 carnis
3196 1502 3432 1572 peccati,
3473 1503 3571 1558 sed
3613 1503 3794 1574 potius

2209 1594 2263 1649 in
2291 1607 2453 1647 carne
2481 1592 2735 1663 gloriosa.

2830 1682 3057 1739 CAPUT
3096 1682 3164 1736 X.

2283 1772 2449 1828 Vsus.
2482 1772 2905 1828 l.—-—Umbrant
2944 1774 3102 1828 enim.
3144 1773 3398 1830 Probavit
3443 1775 3594 1845 quod
3638 1775 3798 1832 Chri-

2212 1875 2328 1924 stus
2364 1866 2526 1922 fuerit
2568 1864 2735 1922 semel
2773 1875 3063 1931 mortuus;
3097 1867 3190 1919 sed
3229 1865 3441 1934 quare?
3467 1865 3554 1921 vel
3581 1867 3796 1923 semel!

2210 1958 2348 2026 Quia
2391 1958 2476 2012 lex
2519 1971 2627 2011 non
2678 1964 2888 2026 poterat
2918 1955 3187 2026 perfectos
3230 1955 3428 2020 facere,
3459 1958 3581 2013 ideo
3629 1974 3797 2028 agnus

2211 2050 2329 2104 sine
2357 2047 2568 2102 macula
2621 2055 2742 2101 erat
2777 2045 3104 2104 oﬁ‘ereudus.
3145 2044 3266 2100 Non
3293 2048 3460 2116 ipsam
3487 2047 3792 2117 imaginem.

2210 2139 2266 2194 id
2299 2147 2381 2194 est
2405 2139 2713 2202 veritatem,
2739 2146 2797 2190 ut
2833 2137 2886 2190 in
2932 2137 3143 2208 pictura
3174 2151 3454 2206 usquequo
3483 2146 3658 2207 ponat
3681 2139 3802 2206 quis

2212 2229 2459 2294 colores,
2477 2227 2724 2298 quaedam
2769 2235 2855 2282 est
2885 2227 3195 2282 substratio.
3225 2225 3322 2281 Vel
3367 2227 3676 2284 substratio
3720 2240 3796 2286 est

2212 2323 2402 2378 umbra
2432 2322 2696 2392 quadam,
2721 2329 2776 2376 et
2796 2335 2901 2376 non
2926 2320 3135 2392 imago;
3158 2335 3280 2374 cum
3301 2335 3434 2375 vero
3453 2319 3624 2375 ﬂores
3655 2321 3796 2391 ipsos

2213 2412 2335 2481 quis
2367 2411 2608 2467 colorum
2644 2409 2955 2474 intinxerit,
2981 2417 3112 2462 tunc
3139 2409 3318 2478 imago
3349 2405 3605 2462 eﬁicitur.
3639 2409 3795 2463 Arce.

2213 2507 2412 2558 dentes.
2444 2501 2594 2556 Licet
2618 2499 2906 2571 pontiﬁces
2929 2514 3026 2570 per
3053 2498 3290 2568 singulos
3318 2512 3492 2552 annos
3525 2497 3577 2552 in
3606 2508 3792 2553 sancta

2213 2603 2523 2648 sanctorum
2567 2607 2690 2645 cum
2737 2590 2938 2644 eisdem
2984 2589 3176 2644 hostiis
3224 2588 3600 2644 indesinenter
3641 2589 3794 2643 oﬁ’er—

2214 2692 2376 2748 rent,
2395 2697 2667 2756 nunquam
2699 2691 2878 2739 tamen
2903 2680 3016 2736 suis
3041 2679 3234 2734 hostiis
3267 2686 3561 2748 potuerunt
3580 2679 3796 2749 perﬁci.

2285 2771 2449 2826 Vens.
2480 2771 2534 2826 2.
2557 2802 2627 2811 —
2647 2769 2884 2825 Cultores
2911 2769 3090 2835 semel,
3109 2778 3211 2825 etc.
3237 2769 3353 2825 Una
3384 2769 3564 2826 hostia
3587 2768 3794 2823 Christi

2213 2866 2482 2940 perfectos
2523 2865 2682 2931 facit;
2725 2873 2781 2920 et
2819 2865 2872 2920 si
2911 2863 3075 2920 millia
3118 2871 3343 2935 peccant
3391 2878 3502 2919 non
3555 2862 3797 2933 indigeat

2216 2960 2341 3026 aia,
2371 2959 2496 3033 quia
2526 2955 2720 3012 suﬁicit
2747 2956 2814 3011 ad
2842 2955 3046 3018 omnia,
3079 2964 3134 3010 et
3160 2967 3379 3008 omnem
3403 2952 3796 3007 conscientiam

2215 3065 2247 3104 a
2271 3048 2506 3120 peccatis
2544 3047 2717 3112 lavat;
2753 3046 2895 3116 quod
2933 3058 3040 3099 non
3065 3053 3238 3108 vetus,
3267 3043 3314 3098 si
3343 3042 3490 3097 enim
3523 3041 3629 3096 hoc
3650 3040 3792 3095 face-

541 3133 706 3190 batur
727 3131 964 3202 sanguis,
989 3132 1080 3186 sed
1105 3140 1282 3185 tamen
1306 3129 1514 3186 effusus
1531 3140 1652 3187 erat
1670 3131 1723 3186 in
1747 3130 2120 3188 immolatione
2151 3200 2185 3209 Α
2216 3149 2322 3205 τοι,
2352 3153 2462 3194 non
2485 3145 2642 3194 esset
2677 3153 2812 3209 opus
2841 3137 3050 3193 iterari.
3073 3135 3226 3195 Sicut
3253 3134 3714 3190 medicamentum
3750 3132 3794 3188 si

542 3223 742 3280 vitulaa.
772 3200 850 3278 hl—
873 3222 982 3278 illis
1021 3215 1200 3277 autem
1243 3222 1529 3278 sacriﬁciis
1578 3223 1823 3292 quamvis
1850 3223 2022 3292 magis
2049 3238 2114 3278 ea
2143 3200 2188 3262 (δ
2223 3200 2386 3286 fuerit
2412 3228 2574 3295 forte,
2597 3237 2653 3284 et
2675 3200 2868 3284 salutis
2894 3226 3108 3293 eﬁicax,
3129 3234 3184 3283 et
3207 3225 3396 3282 valens
3421 3231 3681 3280 cunctam
3709 3238 3792 3276 ra-

542 3328 798 3386 perverso
821 3312 1020 3385 populo
1043 3313 1243 3368 fuerint
1267 3321 1627 3384 congruenter
1654 3313 1926 3384 imposita.
1951 3327 2112 3382 quam

543 3406 658 3462 Deo
688 3403 1013 3464 desideranti
1045 3403 1248 3467 oblata,
1289 3401 1456 3472 ﬁgura
1493 3412 1673 3459 tamen
1709 3403 1958 3458 veritatis
2000 3401 2118 3458 fue-

546 3503 674 3550 runt
716 3509 842 3564 quze-
861 3492 1111 3548 Christus
1134 3502 1236 3556 est,
1263 3494 1416 3562 cujus
1458 3493 1720 3564 sanguine
1760 3493 2020 3563 redempti
2063 3503 2118 3550 et

544 3585 788 3641 mundati
818 3598 1025 3647 sumus,
1052 3585 1184 3653 quia
1206 3596 1388 3640 nostra
1431 3582 1743 3639 emundatio
1766 3594 1823 3641 et
1858 3583 1954 3639 Bei
1991 3598 2118 3655 pro»-

544 3673 762 3743 pitiatio
780 3672 946 3728 nobis
961 3672 1076 3728 sine
1100 3673 1357 3741 sanguine
1386 3671 1529 3726 nulla
1558 3679 1660 3727 est.

579 3830 593 3839 .
622 3781 780 3836 Vens.
806 3781 898 3835 23.
921 3811 994 3823 -—
1017 3780 1142 3850 Ipsa
1167 3792 1350 3834 autem
1369 3781 1613 3836 caelestia.
1639 3781 1909 3849 Christus,
1936 3784 2029 3854 Qui
2061 3783 2116 3839 in

544 3873 870 3946 quibusdam
913 3874 1248 3945 signiﬁcatus
1283 3883 1388 3938 est,
1422 3889 1527 3929 non
1574 3875 1808 3946 indiguit
1847 3877 2118 3941 mandari,

545 3963 639 4020 sed
665 3978 851 4028 omnes
877 3964 960 4020 sui
991 3964 1263 4034 indigent;
1300 3971 1535 4018 attamen
1571 3959 1722 4035 signa
1767 3962 1881 4032 ejus
1915 3979 2036 4035 quze
2062 3966 2123 4019 in

543 4054 893 4115 tabernaculi.
935 4071 1096 4115 usum
1143 4054 1558 4116 ministrationis
1613 4056 1962 4152 pnustahaot.
1995 4069 2119 4116 san-

547 4151 707 4222 guine
735 4155 992 4207 mundata
1021 4166 1164 4208 sunt.

621 4243 782 4300 Vsus.
814 4241 906 4297 25.
927 4271 1000 4282 —
1023 4241 1205 4314 Neque
1242 4252 1304 4298 ιιι·
1337 4260 1495 4314 ηενρ,
1523 4250 1629 4297 etc.
1663 4240 1950 4307 Probavit,
1975 4241 2116 4312 quod

545 4335 791 4392 Christus
811 4349 908 4404 per
921 4334 1152 4390 hostiam
1177 4349 1328 4389 suam
1355 4333 1596 4388 cmlestia
1617 4332 1929 4398 mundavit;
1962 4333 2120 4388 modo

543 4427 740 4498 prohat
786 4426 928 4494 quod
974 4424 1287 4480 melioribus
1331 4423 1548 4490 hostiis,
1585 4423 1638 4478 id
1676 4432 1779 4487 est,
1821 4422 1964 4493 quod
2004 4421 2121 4491 ejus

543 4516 723 4572 hostia
750 4513 855 4570 fuit
888 4514 1103 4586 dignior
1123 4513 1473 4569 et'eﬁicacior
1507 4513 1757 4568 omnibus
1791 4512 1910 4571 aliis
1944 4530 1958 4567 :
1996 4513 2119 4582 quia

542 4605 649 4661 illae
689 4620 832 4675 stupe
875 4605 1084 4660 iteratae
1124 4604 1241 4659 sine
1281 4604 1761 4671 consummatione,
1800 4603 1914 4658 hare
1952 4601 2123 4662 semel

545 4696 728 4754 oblata
755 4697 821 4752 ad
849 4697 1082 4766 patriam
1118 4696 1346 4754 reducit.

611 4785 780 4842 Vnus.
803 4785 899 4842 26.
919 4817 988 4828 —
1010 4785 1281 4856 Alioquin,
1303 4794 1408 4842 etc.
1441 4785 1506 4841 Si-
1539 4785 1706 4842 semel
1757 4786 1969 4841 oblatus
2009 4799 2122 4844 non

543 4875 818 4932 suﬁiceret
839 4876 1080 4931 omnium
1107 4877 1163 4931 in
1201 4891 1260 4932 se
1293 4876 1625 4934 credentium
1666 4883 1886 4946 peccata
1914 4876 2120 4930 exhau-

545 4965 679 5030 rire,
702 4966 1030 5036 oportuisset
1049 4981 1174 5022 eum
1197 4967 1324 5039 pati
1347 4968 1546 5037 sapius.
1567 4967 1634 5023 ah
1657 4967 1864 5038 origine
1891 4967 2072 5021 mundi
2096 4984 2112 5032 ;

547 5067 718 5124 quau,
739 5069 814 5113 ne
831 5054 1002 5119 ﬁeret,
1028 5057 1194 5112 semel
1224 5073 1417 5128 passus
1454 5066 1537 5112 est
1576 5057 1631 5111 in
1656 5058 2119 5114 consummatione

551 5144 891 5204 mentorum.
920 5145 988 5200 In
1009 5149 1474 5203 consummatione.
1496 5146 1554 5203 ld
1579 5156 1682 5213 est,
1705 5148 1757 5202 in
1785 5147 1971 5202 ultima
1995 5157 2121 5203 teta-

547 5246 602 5292 te
649 5237 704 5292 in
740 5252 846 5307 qua
874 5247 1001 5294 sunt
1043 5241 1226 5296 omnia
1272 5238 1563 5310 adimpleta
1601 5253 1720 5309 quae
1757 5247 1889 5298 ante
1921 5239 2120 5309 imper~

548 5323 707 5390 fecta,
738 5335 793 5382 et
812 5326 932 5384 ideo
962 5344 1074 5384 non
1098 5343 1234 5400 opus
1261 5327 1380 5394 fuit,
1411 5335 1469 5382 ut
1498 5327 1758 5397 inciperet
1783 5328 1894 5398 pati
1919 5330 1986 5383 ab
2010 5329 2119 5383 ori-

545 5415 672 5487 gine
710 5419 916 5475 mundi.
1181 5443 1208 5464 ι·

618 5505 782 5563 Vsns.
810 5509 900 5562 ετ.
928 5540 996 5551 -
1025 5509 1090 5563 Et
1128 5509 1585 5579 quemadmodum.
1614 5506 1722 5564 Lex
1766 5508 2029 5564 naturalis
2069 5508 2120 5562 id

545 5596 808 5662 ostendit,
837 5597 978 5666 quod
1014 5611 1110 5667 per
1148 5597 1532 5654 inconveniens
1566 5598 1847 5666 probatum
1885 5606 1987 5652 est.
2020 5596 2118 5653 Se-

548 5685 650 5739 mel
677 5689 830 5742 mori.
863 5686 976 5743 Non
1000 5697 1084 5744 est
1112 5689 1514 5761 intelligendum
1539 5692 1680 5761 quod
1709 5689 1886 5759 aliqua
1913 5689 2120 5759 peccati

550 5780 654 5844 sui,
687 5780 1006 5836 necessitate
1045 5781 1292 5839 Christus
1341 5785 1552 5840 oblatus
1595 5783 1684 5849 sit,
1725 5782 1887 5838 etiam
1934 5782 2117 5849 semel,

2219 3324 2517 3380 letudinem
2535 3323 2810 3394 repellere,
2839 3322 3005 3378 semel
3031 3320 3360 3392 impositum,
3400 3326 3578 3374 totum
3608 3331 3793 3387 opera-

2218 3425 2338 3484 tur;
2369 3416 2417 3472 si
2443 3429 2571 3470 vero
2597 3431 2810 3486 semper
2829 3415 3143 3485 imponitur,
3168 3411 3513 3468 manifestum
3537 3411 3794 3466 indiciam

2219 3514 2302 3562 est
2329 3520 2436 3562 non
2467 3504 2760 3560 contulisse
2793 3506 3057 3570 salutem;
3090 3505 3316 3574 ideoque
3343 3503 3470 3573 quia
3494 3503 3607 3558 illis
3631 3501 3793 3558 sacri-

2220 3599 2360 3655 ﬁciis
2385 3613 2546 3654 nemo
2575 3598 2890 3663 curabatur,
2917 3597 3228 3666 Frequenter
3250 3595 3643 3652 offerebantur.

2289 3689 2453 3746 Vsus.
2480 3690 2534 3744 5.
2563 3719 2632 3730 —-
2658 3687 3094 3744 Commemoratio
3113 3727 3132 3752 ,
3164 3701 3268 3742 non
3313 3686 3614 3750 absolutio;
3653 3684 3794 3739 inﬁr-

2221 3781 2426 3838 mitatis
2450 3780 2724 3835 accusatio
2741 3819 2756 3845 ,
2786 3794 2892 3833 non
2918 3778 3135 3848 virtutis
3157 3777 3430 3842 ostensio;
3471 3784 3702 3847 propter
3727 3776 3798 3828 in-

2223 3872 2532 3927 ﬁrmitatem
2564 3885 2694 3940 ergo
2721 3869 3128 3932 ostendendam,
3154 3876 3208 3922 et
3230 3875 3289 3922 ut
3316 3869 3580 3921 memoria
3609 3881 3795 3935 pecca-

2224 3973 2400 4020 torum
2435 3962 2608 4025 ﬁeret,
2635 3958 2917 4031 imperavit
2953 3959 3095 4014 Deus
3122 3958 3208 4012 illa
3241 3973 3454 4028 semper
3485 3957 3696 4012 oﬁ'erri.

2292 4058 2454 4116 Vsus.
2479 4055 2532 4116 ἓ.
2558 4086 2626 4100 --
2648 4053 2900 4113 Noluisti.
2931 4052 2974 4111 A
3013 4063 3254 4127 tempore
3282 4052 3578 4126 passionis,
3611 4052 3666 4110 in
3698 4065 3800 4125 quo

2220 4163 2306 4210 est
2333 4151 2728 4208 consummatio
2763 4152 3002 4204 omnium
3043 4148 3358 4211 hostiarum,
3387 4159 3679 4218 coeperunt
3720 4148 3799 4202 illa

2219 4245 2522 4316 displicere.
2577 4243 2860 4314 Nunquam
2904 4258 2966 4296 ea
3013 4251 3138 4296 ante
3185 4241 3492 4305 destruxit,
3537 4242 3635 4296 sed
3703 4241 3805 4295 illis

2221 4337 2466 4391 subditus
2496 4334 2616 4398 fuit,
2645 4335 2770 4390 dum
2807 4333 2861 4388 in
2901 4331 3098 4403 templo
3125 4346 3249 4386 eum
3286 4331 3480 4385 hostiis
3507 4343 3805 4401 prasenta-

2223 4439 2311 4483 tus
2364 4427 2484 4482 fuit.
2531 4426 2733 4496 Corpus
2781 4437 2954 4478 autem
3005 4426 3194 4495 aptasti
3241 4424 3386 4478 mihi.
3437 4422 3637 4478 Ahlata
3682 4433 3807 4479 sunt

2227 4521 2402 4590 signa,
2433 4518 2558 4588 quia
2595 4516 2833 4572 exhibita
2861 4523 2944 4570 est
2972 4515 3192 4579 veritas,
3229 4523 3356 4569 tunc
3377 4522 3601 4585 tempus
3621 4515 3728 4569 fuit
3752 4525 3808 4569 ιιι

2225 4611 2312 4669 illa
2353 4610 2708 4671 auferrentur,
2746 4616 2801 4663 et
2837 4608 3035 4662 veritas
3061 4607 3290 4662 veniret.
3325 4605 3438 4662 Nec
3485 4624 3734 4680 unquam
3759 4607 3809 4661 in

2221 4702 2478 4758 odoribus
2507 4699 2612 4754 illis
2641 4698 2938 4754 delectatus
2965 4707 3050 4752 est
3071 4697 3347 4762 Dominus,
3377 4697 3484 4754 nisi
3518 4699 3579 4753 in
3605 4699 3733 4763 ﬁde,
3759 4709 3811 4752 et

2221 4791 2487 4848 desiderio
2507 4788 2802 4846 oﬁ‘erentis.
2825 4787 3084 4858 Prtecepit
3112 4795 3286 4842 tamen
3319 4788 3436 4842 haec
3468 4788 3574 4843 sibi
3602 4788 3810 4848 oﬁ‘em'.

2222 4887 2403 4958 potius
2421 4901 2581 4956 quam
2605 4882 2928 4940 oﬁ'errentur
2953 4881 3140 4947 idolis;
3169 4881 3536 4954 imposuitque
3563 4883 3620 4937 in
3643 4883 3813 4937 servi-

2224 4985 2419 5042 tutem,
2464 4989 2570 5030 non
2612 4974 2664 5028 in
2705 4971 3172 5042 justiﬁeationem,
3209 4978 3265 5026 et
3306 4978 3364 5025 ut
3409 4969 3592 5040 ﬁgura
3633 4979 3814 5026 essent

2219 5065 2406 5122 futuri.

2291 5155 2458 5212 Vens.
2481 5155 2536 5211 6.
2565 5186 2636 5197 —
2664 5153 2786 5209 Non
2816 5153 3142 5225 placuerunt.
3167 5153 3226 5213 In
3254 5152 3444 5222 ﬁguris
3470 5151 3583 5208 illis
3611 5153 3813 5209 veritas

2219 5245 2702 5318 praenuntiabatur.
2734 5243 3020 5300 Celebrant
3048 5244 3270 5314 ﬁguras,
3297 5244 3484 5314 ﬁgura:
3514 5257 3636 5299 rem
3661 5243 3810 5299 multi

2221 5336 2469 5391 scientes.
2494 5335 2590 5390 sed
2621 5333 2801 5390 nlures
2844 5335 3157 5406 ignorantes
3203 5349 3321 5403 qua:
3364 5347 3589 5390 cessare
3619 5333 3808 5388 debeat

2223 5440 2282 5481 re
2309 5425 2572 5481 exhibita.

2293 5513 2456 5569 Vsus.
2487 5512 2538 5571 Ἰ.
2567 5545 2638 5554 -
2663 5513 2826 5568 Tunc.
2866 5514 3091 5584 Quando
3120 5514 3228 5570 vidi
3271 5514 3456 5569 omnia
3491 5514 3584 5570 illa
3627 5515 3808 5586 displi-

2224 5619 2367 5670 cere,
2393 5612 2448 5657 et
2471 5617 2668 5673 corpus
2697 5603 2944 5657 idoneum
2977 5603 3044 5658 ad
3088 5603 3191 5658 hoc
3231 5603 3360 5657 mihi
3389 5604 3603 5658 datum.
3637 5604 3763 5658 Diri
3791 5616 3807 5651 :

2225 5687 2360 5748 Ecce
2381 5693 2549 5756 uenio,
2576 5692 2642 5746 ad
2668 5707 2753 5746 me
2773 5692 3122 5757 oﬁ'ereudum,
3137 5702 3196 5746 ut
3211 5692 3402 5747 faciam
3428 5702 3486 5748 et
3506 5694 3808 5765 compleam

2226 5785 2552 5841 voluntatem
2587 5792 2752 5850 tuam,
2775 5785 2900 5854 quia
2933 5794 2987 5840 tu
3017 5801 3074 5842 es
3108 5800 3257 5841 meus
3287 5785 3451 5843 Deus.
3485 5784 3616 5842 ideo
3654 5784 3811 5844 venio
