3948 6314
221 367 332 432 μοθι

1111 365 1380 430 CLOSSA
1415 365 1806 426 ORDINARIA.
1840 363 2160 426 —-.EPlS’l‘.
2199 363 2292 420 AD
2328 362 2529 420 HEBB.

335 476 659 551 implendam
689 487 836 536 tuam
859 476 1188 537 voluntatem
1217 490 1386 549 tuam,
1405 483 1534 552 quia
1563 482 1636 536 ita
1664 479 1799 538 scri-
1823 479 1872 541 Α
1898 478 2199 548 promissis,
2239 478 2313 536 ita
2340 493 2444 536 uos
2468 478 2570 535 sibi
2606 478 2788 534 ﬁdeles
2811 478 2926 534 vult
2948 492 3068 535 esse
3102 479 3158 535 in
3181 482 3464 553 promissis

232 579 387 642 ptum
412 580 516 639 est,
533 581 590 626 et
609 573 1004 643 praeﬁguratum
1023 575 1092 628 de
1112 588 1200 629 me
1222 574 1275 628 in
1297 574 1522 630 consilio
1551 571 1794 635 Deitatis,

1899 569 2117 624 nostris.
2133 569 2318 624 Fidem
2335 585 2463 640 ergo
2486 579 2540 625 et
2560 570 3271 658 confessionemhabeamus
3292 577 3464 646 quan-

231 677 356 733 quae
395 672 479 718 est
503 671 663 734 caput
691 663 817 728 mei,
847 663 941 734 qui
978 678 1099 728 sum
1142 662 1276 720 liber
1319 661 1539 718 humani
1585 662 1799 730 generis
1899 668 2011 715 tum
2042 662 2110 716 ad
2137 675 2255 717 nos.

232 753 529 807 mundum
555 753 698 823 quod
725 755 908 819 homo,
941 755 993 808 in
1017 770 1124 824 quo
1149 754 1329 824 legant
1355 754 1598 810 homines
1617 754 1798 810 omnia

233 841 336 898 sibi
365 844 694 908 necessaria,
725 854 782 900 et
801 845 922 899 ideo
950 861 1055 901 non
1082 853 1170 902 est
1191 860 1325 916 opus
1347 844 1482 916 lege.

223 917 228 922 ’
306 930 468 986 Vens.
499 931 644 986 8.—
668 932 918 1002 Superius
955 934 1153 992 dicens.
1195 932 1358 1000 Quasi
1405 932 1797 998 diceret:_Non

233 1015 408 1077 scium
446 1031 596 1076 notat
619 1022 735 1078 tunc
776 1025 1304 1086 auctoritasveteres
1333 1023 1536 1081 hostias
1571 1039 1677 1081 non
1715 1023 1795 1085 fe,-

231 1113 374 1172 cisse
397 1113 686 1184 perfectos,
719 1115 812 1172 sed
860 1116 1031 1170 solam
1072 1116 1322 1178 hostiam,
1343 1115 1581 1182 Christi;
1610 1131 1797 1174 verum

233 1203 400 1260 etiam
441 1201 763 1262 ablationem
809 1205 1017 1262 Veteris
1053 1205 1407 1273 'BeStamenti,
1445 1216 1503 1262 et
1539 1208 1799 1268 constitu-

235 1293 438 1350 tionem
468 1292 634 1360 Novi,
667 1295 715 1349 si
743 1295 1024 1366 diligenter
1053 1304 1306 1352 notentur
1329 1297 1680 1376 verha;§quia
1710 1315 1799 1358 su-

229 1383 414 1454 perius
454 1384 664 1449 dicens,
694 1383 788 1438 illa
832 1386 1067 1451 noluisti,
1093 1386 1241 1442 addit
1267 1404 1283 1442 :
1306 1386 1460 1448 Tunc,
1503 1388 1636 1444 dixi.
1661 1389 1798 1445 Ecce

235 1471 380 1529 enim
421 1471 599 1528 aufert
635 1474 869 1544 primum
910 1476 1235 1533 sacriﬁcium
1274 1486 1328 1533 et
1373 1492 1496 1532 cum
1536 1492 1602 1533 eo
1632 1479 1798 1535 Vetus

231 1562 660 1632 Testamentum,
686 1574 742 1622 et
787 1568 975 1622 statuit
1014 1576 1074 1623 ut
1111 1569 1302 1624 stabile
1344 1585 1542 1632 novum
1587 1571 1795 1634 sacriﬁ-

229 1657 376 1713 cium
411 1666 483 1713 et-
502 1673 625 1714 cum
647 1674 712 1715 eo
737 1659 945 1724 Novum
971 1661 1394 1718 Testamentum.

221 1807 226 1812 ,
303 1744 465 1804 Vens.
515 1747 600 1803 10.
625 1779 708 1810 ,η-
732 1748 1208 1818 Βαηοιὶῇεαιίηθῑο,
1249 1751 1413 1808 Facta
1453 1761 1795 1823 peccatorum

229 1839 568 1909 purgatione,
583 1841 922 1907 reconciliati
952 1857 1140 1898 sumus
1165 1843 1295 1899 Deo.

300 1927 468 1986 Vzns.
496 1931 580 1986 11.
601 1960 676 1996 _-—
699 1931 769 1986 Et
797 1932 984 2000 omnis,
1008 1941 1112 1990 etc.
1138 1933 1217 1995 Ne
1255 1934 1530 1993 videretur
1573 1936 1792 2006 sanguis

227 2038 328 2100 per
351 2025 634 2096 pontiﬁces
653 2026 820 2082 semel
845 2026 902 2081 in
925 2041 1066 2091 anno
1092 2026 1304 2082 oblatus
1323 2027 1502 2083 minus
1526 2026 1814 2097 profuisse.

228 2121 286 2168 et
312 2113 574 2172 sacriﬁcia
603 2115 838 2184 quotidie
881 2131 979 2186 per
1020 2117 1329 2172 sacerdotes
1355 2115 1495 2172 facta
1526 2116 1794 2187 perfectos

221 2201 429 2286 facere,
453 2205 568 2262 hoc,
584 2204 751 2273 addit,
774 2207 934 2276 quasi
952 2207 1133 2264 dicat:
1159 2207 1404 2264 Pontifex
1433 2225 1530 2280 per
1555 2209 1793 2280 singulos

235 2311 408 2360 annos
457 2297 710 2364 offerens,
741 2316 844 2356 non
880 2303 1124 2372 pervenit
1150 2303 1216 2358 ad
1258 2304 1791 2370 consummationem,

232 2387 314 2444 sic
352 2389 515 2445 etiam
562 2391 738 2446 omnis
783 2393 1036 2448 sacerdos
1080 2409 1290 2463 semper
1319 2395 1496 2458 oden,
1521 2403 1575 2448 et
1617 2403 1793 2450 tamen

225 2496 328 2552 per
352 2494 416 2536 ea
442 2497 717 2551 nunquam
746 2494 1169 2539 consummatur.

299 2570 464 2628 Vsns.
493 2574 579 2630 l2.
603 2605 671 2615 —
701 2573 856 2630 Sedet
898 2576 954 2629 in
999 2576 1230 2631 dextera.
1264 2577 1406 2633 Bene
1445 2586 1620 2648 potest
1663 2593 1794 2634 con-

229 2677 501 2719 summare
526 2664 618 2734 qui
643 2664 720 2718 sic
748 2665 945 2720 meruit
965 2665 1215 2721 exaltari.

300 2749 465 2807 Vens.
490 2752 576 2806 i5.
599 2783 668 2792 —
693 2751 765 2806 De
790 2763 996 2808 stetere.
1035 2754 1094 2809 Id
1119 2763 1202 2809 est
1240 2755 1306 2809 de
1341 2769 1408 2809 eo
1430 2754 1571 2824 quod
1603 2764 1792 2822 restat,

228 2837 437 2896 scilicet
485 2839 652 2912 gloria
692 2842 1050 2904 bonorumet
1094 2857 1250 2913 paena
1279 2843 1562 2899 malorum.
1585 2842 1794 2900 Scabel-

227 2924 360 2993 lum.
391 2928 524 2997 Quia
561 2933 724 2990 ctiam
767 2934 813 2989 si
857 2940 1018 2990 modo
1061 2945 1356 3006 repugnent
1383 2936 1531 3001 εἰ,οι
1571 2953 1676 2994 non
1716 2938 1796 2992 vi-

230 3019 465 3074 deantur
489 3021 699 3090 subjici,
721 3032 858 3092 tunc
883 3025 1136 3081 omnibus
1157 3026 1487 3094 apparebunt
1511 3027 1560 3081 ei
1593 3028 1794 3084 subditi

223 3124 330 3182 per
359 3109 514 3182 cujus
541 3112 819 3183 imperium
845 3116 1106 3170 suberunt
1128 3117 1346 3185 poenis.

213 3193 216 3196 ’
306 3195 473 3256 Vens.
507 3201 593 3256 l5.
615 3233 684 3242 —
711 3201 1042 3260 Contestatur
1081 3214 1253 3258 autem
1289 3221 1402 3269 nos,
1427 3213 1532 3261 etc.
1563 3205 1795 3276 Spiritus

227 3298 451 3348 sanctus
484 3292 797 3348 testiﬁcatur
833 3295 976 3364 quod
1021 3295 1412 3350 consummavit
1442 3295 1495 3351 in
1533 3305 1796 3351 aeternum

229 3382 613 3451 sanctiﬁcatos,
637 3394 689 3440 et
711 3386 852 3456 quod
877 3386 929 3441 in
954 3386 1102 3441 Novo
1122 3385 1464 3443 Testamento
1489 3402 1593 3442 non
1618 3402 1798 3442 recor-

232 3471 452 3528 dabitur
479 3472 622 3529 Deus
657 3485 1016 3544 peccatorum.
1049 3475 1354 3548 Postquam.
1398 3476 1560 3543 Quasi
1601 3478 1741 3533 dicat
1778 3493 1795 3532 :

228 3559 523 3634 Postquam
553 3564 678 3618 illud
703 3566 842 3620 dixit
867 3569 1010 3638 quod
1033 3582 1140 3622 non
1170 3567 1307 3622 valet
1331 3568 1398 3622 ad
1426 3570 1796 3638 probationem

232 3661 502 3722 nostram,
566 3651 760 3728 adjecit
791 3659 894 3716 alia
941 3675 1063 3729 qua:
1109 3663 1462 3718 corroborant
1509 3674 1811 3735 utrumque.

234 3741 381 3813 quod
405 3742 633 3801 dicimus
657 3764 669 3799 :
699 3747 905 3804 scilicet
929 3749 1104 3805 dando
1130 3748 1286 3820 leges,
1311 3752 1454 3820 quod
1475 3754 1709 3822 pertinet
1727 3753 1798 3811 ad

235 3835 784 3902 consummationem;
812 3847 861 3892 et
888 3847 1219 3908 peccatorum
1251 3849 1298 3894 et
1341 3841 1672 3912 iniquitatum
1713 3861 1798 3900 eo-

236 3941 356 3979 rum
405 3926 518 3995 jam
568 3944 671 3981 non
717 3928 1030 3996 recordabar
1073 3929 1297 4001 amplius
1322 3971 1338 3998 ,
1369 3933 1522 4002 _quod
1566 3935 1800 4004 pertinet

221 4013 307 4069 ‘ad
333 4015 849 4084 sanctiﬁcationenn,

309 4107 470 4163 Vens.
497 4108 1255 4179 lﬁ..—.Superscribam..Non
1283 4114 1420 4169 dicit
1437 4115 1800 4186 scribam-sed

234 4199 640 4267 superscribam,
663 4201 786 4274 quia
817 4201 960 4272 leges
1000 4202 1118 4265 illae
1146 4218 1306 4274 super
1343 4204 1484 4260 vires
1525 4206 1800 4262 hominum

236 4297 385 4354 sunt,
423 4288 476 4342 in
528 4304 754 4358 quarum
801 4290 1151 4360 completione
1199 4293 1379 4352 nullus
1421 4294 1668 4362 snﬁiciet,
1699 4295 1800 4350 nisi

233 4393 341 4450 ope
384 4380 591 4452 gratia).
618 4381 674 4448 In
716 4382 798 4438 his
823 4382 1239 4444 verbis..dicitur
1282 4387 1426 4456 quod
1459 4395 1802 4449 consummat

235 4469 562 4536 virtutibus,
578 4473 772 4542 deinde
793 4473 977 4528 subdit
1001 4474 1067 4530 de
1089 4475 1532 4534 sanctiﬁcatione.

1893 807 1896 810 ,
1968 749 2132 813 Vens.
2161 751 2252 810 ΞΔ.
2283 783 2352 794 ——
2376 752 2447 807 Et
2464 755 2865 818 consideremus,
2890 763 2996 812 etc.
3025 756 3304 814 Perfectus
3327 757 3461 814 alios

1897 841 2184 907 hortando,
2215 844 2391 900 minor
2419 845 2716 914 perfectum
2741 847 3018 904 imitando.
3042 847 3173 903 inde
3216 850 3461 906 hortatur

1895 931 2183 1002 Apostolus
2218 933 2287 993 ad
2317 951 2378 990 ea
2402 950 2521 1004 quae
2545 937 2870 991 conveniunt
2895 936 3034 993 ﬁdei.
3377 979 3382 984 -

1969 1023 2128 1080 Vens.
2152 1024 2240 1078 25.
2271 1055 2341 1065 —
2369 1025 2519 1080 Sicut
2557 1028 2963 1082 consuetudinis.
2987 1027 3180 1098 Culpat
3212 1030 3462 1087 scinden-

1898 1119 1981 1168 tes
2014 1114 2272 1174 unitatem
2299 1115 2598 1180 charitatis,
2643 1118 2810 1186 quasi.
2828 1117 2970 1172 inter
3005 1118 3143 1176 alios
3185 1136 3292 1177 non
3337 1137 3462 1192 pos-

1896 1212 2017 1258 sent
2051 1205 2293 1260 habitare
2320 1221 2481 1262 causa
2511 1209 2813 1264 sanctitatis
2846 1223 2988 1276 suae;
3021 1212 3111 1281 qui
3151 1214 3330 1282 potius
3363 1229 3463 1270 suo

1896 1295 2142 1365 exemplo
2165 1297 2464 1360 debuerunt
2504 1299 2771 1356 consolari
2810 1315 2920 1356 eos.
2969 1301 3076 1357 Sed
3112 1303 3458 1360 consolantes.

1897 1385 2217 1448 Consolatur
2238 1388 2597 1453 laborantem,
2630 1391 2719 1460 qui
2747 1391 2950 1460 pariter
2983 1391 3038 1447 in
3067 1392 3254 1450 labore
3289 1397 3464 1464 persi-

1896 1476 2018 1541 stit,
2041 1478 2166 1546 quia
2194 1479 2492 1535 sublevatio
2515 1481 2716 1537 laboris
2737 1490 2820 1536 est
2844 1483 2994 1538 nisus
3020 1497 3114 1538 seu
3140 1484 3278 1541 nisio
3301 1484 3464 1541 colla.

1895 1565 2244 1632 borantis,._ut
2265 1569 2316 1624 in
2349 1569 2540 1626 itinere
2569 1571 2644 1625 ﬁt.

1965 1658 2128 1719 Vens.
2157 1659 2250 1720 26.
2285 1691 2356 1702 —
2398 1659 2696 1718 Voluntaria
2719 1664 2855 1717 enim
2890 1664 3236 1733 peccantibus.
3277 1663 3335 1720 Id
3357 1675 3462 1730 est.

1895 1750 2050 1806 nobis
2095 1750 2148 1807 in
2194 1750 2468 1806 voluntate
2514 1752 2771 1820 peccandi
2819 1753 3159 1808 manentibus
3195 1767 3301 1808 non
3339 1768 3466 1824 pro-

1819 1826 1870 1887 Β
1896 1840 2014 1895 dest
2028 1839 2301 1907 Christus,
2323 1841 2415 1911 qui
2439 1852 2522 1898 cst
2549 1843 2724 1897 hostia
2749 1858 2848 1913 pro
2868 1843 3124 1914 peccatis,
3143 1841 3255 1911 jam
3281 1843 3336 1898 in
3362 1845 3464 1899 hoc

1821 3169 1870 3232 Ο

1891 1933 2166 2005 praesenti.
2195 1933 2298 1989 Per
2320 1933 2463 2003 quod
2485 1943 2698 1990 constat
2725 1935 2864 2004 quod
2889 1949 2988 1990 nec
3011 1936 3064 1990 in
3101 1935 3300 1991 futuro.
3332 1933 3462 1990 Post

1891 2031 2154 2090 acceptam
2181 2023 2417 2077 notitiam
2442 2025 2692 2088 veritatis,
2726 2024 2912 2089 idest,
2942 2038 3250 2094 quanquam
3280 2025 3464 2080 venis-

1891 2126 2073 2167 semus
2099 2112 2164 2166 ad
2194 2112 2352 2168 ﬁdem
2371 2154 2386 2178 ,
2414 2129 2512 2184 pro
2542 2129 2644 2182 qua
2673 2113 2888 2183 quidam
2921 2115 3097 2170 securi
3122 2123 3278 2180 sunt,
3307 2116 3463 2185 quasi

1893 2220 2166 2276 nunquam
2187 2206 2435 2275 perituri.
2461 2205 2576 2261 Non
2601 2207 2696 2271 ait,
2723 2206 3054 2273 volentibus,
3095 2207 3191 2263 sed
3231 2206 3466 2264 volunta-

1893 2297 2001 2360 rie,
2032 2297 2156 2366 quia
2185 2297 2518 2353 voluntarius
2547 2309 2627 2354 est
2655 2299 2742 2367 qui
2775 2299 2825 2352 in
2857 2299 3035 2368 aliquo
3065 2299 3308 2354 assiduus
3349 2308 3462 2364 est;

1894 2387 2096 2452 volens,
2112 2388 2202 2457 qui
2226 2389 2290 2442 ad
2324 2397 2552 2459 tempus.
2574 2389 2665 2444 Vel
2687 2390 2868 2449 etiam,
2888 2389 2933 2443 si
2957 2390 3250 2454 voluntate,
3265 2389 3466 2444 nedum

1893 2485 2013 2531 actu
2028 2492 2329 2545 peccemus.
2347 2477 2471 2530 lant
2489 2495 2591 2532 non
2605 2478 2913 2548 relinquitur
2922 2494 3016 2547 pro
3029 2479 3253 2546 peccatis
3265 2477 3461 2543 hostia;

1893 2568 2032 2624 sicut
2060 2570 2112 2622 in
2141 2571 2308 2625 veteri
2344 2569 2460 2639 lege
2491 2568 2676 2623 datum
2701 2577 2783 2624 est
2817 2570 3014 2638 saepius
3039 2567 3220 2624 oﬁ'erri
3257 2569 3464 2624 hostias

1892 2673 1992 2729 pro
2021 2668 2266 2727 peccato.
2293 2659 2407 2713 Non
2430 2659 2572 2713 enim
2601 2657 2852 2713 Christus
2883 2659 3078 2712 iterum
3104 2657 3466 2713 immolandus

1894 2763 2102 2821 estpro
2131 2752 2386 2821 peccatis,
2413 2751 2556 2821 quod
2578 2749 2744 2804 semel
2776 2748 2976 2803 factum
3005 2757 3110 2813 est,
3140 2758 3194 2804 et
3224 2749 3465 2804 secundo

1895 2861 2002 2900 non
2031 2853 2122 2904 est
2138 2858 2291 2912 opus.
2324 2842 2428 2897 Sed
2457 2843 2628 2912 magis
2654 2857 2788 2910 opus
2824 2850 2908 2895 est
2951 2857 3170 2897 manere
3197 2841 3249 2896 in
3277 2840 3384 2895 ﬁde
3409 2850 3472 2898 et

1895 2936 2142 2991 veritate.
2187 2933 2336 3000 Quod
2380 2933 2424 2988 si
2469 2948 2573 2988 non
2616 2932 2744 2987 facit
2766 2931 3048 3000 judicium,
3077 2941 3130 2988 te
3147 2940 3464 3003 exspectat,

1897 3028 1999 3082 nisi
2027 3042 2124 3095 per
2152 3025 2525 3095 paenitentiam
2549 3025 2842 3079 renoveris.

1969 3119 2130 3174 Vnus.
2157 3116 2348 3181 28,—
2375 3115 2585 3169 Duobus
2606 3113 2681 3167 vel
2701 3114 2866 3168 tribus
2897 3114 3127 3168 testibus.
3153 3113 3470 3170 Convtctusa

1898 3207 2036 3274 Quid
2056 3222 2186 3276 ergo
2210 3206 2284 3260 illi
2306 3213 2492 3272 contra
2515 3219 2649 3273 quos
2673 3205 2959 3274 perhibent
2983 3205 3345 3260 testimonium
3370 3219 3466 3260 sn-

1899 3297 2018 3368 geli,
2045 3305 2102 3351 et
2127 3297 2321 3361 sancti,
2349 3305 2403 3350 et
2425 3299 2638 3366 propria
2671 3297 3039 3351 conscientia?

1972 3387 2133 3448 Vens.
2156 3385 2244 3441 29.
2266 3416 2334 3426 -
2354 3385 2743 3440 Conculcaueru
2765 3427 2780 3449 ,
2825 3397 2929 3442 etc.
2970 3384 3262 3442 Conculcat
3301 3385 3464 3443 Chri-

1899 3484 2040 3532 stum
2065 3476 2154 3543 qui
2177 3475 2342 3530 libere
2365 3485 2553 3544 peccat
2570 3475 2772 3545 absque
2795 3475 3005 3541 timore,
3032 3485 3086 3531 et
3108 3477 3462 3545 paenitentia;

1897 3577 1952 3626 et
1977 3568 2067 3637 qui
2099 3567 2313 3638 indigne
2339 3567 2654 3638 participat.
2678 3568 2991 3639 sanguinem
3012 3568 3273 3638 pollutum
3294 3569 3462 3632 ducit,

1899 3660 1944 3714 si
1986 3660 2054 3715 ab
2084 3675 2148 3714 eo
2193 3661 2482 3716 mundatus
2527 3661 2595 3714 ad
2630 3661 2889 3716 vomitum
2923 3661 3061 3716 redit
3125 3669 3179 3715 et
3203 3660 3468 3730 pmnitero

1898 3749 2133 3820 negligit.
2168 3748 2389 3820 Spiritui
2437 3750 2664 3819 injurius
2703 3758 2824 3815 est,
2862 3750 2954 3819 qui
2991 3751 3107 3817 ejus
3146 3749 3467 3806 beneﬁcium

1896 3849 2048 3909 grate
2069 3856 2173 3895 non
2195 3839 2436 3908 suscipit.
2457 3836 2724 3894 Pollutum
2745 3839 2973 3896 duxerit.
2994 3839 3137 3895 Talis
3156 3848 3242 3896 est
3257 3839 3349 3908 qui
3369 3854 3470 3909 per

1898 3929 2141 3986 carnales
2165 3928 2533 3983 obscrvantias
2553 3930 2724 3984 credit
2749 3938 2967 3998 peccata
2993 3930 3208 3992 dimitti,
3222 3945 3252 3984 a
3272 3930 3469 3998 quibus

1899 4019 2122 4084 retrahit
2162 4033 2260 4072 nos
2299 4018 2515 4085 sanguis
2558 4017 2794 4084 Christi,
2843 4025 2898 4073 et
2931 4018 3001 4071 ita
3032 4017 3264 4087 pollutus
3291 4027 3376 4073 est
3407 4025 3472 4072 et

1900 4125 2000 4165 nos
2023 4093 2227 4178 polluit,
2258 4110 2303 4163 si
2325 4109 2394 4164 ab
2413 4123 2501 4172 eo,
2524 4109 2664 4163 unde
2689 4119 2772 4163 est
2794 4109 3038 4172 remissio
3055 4148 3069 4173 ,
3099 4123 3198 4164 nos
3216 4108 3464 4164 retrahit.

1973 4201 2041 4254 Et
2083 4200 2290 4270 spiritui
2340 4199 2542 4269 gratim.
2591 4197 2646 4253 ld
2673 4209 2758 4253 est
2804 4198 3025 4268 Spiritui
3069 4206 3258 4254 sancto
3297 4197 3470 4268 gratis

1901 4290 2055 4352 dato;
2087 4288 2190 4353 vel,
2216 4289 2306 4358 qui
2337 4288 2430 4342 dat
2472 4288 2731 4358 gratiam,
2761 4287 3138 4344 contumeliam
3180 4286 3342 4353 facit;
3373 4288 3467 4356 qui

1868 4433 1874 4438 .
1902 4381 2293 4445 remissionem,
2322 4395 2484 4449 quam
2516 4379 2630 4450 ipse
2658 4378 2888 4449 Spiritus
2917 4377 3067 4445 facit,
3095 4379 3317 4435 ascribit
3340 4393 3468 4435 car-

1905 4471 2115 4526 nalibus
2143 4469 2522 4534 observantiis,
2551 4467 2656 4532 vel,
2686 4469 2776 4536 qui
2799 4483 2925 4522 eum
2943 4469 3083 4523 male
3100 4469 3330 4525 vivendo
3353 4483 3386 4523 a
3410 4483 3469 4524 se

311 4560 475 4617 Vens.
829 4527 1032 4630 autem,
1595 4569 1804 4623 cxhac
1826 4527 1880 4587 Β
1906 4561 2108 4632 abjiCil-

236 4655 566 4724 auctoritate
618 4655 783 4710 videri
810 4664 983 4725 potest
1040 4657 1180 4724 quod
1225 4655 1381 4712 Jesus
1423 4659 1723 4714 sanctificat
1749 4669 1804 4714 et

233 4759 609 4815 consummat,
627 4750 718 4810 sed
748 4749 888 4819 quod
925 4749 1124 4805 oblatio
1146 4749 1256 4818 jam
1281 4759 1405 4820 post
1437 4759 1649 4821 tempus
1677 4767 1804 4823 gra-

235 4837 328 4893 tiae
357 4852 462 4892 non
488 4847 571 4894 est
598 4827 838 4894 facienda
871 4853 968 4908 pro
992 4840 1256 4909 peccatis,
1293 4840 1506 4910 quando
1547 4840 1692 4897 facta
1725 4851 1810 4898 cst

241 4929 513 4993 remissio.

311 5019 473 5085 Vens.
502 5021 688 5076 20..—-
714 5019 818 5078 Per
837 5022 1084 5088 velamen.
1113 5021 1270 5076 Fides
1295 5031 1478 5078 nostra
1505 5033 1589 5079 est
1612 5032 1804 5092 vetata,

234 5111 365 5180 quia
390 5111 523 5176 ﬁdes
545 5114 835 5168 nonhabet
859 5114 1137 5181 meritum,
1159 5113 1243 5173 cui
1262 5114 1490 5168 humana
1517 5115 1651 5170 ratio
1670 5130 1814 5186 prm-.

235 5202 332 5257 bet
361 5203 812 5272 experimentum.

311 5289 481 5351 Vnus.
533 5293 624 5349 22.
662 5325 729 5336 --
768 5295 834 5349 In
861 5295 1196 5362 plenitudine
1239 5295 1381 5364 ﬁdei.
1433 5294 1677 5353 Perfecta
1727 5307 1810 5353 est

235 5391 426 5439 nostra
454 5383 618 5450 fides,
646 5385 899 5456 quoniam
928 5384 1059 5439 nihil
1087 5384 1278 5440 horum
1310 5383 1424 5454 jam
1453 5395 1536 5442 est
1562 5387 1773 5443 visibile
1791 5429 1806 5452 ,

237 5490 344 5532 nec
383 5477 668 5542 sacerdos,
711 5493 810 5532 nec
859 5477 1053 5532 hostia.
1097 5477 1306 5546 Aspersi
1349 5477 1522 5532 corde.
1569 5476 1672 5533 Per
1709 5478 1810 5534 hoc

236 5566 564 5632 ostenditur,
591 5568 733 5637 quod
762 5581 866 5620 non
900 5566 1030 5620 ﬁdes
1055 5566 1188 5631 sola,
1216 5567 1310 5622 sed
1339 5567 1446 5622 vita
1473 5582 1592 5622 cum
1615 5569 1810 5624 virtute

237 5657 519 5726 qtueritur.
545 5657 720 5711 Abluti
751 5674 910 5728 aqua,
947 5658 997 5711 id
1025 5665 1106 5712 est
1139 5658 1426 5727 baptismo.

320 5751 479 5805 Vens.
511 5751 598 5805 23.
633 5781 698 5792 ——
736 5748 931 5804 Fidelis
975 5750 1128 5803 enim.
1171 5746 1320 5804 Sicut
1367 5750 1506 5804 Deus
1549 5749 1717 5804 ﬁdelis
1756 5749 1807 5802 iu

1307 6005 1375 6020 Α-

1979 4651 2144 4713 Vens.
2171 4653 2259 4707 30.
2283 4682 2350 4692 —
2374 4651 2506 4706 Mihi
2546 4653 2804 4718 uindicta,
2845 4661 2954 4708 etc.
2993 4652 3068 4708 De
3109 4653 3343 4709 inimicis
3371 4653 3474 4712 hoc

1910 4745 2110 4800 dictum
2139 4753 2241 4808 est,
2269 4743 2360 4813 qui
2391 4744 2529 4798 male
2557 4743 2780 4808 faciunt,
2808 4760 2914 4799 non
2959 4754 3137 4800 autem
3164 4745 3230 4799 de
3268 4744 3352 4800 his
3380 4745 3474 4814 qui

1910 4834 2050 4900 male
2073 4833 2368 4902 patiuntur.
2401 4832 2499 4888 llic
2527 4841 2706 4887 autem
2736 4843 2790 4887 et
2817 4833 3124 4888 consolatur
3148 4847 3262 4897 eos,
3290 4833 3474 4888 dicens

1911 4923 2052 4994 quod
2081 4931 2359 4992 permanet
2383 4922 2436 4976 in
2465 4923 2848 4992 sempiternum
2872 4920 3030 4984 Deus,
3059 4930 3114 4977 et
3151 4922 3302 4976 vivit.
3339 4920 3475 4978 Pro-

1915 4996 2037 5075 inde
2082 5011 2292 5066 etiamsi
2322 5025 2462 5064 nunc
2511 5011 2720 5080 tyranni
2766 5026 2870 5064 non
2920 5011 3182 5078 recipiunt
3215 5011 3356 5080 quod
3396 5011 3477 5076 eis

1913 5105 2237 5175 promissum
2268 5111 2380 5168 est;
2413 5111 2589 5156 tamen
2617 5111 2801 5172 postea
2831 5103 3271 5172 recepturisunt,
3297 5103 3479 5173 itaque

1915 5196 2036 5251 illos
2063 5203 2276 5264 oportet
2298 5193 2720 5264 congemiscere,
2751 5207 2857 5246 non
2887 5184 3016 5247 vero
3043 5207 3158 5247 nos.
3188 5190 3296 5248 Nos
3331 5190 3477 5254 enim
3529 5236 3540 5260 ε

1916 5285 1970 5340 in
1996 5285 2207 5341 illorum
2229 5283 2513 5353 incidimus
2538 5297 2752 5348 manus,
2776 5281 2850 5353 illi
2869 5291 3046 5350 autem
3071 5282 3122 5336 in
3150 5296 3342 5348 manus
3363 5280 3476 5342 Dei.
3531 5343 3536 5345 _

1919 5375 2100 5446 Neque
2121 5376 2269 5441 enim
2299 5374 2389 5446 qui
2415 5373 2636 5444 patitur,
2663 5372 2862 5445 aliquid
2903 5372 3100 5439 malum
3133 5373 3357 5442 patitur,
3532 5393 3537 5398 ι

1912 5469 2002 5538 (ιιιί
2030 5467 2190 5532 facit;
2219 5481 2392 5535 neque
2422 5464 2735 5520 beneﬁcium
2757 5463 2985 5534 percipit
3010 5463 3100 5533 qui
3119 5463 3355 5534 juvatur,
3389 5459 3484 5516 sed

1912 5560 2002 5629 qui
2034 5559 2350 5615 beneﬁcium
2381 5567 2620 5629 praestat.
2651 5557 2776 5614 Haec
2797 5557 2958 5628 igitur
2987 5558 3242 5618 scientes,
3276 5552 3486 5624 patien-

1914 5663 1995 5708 tes
2019 5651 2312 5706 cﬁiciamur
2337 5651 2401 5708 ad
2425 5651 2736 5708 sut‘l'erenda
2755 5650 2913 5716 mala,
2936 5658 2989 5707 et
3009 5645 3240 5720 prompti
3263 5644 3328 5700 ad
3349 5643 3487 5724 ben,

1913 5744 2234 5802 faciendum.
3387 5757 3390 5761 ‘
