3948 6314
451 381 557 438 663

950 372 1340 428 WALAFRIDI
1379 368 1624 426 STRABI
1661 367 1866 426 FULD.
1906 366 2046 426 MON

2159 364 2258 421 PP.
2297 363 2478 422 PARS
2510 366 2550 420 1.
2585 393 2657 406 --
2695 361 3148 422 THEOLOGICA.

516 496 677 551 Vsus.
703 491 795 548 31.
820 519 890 528 -
910 487 1364 542 Rememoramim'.
1389 486 1587 540 Invitat
1611 501 1705 542 eos
1740 501 1838 556 per
1870 494 2024 540 ante-
2051 489 2102 548 Α
2129 491 2242 537 tem
2257 489 2536 537 senectute
2547 487 2915 545 marcuerunt,
2943 494 3042 534 nec
3065 489 3264 543 tamen,
3289 488 3418 542 εις..
3446 495 3610 549 usque
3629 483 3696 535 ad

453 587 596 641 facta

524 673 766 746 (Csars)
799 671 950 726 Sicut
969 667 1157 738 Optimi
1187 665 1517 721 medicorum
1547 680 1670 720 cum
1708 662 1842 718 alios
1875 677 2029 718 secu—

453 767 584 832 rint,
615 773 743 827 etc.,
769 777 930 832 usque
958 760 1028 813 ad
1051 768 1110 813 ut
1133 767 1313 812 autem
1347 772 1446 812 nos
1475 756 1726 812 incidatis
1751 757 1807 810 in
1837 771 2029 810 manus

454 855 574 921 Det,
607 851 1043 914 rememoramiui,
1075 859 1180 905 etc.

526 947 957 1009 Pristino‘s,‘etc.
985 942 1041 996 Si
1077 942 1238 996 rudes
1268 939 1659 1001 sustinuerunt,
1685 945 1839 1007 turpe
1866 945 1950 991 est
1983 938 2028 992 si

453 1039 616 1094 modo
663 1035 936 1091 deﬁciunt.
989 1032 1240 1102 Magnum
1287 1037 1710 1092 certamea,etc.
1746 1027 2030 1083 Passioues

455 1137 609 1184 erant
630 1126 729 1190 eis,
760 1135 872 1179 tum
898 1139 966 1177 ex»
997 1121 1229 1192 propriis
1258 1119 1562 1183 doloribus,
1595 1127 1706 1171 tum
1734 1132 1801 1172 ex
1825 1117 2027 1173 dolori-

453 1216 554 1272 bus
583 1216 828 1277 aliorum,
855 1213 1048 1283 quibus
1071 1211 1550 1278 cornpatiebantur.

525 1307 692 1364 Vsus.
721 1308 810 1362 55.
831 1335 902 1345 -
921 1304 990 1359 Et
1018 1305 1072 1358 in
1101 1303 1264 1356 altera
1288 1303 1519 1372 quidem,
1541 1311 1647 1357 etc.
1677 1303 1836 1369 Quasi
1864 1321 1876 1357 :
1902 1303 2030 1359 Cer-

458 1414 637 1460 tamen
672 1403 982 1474 passionum
1008 1400 1306 1462 sustinetis,
1341 1408 1394 1454 et
1420 1399 1472 1452 in
1505 1400 1740 1469 propriis
1769 1398 2030 1466 passioni-

455 1499 588 1559 bus,
618 1503 676 1549 et
700 1495 753 1548 in
781 1490 1240 1560 compassionibus
1269 1489 1495 1543 aliorum
1513 1528 1528 1552 ,
1565 1499 1622 1542 et
1651 1489 1732 1542 lue
1761 1496 1884 1542 sunt
1912 1487 2029 1541 duce

2129 571 2440 640 priusquam
2469 579 2688 640 propter
2717 578 2998 639 peccatum
3041 569 3165 624 inde
3191 569 3344 624 exire
3385 571 3691 626 meruisset.
3722 577 3733 584 ‘

2201 663 2363 717 Vsus.
2388 663 2441 716 6.
2466 691 2537 702 -
2561 658 2701 728 Quia
2735 672 2830 716 est.
2856 661 2987 716 Esse
3018 661 3234 732 proprie
3261 659 3374 716 Deo
3397 663 3655 717 convenit
3681 680 3695 714 :

2128 755 2256 824 quia
2287 752 2696 807 iutmutabiliter
2719 761 2821 806 est.

2200 844 2362 897 Vens.
2396 842 2447 896 7.
2466 872 2535 882 —
2558 841 2692 895 Fide
2725 841 2859 906 Noe,
2884 851 2987 896 etc.
3021 839 3088 894 Et
3106 841 3360 911 justitite,
3388 849 3495 897 etc.
3523 840 3583 897 Id
3601 853 3702 907 est,

2129 932 2230 988 fuit
2255 933 2435 1001 justus
2475 947 2541 986 ex
2584 931 2721 995 ﬁde,
2755 933 2889 986 sicut
2941 941 3122 1002 patres
3151 933 3255 995 sui,
3289 933 3394 988 nisi
3431 933 3583 988 enim
3621 933 3705 1002 ju-

2129 1033 2254 1080 stus
2272 1033 2433 1085 esset,
2466 1023 2568 1077 hoc
2593 1025 2642 1076 ei
2671 1024 2809 1077 Deus
2836 1039 2939 1078 non
2969 1025 3331 1092 pnecepisset.

2201 1114 2362 1169 Vsus.
2389 1116 2526 1170 8.—
2542 1112 2674 1167 Fide
2701 1114 2791 1182 qui
2817 1116 2954 1168 vii-it.
2984 1114 3083 1169 Hic
3102 1115 3168 1168 ad
3191 1123 3376 1182 patres
3396 1113 3707 1171 Judaeortnn

2129 1207 2479 1261 descenditet
2523 1207 2758 1261 ostendit
2784 1206 2837 1259 in
2866 1206 2967 1270 eis,
2997 1207 3137 1260 sicut
3171 1205 3226 1259 in
3262 1207 3560 1274 prioribus,
3592 1221 3710 1261 om-

2131 1312 2253 1350 nem
2289 1295 2554 1364 justitiam
2605 1312 2674 1350 ex
2727 1295 2832 1350 ﬁde
2885 1295 3140 1351 habuisse
3178 1297 3463 1366 originem.
3504 1297 3574 1351 Et
3624 1313 3710 1367 po-

2131 1388 2209 1442 nit
2259 1388 2563 1457 exemplum
2599 1390 2664 1443 de
2701 1388 2990 1442 Abraham.
3033 1387 3302 1453 Obedirit,
3353 1389 3468 1444 Deo
3513 1389 3712 1444 dicenti

2129 1481 2228 1534 sibi
2260 1497 2274 1532 :
2305 1499 2322 1530 ς
2356 1480 2452 1534 Εκί
2487 1481 2554 1534 de
2577 1487 2720 1534 terra
2754 1487 2938 1544 tua,et
2966 1480 3034 1535 de
3053 1481 3372 1552 cognatione
3408 1490 3520 1535 tua.
3553 1502 3572 1534 ι
3604 1481 3713 1537 Hoc

457 1594 649 1657 partes
670 1583 991 1640 certantium
1027 1590 1214 1637 contra
1243 1596 1338 1636 nos
1377 1580 1704 1650 passionum.
1742 1578 2028 1648 Spectacu-
2124 1567 2240 1638 iam
2267 1569 2488 1624 fecerat.
2518 1569 2631 1624 Hoc
2673 1571 2817 1625 enim
2864 1571 3066 1626 dictum
3115 1582 3199 1626 est
3241 1573 3353 1644 jam
3384 1589 3612 1643 egresso
3651 1576 3714 1630 de

457 1677 588 1731 lum.
617 1676 792 1732 Grave
820 1685 904 1731 est
929 1678 1295 1746 opprobrium,
1325 1678 1540 1748 gravius
1567 1687 1650 1732 est
1674 1691 1794 1730 cum
1822 1683 2029 1745 specta-

459 1767 637 1823 culum
671 1766 976 1822 hominibus
1000 1767 1057 1820 ﬁt
1083 1776 1136 1819 et
1167 1782 1271 1820 non
1309 1776 1519 1821 secreto
1545 1767 1920 1835 exprobratur.

2132 1670 2273 1716 terra
2308 1661 2680 1717 Chaldaeorum
2701 1704 2715 1727 ,
2746 1671 2800 1718 et
2831 1662 2943 1731 jam
2984 1665 3278 1720 constituto
3312 1667 3366 1720 in
3408 1666 3715 1736 Mesopota-

2133 1753 2394 1809 mia.Non
2423 1770 2553 1824 ergo
2577 1755 2834 1810 Dominus
2866 1772 3082 1822 corpus,
3110 1757 3204 1812 sed
3235 1758 3475 1811 animum
3508 1774 3538 1812 a
3572 1768 3716 1816 terra

467 1883 471 1887 λ
527 1854 691 1912 Vens.
723 1857 809 1912 58.
839 1886 908 1896 ε·-
931 1855 1080 1910 Vivit.
1113 1856 1292 1925 (Auc.)
1321 1855 1489 1920 Justi,
1517 1826 1668 1913 recli.
1694 1853 1958 1909 exsultate
1980 1853 2032 1906 in
2061 1826 2108 1884 Β
2137 1863 2232 1900 sua
2258 1849 2482 1908 avertit,
2518 1863 2585 1901 ne
2615 1847 2744 1901 velit
2770 1850 2989 1902 reverti.
3008 1846 3136 1903 Non
3165 1849 3309 1906 enim
3336 1850 3553 1904 exierat
3593 1851 3716 1907 inde

457 1949 706 2010 Domino,
738 1947 861 2015 quia
894 1961 989 2000 vos
1019 1947 1193 2010 decet,
1222 1956 1348 2011 etc.,
1382 1963 1542 2017 usque
1591 1947 1658 2000 ad
1697 1955 1752 2000 et
1781 1945 2035 2000 deﬁcicnn

459 2049 567 2094 tem
592 2038 857 2101 sublevat,
887 2047 940 2092 et
970 2034 1268 2091 vincenttnn
1302 2046 1544 2090 coronat.

475 2173 478 2177 .
529 2127 690 2184 Vens.
719 2128 805 2183 '59.
827 2158 897 2167 —
919 2127 1032 2181 Nos
1051 2138 1242 2189 autem,
1267 2137 1372 2181 etc.
1397 2128 1452 2181 ld
1475 2134 1580 2191 est,
1603 2141 1708 2180 non
1737 2141 1919 2180 sumus
1943 2125 2034 2178 ﬁlii

459 2234 808 2291 paganorum,
839 2219 931 2275 sed
951 2220 1331 2290 prophetarum
1359 2217 1614 2274 ﬁdelium.

1071 2329 1294 2432 CAPUT
1329 2373 1418 2434 x1.

531 2484 695 2540 Vens.
725 2484 776 2538 1.
799 2513 870 2523 -—
894 2481 988 2536 Est
1017 2494 1190 2540 autem
1218 2484 1368 2552 ﬁdes.
1401 2482 1499 2536 Hic
1540 2491 1623 2537 est
1664 2481 1782 2535 laus
1805 2490 1860 2535 et
1885 2497 2036 2536 com-

460 2575 737 2634 mendatio
778 2574 1130 2644 ﬁdei,‘cujus
1172 2575 1588 2644 descriptionem
1626 2574 1795 2644 ponit.
1839 2573 1893 2627 In
1933 2587 2037 2642 qua

461 2668 569 2723 tria
590 2676 759 2733 notat,
778 2667 982 2722 scilicet
1003 2685 1023 2720 εκ
1040 2668 1167 2736 quid
1190 2666 1386 2722 efficiat
1408 2668 1462 2721 in
1489 2668 1664 2731 nobis,
1688 2668 1829 2736 quod
1851 2665 2041 2721 fundae

463 2767 702 2815 mentum
752 2767 835 2814 est
873 2759 1111 2812 omnium
1141 2759 1404 2812 honorum
1425 2798 1440 2822 ,
1467 2767 1522 2812 et
1557 2759 1699 2828 quod
1743 2766 1798 2812 et
1837 2758 1904 2812 de
1933 2772 2037 2810 non

465 2848 847 2918 apparentibus
867 2857 969 2902 est.
994 2847 1068 2900 De
1093 2863 1196 2917 qua
1223 2848 1275 2904 in
1295 2847 1531 2916 Epistola
1553 2849 1618 2900 ad
1641 2847 1908 2901 Romanos
1933 2846 2042 2916 ple-

465 2936 588 2991 nius
620 2937 822 2992 dictum
855 2945 938 2998 est
975 2954 986 2989 :
1028 2933 1188 2988 Fiaes
1215 2945 1288 2989 est
1328 2935 1620 2989 substantia
1663 2939 2041 3005 sperandarum

467 3042 662 3089 rerum,
686 3025 737 3079 id
757 3035 858 3091 est,
877 3040 1036 3081 causa
1059 3040 1178 3094 quae
1201 3041 1286 3080 res
1309 3026 1611 3095 sperandus
1625 3025 1785 3082 faciet
1805 3025 2044 3093 quando~

467 3130 574 3186 que
599 3116 890 3172 subsistere
923 3117 976 3170 in
1003 3117 1188 3181 nobis;
1228 3117 1368 3186 quod
1399 3125 1483 3170 est
1503 3114 1721 3170 dicere:
1755 3113 1918 3170 faciet
1947 3131 2043 3170 nos

468 3207 727 3277 consequi
760 3204 938 3261 futura
973 3207 1132 3261 bona.
1171 3207 1238 3260 Et
1265 3207 1482 3276 proprie
1512 3207 1708 3261 dicitur
1758 3206 1889 3260 ﬁdes
1920 3207 2044 3260 sub-

469 3299 696 3364 stantia,
732 3299 857 3369 quia
887 3300 1166 3369 sperandis
1197 3300 1439 3363 substat,
1479 3308 1535 3354 et
1563 3298 1694 3353 facit
1731 3313 1794 3353 ea
1833 3313 1953 3354 esse
1991 3300 2043 3354 in

469 3392 814 3448 credentibus
832 3392 888 3446 in
905 3391 1010 3446 alia
1038 3393 1169 3447 vita.
1193 3392 1259 3446 Et
1277 3402 1361 3448 est
1372 3392 1776 3449 fundamentum
1805 3393 2044 3447 omnium

471 3485 736 3542 bonorum
765 3485 909 3556 quod
941 3499 1100 3539 nemo
1126 3492 1336 3539 mutare
1361 3491 1566 3555 potest,
1591 3493 1647 3538 et
1670 3483 1787 3538 sine
1808 3499 1914 3552 quo
1939 3498 2046 3538 non

472 3586 556 3635 est
577 3579 717 3634 bona
744 3577 1068 3643 mdiﬁcatio;
1101 3577 1218 3651 vel},
1246 3577 1508 3646 speranda
1535 3576 1648 3647 jam
1681 3574 1812 3629 facit
1845 3589 1964 3628 esse
1993 3575 2048 3628 in

475 3671 636 3726 corde
657 3670 946 3724 credentis.
971 3667 1364 3738 Argumentum,
1397 3669 1451 3721 id
1472 3676 1556 3722 est
1579 3667 1846 3722 certitudo
1869 3681 2043 3721 rerum

474 3780 594 3833 qua:
616 3781 719 3818 non
747 3773 1026 3833 apparent,
1053 3773 1106 3818 et
1129 3765 1179 3818 si—
1199 3763 1322 3833 quis
1346 3763 1412 3817 de
1434 3778 1504 3819 ea.
1521 3762 1752 3824 dubitet,
1782 3761 2048 3831 probatio,

475 3855 566 3909 ubi
597 3855 770 3908 adhuc
795 3854 1055 3922 probatur
1075 3852 1252 3908 futura
1282 3852 1638 3916 resurrectio;
1667 3851 1792 3921 quia
1829 3850 1902 3904 ita
1939 3865 2053 3904 cre-i

476 3944 726 3999 diderunt
758 3945 1106 4014 patriarchae,
1133 3943 1390 4013 apostoli,
1435 3942 1524 3996 alii
1552 3941 1748 3997 sancti.
1783 3941 1938 3996 Fides
1971 3949 2054 3995 est

476 4049 637 4090 causa
678 4034 1068 4104 sperandorum
1097 4073 1112 4099 ,
1155 4034 1280 4104 quia
1315 4048 1474 4087 causa
1503 4031 1728 4100 justitia:
1763 4045 1863 4099 per
1889 4045 2051 4097 quam

478 4129 909 4198 sunt-speranda.
927 4129 996 4183 Et
1016 4128 1118 4184 hoc
1138 4137 1220 4182 est
1245 4145 1260 4182 :
1293 4127 1354 4180 1η
1377 4126 1474 4179 hac
1497 4113 1867 4187 testimonium,
1897 4122 2053 4190 justi-

477 4218 584 4283 tite,
617 4219 760 4287 quod
784 4228 1003 4286 propter
1030 4217 1188 4270 ﬁdem
1212 4217 1356 4269 Deus
1387 4223 1613 4268 testatus
1641 4221 1725 4268 est
1748 4213 1924 4281 justos
1957 4227 2053 4265 eos

477 4326 616 4367 esse.
650 4309 806 4365 Senes
831 4326 851 4365 :
875 4311 987 4365 lloc
1026 4311 1186 4375 dicit,
1233 4325 1341 4363 non
1372 4308 1515 4378 quod
1545 4315 1704 4361 aetate
1742 4320 1930 4370 senes,
1959 4305 2054 4359 sed

479 4412 851 4456 antecessores
887 4402 1100 4465 horum,
1138 4409 1193 4454 et
1231 4399 1308 4454 sic
1356 4403 1570 4453 constat
1601 4395 1760 4449 ﬁdem
1799 4410 1905 4448 non
1936 4409 2054 4448 esse

2136 1953 2346 1999 animo,
2383 1938 2474 1992 sed
2509 1937 2763 1992 redeundi
2794 1939 3079 1992 tenebatur
3114 1940 3420 2004 desiderio;
3453 1942 3601 2010 quod
3630 1941 3720 1997 de-

2134 2028 2390 2082 siderium
2420 2031 2531 2084 Deo
2566 2029 2794 2098 jubente
2829 2046 2893 2084 ac
2917 2030 3172 2100 juvante,
3215 2039 3270 2084 et
3311 2030 3404 2084 illo
3430 2031 3719 2087 obediente

2135 2118 2310 2174 fuerat
2337 2123 2740 2190 amputandum.

2207 2211 2366 2266 Vens.
2403 2213 2487 2266 11.
2514 2242 2586 2252 —
2606 2211 2866 2277 Quoniam
2890 2212 3112 2282 ﬁdelem.
3141 2213 3298 2266 Prius
3338 2211 3496 2276 risit,
3527 2214 3632 2270 etsi
3655 2229 3722 2268 ex

2136 2301 2350 2371 gaudio,
2372 2317 2477 2355 non
2511 2310 2687 2356 tamen
2720 2302 2876 2373 plena
2920 2304 3061 2358 ﬁde:
3089 2304 3180 2358 sed
3218 2314 3370 2375 post,
3401 2306 3588 2360 verbis
3627 2321 3720 2359 an-

2137 2389 2272 2460 geli,
2306 2390 2360 2443 in
2408 2389 2511 2446 ﬁde
2539 2391 2768 2448 solidata
2796 2401 2900 2448 est.
2945 2391 3166 2449 Riserat
3207 2396 3368 2448 etiam
3407 2395 3718 2462 Abraham,

2138 2481 2352 2548 quando
2373 2482 2421 2535 ei
2450 2484 2747 2550 promissus
2769 2493 2852 2539 est
2883 2485 3042 2548 ﬁlius,
3075 2487 3166 2540 sed
3198 2487 3336 2540 risus
3363 2486 3453 2542 ille
3483 2487 3718 2542 admira-

2141 2570 2302 2624 tionis
2329 2569 2429 2625 fuit
2451 2581 2508 2626 et
2537 2575 2738 2644 gaudii,
2770 2591 2874 2629 non
2907 2575 3275 2631 dubitationis.

2211 2658 2373 2716 Vsus.
2408 2663 2493 2716 12.
2517 2693 2587 2702 -
2616 2663 2694 2716 Ab
2733 2681 2857 2718 uno.
2901 2665 3066 2721 Utero
3086 2708 3099 2729 ,
3126 2667 3207 2720 vel
3242 2667 3522 2723 Abraham
3549 2684 3725 2724 επισιι

2144 2761 2256 2807 tuo.
2283 2752 2601 2808 Emortuum
2634 2757 2765 2810 dicit
2798 2758 2864 2811 ad
2895 2774 3029 2828 opus
3055 2761 3391 2828 concipiendi
3425 2761 3578 2816 Sara:
3611 2772 3726 2818 ute-

2143 2858 2295 2908 rum,
2327 2855 2587 2913 quantum
2620 2849 2686 2900 ad
2722 2851 2898 2902 virum
2944 2850 3242 2915 seniorem;
3276 2852 3359 2905 vel
3388 2853 3522 2907 dicit
3553 2854 3726 2923 ipsum

2143 2935 2415 2991 Abraham
2458 2939 2524 2993 ad
2571 2954 2703 3008 opus
2743 2943 3036 3010 generandi
3085 2953 3411 3007 emortuum,
3461 2954 3727 3014 quantum

2143 3029 2349 3084 scilicet
2374 3031 2441 3084 ad
2463 3031 2732 3085 seniorem
2764 3030 3045 3089 feminam.
3073 3033 3342 3104 Tanquam
3377 3034 3576 3089 sidera.
3614 3035 3730 3090 Hoc

2147 3122 2278 3176 dicit
2305 3131 2566 3190 quantum
2600 3122 2665 3178 ad
2697 3125 2897 3188 bonos,
2933 3125 2984 3178 id
3012 3132 3094 3179 est
3121 3127 3211 3194 qui
3245 3125 3362 3180 luce
3389 3127 3652 3181 virtutum
3678 3136 3732 3182 et

2147 3212 2488 3267 multitudine
2517 3224 2900 3284 comparantur
2925 3216 3211 3271 sideribus.
3250 3216 3312 3270 Et
3360 3219 3499 3270 sicut
3544 3236 3728 3274 arena.

2147 3304 2258 3361 Hoc
2283 3306 2414 3360 dicit
2434 3316 2692 3376 quantum
2723 3309 2787 3363 ad
2816 3308 3016 3374 malos,
3059 3309 3112 3363 id
3143 3318 3224 3362 est
3246 3310 3337 3379 qui
3372 3311 3732 3365 instabilitate

2146 3403 2202 3449 et
2233 3411 2456 3453 numero
2478 3408 2864 3468 comparantur
2891 3414 3088 3456 arenae.
3122 3399 3266 3453 Mare
3301 3408 3384 3454 est
3413 3401 3732 3472 ipsageuti—

2147 3488 2270 3544 litas
2299 3508 2312 3544 :
2343 3505 2459 3554 ora,
2493 3492 2630 3545 ritus
2657 3489 2803 3559 ejus;
2827 3492 2913 3546 cui
2936 3492 3222 3561 propinqui
3249 3491 3377 3547 facti
3407 3501 3536 3547 sunt
3567 3493 3733 3563 aliqui

2148 3579 2338 3646 .ludtei,
2367 3597 2472 3635 non
2505 3589 2683 3635 tamen
2713 3583 2767 3635 in
2797 3583 3116 3652 gentilitate.

2221 3670 2382 3726 Vens.
2421 3671 2506 3724 15.
2528 3701 2602 3711 -
2625 3671 2694 3725 Et
2726 3671 3032 3726 salutantes.
3063 3671 3244 3727 Utitur
3273 3672 3439 3728 verbo
3471 3673 3736 3728 translato

2151 3775 2180 3813 a
2211 3761 2608 3832 navigantibus,
2637 3761 2726 3830 qui
2752 3760 2907 3832 longe
2937 3761 3270 3830 prospiciunt
3291 3762 3628 3817 desideratas
3660 3765 3734 3818 ci-

2150 3851 2376 3914 vitates,
2428 3865 2563 3920 quas
2609 3859 2900 3920 antequam
2951 3835 3355 3922 ingrediantur,
3404 3852 3737 3907 salutatione

2150 3943 2510 4012 praeveniunt.
2543 3942 2624 3996 Ex
2674 3943 2987 4012 metaphora
3018 3956 3149 4013 ergo
3178 3942 3553 4012 navigantium
3582 3943 3735 4008 dicit,

2151 4032 2219 4085 Et
2242 4031 2565 4096 salutantes;
2599 4033 2652 4087 id
2683 4042 2768 4087 est
2793 4033 3088 4104 gaudentes
3112 4041 3168 4087 et
3205 4033 3581 4090 desiderantes
3606 4049 3735 4100 eas,

2152 4125 2291 4178 sicut
2321 4123 2524 4179 faciunt
2568 4133 2747 4179 natiue
2781 4125 2937 4196 longe
2971 4124 3106 4180 visis
3139 4125 3469 4181 civitatibus.
3507 4125 3579 4180 Et
3619 4127 3739 4181 ideo

2150 4216 2546 4277 conﬁtebantur
2598 4218 2740 4288 quod
2794 4227 2975 4274 essent
3022 4219 3122 4288 ipsi
3178 4219 3498 4289 peregrini,
3541 4221 3634 4290 qui
3689 4221 3737 4273 in

2153 4305 2326 4360 aliena
2350 4307 2526 4376 patria
2552 4308 2686 4362 nihil
2713 4309 2931 4363 habent.
2958 4307 3224 4379 Hospites.
3253 4307 3315 4363 l'li
3342 4308 3409 4364 de
3432 4312 3612 4379 patria
3634 4326 3738 4365 non

2154 4406 2296 4460 sunt,
2325 4407 2379 4451 et
2402 4397 2488 4451 isti
2518 4398 2913 4454 conﬁtebantur
2941 4416 2999 4454 se
3028 4416 3134 4454 non
3153 4415 3274 4456 esse
3299 4401 3364 4455 de
3385 4403 3618 4466 mundo,
3643 4419 3734 4457 nc-

484 4509 676 4550 novam
700 4533 715 4558 ,
756 4493 851 4548 sed
895 4493 1200 4555 tenendam,
1226 4505 1349 4545 cum
1379 4487 1584 4556 antiqui
1613 4502 1731 4541 eam
1764 4487 2054 4540 tenuerint.
2087 4524 2134 4582 Β
2161 4506 2265 4556 que
2292 4490 2492 4559 aliquid
2519 4507 2578 4545 se
2601 4491 2800 4546 habere
2828 4494 2880 4546 in
2910 4494 3130 4558 muudo,
3156 4493 3402 4572 ideoque
3423 4495 3531 4549 hoc
3577 4495 3739 4550 eonﬁ‘

551 4583 714 4638 Vsus.
749 4584 802 4637 5.
829 4613 899 4623 —-
921 4582 1052 4637 Fide
1091 4581 1448 4652 intelligimus.
1490 4577 1762 4646 Exemplis
1802 4577 1967 4631 utitur
1993 4577 2058 4629 ad

482 4673 1004 4730 commendationem
1049 4670 1206 4735 ﬁdei,
1256 4670 1324 4724 ad
1371 4667 1764 4724 ostendendum
1808 4665 1957 4734 quod
1996 4665 2062 4718 de

483 4780 590 4820 non
618 4765 1004 4834 apparentibus
1033 4763 1105 4817 sit
1135 4763 1286 4817 ﬁdes.

555 4853 722 4908 Vens.
754 4851 1053 4907 b.—Fide
1094 4851 1393 4921 plurimum.
1429 4849 1580 4916 Quod
1625 4857 1809 4918 patres
1855 4847 2062 4915 antiqui

483 4960 581 5016 per
611 4946 769 5000 ﬁdem
795 4947 900 5000 sint
931 4945 1214 5000 consecuti
1244 4944 1609 4997 testimonium
1635 4941 1858 5009 justitizu
1887 4949 2065 4994 osten-

487 5038 587 5102 dit,
616 5052 820 5106 ponens
847 5036 991 5090 aliud
1015 5034 1314 5104 exemplum
1340 5035 1407 5088 ad
1432 5031 1952 5088 commendationem
1970 5031 2062 5101 ju~

487 5125 667 5182 stitite.
699 5124 986 5193 Defunctus
1024 5126 1194 5178 adhuc
1219 5123 1464 5193 loquitur.
1494 5122 1549 5176 hl
1586 5131 1688 5186 est,
1725 5121 1946 5175 materia
1983 5130 2066 5176 est

491 5217 644 5272 nobis
669 5215 939 5286 loquendi,
963 5224 1022 5270 ut
1038 5217 1103 5271 de
1124 5215 1241 5285 ejus
1263 5216 1366 5284 ﬁde
1389 5215 1693 5284 exemplum
1718 5215 1922 5269 demus.
1948 5213 2062 5267 Non

489 5307 632 5362 enirn
657 5321 802 5361 mors
826 5306 1084 5361 exstinxit
1102 5307 1297 5361 famam
1322 5306 1462 5362 ﬁdei.
1491 5307 1568 5360 Ex
1598 5305 1703 5361 ﬁde
1724 5314 1779 5360 et
1806 5304 2061 5373 patientia

489 5400 909 5472 praecedentium
938 5400 1247 5455 consolatur
1269 5401 1420 5454 istos.
1445 5399 1577 5453 Abel
1605 5399 1778 5453 adhuc
1810 5397 2065 5466 loquitur,

493 5491 617 5562 quia
650 5491 784 5546 alios
812 5508 912 5547 suo
937 5491 1188 5560 exetnplo
1207 5490 1460 5544 admonet
1483 5499 1539 5543 ut
1556 5489 1686 5558 justi
1717 5489 1846 5543 sint.
1869 5489 2069 5542 Interc-

493 5581 592 5638 mit
617 5597 737 5636 eum
780 5583 995 5650 quidem
1023 5595 1200 5644 mors,
1233 5579 1325 5634 sed
1367 5595 1472 5635 non
1520 5595 1644 5634 cum
1687 5593 1752 5634 eo
1799 5578 2070 5633 interemit

495 5673 717 5746 gloriam
749 5673 866 5742 ejus
894 5681 950 5727 et
976 5672 1314 5728 memoriam.

564 5763 744 5836 (Age)
765 5764 949 5835 Neque
965 5763 1249 5838 Henochet
1269 5761 1411 5818 Elias
1429 5777 1524 5834 per
1554 5770 1662 5817 tam
1697 5761 1907 5832 longam
1935 5768 2067 5814 aeta-

2163 4583 2432 4636 tcbantur.
2471 4582 2569 4649 Qui
2598 4593 2774 4637 autem
2805 4588 2903 4640 hoc
2927 4587 3138 4650 dicunt,
3173 4585 3303 4641 dant
3333 4587 3566 4659 intelligi
3605 4590 3741 4660 quod

2163 4673 2322 4727 aliam
2357 4675 2585 4742 patriam
2634 4688 2878 4744 quaerunt
2899 4718 2912 4743 ,
2944 4681 3087 4747 quod
3117 4679 3216 4746 ipsi
3247 4677 3564 4748 signiﬁcare
3604 4681 3740 4735 vole-

2166 4765 2313 4818 bant.
2350 4767 2414 4819 Et
2461 4783 2527 4820 nc
2557 4778 2771 4837 putaret
2805 4771 2925 4838 quis
2964 4771 3106 4838 quod
3131 4771 3274 4824 illam
3321 4781 3648 4842 appeterent
3681 4775 3742 4828 de

2165 4871 2269 4924 qua
2294 4857 2562 4923 exierant,
2591 4857 2837 4913 subditur
2860 4877 2872 4912 :
2899 4860 2968 4913 Et
2992 4861 3039 4914 si
3062 4861 3293 4931 quidem,
3313 4871 3420 4916 etc.

2243 4947 2402 5002 Vens.
2439 4948 2522 5001 17.
2557 4979 2621 4988 -
2648 4947 2777 5010 Cum
2804 4960 3107 5004 tentaretur.
3159 4950 3276 5010 Non
3329 4953 3562 5006 tentavit
3609 4954 3742 5008 Deus

2166 5037 2440 5092 Abraham
2464 5039 2616 5109 quasi
2647 5041 2738 5110 qui
2769 5039 2925 5095 ﬁdem
2961 5042 3078 5111 ejus
3103 5041 3396 5114 ignoraret,
3426 5045 3523 5099 sed
3555 5055 3614 5099 ut
3636 5045 3744 5116 ipse

2167 5127 2440 5182 Abraham
2471 5137 2525 5182 et
2554 5131 2785 5184 mundus
2817 5130 2938 5185 ﬁdei
2966 5130 3083 5200 ejus
3107 5132 3393 5190 veritatem
3426 5145 3486 5189 et
3525 5135 3744 5190 ﬁrmita-

2169 5222 2276 5268 tem
2304 5223 2668 5285 cognosceret.

2247 5303 2404 5358 Vsns.
2441 5306 2524 5359 19.
2555 5335 2622 5345 -
2644 5304 2711 5359 Et
2741 5306 2795 5359 in
2819 5306 3140 5375 parabolam.
3175 5307 3307 5364 Fide
3339 5308 3540 5365 obtulit
3578 5309 3742 5366 Abra-

2171 5397 2295 5449 ham
2318 5410 2422 5449 non
2453 5395 2625 5449 solum
2659 5396 2709 5450 in
2737 5413 2814 5461 re,
2843 5398 2934 5451 sed
2963 5399 3124 5454 etiam
3148 5400 3202 5452 in
3223 5399 3638 5470 signiﬁcatione.
3665 5401 3743 5458 ln-

2171 5484 2372 5540 tellexit
2385 5487 2529 5539 enim
2543 5486 2816 5541 Christum
2830 5488 3118 5557 signiﬁcari
3129 5529 3142 5552 ,
3159 5487 3312 5556 cujus
3322 5490 3498 5545 deitas
3510 5507 3617 5547 non
3629 5507 3741 5548 mo-

2171 5577 2338 5637 ritur;
2372 5578 2463 5630 sed
2494 5577 2636 5631 aries
2663 5577 2872 5631 lurrens
2899 5579 3153 5634 cornibus
3173 5579 3316 5634 inter
3333 5595 3531 5650 vepres
3549 5623 3564 5645 ,
3593 5581 3645 5637 id
3666 5591 3744 5634 est

2169 5683 2295 5722 caro
2325 5667 2572 5722 laborans
2605 5669 2744 5722 inter
2770 5667 2980 5723 Judzcos
3019 5670 3071 5724 in
3109 5670 3364 5725 cornibus
3398 5672 3578 5726 crucis
3600 5711 3614 5736 ,
3652 5687 3741 5740 po-

2171 5759 2270 5813 tuit
2303 5759 2409 5814 Deo
2437 5757 2617 5814 offerri
2643 5759 2809 5828 spinis
2835 5757 3071 5816 Judaicis
3095 5769 3218 5816 ante
3243 5769 3525 5817 coronata.
