3948 6314
179 374 272 431 665

1087 373 1352 432 GLOSSA
1390 374 1787 437 OBDINABIA.
1820 402 1891 415 --
1928 376 2145 434 EPIST.
2184 378 2277 436 AD
2314 381 2519 441 HEBR.

3305 383 3415 443 068

244 488 394 544 Vsus.
423 485 511 542 20.
539 517 609 527 —-
629 485 806 544 Isaac.
836 487 1023 546 Fidem
1066 490 1157 545 hic
1186 490 1394 555 habuit,
1425 506 1530 546 non
1559 490 1739 546 solum
1763 490 1811 551 A
1912 490 2073 549 Vsus.
2119 493 2210 551 35.
2242 523 2312 537 --
2341 493 2448 561 Qui
2478 512 2571 565 per
2592 494 2771 565 ﬁdem.
2819 494 2935 551 Etsi
2979 498 3195 553 recusat
3236 497 3420 555 dicere

178 583 313 659 quod
355 580 665 639 benedictus
718 591 862 638 esset
906 582 1119 649 melior,
1164 585 1259 638 sed
1303 585 1469 639 etiam
1513 583 1742 639 credidit

180 674 313 747 quod
333 670 672 728 Christianus
713 673 941 744 populus
985 675 1361 744 supplantaret
1406 675 1740 732 benedictio-

179 782 291 823 nem
318 763 511 818 iudicis
539 762 735 839 factam
765 775 827 837 et
847 766 1192 836 promissam.
1732 818 1739 825 ί

243 852 399 908 Vsus.
428 852 519 907 2|.
541 883 611 894 -—
629 853 878 910 Adoravit
908 854 1194 927 fastigium,
1219 864 1328 911 etc.
1352 855 1514 912 Forte
1542 856 1742 913 tulerat

175 967 202 1000 ει
230 938 332 1002 lilio
357 945 585 1022 virgam,
616 947 831 1016 quando
857 947 907 1002 ei
932 946 1094 1003 ﬁdem
1128 946 1271 1001 ﬁlius
1293 946 1511 1016 iurabat
1533 956 1589 1004 et
1611 948 1739 1003 dum

177 1053 290 1096 eum
346 1045 592 1103 teneret,
632 1048 754 1107 post
792 1039 956 1094 verba
1008 1038 1281 1105 iurantis,
1331 1055 1453 1094 mox
1492 1040 1742 1094 adoravit

176 1128 350 1184 Deum.
374 1123 490 1180 Non
512 1126 657 1181 enim
677 1128 915 1197 pudebat
937 1143 1060 1184 cum
1086 1126 1226 1184 ferre
1250 1128 1513 1198 tantisper
1534 1128 1742 1198 insigne

175 1219 444 1293 potestatis
472 1218 563 1274 ﬁlii
594 1220 699 1285 sui,
725 1220 813 1275 ubi
847 1221 1019 1291 ﬁgura
1046 1236 1257 1291 magna:
1288 1221 1366 1276 rei
1395 1219 1590 1277 futura:
1607 1236 1744 1290 pne-

172 1311 492 1383 siguabatur,
517 1318 573 1365 et
610 1312 758 1381 regni
783 1311 984 1368 Christi
1013 1311 1183 1371 futuri
1211 1312 1267 1371 in
1291 1312 1562 1383 gentibus.

235 1398 392 1452 Vsus.
416 1396 512 1452 ἓξ.
534 1427 605 1439 -—
638 1396 710 1450 De
731 1397 931 1453 ossibus
981 1399 1090 1453 suis
1138 1398 1426 1457 mandavit,
1474 1396 1744 1466 Adjurans

172 1490 298 1545 ﬁlios
321 1486 509 1553 Israel,
538 1500 597 1544 ut
623 1499 964 1560 asportarent
996 1506 1060 1547 ea
1093 1490 1147 1549 in
1180 1498 1395 1561 terram
1430 1490 1742 1561 promissio-

170 1581 262 1643 nis,
287 1585 343 1634 et
366 1580 728 1637 recondereut
771 1596 836 1634 ea
879 1582 934 1635 in
979 1580 1228 1651 sepulcro
1247 1590 1458 1649 patrum
1488 1594 1741 1648 suorum,

169 1666 361 1724 scilicet
380 1669 439 1723 in
466 1668 718 1743 spelunca
750 1669 968 1739 duplici.
996 1670 1049 1731 in
1074 1686 1180 1739 qua
1209 1671 1400 1739 sepulti
1427 1679 1555 1725 sunt
1570 1670 1744 1727 Abra-

166 1759 302 1825 haut,
333 1771 388 1815 et
436 1758 608 1824 Isaac,
652 1770 706 1833 et
729 1760 912 1826 Jacob,
961 1770 1017 1823 et
1055 1748 1234 1817 caeteri
1263 1770 1320 1816 et
1342 1772 1542 1832 patres,
1569 1762 1661 1818 ubi
1689 1772 1745 1818 et

1840 597 1961 652 qua:
1988 583 2216 640 fecerint
2244 586 2473 656 singuli,
2503 587 2636 642 dicit
2673 595 2854 642 tamen
2880 601 3001 657 qua:
3039 588 3255 656 quidam
3281 603 3417 659 ope-

1841 674 1940 727 rati
1974 682 2099 729 sunt
2130 674 2252 733 ﬁde.
2274 675 2755 746 Repromissioues:
2764 676 2906 733 Dicit
2927 676 3217 747 Apostolus
3240 694 3420 750 repre-

1839 762 2110 817 missiones
2142 772 2198 818 et
2242 779 2347 820 non
2393 765 2815 833 promissioues,
2857 765 2983 834 quia
3028 767 3420 837 promissiones

1841 850 2021 905 multa:
2050 860 2176 907 sunt
2198 846 2354 909 facta:
2375 854 2564 919 David,
2583 863 2642 909 ut
2659 855 2910 910 Abrahae.
2937 854 3225 925 Sapienter
3249 857 3420 912 histo-

1842 940 2043 995 riarum
2073 945 2638 1000 commemorationem
2669 946 2822 1006 vitat.
2847 960 2913 1001 ne
2935 961 3238 1002 sermonem
3262 962 3419 1005 suum
3452 970 3457 971 ί

1841 1031 2109 1100 protelet,
2141 1033 2379 1089 breviter
2414 1036 2658 1104 quaedam
2699 1044 2940 1108 tangens.
2975 1035 3085 1092 Nec
3118 1036 3264 1092 enim
3304 1052 3423 1094 οων

1842 1123 1973 1179 uiuo
2003 1124 2188 1189 tacuit,
2220 1140 2321 1181 nec
2354 1125 2537 1183 dicens
2575 1125 2833 1183 molestus
2874 1125 3097 1182 effectus
3138 1137 3251 1189 est.
3285 1126 3424 1199 fugit

1845 1214 2167 1269 densitatem
2195 1225 2249 1270 et
2275 1216 2687 1287 longitudinem,
2720 1232 2786 1271 ne
2819 1216 3006 1288 fatiget
3029 1218 3350 1274 auditorem.

1914 1305 2078 1359 Vens.
2110 1305 2201 1360 55.
2224 1337 2296 1351 --
2314 1307 2422 1360 Alii
2449 1316 2624 1363 autem
2644 1307 2877 1371 distenti,
2909 1315 3017 1362 etc.
3046 1305 3107 1361 In
3126 1307 3233 1363 illis
3250 1307 3427 1364 Patri-

1844 1395 1944 1451 bus
1966 1394 2179 1457 Veteris
2200 1396 2552 1463 Testamenti,
2568 1399 2816 1468 quamvis
2835 1414 2980 1463 rara,
3003 1397 3222 1455 fuerunt
3245 1407 3426 1453 tamen

1844 1490 2087 1560 exempla
2114 1490 2420 1561 patientire,
2452 1508 2484 1547 a
2512 1492 2774 1563 sanguine
2810 1492 2943 1548 Abel
2979 1506 3153 1562 usque
3192 1491 3261 1547 ad
3299 1506 3426 1547 san-

1846 1582 2067 1653 guinem
2095 1583 2388 1648 Zacharias,
2413 1599 2642 1653 quorum
2667 1583 2982 1653 sanguinem
3010 1582 3145 1639 dicit
3169 1580 3429 1637 Dominus

1845 1674 1913 1729 ab
1941 1675 2022 1729 eis
2051 1675 2399 1745 exigendum,
2435 1677 2524 1744 qui
2554 1677 2607 1730 in
2642 1684 2855 1745 patrum
2887 1691 3108 1732 suorum
3142 1673 3206 1747 (a
3235 1673 3430 1746 quibus

1849 1764 1922 1818 illi
1961 1764 2126 1819 occisi
2167 1764 2312 1837 sunt)
2357 1765 2642 1834 iniquitate
2687 1765 3062 1836 persisterent.
3096 1764 3162 1818 Et
3199 1763 3255 1818 in
3281 1761 3431 1817 Novo

164 1853 327 1909 Adam
352 1862 408 1909 et
430 1853 549 1909 Eva
572 1855 941 1925 quiescebant.
965 1854 1118 1922 Quod
1141 1855 1265 1911 ideo.
1285 1855 1590 1920 voluerunt,
1617 1855 1743 1925 quia
1773 1847 1817 1906 B
1847 1856 2217 1921 Testamento,
2246 1872 2354 1913 non
2398 1858 2685 1914 defuerunt
2724 1858 3002 1928 temporali
3034 1857 3290 1912 felicitate
3314 1854 3418 1911 sol-

166 1942 214 1996 iu
248 1955 309 1996 ea
357 1953 512 1997 terra
550 1944 915 2013 przm'idcrunt
962 1945 1297 2001 nasciturum
1343 1944 1653 2011 Christum,
1682 1951 1743 2000 ut

165 2046 278 2086 cum
300 2046 364 2087 eo
395 2043 766 2105 resurgerem.

231 2117 392 2176 Vsus.
419 2120 517 2175 ‘26.
539 2150 610 2160 —-
634 2120 1014 2192 Impmperiunt
1042 2122 1256 2179 Christi.
1303 2122 1417 2179 Hoc
1440 2124 1610 2188 dixit,
1655 2124 1744 2180 vel

161 2212 296 2283 quod
322 2210 539 2284 Moyses
569 2220 845 2282 pateretur
882 2228 980 2283 pro
1006 2213 1244 2282 Christo,
1282 2215 1365 2272 vel
1395 2217 1541 2285 quod
1573 2216 1739 2288 signi-

165 2301 351 2357 ﬁcabat
377 2302 707 2373 improperia
737 2301 939 2358 Christi
975 2303 1155 2360 futura
1182 2322 1194 2358 :
1227 2305 1333 2371 vel,
1362 2305 1507 2375 quod
1535 2305 1744 2377 Moyses

162 2393 409 2448 sustinuit
440 2409 474 2447 a
503 2394 759 2449 fratribus
776 2395 888 2450 suis
912 2384 1048 2465 quos
1078 2394 1311 2451 liberare
1335 2396 1575 2460 volebat,
1603 2398 1744 2454 sicut

161 2484 403 2541 Christus
433 2500 467 2541 a
498 2487 611 2542 suis
653 2501 790 2557 quos
820 2486 1087 2542 redimere
1112 2494 1356 2542 venerat.
1380 2485 1457 2541 Illi
1489 2487 1744 2542 dixerunt

160 2574 374 2632 Christo
398 2594 411 2631 :
438 2575 770 2632 Dtemonium
795 2577 953 2633 habes
981 2577 1144 2647 (Joau
1171 2579 1293 2650 νη).
1314 2579 1383 2638 Ει
1408 2578 1496 2634 isti
1532 2578 1700 2650 Moysi
1726 2598 1740 2634 :

171 2662 256 2725 't’is,
318 2685 417 2724 nos
494 2669 782 2743 interﬁcere
811 2708 826 2736 ,
884 2672 1021 2727 sicut
1078 2671 1387 2740 interfecisti
1432 2670 1744 2742 ngyptium

161 2757 356 2829 (Exod.
393 2760 501 2831 tt)?
539 2759 689 2828 Quod
730 2769 910 2820 tamen
954 2762 1228 2834 patienter
1268 2762 1557 2823 sustinuit.
1602 2762 1745 2819 sicut

159 2860 212 2907 et
230 2852 507 2909 Christus.
1276 2906 1283 2911 .

231 2942 396 3000 Vsus.
432 2945 520 2999 27.
553 2976 624 2986 —
650 2944 774 3001 Non
811 2949 1026 3004 veritus.
1057 2947 1211 3017 Quod
1253 2950 1403 3020 prius
1448 2948 1662 3021 fugerat
1688 2948 1751 3004 in

155 3045 362 3093 terram
390 3036 627 3102 Madian,
669 3053 776 3094 non
801 3037 904 3095 fuit
930 3050 1106 3096 metus
1127 3081 1144 3106 ,
1174 3042 1268 3096 sed
1298 3041 1431 3097 ﬁdes
1456 3058 1472 3106 ;
1512 3056 1578 3097 eo
1601 3040 1747 3111 quod

148 3125 426 3183 credebat
450 3142 482 3181 a
505 3125 616 3181 Deo
649 3127 892 3183 liberari.
922 3129 1107 3184 Noluit
1140 3131 1215 3185 ibi
1246 3145 1485 3194 manere,
1510 3146 1577 3185 ne
1603 3137 1747 3185 esset

146 3234 322 3277 causa
342 3218 649 3289 iactantiae,
669 3219 716 3273 si
745 3220 799 3275 in
820 3229 1064 3290 apertum
1098 3220 1395 3291 periculum
1422 3235 1483 3276 se
1502 3220 1746 3291 praecipi—
1772 3217 1819 3279 C

150 3316 318 3374 taret,
343 3316 405 3364 et
435 3316 667 3365 tentaret
685 3310 874 3377 Deum,
896 3309 1039 3380 quod
1061 3309 1391 3366 diabolieum
1422 3318 1526 3367 est.
1557 3309 1745 3366 Sancti

152 3399 326 3464 enim,
354 3399 598 3468 quandiu
621 3399 823 3455 habent
845 3399 974 3471 quid
997 3399 1225 3466 faciant,
1253 3415 1361 3455 non
1392 3401 1593 3456 debent
1626 3408 1748 3456 ten-

154 3500 274 3547 tare
300 3491 499 3554 Deum,
532 3498 592 3544 ut
615 3499 670 3547 et
706 3491 968 3547 Dominus
1002 3493 1181 3548 locum
1207 3492 1357 3547 dedit
1389 3490 1614 3556 Judais,
1653 3492 1746 3561 qui

151 3593 211 3642 et
233 3585 352 3641 suis
374 3586 632 3663 praecepit
659 3602 674 3639 :
712 3584 774 3641 Si
812 3602 903 3641 uos
935 3586 1191 3656 persecuti
1230 3585 1427 3656 fuerint
1457 3586 1513 3640 in
1533 3602 1639 3641 una
1666 3586 1745 3641 ei-

152 3676 333 3742 sitate,
353 3674 525 3746 fugite
547 3677 604 3729 in
628 3675 790 3731 aliain
822 3675 1036 3749 (Matth.
1066 3679 1147 3747 Σ).

222 3764 400 3824 Vens.
433 3766 526 3824 28.
562 3797 634 3814 -π-
662 3765 801 3823 Fide
839 3767 1111 3824 celebravit
1148 3767 1379 3824 Pascha.
1410 3768 1524 3825 Hac
1555 3770 1744 3840 utique

153 3856 280 3928 quia
315 3858 401 3913 sic
429 3858 663 3915 credidit
698 3860 954 3931 populum
981 3860 1302 3917 salvandum
1331 3878 1347 3921 ς
1381 3862 1503 3918 illos
1526 3863 1746 3934 quidem

152 3961 184 4002 a
207 3947 529 4014 Pharaone,
551 3965 653 4005 nos
679 3966 711 4004 a
747 3950 984 4008 diabolo.
1554 3994 1563 3997 -

226 4037 403 4095 Vens.
435 4038 529 4095 29.
570 4070 638 4080 —
669 4038 1007 4096 Transierunt
1038 4058 1186 4097 mare
1226 4040 1483 4109 Rubrum,
1514 4053 1621 4098 etc.
1651 4042 1744 4099 Sic

151 4142 250 4198 per
273 4130 614 4202 baptismum
646 4130 834 4186 ﬁdeles
860 4140 1159 4197 transeunt,
1192 4131 1433 4188 remissis
1473 4134 1742 4201 peccatis;

154 4227 419 4291 tanquam
435 4220 710 4292 Egyptiis
734 4237 860 4277 cum
888 4221 1102 4278 diabolo
1126 4222 1370 4294 puincipe
1396 4224 1746 4283 tenebrarum

151 4312 482 4373 submersis.
584 4358 589 4367 .
1126 4372 1230 4399 Α..
1406 4344 1409 4357 ε

227 4405 401 4461 Vsus.
429 4405 527 4460 50.
558 4437 629 4447 -
663 4406 900 4461 Circuitu
940 4407 1143 4461 dierum
1181 4415 1375 4474 septem
1426 4407 1743 4478 completoa

148 4493 357 4554 Levitis
381 4485 569 4553 arcam
603 4497 696 4553 Dei
740 4498 1100 4569 portantibus,
1146 4508 1202 4553 et
1227 4498 1392 4553 amcis
1421 4499 1563 4553 tubis
1587 4498 1739 4553 clau-

148 4590 431 4662 gentibus.
505 4628 511 4635 η

217 4680 390 4737 Vens.
426 4678 519 4735 51.
536 4708 605 4724 -τ-
625 4676 905 4747 Excipiam
929 4675 1283 4746 exploratores
1310 4693 1427 4731 cum
1449 4693 1597 4749 pace,
1628 4687 1737 4734 etc.

147 4770 315 4837 Quasi
342 4784 360 4825 :
399 4766 484 4823 Ita
525 4775 581 4821 et
614 4781 710 4820 vos
735 4765 943 4821 debetis
978 4765 1086 4820 duo
1119 4764 1464 4821 Testamenta
1494 4781 1741 4836 perapo-

146 4861 318 4918 stolos
368 4869 632 4928 tanquam
674 4855 1046 4926 exploratores
1074 4871 1105 4910 a
1147 4855 1366 4911 Christo
1404 4857 1596 4913 missos
1624 4872 1743 4913 cre-

147 4951 329 5007 dendo
371 4948 664 5019 excipere,
719 4954 776 5001 et
813 4945 889 5001 ita
927 4960 1052 5001 cum
1096 4944 1402 5001 inﬁdelibus
1454 4960 1562 5002 non
1617 4961 1742 5017 per-

147 5039 321 5100 ibitis.
1594 5062 1599 5085 τ

218 5129 396 5187 Vens.
428 5129 521 5186 52.
544 5159 619 5173 —-
644 5126 722 5183 De
749 5124 981 5183 Gedeon.
1013 5126 1154 5197 Ipse.
1189 5136 1410 5197 accepto
1448 5128 1604 5200 signo
1627 5128 1743 5185 vel—

147 5222 280 5279 leris
307 5239 343 5279 a
366 5222 624 5289 Domino,
655 5221 753 5288 ivit
776 5230 966 5277 contra
996 5219 1318 5279 Madianitas
1339 5237 1462 5278 cum
1489 5224 1743 5282 trecentis

144 5319 307 5387 viris,
338 5334 550 5389 eosque
579 5328 739 5374 noctu
767 5319 1108 5392 expugnavit.
1142 5318 1388 5375 Samson.
1416 5320 1545 5384 Hic,
1575 5330 1636 5377 ut
1666 5323 1743 5381 le-

146 5406 315 5481 gitr‘
339 5412 398 5467 in
444 5409 584 5465 libro
619 5407 900 5474 Judicum,
949 5408 1141 5465 adlisit
1182 5408 1533 5466 vehementer
1578 5412 1742 5469 Phili-

147 5498 376 5557 stbatos.
405 5500 613 5565 Iephte.
649 5499 778 5566 llic,
808 5514 931 5555 cum
956 5499 1059 5554 iret
1084 5499 1152 5554 ad
1176 5512 1404 5571 pugnam
1427 5509 1617 5557 contra
1643 5504 1740 5560 ho-

146 5599 285 5656 stes,
315 5591 469 5647 vovit
500 5591 725 5646 Domino
769 5593 932 5662 quod,
966 5592 1013 5646 si
1042 5592 1369 5663 triumphum
1399 5593 1466 5648 de
1496 5593 1740 5651 hostibus

147 5690 568 5754 assequeretur,
598 5681 829 5744 rediens.
854 5681 997 5753 quod
1027 5683 1203 5754 primo
1227 5690 1553 5748 occurreret,
1583 5683 1739 5741 oﬂ'er-

148 5778 232 5831 ret
267 5774 429 5830 Deo:
464 5776 807 5846 occurritque
834 5790 866 5829 ρ
912 5773 1040 5841 Ilia,
1066 5790 1228 5846 quam
1253 5775 1568 5833 immolavit.

1847 1948 2047 2014 lentes,
2077 1949 2130 2004 in
2158 1964 2266 2018 quo
2300 1950 2728 2005 misericordiam
2758 1950 2850 2005 Dei
2879 1949 3210 2020 experimur.

1915 2038 2081 2095 Vrsas.
2120 2040 2209 2096 38.
2236 2071 2309 2087 -ε-
2338 2041 2539 2107 Quibus
2582 2042 2773 2110 dignus
2812 2056 2915 2095 non
2943 2050 3061 2095 erat
3086 2039 3334 2095 mundus.
3372 2036 3433 2094 ω

1843 2144 1945 2201 est,
1974 2150 2207 2206 quorum
2234 2134 2645 2190 conversatione
2676 2149 2781 2188 non
2813 2142 2927 2188 erat
2956 2131 3182 2187 mundus
3206 2130 3431 2202 dignus,

1844 2227 2072 2298 ideoque
2095 2241 2167 2282 ne
2192 2226 2327 2282 viles
2348 2227 2650 2282 habeantur
2673 2240 2771 2296 pro
2801 2223 3046 2279 toleratis
3075 2219 3432 2278 tribulationi-

1844 2320 1945 2374 bus
1971 2337 1983 2372 :
2011 2316 2124 2380 vel.
2166 2318 2303 2373 adeo
2340 2317 2474 2372 viles
2494 2313 3001 2380 eranthominibus,
3025 2321 3086 2368 ut
3110 2318 3433 2384 putarentur

1842 2426 1949 2465 non
1980 2423 2102 2466 esse
2141 2408 2290 2482 digni
2329 2419 2478 2465 stare
2506 2409 2591 2463 vel
2626 2407 2872 2463 habitare
2903 2407 3045 2461 inter
3070 2417 3184 2460 eos.
3224 2402 3294 2458 Et
3319 2410 3431 2457 tam

1846 2500 1917 2555 illi
1960 2515 2123 2570 quam
2151 2501 2381 2569 priores,
2417 2515 2521 2553 non
2550 2495 2879 2568 acdeperuut
2901 2496 3085 2553 statim
3108 2493 3431 2566 promissam

1844 2590 2011 2645 vitam
2051 2600 2223 2659 usque
2260 2589 2329 2645 ad
2366 2588 2664 2644 Christum.
2694 2586 2816 2643 .Cur
2843 2601 2952 2641 non
2996 2585 3286 2641 subditur:
3403 2618 3407 2623 η

1915 2680 2082 2736 Vsus.
2108 2680 2198 2735 ιο.
2232 2710 2304 2722 --
2328 2680 2438 2735 Deo
2473 2696 2569 2750 pro
2611 2678 2758 2735 nobis
2796 2677 2982 2732 melius
3011 2674 3217 2747 aliun
3253 2690 3417 2746 prere

1844 2773 2017 2827 dente.
2045 2771 2215 2827 Prout
2238 2780 2489 2827 naturam
2525 2779 2764 2825 nostram
2794 2775 3128 2831 assumeret,
3156 2773 3213 2820 et
3230 2764 3402 2838 glorio

1846 2862 1960 2917 sius
1985 2861 2269 2917 nobiscum
2294 2860 2608 2916 exsultaret.
2634 2858 2692 2914 Si
2716 2857 2789 2912 illi
2814 2863 3108 2912 tenuerunt
3133 2853 3317 2920 ﬁdem,
3339 2854 3431 2923 qui

1846 2956 1946 3013 nos
1971 2958 2153 3016 tandiu
2180 2964 2640 3027 exspectaxerunt
2670 2955 2932 3026 requiem,
2962 2952 3134 3009 multo
3153 2951 3326 3024 magis
3346 2960 3431 3007 te-

1850 3064 2099 3115 neamus,
2132 3049 2226 3119 qui
2257 3056 2440 3103 statim
2470 3063 2501 3102 a
2535 3056 2711 3101 morte
2735 3046 3055 3116 accipimus.

2445 3200 2674 3257 CAPUT
2712 3198 2823 3254 XII.

1917 3318 2081 3374 Vsus.
2108 3316 2161 3371 l.
2189 3346 2263 3358 —-
2291 3315 2525 3386 Ideoque.
2551 3325 2605 3370 et
2626 3330 2740 3368 nos.
2771 3312 2899 3368 Post
2932 3311 3057 3367 ﬁdei
3082 3312 3441 3368 commenda-
3500 3372 3509 3377 _

1847 3409 2072 3474 tionem,
2099 3407 2166 3463 ad
2192 3407 2321 3462 illud
2352 3407 2495 3476 quod
2526 3407 2826 3475 inceperat
2848 3403 3011 3469 redit,
3039 3403 3335 3459 exhortans
3362 3404 3435 3461 ad

1847 3498 2163 3570 patientiam
2185 3497 2433 3567 pluribus
2456 3497 2656 3560 modis,
2672 3503 2730 3550 et
2747 3494 3016 3566 praecipue
3037 3493 3208 3564 ipsius
3223 3490 3432 3552 Christi

1845 3590 2112 3661 exemplo.
2157 3588 2384 3643 Nubem.
2427 3587 2485 3642 l:l
2529 3596 2615 3642 est
2650 3586 3049 3641 multitudinem
3092 3592 3432 3654 sanctorum,

1845 3684 1939 3753 qui
1972 3692 2139 3737 testes
2179 3689 2307 3736 sunt
2346 3679 2501 3745 ﬁdei,
2521 3680 2612 3749 qui
2657 3688 2716 3734 ut
2756 3679 2928 3734 nubes
2972 3676 3223 3747 exemplo
3252 3677 3343 3733 sui
3371 3678 3430 3733 in

1843 3780 1977 3828 testu
1998 3771 2407 3827 tribulationum
2434 3784 2535 3824 nos
2555 3768 2904 3840 refrigerant,
2924 3775 2981 3822 et
3000 3766 3265 3823 doctrinis
3284 3780 3435 3823 com-

1843 3863 2055 3933 pluunt.
2416 3902 2421 3907 .
2680 3900 2685 3907 ,
3158 3916 3163 3921 ἡ
3300 3908 3303 3913 κ

1852 3976 1855 3981 ⁴
1921 3956 2082 4011 Vens.
2107 3954 2163 4009 2.
2192 3983 2264 3995 ——-
2288 3952 2391 4019 Qui
2411 3952 2675 4022 proposito
2698 3952 2798 4005 sibi
2823 3951 3040 4020 gaudio,
3074 3959 3178 4005 etc.
3214 3948 3306 4006 Sic
3329 3963 3435 4005 nos

1842 4047 2120 4118 proposito
2168 4044 2325 4099 nobis
2360 4050 2562 4097 aeterno
2600 4042 2832 4113 gaudio,
2879 4039 3188 4111 posthabita
3231 4039 3429 4096 confu-

1844 4136 2017 4200 sione,
2047 4136 2304 4190 debemus
2330 4148 2584 4196 currere;
2632 4132 2743 4193 vel,
2784 4131 3062 4200 proposito
3087 4132 3188 4186 sibi
3231 4131 3430 4202 gaudio

1847 4224 2160 4295 temporalis
2192 4225 2363 4295 regni,
2413 4224 2630 4293 quando
2656 4221 2944 4289 voluerunt
2979 4236 3104 4276 eum
3142 4221 3312 4277 turbs
3337 4235 3429 4275 ra-

1844 4332 1972 4388 pere
1995 4324 2054 4370 ut
2083 4315 2326 4371 facerent
2350 4328 2552 4383 regem,
2583 4322 2638 4369 et
2670 4313 2864 4378 noluit,
2886 4313 3014 4384 quia
3049 4320 3169 4367 erat
3194 4311 3280 4366 via
3318 4309 3425 4366 hu-

1845 4409 2109 4463 utilitatis.

1919 4499 2080 4556 Vsus.
2119 4500 2174 4554 5.
2213 4529 2286 4540 -
2305 4498 2633 4568 Deﬁcientes.
2658 4497 2901 4554 Deﬁcere
2921 4506 3005 4554 est
3032 4498 3224 4553 timore
3253 4495 3425 4552 tribu-

1734 4620 1739 4627 ι
1766 4559 1820 4618 Ῑ)
1848 4592 2063 4648 latiouis
2101 4592 2273 4647 tidcm-
2294 4602 2510 4660 negare.
2547 4590 2730 4659 Itaque
2764 4604 2870 4644 non
2911 4589 3118 4644 debetis
3147 4587 3381 4642 deﬁcere
3403 4626 3419 4651 ,

1845 4696 2019 4753 neque
2045 4684 2190 4738 enim
2213 4683 2346 4738 estis
2369 4680 2520 4738 obliti
2545 4696 2640 4737 vos
2657 4681 3065 4737 consolationis.
3092 4693 3195 4734 nec
3212 4678 3422 4736 debetis

1843 4774 2109 4830 oblivisci.
2968 4814 2971 4815 ν
3162 4795 3167 4801 ι
3218 4810 3223 4819 ι
3350 4814 3353 4815 ν

1919 4864 2075 4921 Vens.
2105 4864 2160 4920 6.
2186 4895 2257 4905 -—
2280 4863 2499 4919 Omnem
2520 4863 2710 4933 ﬁlium.
2740 4862 2914 4919 Etiam
2949 4861 3166 4917 unicum
3195 4861 3288 4933 qui
3319 4859 3423 4919 fuit

1842 4958 1957 5012 sine
1984 4964 2226 5026 peccato.
2258 4953 2316 5010 Si
2344 4970 2472 5024 ergo
2494 4962 2756 5022 exceptus
2789 4968 2850 5009 es
2887 4969 2921 5007 a
2958 4953 3212 5023 passione
3237 4952 3422 5026 ﬂagel-

1844 5051 2038 5111 lorum,
2070 5055 2329 5117 exceptus
2369 5060 2430 5101 es
2470 5061 2502 5100 a
2543 5059 2771 5102 numero
2802 5042 3056 5100 ﬁliorum.
3098 5043 3303 5101 Unicus
3329 5044 3421 5099 ille

1844 5141 1909 5195 de
1940 5139 2115 5194 Patris
2157 5138 2458 5193 substantia
2504 5145 2663 5191 natus
2702 5135 2927 5206 aequalis
2956 5135 3104 5190 Patri
3148 5136 3204 5190 in
3244 5135 3418 5191 forma

1843 5228 1958 5293 Dei,
1990 5227 2220 5283 Verbum
2250 5242 2360 5296 quo
2386 5225 2527 5281 facta
2553 5226 2678 5281 sunt
2705 5226 2909 5291 omnia,
2933 5241 3038 5281 non
3064 5225 3300 5281 habebat
3324 5226 3417 5282 ubi

1843 5317 2220 5389 ﬂagellaretur.
2266 5314 2348 5370 Ad
2394 5316 2497 5370 hoc
2538 5323 2716 5369 alitem
2745 5328 2914 5370 carne
2946 5315 3165 5370 indutus
3190 5322 3309 5381 est,
3357 5322 3418 5370 ut

1843 5413 1959 5467 sine
1986 5410 2196 5482 ﬂagello
2224 5424 2329 5463 non
2355 5419 2517 5464 esset.
2540 5408 2640 5475 Qui
2662 5407 3133 5478 ﬁagellat'tmicom
3155 5407 3275 5464 sine
3291 5423 3416 5478 pec-

1841 5509 1986 5565 cato,
2017 5499 2271 5569 relinquit
2290 5499 2600 5570 adoptatum
2629 5499 2722 5570 qui
2750 5498 2837 5555 est
2853 5514 2978 5553 cum
3000 5498 3261 5568 peccato?
3284 5493 3416 5554 Uni-

1840 5608 1935 5649 cus
1961 5594 2078 5648 sine
2097 5600 2337 5662 peccato,
2369 5606 2472 5646 non
2496 5601 2674 5648 tamen
2705 5594 2825 5648 sine
2850 5590 3081 5664 ﬂagello,
3106 5589 3414 5665 exemplum

1840 5684 1994 5740 nobis
2022 5684 2297 5754 proposuit
2345 5684 2397 5738 iu
2444 5684 2784 5754 passiouibes
2812 5684 2943 5739 suis.
2983 5681 3101 5736 Non
3136 5694 3267 5751 ergo
3294 5690 3411 5735 tura

1839 5777 1955 5832 bari
1993 5777 2267 5844 debemus,
2299 5790 2421 5831 eum
2449 5770 2884 5847 aliquis'senctus
2906 5772 3089 5844 gravia
3110 5780 3165 5827 et
3192 5764 3413 5845 indigtia
