3948 6314
532 371 637 430 δω

1030 373 1419 429 \VALAFRIDI
1458 373 1706 430 STRABI
1745 376 1947 433 FULD.
1990 377 2153 434 MON.
2193 380 2344 438 OPP.
2387 381 2566 442 PARS
2605 385 2643 441 l.
2687 417 2751 428 --
2793 386 3248 449 THEOLOGICA.

3679 398 3777 456 668

532 486 854 555 perpetitur,
872 485 916 539 si
945 484 1103 539 obliti
1125 501 1230 540 non
1259 501 1448 542 sumus
1475 503 1594 557 qua:
1618 488 2100 558 pertuleritJustus
2125 495 2172 553 Α
2202 495 2324 563 quia
2353 498 2491 552 desit
2531 501 2720 570 gratiae
2761 501 2845 557 his
2883 505 3056 560 modis
3098 521 3233 576 quos
3275 507 3547 576 subdidit,
3591 522 3777 583 parata

528 578 827 645 iustorum,
874 574 1213 644 Sanctusqne
1262 585 1594 632 sanctorum.
1642 579 1710 634 Et
1741 590 1968 636 attende
2012 581 2100 637 hic

525 662 792 731 justitiam
837 673 893 718 et
935 664 1360 721 misericordiam
1406 668 1522 724 Dei.
1570 668 1786 724 iustitia
1830 679 1914 726 est
1952 671 2101 727 ineo

527 755 674 826 quod
701 754 952 826 ﬂagellat.
986 755 1350 812 Misericordia
1381 761 1585 815 veroin
1616 775 1682 815 eo
1719 763 1860 831 quod
1888 763 2096 833 recipit.

608 844 765 901 Vnus.
802 847 855 902 8.
887 877 958 890 σ-
983 845 1126 917 Ergo
1151 849 1398 903 adulteri.
1443 849 1579 905 Nota
1616 867 1724 906 non
1759 853 1882 922 jure
1919 855 2099 909 vocari

529 943 762 1006 patrem,
788 937 877 1004 qui
908 951 972 990 ex
997 937 1262 992 adulterio
1285 941 1550 1010 genuerit,
1577 942 1701 1011 quia
1727 943 1795 996 ab
1821 958 1885 997 eo
1910 945 2099 1014 geniti,

524 1041 637 1080 non
669 1025 922 1080 dicuntur
953 1026 1046 1081 ﬁlii
1074 1027 1319 1097 legitimi.

601 1115 760 1172 Vens.
785 1118 838 1173 9.
862 1149 933 1158 —-
954 1118 1346 1176 Reverebamur.
1381 1121 1636 1178 Revereri
1657 1134 1740 1180 est
1763 1140 1886 1181 cum
1909 1126 2101 1183 timore

530 1207 788 1262 honorem
819 1208 1150 1278 impendere.

601 1294 766 1350 Vnas.
797 1296 886 1350 10.
922 1327 992 1338 ——
1015 1299 1079 1352 Et
1103 1298 1183 1352 illi
1207 1300 1432 1370 quidem.
1473 1301 1573 1357 Hic
1604 1303 1708 1358 alia
1751 1305 1891 1360 ratio
1913 1314 2098 1363 osten-

526 1385 708 1450 ditur,
755 1402 923 1456 quare
949 1389 1425 1459 obtemperandum
1457 1393 1538 1447 sit
1569 1392 1700 1448 Deo.
1744 1394 1826 1448 Ad
1865 1395 1921 1449 id
1960 1397 2100 1468 quod

521 1476 658 1530 utile
683 1488 778 1542 est,
815 1479 1039 1542 scilicet,
1073 1480 1127 1533 in
1156 1481 1447 1550 recipiendo
1467 1484 1934 1552 sanctiﬁcationem
1962 1487 2093 1556 ejus.

517 1603 523 1612 .
603 1565 766 1620 Vsus.
794 1567 878 1620 11.
895 1597 964 1607 -
981 1567 1288 1638 Disciplina.
1315 1569 1440 1625 Haec
1461 1587 1634 1642 grzece
1655 1573 1852 1629 dicitur
1872 1575 2096 1643 παιδεία,

445 1689 458 1704 .
518 1652 584 1707 id
624 1662 740 1719 est,
769 1656 999 1710 eruditio
1030 1672 1127 1726 per
1159 1657 1450 1725 molestias,
1493 1659 1707 1730 quando
1731 1678 1830 1733 pro
1863 1666 2099 1732 peccatis

519 1745 642 1800 :suis
668 1745 808 1800 mala
835 1747 957 1816 quis
985 1749 1205 1816 patitur,
1231 1758 1291 1804 ut
1320 1751 1624 1821 corrigatur
1643 1763 1801 1824 prout
1829 1756 1915 1811 hic
1946 1756 2097 1812 intel-

2203 587 2346 640 enim
2377 598 2460 644 est
2489 592 2683 660 gratia,
2712 601 2767 646 et
2796 593 2899 648 hoc
2926 603 3008 650 est
3029 613 3049 650 ’τ
3090 595 3214 652 Non
3237 600 3372 653 enim
3400 604 3692 658 accessistis
3714 607 3778 659 ad

2203 677 2548 746 asperitatem
2577 680 2731 751 legis,
2758 697 2920 751 quam
2950 685 3245 754 describit,
3283 697 3343 744 ut
3369 700 3592 746 econtra
3626 695 3778 750 intela

2201 764 2396 836 ligatur
2429 771 2665 826 suavitas
2693 773 2898 842 gratim,
2928 791 3035 831 non
3080 779 3148 834 ad
3192 780 3401 850 ignem,
3437 783 3534 838 sed
3562 785 3633 839 ad
3660 785 3775 858 Spi-

2202 859 2364 913 ritum
2398 871 2662 928 sanctum,
2692 866 2782 934 qui
2816 877 2899 922 est
2920 868 3059 940 ignis
3089 886 3414 930 consumens
3441 885 3695 945 peccata,
3715 881 3778 936 ad

2201 961 2359 1017 quem
2386 967 2488 1005 non
2520 962 2665 1007 motu
2693 957 2951 1025 corporis,
2979 959 3072 1013 sed
3095 961 3286 1030 spiritu
3312 963 3438 1017 itur.
3471 963 3517 1017 T
3521 966 3774 1023 urbium.

2201 1041 2381 1097 Turbo
2403 1051 2486 1098 est
2525 1046 2606 1101 vis
2630 1057 2908 1102 ventorum
2948 1067 3069 1105 cum
3100 1055 3363 1120 grandine
3395 1065 3449 1111 et
3476 1056 3659 1127 pluvia
3683 1100 3697 1126 ,
3729 1073 3779 1114 ct

2198 1132 2465 1202 signiﬁcat
2511 1135 2767 1204 impetum
2802 1139 3050 1195 vitiorum
3082 1158 3201 1211 qua:
3243 1159 3340 1214 per
3385 1145 3557 1218 legem
3609 1150 3778 1220 magis

2199 1219 2448 1276 damnata
2480 1233 2624 1279 sunt.
2655 1225 2764 1282 Sed
2788 1229 2950 1284 modo
2977 1232 3191 1286 venitur
3213 1236 3280 1289 ad
3310 1237 3666 1294 serenitatem
3686 1219 3779 1312 per

2199 1311 2425 1378 gratiam
2451 1311 2702 1382 Spiritus.
2736 1315 3044 1388 Caliginem.
3069 1321 3182 1378 Hoc
3208 1326 3360 1394 ponit
3390 1328 3518 1395 quia
3549 1327 3773 1385 obscura

2197 1396 2282 1451 lex
2312 1398 2432 1464 fuit,
2460 1402 2620 1456 modo
2640 1403 2782 1458 clara
2811 1407 3182 1480 intelligentia.
3213 1413 3528 1479 Procellam,
3554 1432 3678 1487 qua:
3701 1430 3778 1474 est

2199 1487 2371 1558 major
2395 1503 2556 1558 quam
2587 1493 2778 1560 turbo,
2799 1504 2854 1551 et
2879 1507 2962 1552 est
2991 1507 3283 1570 tempestas
3310 1519 3430 1572 qua:
3455 1520 3776 1578 quocunque

2198 1577 2439 1648 impellit.
2469 1580 2596 1638 Hac
2633 1594 2724 1638 est
2745 1588 2976 1642 servitus
3000 1592 3205 1658 peccati
3245 1593 3543 1649 secundum
3588 1577 3776 1667 opera-

2201 1668 2398 1724 tionem
2428 1686 2548 1741 qua:
2576 1687 2677 1743 per
2703 1674 2872 1746 legem
2900 1679 3147 1734 trahebat
3174 1681 3456 1739 homines:
3492 1687 3658 1742 modo
3686 1704 3773 1744 au-

2200 1765 2306 1818 tem
2330 1769 2416 1814 est
2441 1763 2708 1830 requiesa
2737 1766 2882 1823 vitiis
2903 1768 3250 1839 imperfectis.

531 1835 733 1906 ligitur.
785 1839 880 1894 Est
907 1849 964 1894 et
991 1841 1270 1910 disciplina
1304 1859 1423 1913 qua:
1461 1845 1684 1900 scientia
1721 1847 1948 1913 dicitur,
1979 1856 2036 1904 et
2063 1838 2170 1905 aB
2271 1848 2433 1906 Vens.
2458 1850 2541 1905 19.
2572 1882 2644 1892 --
2670 1852 2829 1910 Tuom
2865 1835 3077 1921 sonum.
3117 1852 3265 1918 T'uha
3302 1867 3634 1938 estsignum
3662 1887 3772 1933 mo.

530 1924 788 1982 discendo
812 1944 1009 1984 nomen
1035 1933 1263 2000 accepit,
1295 1942 1351 1988 et
1376 1933 1562 1990 Graece
1597 1939 1852 2008 ἐπιστημή
1879 1939 2094 1994 dicitur.

598 2015 762 2072 Vens.
801 2019 886 2073 12.
929 2050 1000 2060 -
1043 2021 1254 2077 Manus.
1284 2025 1340 2078 Id
1366 2035 1450 2080 est
1491 2026 1739 2082 allectum
1785 2030 2096 2097 charitatis,

513 2119 634 2176 ,quo
655 2105 821 2162 Deum
844 2109 1346 2178 complectebamini
1370 2113 1518 2180 olim,
1549 2116 1742 2170 iterum
1770 2117 1960 2188 erigite
1981 2135 2098 2176 sur-

519 2208 646 2258 sum
683 2196 750 2249 ad
790 2195 987 2263 Deum;
1034 2207 1088 2253 et
1124 2216 1333 2269 genua,
1359 2201 1413 2255 id
1447 2212 1531 2258 est
1557 2201 1951 2274 fortitudinem,
1977 2223 2107 2278 qua:

515 2281 699 2346 soluta
725 2292 809 2338 est
837 2284 1153 2355 refrigerata
1181 2289 1466 2346 charitate.

521 2429 524 2432 .
581 2377 758 2440 Vens.
786 2378 871 2433 15.
898 2409 969 2420 -—
991 2379 1230 2436 Crassus.
1277 2383 1345 2439 Ut
1387 2385 1726 2444 vestraﬁdes
1750 2397 1916 2449 recte
1951 2390 2101 2446 ince-

513 2469 634 2535 .dat,
664 2470 969 2526 conﬁtendo
1000 2475 1144 2542 quod
1184 2475 1385 2539 credit,
1417 2477 1516 2532 etsi
1550 2492 1684 2548 Opus
1709 2489 1792 2534 est
1808 2482 2091 2550 patiendo.

523 2557 681 2616 Fides
704 2572 850 2618 recte
870 2562 1066 2618 dicitur
1093 2580 1218 2634 pes,
1255 2567 1382 2636 quia
1421 2575 1586 2623 totum
1614 2578 1812 2638 portat.
1841 2573 1916 2628 ita
1943 2591 2093 2644 gres—

522 2668 616 2710 sus
658 2665 858 2721 rectos,
887 2667 1074 2715 utnon
1101 2659 1296 2730 aliquis
1322 2661 1546 2720 devicta
1570 2678 1695 2718 vera
1710 2665 1795 2719 via
1817 2664 1965 2731 ﬁdei,
1991 2667 2098 2734 sic-.-

523 2753 583 2800 ut
626 2747 714 2804 ille
752 2751 843 2817 qui
872 2751 1118 2811 carnales
1154 2753 1527 2810 observantiae
1567 2757 1789 2827 recipit,
1831 2773 1956 2812 nam
1993 2760 2096 2815 hoc

513 2846 607 2893 est
632 2853 835 2895 errare.
858 2841 925 2895 Et
952 2856 1060 2897 non
1088 2844 1368 2911 claudicet,
1396 2845 1538 2901 sicut
1555 2847 1647 2917 qui
1676 2849 1869 2902 timore
1889 2850 2095 2918 passio-

2203 1938 2364 1996 tiouis
2388 1941 2456 1995 ad
2485 1941 2702 2010 bellum,
2731 1955 2787 2000 et
2810 1957 2892 2002 est
2922 1959 3102 2007 motus
3135 1954 3512 2014 delectationis
3547 1962 3642 2030 qui
3669 1980 3792 2024 non,

2201 2043 2296 2102 per
2323 2030 2516 2102 legem,
2542 2035 2634 2090 sed
2662 2052 2761 2106 per
2785 2041 3012 2109 gratiam
3033 2046 3412 2118 exstinguitur.
3447 2051 3644 2113 Vocem
3669 2071 3774 2108 rer-

2201 2119 2398 2176 borum.
2444 2121 2759 2192 Hujusmodi
2788 2141 2997 2188 voxest
3039 2133 3173 2205 legis
3200 2141 3489 2209 praeceptio
3535 2150 3591 2196 et
3637 2160 3774 2200 conn

2202 2211 2644 2283 ininatio,quam
2690 2220 2918 2289 pupulus
2964 2238 3180 2292 gravem
3227 2213 3433 2297 putavit
3479 2238 3539 2285 et.
3585 2233 3774 2289 intole-

2200 2301 2448 2370 rabilem,
2474 2305 2597 2374 quia
2629 2307 2740 2363 sola
2766 2314 3054 2382 prteceptio
3086 2324 3234 2383 erat,
3279 2319 3395 2376 sine
3424 2324 3600 2394 gratia
3630 2326 3775 2396 adju-

2199 2399 2382 2454 vante.
2404 2454 2408 2458 _

2271 2480 2432 2537 Vsus.
2459 2483 2548 2538 20.
2576 2516 2646 2526 ——-
2667 2485 2792 2547 Non
2815 2506 2965 2558 enim.
2978 2499 3275 2562 portabant.
3305 2498 3440 2567 Quia
3463 2501 3585 2566 sine
3601 2506 3771 2574 gratia

2198 2572 2579 2632 insuﬁicientes
2607 2587 2774 2644 erant
2803 2582 2869 2636 ad
2906 2583 3241 2642 observanda
3287 2601 3584 2662 praecepta.
3609 2572 3704 2648 'Et
3728 2597 3773 2650 si

2197 2662 2378 2731 bestia,
2411 2675 2513 2721 etc.
2546 2665 2698 2724 Mons
2732 2679 2816 2725 est
2837 2672 3128 2744 divinitas;
3162 2679 3366 2746 bestia,
3413 2681 3663 2739 defectus
3689 2701 3770 2740 ra-

2199 2753 2391 2821 tionis,
2433 2759 2576 2827 quod
2617 2769 2702 2816 est
2743 2765 2956 2831 quando
2983 2769 3204 2823 verbum
3254 2769 3609 2842 blasphemia:
3649 2791 3770 2845 pro-

2196 2845 2367 2914 fertur
2397 2849 2448 2914 in
2479 2850 2669 2918 Deum.
2710 2853 2952 2924 Tangere.
2978 2868 3061 2918 est
3089 2859 3376 2916 oﬁ‘endere.
3419 2863 3617 2933 Tangit
3642 2881 3768 2938 ergo

513 2928 607 2989 nis
638 2930 848 3004 titubat,
890 2933 980 2988 sed
1011 2944 1251 3002 sanetur,
1289 2937 1335 2991 si
1377 2937 1583 2993 erravit
1624 2937 1709 2994 vel
1752 2938 2121 3007 timuit;,velg
2195 2945 2432 3002 monletn
2478 2939 2721 3010 bestia,‘
2751 2945 2842 3013 qui
2895 2946 3120 3004 oll‘endit
3173 2949 3339 3003 Deum
3398 2928 3765 3023 blasphemia,

524 3023 655 3080 recti
679 3039 913 3094 gressus,
945 3035 1070 3082 sunt
1099 3037 1246 3083 recta
1275 3029 1504 3087 intentio
1521 3029 1583 3085 .in
1610 3029 1882 3100 operibus,
1909 3098 1911 3100 η
2040 3075 2048 3087 ,
2193 3039 2351 3094 quem
2373 3029 2616 3100 praecipit
2640 3030 2726 3086 lex
2753 3033 2869 3089 sine
2898 3036 3267 3094 misericordia
3293 3040 3559 3109 lapidari;
3589 3048 3686 3098 sed
3715 3047 3766 3100 in

593 3111 757 3169 Vens.
790 3113 876 3169 14.
893 3113 1408 3174 —Sanctimoniam.
1435 3121 1491 3176 ld
1511 3129 1594 3176 est
1617 3122 1917 3178 castitatem
1942 3139 2088 3179 men-
2117 3175 2161 3200 η
2193 3113 2452 3182 Εοειθδίθι
2483 3117 2529 3172 Si
2553 3118 2664 3173 νυιι
2685 3122 2904 3187 reverti»
2931 3124 3351 3182 ωίδεετῖθονάίιετ
3377 3131 3698 3200 80505930?-

521 3203 589 3258 tis
617 3213 674 3258 et
699 3206 979 3275 corporis;
1017 3208 1160 3262 unde
1182 3223 1201 3262 :
1231 3208 1384 3265 Beati
1410 3212 1603 3269 mundo
1643 3213 1818 3279 corde,
1843 3217 2089 3286 quoniam

2268 3175 2449 3275 Vsus;
2466 3210 2554 3264 22.
2586 3241 2658 3267 —-.-
2684 3175 3644 3291 Sed,accessistis:liis-superio‘ri‘bds
3668 3225 3764 3279 ista

509 3292 740 3379 (nauli.
765 3295 820 3364 ν)
839 3336 854 3361 ,
885 3304 992 3352 etc.
1025 3297 1148 3354 sine
1183 3317 1289 3371 qua
1328 3318 1476 3358 mo
1516 3303 1714 3359 uidebit.
1739 3304 1937 3364 Deum,
1956 3307 2095 3363 Ecce
2194 3301 2465 3368 pendent,
2491 3302 2580 3357 ubi
2609 3301 2744 3358 dicit
2775 3305 2843 3359 ad
2865 3321 2984 3374 qua;
3008 3311 3336 3377 accesserint
3357 3322 3480 3382 post
3506 3317 3762 3377 remotio:

508 3369 786 3455 "quomodo
811 3391 1073 3444 exterruit
1102 3369 1396 3448 amatorem
1424 3393 1583 3462 boni,
1624 3395 1678 3451 id
1716 3404 1830 3461 est,
1872 3397 2095 3454 visionis
2195 3405 2317 3446 nem
2359 3394 2608 3460 illorum.
2635 3405 2689 3450 ει
2718 3412 2824 3464 non
2857 3400 3007 3469 ponit
3036 3404 3304 3470 centuria
3335 3419 3524 3468 eorum
3551 3422 3674 3476 qua:
3699 3425 3762 3462 ex

509 3478 632 3534 Dei.
666 3478 784 3535 Non
811 3479 982 3547 dixit,
1007 3482 1060 3534 in
1088 3483 1266 3552 ignem
1293 3484 1564 3552 mittetur;
1590 3486 1676 3547 vel
1695 3526 1709 3553 ,
1747 3487 2094 3558 infatigabili-
2192 3486 2438 3571 opposito
2466 3486 2870 3558 intelliguntur,
2901 3490 3042 3545 sicut
3089 3508 3250 3563 supra
3279 3496 3618 3566 assignatum
3646 3507 3760 3562 est,

509 3569 620 3634 .bus
659 3570 952 3624 tortoribus
993 3571 1209 3626 dabitur
1246 3571 1589 3643 (quietamen
1617 3590 1744 3630 vera
1774 3577 1956 3648 sunt);
1998 3579 2092 3635 sed
2192 3574 2286 3636 sed
2316 3569 2548 3644 primum
2574 3578 2716 3647 quod
2741 3593 2824 3634 ex,
2847 3579 2928 3646 eis
2953 3583 3228 3652 sequitur.
3256 3594 3316 3638 ut
3339 3601 3440 3656 per
3464 3589 3576 3644 hoc.
3591 3591 3768 3660 magis

512 3657 700 3715 .volens
726 3667 780 3714 te
815 3667 1110 3714 amatorem
1148 3663 1452 3728 honinem,
1483 3664 1536 3720 id
1561 3673 1675 3730 cst,
1708 3665 1930 3722 visionis
1972 3669 2090 3734 Dei,
2191 3663 2413 3730 suadeat
2441 3666 2725 3731 tenendam
2749 3681 2870 3731 esse
2891 3671 3138 3739 gratiam.
3172 3666 3428 3736 Λάδη.
3461 3674 3521 3730 Id
3545 3687 3668 3742 est,
3690 3657 3768 3734 ad

508 3764 628 3805 non
659 3748 1066 3807 l‘ormidatorem
1089 3753 1234 3819 mali,
1266 3756 1345 3809 ait
1371 3771 1386 3809 :
1413 3757 1524 3812 sine
1550 3773 1851 3828 quanemo,
1875 3768 1978 3824 etc.
2009 3759 2090 3816 Ex
2190 3765 2283 3808 e03
2315 3754 2407 3822 (ιιιὶ
2453 3754 2507 3808 in
2551 3754 2673 3819 allo.
2701 3759 3050 3827 speculantur
3091 3762 3290 3829 Deum.
3319 3766 3464 3835 ψιοά
3491 3767 3763 3836 speculari

519 3852 583 3892 eo
610 3839 725 3909 ipso
751 3841 893 3910 quod
923 3843 1218 3910 desideras,
1251 3851 1303 3898 te
1342 3853 1533 3906 terret.

590 3928 754 3986 Vsus.
783 3931 868 3986 15.
885 3931 1404 4003 —Coutemplanles,
1426 3945 1531 3992 etc.
1558 3934 1637 3994 Ne
1657 3936 1914 3995 dubitetis
1931 3953 2103 4010 posse.

515 4037 636 4078 esse
663 4032 770 4078 tam
795 4024 1078 4092 patientes,
1107 4026 1229 4094 quia
1267 4028 1440 4097 gratia
1482 4027 1577 4083 Dei
1615 4038 1812 4099 prazsto
1839 4039 1956 4098 est;
1995 4032 2090 4090 sed

515 4129 587 4170 ne
609 4115 800 4170 desitis
821 4116 889 4181 ei,
921 4116 1026 4172 hoc
1050 4117 1211 4172 modo
1227 4118 1452 4188 potestis
1471 4121 1702 4180 retinere
1730 4122 1978 4191 gratiam.
2005 4122 2121 4180 Ne.

513 4224 620 4278 qua
647 4207 819 4274 radix,
852 4217 956 4264 etc.
990 4210 1282 4267 Delcctatio
1315 4214 1522 4281 peccati
1555 4227 1682 4269 vere
1719 4213 1916 4268 dicitur
1939 4230 2090 4270 amas

513 4296 728 4362 ritudo,
771 4307 826 4352 et
869 4298 990 4355 ideo
1027 4301 1261 4355 vitanda.
1290 4299 1469 4356 Radix
1512 4303 1905 4369 amaritudinis,
1947 4305 2086 4360 mala

518 4388 793 4457 cogitatio,
822 4404 942 4458 qua:
970 4404 1075 4445 non
1104 4391 1286 4446 dulces
1311 4390 1536 4458 fructus,
1579 4393 1630 4448 id
1665 4402 1747 4448 est
1785 4410 1966 4464 Opera,
1994 4396 2090 4453 sed

517 4491 737 4532 amaros
754 4487 1003 4547 generat,
1029 4480 1224 4548 quibus
1249 4481 1539 4551 impeditur
1563 4481 1667 4538 iter
1688 4483 1756 4537 ad
1779 4483 1992 4539 omium.

2189 3849 2553 3925 estmagnum
2589 3848 2888 3916 praemium.
2930 3848 3003 3917 Et
3025 3852 3431 3919 civitatcmDei.
3458 3856 3590 3923 lioc
3609 3860 3762 3926 dicit,

2188 3935 2311 4004 quia
2328 3923 2467 3990 Deus
2496 3936 2551 3990 in
2580 3938 2660 3992 eis
2687 3939 2894 3994 habitat
2915 3943 3129 4012 quando
3157 3960 3252 4000 eos
3266 3946 3556 4016 justiﬁcat.

2265 4026 2421 4086 Vens.
2435 4027 2523 4082 25.
2537 4059 2608 4069 -
2621 4027 2723 4094 Qui
2744 4023 3018 4102 conscripti
3031 4044 3168 4090 sunt.
3188 4035 3350 4101 Quasi
3371 4038 3519 4095 dicat
3536 4043 3652 4098 :Ne
3671 4043 3764 4097 duo

2189 4117 2370 4182 bitetis
2391 4119 2458 4178 ad
2478 4119 2696 4190 angelos
2715 4124 3017 4189 pervenire,
3043 4126 3170 4193 quia
3195 4129 3360 4191 vestri
3385 4141 3766 4194 antecessores

2188 4219 2566 4286 pervenerunt,
2591 4195 2659 4266 let
2684 4212 2898 4282 hocqest
2928 4232 2940 4268 :
2974 4214 3077 4280 Qui
3098 4219 3373 4288 conscripti
3401 4232 3549 4286 sunt,
3580 4225 3632 4279 id
3659 4235 3765 4289 est,

2190 4315 2311 4354 cum
2339 4303 2419 4356 eis
2445 4301 2534 4383 qui
2572 4302 2626 4356 in
2655 4303 2816 4396 “Elis;
2832 4313 2978 4371 sunt,
3004 4307 3188 4388 scripti
3213 4318 3357 4375 sunt,
3382 4311 3442 4384 id
3471 4316 3762 4383 estineo-

2191 4405 2310 4446 rum
2336 4391 2525 4456 ordine
2550 4401 2692 4456 sunt.
2719 4455 2722 4458 ,

2267 4478 2429 4544 Vens.
2460 4481 2552 4537 26.
2587 4511 2658 4522 —-
2689 4482 3206 4551 Adhuc,semel,-etc.
3237 4487 3399 4556 Quasi
3427 4491 3577 4550 dicat
3603 4513 3616 4546 :
3644 4493 3765 4550 ,ιω

589 4533 804 4622 Veiist
817 4566 870 4622 6.
899 4533 1085 4622 —'N'e
1104 4569 1219 4640 quis
1241 4533 2087 4644 foriéclisé,éié.iié;i3;sao
2111 4533 2164 4596 Β
2191 4533 2408 4633 fuerunt
2443 4580 2611 4636 mota.
2636 4573 2739 4638 sed
2787 4533 3222 4641 adhucnluvebo
3241 4533 3386 4649 tuor
3423 4584 3586 4638 semel
3615 4595 3764 4640 notat

514 4662 864 4733 contemplari
889 4662 1144 4728 debeant,
1171 4679 1238 4720 ne
1263 4680 1368 4734 qua
1395 4665 1547 4720 radix
1567 4665 1939 4722 amaritudinis
1962 4683 2087 4738 ger-

517 4752 723 4818 minet,
761 4754 998 4809 ostendit
1027 4769 1123 4824 per
1148 4764 1330 4824 partes
1355 4756 1411 4810 in
1439 4756 1634 4826 quibus
1659 4757 1867 4827 aliquos
1889 4758 1957 4814 de
1984 4759 2090 4816 illis

515 4851 687 4899 notat.
718 4841 1014 4900 Primitive.
1057 4844 1146 4900 Vel
1182 4846 1536 4918 primogenita
1563 4862 1682 4902 sua.
1703 4847 1982 4904 Primitive
1999 4849 2100 4913 hic,

515 4934 748 5005 appellat
771 4937 1030 4992 honorem
1057 4945 1112 4991 et
1138 4937 1451 5008 dignitatem
1482 4939 1791 5004 sacerdotii,
1813 4939 1939 5010 quia
1963 4949 2090 4996 ante

514 5025 876 5097 sacerdotium
899 5025 1076 5083 Aaron
1097 5068 1112 5094 ,
1140 5043 1328 5084 omnes
1352 5027 1690 5099 primogeniti
1723 5037 1879 5084 erant
1906 5044 2085 5086 sacer-

516 5117 700 5182 dotes,
732 5116 869 5172 sicut
898 5115 999 5172 l‘uit
1033 5117 1158 5174 Sem
1189 5128 1291 5177 :,et
1315 5119 1431 5174 haec
1456 5127 1575 5174 erat
1601 5133 1795 5189 magna
1829 5118 2086 5190 dignitas,

515 5209 642 5279 quia
669 5216 724 5264 et
754 5209 822 5265 de
847 5209 1150 5264 substantia
1171 5217 1226 5266 et
1245 5209 1313 5265 de
1334 5209 1649 5265 haereditate
1671 5217 1895 5278 paterna
1921 5207 2085 5278 majo-

517 5312 636 5355 rem
653 5298 952 5369 portionem
973 5299 1240 5354 sumebat.
1269 5299 1616 5369 Vestiumque
1636 5306 1832 5354 ornatu
1854 5298 2086 5368 locuple-

515 5391 622 5448 tior
667 5389 1072 5461 resplendebat,
1115 5391 1272 5462 eique
1316 5390 1617 5447 benedictio
1661 5391 1907 5447 dabatur.
1947 5391 2086 5448 Ecce

513 5498 677 5554 quam
718 5482 901 5553 procul
936 5499 966 5539 a
995 5483 1253 5554 religione
1295 5483 1395 5538 fuit
1421 5483 1582 5549 Esau,
1624 5483 1716 5552 qui
1761 5497 1860 5553 pro
1901 5490 2088 5538 ventre

512 5573 664 5629 dedit
698 5574 1147 5630 benedictionem.
1186 5573 1352 5642 Cujus
1381 5572 1581 5628 factum
1613 5575 1734 5629 ideo
1763 5588 2089 5630 commemo-

515 5673 616 5726 rat,
650 5672 708 5716 ut
733 5663 1049 5718 dehortetur
1073 5665 1142 5719 ab
1170 5663 1310 5718 illius
1338 5663 1702 5719 similitudine.

588 5755 748 5810 Vens.
799 5755 879 5809 18.
926 5787 989 5794 -
1034 5755 1152 5809 Non
1194 5754 1329 5808 enim
1372 5755 1677 5809 accessistis.
1724 5754 1969 5822 Dixerat,
2019 5771 2088 5811 ne

2189 4659 2332 4728 quod
2365 4659 2592 4723 ulterius
2624 4674 2730 4715 non
2759 4671 2885 4717 sunt
2909 4665 3194 4720 movenda.
3221 4667 3329 4731 Sed
3362 4671 3524 4732 etiam
3555 4673 3758 4736 calum.

2189 4755 2330 4824 quod
2346 4755 2570 4820 inferius
2587 4765 2689 4823 est,
2701 4756 2910 4813 scilicet
2924 4773 3174 4824 aereum;
3197 4762 3620 4826 undeuicuntur
3639 4782 3764 4822 aves

2189 4845 2333 4908 caeli.
2361 4845 2534 4911 Totus
2555 4857 2732 4910 autem
2756 4863 3010 4919 peneaer
3034 4851 3136 4919 iste
3159 4860 3440 4920 ventosus,
3463 4871 3632 4926 quem
3655 4872 3764 4912 cus

2187 4935 2298 5000 lum
2341 4937 2428 4993 vel
2465 4938 2630 4993 caelos
2667 4927 2952 5009 Scriptura
2981 4951 3180 4998 vocat:
3210 4943 3345 5000 istos
3380 4945 3575 5017 utique
3607 4948 3762 5014 inios,

2187 5045 2295 5085 non
2330 5030 2451 5086 illos
2475 5047 2754 5101 supremos
2777 5032 2889 5106 (ubi
2919 5034 3076 5090 solet
3113 5033 3238 5090 luna
3267 5038 3762 5102 etsideraqeonsti-

2188 5129 2305 5176 tuta
2344 5121 2494 5192 sunt)
2536 5121 2668 5189 dicit
2705 5123 3475 5196 hic.Scriptura.movendos,
3523 5137 3584 5186 et
3614 5129 3760 5193 alibi,

2187 5211 2488 5282 perituros,
2513 5220 2732 5284 propter
2769 5229 3018 5286 magnam
3056 5214 3149 5280 sui
3183 5215 3476 5285 quamdam
3512 5230 3764 5273 comu-

2190 5302 2468 5357 tationem.

2259 5391 2424 5448 Vsas.
2469 5393 2558 5448 27.
2584 5424 2654 5433 -
2681 5392 2815 5459 Quir
2851 5405 2972 5451 sunt
3010 5395 3320 5452 immobilia.
3359 5395 3527 5463 Quasi
3574 5397 3716 5456 dicat
3739 5417 3758 5453 :

2186 5482 2242 5539 id
2274 5481 2514 5553 profecto
2551 5489 2700 5548 sunt,
2725 5483 2849 5552 quia
2879 5484 3132 5554 quidquid
3163 5494 3324 5540 erunt
3353 5485 3437 5539 vel
3470 5486 3527 5541 in
3555 5487 3759 5558 princi-

2188 5571 2397 5642 palibus
2426 5571 2696 5636 csseutiis,
2727 5571 2810 5626 vel
2844 5572 2896 5626 in
2927 5571 3115 5630 formis
3137 5573 3483 5630 extrinsecus
3509 5574 3760 5644 sumptis.

2191 5663 2485 5718 secundum
2514 5661 2567 5716 id
2591 5662 2883 5716 immobilia
2908 5671 3084 5718 erunt.

2263 5751 2420 5808 Vsus.
2464 5753 2550 5807 28.
2579 5783 2642 5792 ——
2675 5750 2859 5822 Itaque
2887 5769 3098 5824 regnum
3141 5754 3420 5809 immobile.
3455 5753 3590 5821 Quia
3616 5753 3758 5809 Deus
