3948 6314
260 373 360 430 σω

1165 371 1428 428 ειοεεΑ
1468 373 1864 431 οιωιΝΑιιιΑ.
1904 401 1974 414 --
2010 374 2227 432 εριετ.
2267 378 2360 435 AD
2395 375 2590 438 HEBR.
2909 407 2916 412 ·
3396 383 3502 448 6⁸70

262 485 452 544 ctelum
483 493 541 540 et
567 491 768 539 terram
811 483 1138 542 immobilem
1171 480 1472 558 promittit,
1507 499 1655 560 patet
1687 489 1829 560 quod
1857 491 1907 552 Α
1931 506 2158 562 corpora
2217 498 2529 553 animalium
2591 507 2742 556 extra
2800 509 2982 557 castra
3038 513 3385 572 cremantur,
3445 516 3504 565 et

263 579 518 638 habemus
556 579 808 650 gratiam,
835 579 954 639 sine
983 593 1088 650 qua
1118 596 1235 637 non
1275 595 1560 652 possemus
1598 585 1666 639 ad
1698 583 1830 640 illud

262 669 583 742 promissum
614 669 927 738 pervenire,
964 670 1056 725 sed
1083 685 1182 742 per
1204 687 1322 726 eam
1351 672 1674 743 suscipimus
1700 672 1829 728 illud

262 773 482 832 regnum
508 757 800 822 immobile,
829 767 891 816 ut
916 758 1037 814 ideo
1061 759 1238 814 nntius
1268 759 1408 814 desit
1427 761 1634 830 gratiae.

329 846 630 904 Habeamus
655 857 899 918 gramm.
930 847 986 903 ld
1008 856 1114 914 est,
1136 848 1316 913 tidem,
1340 864 1488 911 spem
1510 859 1566 904 et
1587 850 1826 905 charita-

258 949 364 996 tem
401 939 456 994 in
495 948 682 994 sancta
728 939 1070 1010 operatione;
1099 940 1219 995 vel:
1259 941 1561 995 Habeamus
1582 943 1825 1012 gratiam,

257 1029 308 1086 id
329 1039 410 1087 est
427 1068 444 1095 ,
469 1029 677 1102 gratias
704 1045 929 1101 agamus
951 1031 1018 1086 de
1041 1031 1316 1096 omnibus,
1349 1046 1455 1087 non
1481 1047 1827 1087 murmurans

254 1131 336 1181 tes
353 1121 406 1178 iu
429 1123 633 1194 aliquo,
661 1125 787 1194 quia
818 1124 896 1180 sic
918 1125 1056 1180 bene
1076 1125 1312 1180 servitur
1334 1125 1464 1181 Deo.

279 1281 284 1286 _
321 1213 488 1270 Vens.
532 1213 620 1270 29.
655 1243 725 1253 --
768 1213 910 1271 Deus
955 1223 1128 1270 uoster
1173 1216 1326 1286 ignis.
1364 1215 1419 1270 ltl
1469 1225 1551 1272 est
1598 1215 1830 1289 Spiritus

249 1313 492 1371 sanctus,
510 1305 602 1376 qui
624 1315 706 1362 est
727 1306 924 1365 donum
946 1316 1000 1360 et
1021 1307 1193 1378 gratia
1215 1307 1321 1372 illa,
1341 1307 1464 1380 quia
1489 1307 1646 1364 nobis.
1663 1310 1830 1381 gratis

250 1396 425 1452 datus.

325 1481 330 1484 '
844 1466 1070 1524 CAPUT
1107 1466 1244 1522 XIII.

316 1573 482 1629 Vens.
521 1577 573 1641 1,
606 1576 659 1631 2.
692 1579 761 1616 -ὲ-
799 1575 1058 1634 Charitas.
1108 1578 1190 1637 Ab
1237 1577 1341 1634 hoc
1393 1578 1512 1635 loco
1555 1580 1831 1635 moraliter

246 1665 468 1720 instruit
517 1667 840 1737 Apostolus,
866 1669 1018 1738 quasi
1049 1670 1251 1725 diceret
1275 1686 1289 1724 :
1318 1670 1452 1738 Quia
1477 1672 1716 1727 charitas
1748 1681 1829 1727 est

245 1747 515 1824 habenda,
539 1761 650 1828 ipsa
678 1772 892 1815 maneat
915 1762 965 1815 in
985 1763 1156 1827 vobis,
1179 1763 1646 1833 ethospitalitatem
1671 1765 1828 1819 nolite

1925 598 2211 658 propterea
2241 590 2491 648 Christus
2516 602 2672 650 extra
2695 595 2904 664 portam
2934 595 3126 667 passus
3149 607 3262 666 est,
3291 607 3350 655 ut
3377 616 3498 666 nos,

1927 680 2016 748 qui
2045 695 2273 750 corpore
2297 693 2353 738 et
2380 686 2640 756 sanguine
2670 686 2785 756 ejus
2811 703 2840 742 a
2873 690 3110 758 peccatis
3136 691 3381 748 tnundari
3408 709 3504 750 vo-

1927 770 2125 836 lumus,
2151 773 2475 845 itnproperia
2520 785 2574 832 et
2605 777 2881 844 angustias
2909 781 3504 848 passuri,‘tabemaculi

1927 862 2148 917 delicias
2167 863 2498 920 deseramus.
2518 868 2859 924 Animalium.
2885 869 3133 927 Christus
3152 888 3251 943 per
3275 873 3364 929 illa
3390 874 3507 929 ani-

1927 953 2086 1010 malia
2118 955 2540 1026 significabatur.

1998 1046 2162 1102 Vens.
2194 1047 2279 1102 12.
2311 1080 2382 1089 -
2425 1049 2666 1105 Portam.
2718 1052 2878 1108 Porta
2907 1053 3142 1111 civitatis
3184 1065 3267 1112 est
3313 1072 3505 1114 sensus

1927 1139 2189 1209 corporis,
2224 1140 2276 1194 in
2307 1155 2535 1210 quorum
2563 1142 2710 1198 nullo
2731 1143 2976 1200 Christus
2994 1149 3276 1218 peccavit:
3303 1156 3354 1204 et
3384 1150 3505 1206 ideo

1927 1240 2078 1284 extra
2114 1245 2322 1299 passus.
2365 1231 2432 1286 Et
2483 1248 2585 1289 nos
2619 1234 2762 1291 ostio
2805 1250 3057 1293 sensuum
3103 1239 3248 1295 vitiis
3295 1239 3500 1308 clauso,

1927 1329 2083 1375 extra
2112 1321 2403 1390 patiamur.

1943 1454 1946 1456 ν
1999 1413 2164 1469 Vsus.
2201 1413 2284 1467 15.
2307 1445 2378 1459 —-
2405 1412 2511 1468 Per
2540 1415 2709 1485 ipsum
2739 1434 2881 1488 ergo.
2913 1419 3013 1488 Qui
3042 1431 3124 1476 est
3156 1422 3312 1478 nobis
3337 1422 3441 1490 via,
3469 1439 3504 1482 a

1929 1515 2036 1570 quo
2075 1502 2336 1556 sumimus
2365 1503 2689 1574 exemplum,
2730 1507 2797 1562 ad
2836 1510 3154 1580 martyrium
3198 1527 3502 1576 curramus.

1929 1588 2335 1660 Con/identium.
2384 1593 2565 1664 (Αυε.)
2613 1595 2755 1668 Ergo
2808 1598 2898 1667 qui
2940 1599 3144 1654 timetis
3195 1583 3502 1668 Dominum,

1931 1682 2143 1737 laudate
2161 1699 2306 1749 eum,
2332 1695 2463 1751 etc.,
2491 1703 2651 1758 usque
2675 1688 2744 1740 ad
2769 1687 2921 1757 cujus
2945 1690 3225 1747 invisibilis
3251 1693 3505 1762 sacriﬁcii

1931 1772 2058 1826 illud
2087 1773 2294 1829 visibil-e
2324 1791 2537 1832 sacrum
2568 1777 2776 1847 signum
2813 1787 2948 1832 erat.

243 1847 498 1903 oblivisci.
546 1847 654 1903 Per
688 1851 824 1904 hanc
871 1851 1004 1904 enim
1050 1852 1265 1919 quidam
1294 1852 1661 1915 latuerunt,ut
1691 1853 1828 1910 Lolli
1861 1845 1902 1903 Β
2002 1863 2164 1918 Vens,
2220 1865 2305 1919 ιϐ,
2347 1895 2419 1906 ...
2466 1843 2850 1936 Bene/Eun,ng
2906 1869 3175 1926 Emonam
3237 1843 3504 1926 sententia

242 1939 495 1995 nesciens
545 1955 666 1996 esse
715 1941 965 2011 angelos,
1016 1943 1194 1998 sciens
1251 1951 1429 1998 tamen
1479 1944 1601 2012 quis
1649 1944 1702 1998 in
1749 1944 1830 2000 eis

241 2041 404 2088 esset.

313 2123 482 2208 Vens.
527 2127 581 2180 3.
614 2157 683 2166 —
727 2125 997 2197 Tanquam
1045 2127 1202 2181 simul
1232 2128 1421 2190 vincti,
1450 2127 1504 2180 id
1533 2135 1648 2193 est,
1689 2127 1830 2182 sicut

241 2216 398 2272 vobis
423 2217 624 2270 vinctis
656 2216 866 2272 velletis
901 2218 1194 2280 subveniri,
1232 2217 1316 2271 vel
1346 2217 1732 2272 laborantibus.
1812 2210 1814 2212 ’

310 2307 482 2362 Vens.
525 2307 579 2365 5.,
620 2337 693 2348 —
735 2306 853 2362 Sint
893 2325 1084 2366 mores.
1133 2307 1424 2377 Postquam
1471 2323 1565 2360 sua
1618 2306 1825 2362 εἰει)νωί

239 2401 638 2469 perdiderant,
688 2401 941 2456 volebant
999 2401 1194 2455 iterum
1250 2414 1580 2470 congregare
1623 2417 1637 2452 :
1684 2397 1827 2468 quod

235 2489 536 2562 Apostolus
566 2491 834 2561 prohibet.
863 2490 968 2546 Sed
1010 2506 1076 2545 ne
1099 2491 1337 2545 dicerent
1365 2508 1376 2543 :
1411 2488 1547 2556 Quid
1571 2490 1613 2544 si
1644 2504 1828 2545 neces-

237 2583 386 2638 saria
414 2583 747 2642 defecerint?
769 2583 948 2638 subdit
972 2583 1414 2637 consolationem.
1441 2581 1566 2636 Sine
1586 2583 1824 2636 avaritia.

232 2676 460 2732 Avarus
505 2686 587 2733 est
624 2677 716 2747 qui
762 2687 920 2734 tenax
964 2685 1046 2731 est
1079 2678 1132 2731 in
1176 2676 1484 2747 largiendo,
1517 2676 1742 2748 cupidus
1771 2677 1832 2736 in

234 2769 587 2840 accipiendo.
621 2768 744 2824 Non
792 2779 843 2822 te
882 2769 1138 2826 deseram.
1189 2766 1302 2824 Hoc
1339 2768 1478 2822 Deus
1524 2767 1653 2822 dicit
1679 2767 1826 2822 omni

233 2861 490 2931 speranti
521 2862 570 2914 in
604 2876 683 2925 se,
715 2860 855 2914 sicut
877 2858 1061 2925 Josue,
1089 2859 1163 2913 ita
1191 2867 1273 2914 est
1302 2859 1604 2924 nobiscum,
1629 2867 1685 2912 ut
1711 2876 1829 2913 con-

229 2951 470 3019 fidenter
500 2951 761 3014 dicamus,
795 2959 900 3004 etc.
936 2949 1117 3020 Neque
1168 2949 1542 3019 derelinquam.
1589 2947 1828 3004 Derelin-

228 3046 510 3110 queretur
533 3038 628 3109 qui
649 3039 790 3092 fame
816 3038 1015 3110 periret
1039 3055 1051 3090 :
1078 3036 1170 3092 sed
1201 3037 1322 3106 quia
1354 3037 1457 3096 hoc
1480 3054 1584 3098 non
1619 3046 1737 3104 est,
1760 3052 1828 3093 ne

228 3130 308 3183 sit
335 3129 508 3183 homo
530 3129 774 3199 cupidus.

315 3219 486 3278 Vens.
517 3218 570 3277 6.
591 3249 660 3259 —-
685 3218 806 3273 Non
837 3219 1040 3279 timebo,
1069 3227 1176 3275 etc.
1209 3217 1380 3272 llomo
1415 3218 1593 3274 omnis
1635 3219 1824 3274 adver-
1853 3197 1896 3260 (ἶ

225 3314 424 3372 sarius
442 3355 464 3380 ,
486 3315 650 3370 etiam
680 3311 956 3379 diabolus,
985 3313 1077 3383 qui
1119 3313 1282 3368 homo
1305 3313 1371 3367 ab
1395 3312 1601 3381 ollicio,
1630 3329 1696 3369 eo
1724 3314 1833 3372 sci--

227 3409 368 3465 licet
400 3406 550 3478 quod
586 3399 860 3463 hominem
898 3405 1150 3476 decipiat.

306 3499 487 3553 Vens.
521 3497 572 3551 Ἰ.
600 3529 670 3538 -
713 3496 1042 3562 Mementote,
1079 3507 1186 3554 etc.
1218 3495 1353 3564 Quia
1391 3495 1609 3569 longum
1648 3495 1828 3552 estde

226 3589 473 3660 singulis
494 3589 698 3652 dicere,
723 3597 906 3642 monet
935 3587 1083 3658 sequi
1118 3589 1430 3658 magistros.

303 3681 483 3738 Vsus.
511 3683 564 3740 8.
594 3713 664 3724 —-
693 3683 846 3738 Jesus
888 3681 1156 3746 Christus,
1185 3693 1290 3736 etc.
1323 3681 1437 3736 Hoc
1476 3681 1710 3752 pertinet
1759 3680 1830 3740 ad

225 3776 583 3846 superiorem
602 3774 948 3838 sententiam,
963 3773 1052 3828 ubi
1072 3782 1298 3830 testatus
1311 3783 1395 3828 est
1410 3773 1576 3828 Deum
1591 3773 1822 3828 dixisse:

225 3871 360 3927 Non
387 3879 442 3924 te
465 3869 724 3925 deseram.
757 3883 918 3936 neque
941 3866 1317 3939 derelinquam.
1351 3865 1568 3924 Poterat
1593 3866 1736 3921 enim
1758 3865 1825 3920 il-

221 3962 293 4018 lis
320 3960 535 4025 videri,
565 3959 706 4028 quod
730 3959 845 4013 haec
873 3957 1159 4028 promissio
1181 3957 1248 4010 ad
1277 3955 1438 4012 Iosue
1470 3965 1674 4011 tantum
1698 3973 1823 4028 per.

219 4055 465 4117 tineret,
499 4051 564 4106 ad
591 4051 732 4120 quod
757 4049 1069 4119 respondet,
1093 4048 1236 4118 quod
1264 4057 1320 4104 ct
1339 4063 1438 4104 nos
1457 4048 1667 4120 juvabit
1687 4050 1830 4109 sicut

216 4145 368 4216 iuvit
398 4144 580 4200 illum.
611 4142 773 4210 Quasi
801 4159 815 4196 :
849 4139 964 4196 Non
993 4149 1078 4196 est
1120 4140 1474 4197 dubitandum
1494 4183 1510 4206 ,
1551 4142 1677 4211 quia
1733 4141 1824 4211 qui

218 4237 371 4304 heri,
409 4233 470 4292 id
498 4243 581 4290 est
608 4235 661 4290 in
691 4232 992 4305 praeterito,
1015 4230 1219 4304 adjuvit
1247 4228 1432 4297 Josue,
1454 4231 1629 4297 hodie,
1657 4232 1709 4287 id
1745 4239 1828 4291 est

220 4328 278 4383 in
311 4325 613 4399 praesenti,
638 4323 880 4394 adjuvat,
903 4331 959 4378 et
987 4319 1260 4390 adjuvabit
1289 4321 1500 4380 futuros
1523 4338 1620 4394 per
1644 4323 1831 4384 omnia

217 4418 460 4476 saecula.

297 4510 480 4564 Vrsas.
514 4507 600 4561 10.
622 4536 684 4547 -
713 4505 986 4565 Habemus,
1003 4506 1196 4572 altare,
1219 4514 1324 4561 etc.
1355 4504 1474 4561 Non
1501 4505 1821 4562 studendum

216 4603 398 4669 escis,
426 4599 558 4671 quia
584 4600 850 4656 habemus
884 4599 1076 4665 altare,
1105 4599 1158 4654 id
1187 4605 1271 4654 cst
1295 4613 1491 4669 corpus
1517 4597 1738 4663 Christi,
1764 4598 1820 4653 in

215 4696 334 4753 ﬁde
377 4692 547 4763 cujus
587 4692 781 4750 oblata:
817 4708 1008 4766 preces
1053 4700 1110 4748 et
1155 4692 1493 4762 operationes
1545 4699 1672 4746 sunt
1726 4705 1818 4746 ac-

216 4797 408 4862 cepta:
441 4786 573 4853 Deo,
609 4785 673 4840 de
700 4803 800 4857 quo
834 4785 984 4840 edere
1029 4802 1129 4840 non
1156 4785 1364 4849 habent,
1417 4791 1522 4840 etc.
1557 4783 1822 4839 Taberna-

215 4880 371 4944 culo,
388 4889 504 4936 etc.
528 4877 584 4932 ld
601 4885 703 4942 est,
725 4876 1079 4935 observantiis
1101 4876 1256 4948 legis,
1274 4885 1333 4930 ut
1347 4876 1436 4946 qui
1457 4875 1605 4931 cibos
1625 4876 1825 4932 discer~

217 4980 372 5027 nunt
403 4980 464 5026 et
491 4969 594 5024 alia
625 4969 937 5038 hujusmodi
963 4968 1154 5040 legalia
1192 4977 1431 5035 servant,
1458 4985 1577 5039 quae
1603 4969 1821 5024 nomine

217 5060 580 5119 tabernaculi
612 5061 822 5133 signat,
854 5059 976 5130 quia
1017 5060 1083 5115 ad
1121 5047 1487 5129 tempus-sunt
1536 5059 1814 5130 imposita;

215 5152 336 5220 vel,
392 5159 644 5208 nostrum
695 5167 891 5222 corpus
945 5159 1094 5206 recte
1137 5149 1338 5205 dicitur
1385 5148 1818 5216 tabernaculum,

213 5248 357 5319 quia
395 5243 467 5298 ad
497 5251 710 5314 tempus
738 5244 793 5299 in
818 5259 883 5299 eo
905 5243 1230 5298 manendum
1260 5251 1365 5310 est,
1386 5251 1440 5298 et
1463 5243 1580 5298 ideo
1610 5258 1714 5298 non
1737 5253 1822 5300 est

213 5339 273 5392 ei
303 5335 684 5393 serviendium
717 5337 768 5390 in
794 5337 1096 5392 desideriis.

297 5429 482 5484 Vsus.
512 5429 598 5483 11.
620 5457 692 5470 -—
718 5427 954 5494 Quorum
991 5430 1152 5494 enim,
1180 5437 1284 5484 etc.
1314 5429 1418 5489 Per,
1447 5428 1709 5498 duplicem
1739 5427 1820 5484 al-

217 5522 503 5593 legoriam
526 5562 541 5588 ,
573 5536 802 5592 quarum
833 5537 938 5576 una
977 5530 1062 5577 est
1091 5519 1334 5587 Veteris,
1377 5529 1432 5576 et
1481 5521 1647 5575 altera
1685 5519 1819 5577 Novi

217 5611 607 5676 Testamenti,
643 5613 834 5682 probat
867 5627 1062 5682 corpus
1087 5611 1286 5668 Christi
1345 5627 1450 5666 non
1489 5626 1608 5667 esse
1655 5611 1821 5667 eden-

216 5704 365 5760 dum
391 5701 462 5756 ab
481 5703 566 5759 his
587 5704 677 5774 qui
707 5704 1052 5761 tabernaculo
1086 5703 1411 5761 deserviunt.
1443 5702 1521 5759 Ad
1550 5705 1650 5760 hoc
1676 5704 1818 5760 enim

1927 1969 2217 2025 pravorum
2262 1956 2330 2011 de
2353 1957 2499 2028 gula,
2528 1958 2668 2012 redit
2693 1959 2757 2012 ad
2790 1974 2989 2014 mores.
3031 1959 3421 2030 Beneﬁccntiae,
3450 1962 3506 2016 id

1927 2057 2034 2112 est,
2076 2048 2342 2118 largitatis
2386 2049 2442 2104 in
2491 2049 2645 2105 alios.
2674 2050 2740 2104 Et
2773 2051 2818 2105 si
2865 2059 3043 2106 vestra
3091 2053 3390 2108 substantia
3437 2053 3507 2108 sit

1929 2138 2124 2203 ablata,
2157 2147 2334 2194 tamen
2362 2154 2430 2196 ex
2455 2140 2542 2196 his
2568 2156 2687 2210 quae
2714 2141 2926 2197 habetis
2950 2143 3324 2214 eleemosynas
3359 2143 3504 2198 date.

1928 2227 2042 2284 Hoc
2066 2244 2230 2300 supra
2256 2230 2510 2286 dixerat:
2547 2229 2669 2285 Non
2704 2231 2996 2286 deserentes
3035 2231 3412 2288 collectionem.

1999 2319 2164 2375 Vens.
2209 2321 2293 2374 17.
2327 2351 2397 2361 -—
2439 2317 2505 2373 Ut
2547 2335 2665 2373 cum
2717 2321 2929 2391 gaudio.
2979 2321 3268 2378 Faciamus
3321 2322 3507 2392 utique

1929 2411 2033 2467 ista
2060 2428 2181 2466 cum
2211 2413 2431 2482 gaudio,
2459 2413 2674 2482 quando
2701 2413 2947 2470 videmus
2971 2414 3220 2469 homines
3241 2413 3507 2484 prolicere

1930 2500 1983 2555 in
2014 2501 2193 2557 verbis
2237 2501 2356 2558 Dei.
2387 2501 2538 2558 Tunc
2575 2500 2722 2557 enim
2751 2516 2874 2557 eum
2913 2503 3108 2573 gaudio
3141 2503 3352 2558 laborat
3379 2517 3508 2572 ope-

1931 2590 2108 2649 rarius
2133 2591 2198 2646 in.
2216 2591 2382 2662 agris,
2409 2593 2626 2660 quando
2653 2592 2886 2648 attendit
2911 2594 3155 2658 arbores,
3189 2601 3245 2648 et
3264 2593 3502 2648 fructum

1929 2681 2102 2747 videt;
2136 2683 2352 2752 quando
2381 2684 2612 2740 attendit
2641 2693 2907 2755 segetem,
2937 2691 2992 2737 et
3011 2683 3158 2738 videt
3181 2684 3503 2738 ubertatem.

1930 2773 2082 2830 Tunc
2119 2774 2367 2846 intelligit
2400 2776 2544 2845 quod
2583 2791 2696 2831 non
2732 2775 2849 2830 sine
2875 2786 3040 2830 causa
3081 2773 3366 2838 laboravit,
3398 2781 3506 2828 non

1928 2865 2046 2923 sine
2073 2874 2235 2921 causa
2271 2867 2488 2922 dorsum
2518 2866 2797 2932 curvavit,
2845 2879 2950 2920 non
2979 2863 3096 2919 sine
3125 2871 3506 2920 causamaqu

1928 2961 2156 3024 attrivit,
2180 2975 2286 3016 non
2318 2961 2434 3016 sine
2453 2976 2617 3016 causa
2647 2959 2818 3027 frigus
2838 2967 3109 3027 aestusque
3129 2956 3296 3012 tolera
3306 2957 3396 3011 vit.
3495 2975 3498 2978 θ

2002 3052 2127 3106 Non
2162 3053 2366 3122 expedit
2406 3053 2568 3106 vobis.
2611 3049 2725 3106 Non
2763 3050 2885 3105 dico
2927 3064 2942 3103 :
2983 3063 3090 3104 non
3127 3049 3342 3119 expedit
3376 3045 3507 3112 illis,

1929 3144 2055 3212 quia
2089 3143 2254 3197 etiam
2291 3142 2396 3196 illis
2443 3140 2661 3210 prodest
2710 3138 2911 3194 tristari
2947 3138 3015 3194 de
3052 3137 3224 3192 vobis.
3261 3136 3394 3192 Nam
3429 3134 3510 3192 illi

1929 3230 2228 3300 praepositi,
2275 3230 2491 3300 quando
2536 3229 2924 3282 contristantur
2959 3225 3028 3282 de
3068 3225 3224 3282 malis
3273 3224 3506 3289 vestris,

1923 3323 2140 3394 expedit
2181 3322 2287 3378 illis
2343 3323 2459 3393 ipsa
2506 3321 2758 3384 tristitia,
2803 3320 2898 3374 sed
2950 3335 3060 3374 non
3113 3317 3288 3373 vobis.
3344 3315 3504 3373 Sinti»

1925 3413 2052 3470 liter
2089 3428 2220 3485 ergo
2245 3413 2301 3469 in
2331 3413 2612 3469 Dominico
2638 3427 2769 3483 agro
2809 3414 3007 3466 bonum
3047 3421 3344 3481 operemur
3363 3411 3504 3478 prte-

1924 3505 2018 3560 lati
2071 3514 2128 3560 et
2171 3503 2404 3570 subditi,
2454 3511 2513 3558 ut
2539 3497 2798 3558 similiter
2845 3500 2914 3556 de
2963 3499 3218 3555 mercede
3270 3497 3505 3570 gaudes.

1925 3611 2072 3652 mus;
3347 3611 3352 3616 ’
3491 3633 3496 3638 -

1995 3689 2160 3744 Vens.
2189 3688 2276 3743 18.
2305 3717 2377 3728 --
2411 3685 2574 3741 Orate
2609 3701 2702 3757 pro
2750 3685 2918 3740 nobis.
2968 3683 3284 3755 Superbiam
3315 3681 3498 3740 elatio-

1925 3795 2154 3851 nemque
2175 3779 2372 3834 mentis
2393 3777 2749 3849 quorumdam
2777 3775 3090 3847 pontiﬁcum
3117 3776 3384 3848 percutit,
3410 3775 3504 3847 qui

1925 3872 2286 3942 dedignantur
2335 3871 2550 3942 precari
2599 3870 2908 3940 subjectos,
2958 3878 3226 3939 quatenus
3270 3883 3372 3940 pro
3423 3868 3505 3926 eis

1924 3964 2203 4022 orationes
2227 3961 2470 4019 fundant.
2500 3961 2706 4015 Bonam
2735 3960 3106 4013 conscientiam
3135 3957 3385 4012 habemus
3403 3997 3420 4022 ,
3450 3956 3504 4010 id

1925 4064 2028 4120 est,
2059 4053 2393 4110 conscientia
2423 4067 2524 4106 nos
2553 4065 2660 4104 non
2690 4058 2932 4114 accusat,
2972 4063 3074 4102 nec
3106 4047 3260 4104 nobis
3302 4044 3502 4104 conscii

1925 4161 2112 4202 sumus
2141 4145 2284 4215 quod
2313 4143 2468 4198 vobis
2511 4143 2735 4198 insidias
2771 4141 3081 4206 fecerimus,
3128 4138 3263 4194 nihil
3288 4148 3413 4194 cum
3441 4137 3504 4191 fi-

1924 4237 2102 4294 ctione
2127 4233 2468 4306 protulimus,
2494 4231 2627 4287 nihil
2654 4229 3036 4302 negotiationis
3054 4229 3226 4302 gratia
3254 4227 3501 4283 fecimus.

1925 4327 2004 4383 Ne
2030 4339 2162 4398 ergo
2199 4323 2418 4380 sinistre
2448 4323 2578 4394 quid
2617 4320 2976 4377 arbitremini.
3018 4319 3088 4374 In
3114 4318 3374 4373 omnibus.
3399 4315 3503 4372 Ac—

1923 4419 2216 4475 cusabatur
2237 4415 2532 4487 Apostolus
2555 4416 2697 4484 quod
2737 4429 2890 4469 suam
2929 4419 3145 4482 gentem
3185 4409 3500 4482 negligeret,

1926 4511 2018 4568 sed
2042 4509 2277 4565 ostendit
2300 4523 2359 4563 se
2384 4508 2590 4562 habere
2622 4504 2872 4562 allectum
2906 4503 2973 4558 ad
3000 4516 3188 4559 omnes
3214 4499 3430 4556 ludam
3446 4505 3502 4556 et

1926 4600 2183 4674 gentiles,
2213 4599 2280 4654 de
2309 4612 2537 4668 quorum
2568 4595 2857 4668 praeteritis
2886 4593 3043 4649 bonis
3071 4591 3286 4664 gaudet,
3314 4591 3502 4661 eisque

1928 4693 1982 4748 in
2008 4691 2188 4747 futuro
2216 4689 2438 4746 meliora
2464 4697 2634 4760 Optat.

1995 4782 2160 4840 Vens.
2187 4782 2280 4840 2L
2304 4810 2382 4823 -ο
2413 4777 2660 4845 Faciens,
2707 4779 2764 4833 in
2814 4777 2986 4841 vobis,
3016 4781 3121 4830 etc.
3168 4771 3314 4828 Nihil
3353 4772 3501 4831 enin

1922 4877 2057 4937 boni,
2085 4876 2287 4932 habere
2325 4871 2583 4944 potestis,
2614 4871 2719 4926 nisi
2764 4869 2854 4924 illo
2884 4864 3246 4938 preveniente
3284 4869 3341 4919 et
3372 4877 3496 4919 suu-

1922 4977 2202 5038 sequente.

2003 5062 2162 5117 Vsas.
2211 5057 2304 5117 Ξῖ.
2335 5087 2406 5099 -
2444 5054 2652 5110 Etenim
2693 5051 2988 5122 perpaucis,
3017 5057 3123 5106 etc.
3152 5047 3348 5116 Quasi:
3377 5044 3497 5103 Non

1920 5162 2099 5228 potest
2120 5154 2401 5224 quisquam
2425 5145 2810 5220 longitudinem
2837 5143 3102 5202 sermonis
3121 5141 3379 5206 abnuere,
3392 5140 3497 5196 hoc

1921 5249 2120 5318 quippe
2135 5253 2255 5300 erat
2273 5241 2415 5313 quod
2441 5237 2735 5296 adversarii
2749 5236 3037 5300 faciebant,
3051 5245 3106 5290 et
3127 5233 3248 5290 ideo
3267 5232 3497 5290 latenter

1962 5354 2026 5393 oc
2055 5335 2243 5393 tangit.

1962 5354 2026 5393 oc
2055 5345 2142 5392 tan
2181 5339 2243 5389 it.

1923 5339 1957 5394 ὴ
1996 5351 2236 5484 Salutate
2256 5439 2432 5479 omnes
2454 5420 2742 5493 propositos
2767 5427 2980 5473 vestros.
2996 5415 3151 5472 Sicut
3171 5411 3496 5486 generaliter

1921 5517 2172 5574 omnibus
2197 5514 2413 5579 scribit,
2444 5513 2516 5567 ita
2545 5509 2871 5582 generaliter
2903 5506 3154 5564 omnibus
3178 5502 3414 5576 praelatis
3437 5512 3494 5563 ει

1920 5608 2152 5666 subditis
2185 5607 2412 5662 salutem
2458 5610 2626 5674 optat.
2680 5599 2924 5658 Salutare
2953 5599 3097 5656 enim
3134 5603 3218 5652 est
3263 5593 3494 5653 salutem

1921 5713 2128 5776 optare.
