3948 6314
454 349 552 407 671

951 353 1342 412 WALAFRIDI
1378 356 1623 416 STRABI
1661 357 1864 416 FULD.
1907 359 2018 417 ΜΟ]

2133 360 2262 418 )PP.
2303 358 2482 416 PARS
2521 359 2561 415 1.
2599 391 2668 402 -—
2705 361 3142 421 THEOLOGICA

826 570 1236 635 PROLOGUS
1283 574 1344 634 S.
1393 574 1850 635 HIERONYMI
1905 573 1985 633 ΙΝ
2034 571 2345 634 SEPTEM
2393 571 2827 634 EPISTOLAS
2873 572 3347 636 CANONICAS.

663 736 836 810 (Viae
878 736 1182 808 Hieronymi
1215 739 1444 793 divinam
1491 737 1888 805 Bibliothecam,
1937 735 2109 809 Epist.
2147 737 2217 790 ad
2254 735 2560 802 Paulinum,
2589 746 2636 790 et
2657 735 2934 793 Iibruntde
2970 737 3108 794 Viris
3136 738 3486 813 illustribus.)

1222 927 1724 1005 EPISTOLA
1799 927 2308 1006 CANONICA
2385 929 2469 1002 B.
2545 926 2917 1004 JACOBI.

987 1241 1485 1299 ARGUMENTUM.

525 1335 756 1391 Iacobus
784 1326 1056 1404 apostolus
1081 1342 1322 1386 sanctum
1346 1331 1576 1386 instituit
1599 1331 1799 1385 clerum
1824 1331 1890 1385 de
1913 1330 2025 1385 cul-

457 1435 578 1482 tura
609 1425 908 1481 cmlestium
961 1430 1371 1492 praeceptorum,
1413 1431 1466 1476 et
1522 1421 1702 1490 regula
1748 1420 2024 1476 catholica:

454 1515 834 1579 observantius,
855 1521 908 1567 et
934 1513 1001 1567 de
1025 1511 1235 1567 invicte
1256 1511 1528 1581 patientiae
1558 1512 1859 1580 majestate,
1885 1519 1938 1565 et
1959 1511 2025 1565 de

457 1603 782 1658 revelatione
823 1602 1195 1672 plurimorum,
1236 1611 1292 1656 et
1339 1602 1403 1655 de
1457 1600 1801 1655 mandatione
1852 1599 2022 1670 magi-

455 1703 708 1749 atrorum.

956 1761 1183 1818 CAPUT
1232 1761 1520 1817 PRIMUM.

529 1852 686 1908 Vnus.
731 1855 873 1908 1.-
915 1854 1165 1909 Iacobus.
1213 1855 1317 1910 Iste
1363 1855 1602 1910 ecclesiae
1645 1855 2028 1926 Hierosolymi-

454 1951 613 2008 tantn,
641 1953 760 2014 post
784 1945 1054 2016 apostolos
1082 1947 1148 1999 ad
1177 1946 1572 2014 praedicandum
1600 1947 1810 2011 missos,
1841 1963 2026 2001 curam

452 2041 511 2087 et
539 2035 774 2104 regimen
805 2036 1061 2105 suscepit.
1101 2035 1382 2090 Duodecim
1409 2036 1662 2091 tribubus;
1695 2037 2024 2107 Prtccipuam

453 2123 866 2180 sollicitudinem
896 2127 962 2180 de
993 2125 1110 2180 istis
1145 2126 1345 2179 habere
1383 2127 1449 2180 ad
1477 2127 1755 2182 duodecim
1783 2127 2023 2198 pertine-

453 2212 556 2267 bat.
581 2215 872 2284 apostolos,
900 2216 991 2285 qui
1024 2215 1288 2286 legatione
1316 2232 1414 2287 pro
1451 2218 1676 2272 Domino
1702 2219 1753 2272 in
1791 2219 2023 2274 circum-

451 2305 656 2361 cisione
682 2306 1058 2379 fungebantur.
1097 2307 1247 2364 Unde
1277 2317 1330 2363 et
1355 2309 1551 2364 Paulus
1583 2310 1713 2364 dicit
1737 2329 1749 2364 :
1773 2309 2024 2377 Iacobus,

451 2409 502 2452 et
522 2397 745 2470 Cephas,
780 2411 827 2455 et
856 2401 1108 2465 Joannes,
1151 2404 1238 2472 qui
1282 2402 1585 2458 ridebantur
1606 2413 1860 2458 columna:
1893 2423 2025 2471 esse,

450 2487 690 2543 desteras
717 2489 968 2544 dederunt
987 2531 1001 2554 ,
1041 2500 1151 2546 etc.
1180 2493 1384 2547 Idcirco
1419 2494 1499 2548 eis
1525 2495 1714 2549 scribit
1737 2497 2022 2565 praecipue,

453 2585 510 2630 et
535 2578 661 2646 quia
685 2580 799 2648 ipse
838 2595 868 2634 a
905 2582 1118 2636 caeteris
1153 2583 1409 2653 apostolis
1430 2599 1590 2655 super
1616 2600 1709 2642 eos
1747 2588 2026 2644 ordinatus
2059 2587 2100 2646 Β

449 2678 570 2724 erat
593 2671 896 2743 episcOpus.

523 2760 690 2818 Vens.
735 2765 790 2818 2.
820 2795 884 2804 —-
918 2762 1083 2818 Omne
1130 2766 1401 2834 gaudium.
1454 2767 1532 2823 Ne
1579 2768 1929 2839 indignemini
1977 2770 2022 2824 si

453 2850 580 2905 mali
612 2852 665 2906 in
697 2855 896 2908 mundo
917 2853 1128 2920 florent,
1154 2857 1198 2910 si
1224 2870 1320 2908 vos
1344 2857 1618 2925 patimini,
1646 2859 1772 2926 quia
1813 2874 1919 2913 non
1942 2869 2026 2914 est

450 2940 771 2998 Christiana:
792 2945 1035 2999 veritatis
1057 2946 1110 2998 in
1133 2947 1515 3015 temporalibus
1541 2948 1790 3015 exaltari,
1815 2951 1908 3004 sed
1931 2966 2025 3020 po-

451 3031 559 3086 tius
589 3032 836 3104 deprimi.
873 3034 995 3089 Mali
1029 3035 1158 3089 nihil
1187 3036 1384 3091 habent
1411 3039 1463 3093 in
1491 3039 1647 3106 ctelo,
1679 3055 1775 3096 vos
1804 3041 1936 3095 nihil
1968 3043 2020 3097 in

447 3123 670 3178 mundo.
703 3121 813 3194 Spe
841 3123 983 3180 illius
1009 3125 1132 3181 boni
1154 3127 1220 3182 ad
1252 3130 1394 3197 quod
1417 3129 1654 3195 tenditis,
1685 3131 1944 3202 quidquid
1968 3133 2021 3187 in

448 3212 536 3267 via
574 3214 867 3285 contingat,
900 3217 1134 3286 gaudere
1162 3217 1389 3272 debetis.
1437 3215 1569 3272 Cum
1605 3219 1660 3274 in
1685 3222 2019 3277 tentationes.

447 3302 494 3358 Δ
519 3304 929 3374 perfectioribus
956 3307 1141 3377 incipit
1169 3309 1234 3363 de
1259 3309 1580 3366 extrinsecis
1614 3313 2018 3369 tentationibus.

520 3392 686 3448 Vens.
739 3392 792 3448 5.
837 3425 908 3434 -
949 3391 1202 3449 Probatio
1246 3397 1400 3465 ﬁdei,
1429 3408 1534 3453 etc.
1585 3396 1762 3469 (851)..)
1818 3400 2020 3456 Eadem

448 3483 737 3549 sententia,
759 3487 852 3539 sed
873 3499 1135 3541 converso
1157 3489 1348 3544 ordine
1373 3490 1427 3542 in
1449 3489 1614 3544 Paulo
1642 3491 1868 3561 legitur.
1885 3501 2016 3559 etc.,

447 3589 609 3644 usque
643 3575 714 3628 ad
735 3590 831 3645 per
855 3578 994 3645 quod
1029 3577 1158 3632 fides
1185 3579 1420 3648 perfecta
1453 3580 1731 3648 probatur.

519 3663 683 3720 Vsus.
719 3665 772 3720 6.
803 3695 874 3707 —
900 3665 1001 3731 Qui
1052 3679 1223 3723 autem
1268 3669 1494 3724 Ita'sitat.
1544 3670 1644 3738 Qui
1686 3673 2016 3730 conscientia

447 3755 655 3824 peceati
689 3771 908 3824 pressus
930 3757 1140 3812 dubitat
1177 3759 1245 3815 de
1289 3762 1525 3830 pnemiis
1557 3763 1887 3832 caelestibus,
1928 3783 2018 3820 su-

447 3845 794 3914 perveniente
819 3857 981 3902 vento
1027 3850 1401 3918 tentationum,
1442 3850 1603 3909 facile
1647 3854 1848 3912 deserit
1895 3857 2022 3913 ﬁdei

447 3941 668 4001 statum,
695 3943 749 3990 et
767 3937 1060 3993 secundum
1092 3942 1346 3998 tentantis
1367 3942 1718 4010 voluntatem,
1739 3946 1805 4000 ad
1831 3945 2022 4004 ﬂatum
2043 3939 2088 4001 C

447 4023 593 4080 venti
622 4040 718 4095 per
745 4027 984 4084 diversos
1014 4030 1266 4086 vitiorum
1296 4040 1539 4102 raptatur
1565 4050 1803 4094 errores.

518 4114 679 4173 Vens.
711 4118 797 4174 10.
826 4150 898 4160 -
927 4121 1090 4176 Dives.
1115 4136 1310 4182 autem.
1345 4127 1577 4183 Divitem
1597 4139 1754 4184 vocat
1776 4145 1898 4186 eum
1924 4132 2021 4201 qui

449 4213 615 4262 totam
637 4223 788 4278 spem
819 4211 873 4265 in
897 4211 1101 4268 divitiis
1129 4217 1306 4283 ponit;
1339 4232 1443 4274 non
1468 4228 1626 4276 nocet
1647 4221 1846 4276 habere
1877 4224 2014 4284 divi:

449 4297 583 4362 tias,
638 4299 732 4354 sed
771 4316 974 4356 amare.
1030 4303 1180 4359 Dives
1233 4317 1420 4364 autem.
1457 4309 1725 4378 glorietur.
1789 4313 2013 4380 Ironice.

449 4389 611 4457 Quasi
642 4409 655 4446 :
685 4391 800 4446 Non
826 4393 983 4449 debet
1016 4395 1232 4466 gloriari
1274 4399 1327 4452 in
1367 4415 1461 4453 sua
1489 4400 2014 4474 gloriaquasuper-

448 4479 528 4536 bit
551 4489 609 4536 et
626 4482 761 4538 alios
783 4485 1058 4554 opprimit.
1083 4487 1209 4555 quia
1241 4487 1469 4544 finienda
1501 4499 1584 4546 est
1607 4500 1662 4546 et
1687 4493 2014 4552 humilianda

448 4573 503 4630 in
547 4572 774 4630 inferno.
818 4573 938 4640 Vel,
967 4574 1232 4632 Glorietur
1255 4579 1310 4633 in
1346 4580 1640 4636 humilitate
1667 4597 1785 4649 sua,
1816 4583 1868 4640 id
1909 4596 2016 4651 est,

449 4680 555 4720 non
586 4665 638 4718 in
670 4665 918 4734 superbia
937 4706 952 4730 ,
1004 4667 1097 4720 sed
1132 4667 1377 4726 lmmiliet
1399 4684 1458 4723 se
1489 4671 1872 4728 subserviendo
1896 4674 2016 4738 aliis

447 4761 514 4813 de
547 4759 764 4813 divitiis.
805 4757 1064 4823 Quoniam
1101 4761 1234 4813 sicut
1283 4762 1380 4829 [los
1403 4760 1529 4830 feni.
1559 4761 1743 4819 Justus
1761 4765 2014 4834 utpalma

448 4845 620 4909 floret,
661 4849 888 4917 iniustus
937 4861 996 4904 ut
1021 4851 1198 4908 fenum
1226 4869 1238 4906 :
1265 4853 1389 4920 quia
1436 4852 1523 4908 ille
1550 4864 1749 4920 manet,
1782 4856 1870 4910 hic
1908 4857 2016 4911 cito

449 4938 662 4992 transit.
695 4938 818 4995 Flos
841 4940 972 5009 justi
1015 4958 1137 5011 spes
1165 4959 1282 5011 quae
1329 4943 1563 5000 fructum
1588 4954 1881 5015 exspectat,
1931 4963 2014 5001 ra-

447 5027 538 5082 dix
563 5028 694 5098 justi
735 5032 969 5086 charitas
996 5049 1112 5102 quae
1151 5035 1437 5089 immobilis
1466 5044 1680 5100 manet;
1709 5037 1832 5090 mali
1863 5038 2012 5092 radix

447 5119 734 5189 cupiditas,
765 5120 862 5176 nos
884 5121 1169 5182 delectatio
1199 5128 1593 5196 temporalium.

519 5208 682 5266 Vens.
725 5211 810 5267 11.
838 5245 906 5253 -
926 5213 1078 5270 Dives
1108 5219 1161 5270 iu
1196 5219 1486 5272 itineribus.
1528 5218 1636 5272 Vise
1663 5219 1843 5273 divitis
1886 5228 2012 5273 tem-

2050 1244 2098 1302 Α
2131 1239 2221 1294 mii
2249 1258 2262 1292 :
2289 1238 2480 1292 Beatus
2513 1237 2607 1302 vir,
2641 1245 2747 1291 etc.
2775 1234 2893 1291 Non
2917 1236 3089 1292 solum
3116 1240 3340 1296 verbera
3367 1250 3424 1297 et
3451 1258 3701 1305 carceres

2127 1336 2334 1391 debetis
2371 1333 2519 1403 pati,
2572 1334 2665 1387 sed
2710 1342 2763 1387 et
2812 1333 3155 1387 amissionem
3203 1347 3382 1388 rerum
3431 1342 3700 1406 tempora-

2126 1425 2274 1489 lium,
2298 1440 2416 1494 qua:
2447 1433 2572 1478 sunt
2595 1423 2728 1478 viles
2754 1431 2810 1478 et
2838 1421 3182 1487 transitoria,
3209 1430 3264 1476 et
3310 1432 3583 1481 amatores
3617 1442 3697 1482 ea-

2126 1531 2242 1571 rum
2273 1513 2546 1585 puniendi.
3249 1510 3257 1516 “

2196 1604 2356 1660 Vens.
2407 1605 2491 1658 15.
2521 1634 2589 1644 —-
2619 1601 2810 1669 Nemo,
2846 1619 2963 1658 cum
3013 1612 3261 1657 tentatur.
3295 1604 3474 1676 (Bt-zu.)
3515 1605 3698 1661 Hacte-

2125 1712 2229 1752 nus
2265 1697 2330 1751 de
2353 1694 2735 1750 tentationihus
2761 1693 3338 1762 exterioribus,_nunc,
3369 1703 3502 1759 etc.,
3540 1712 3698 1767 usque

2125 1786 2196 1840 ad
2224 1794 2280 1840 et
2315 1785 2584 1838 hominem
2613 1782 2763 1852 quasi
2794 1797 2862 1837 ex
2889 1783 3211 1837 necessitate
3246 1798 3493 1851 peccare.

2197 1876 2456 1943 Quoniam
2489 1892 2519 1928 a
2556 1873 2663 1928 Deo
2695 1881 2941 1927 tentatur.
2985 1873 3315 1926 Exteriorem
3345 1875 3702 1930 tentationem

2129 1967 2367 2021 immittit
2409 1967 2550 2020 Deus
2585 1963 2650 2018 ad
2697 1964 3068 2034 probationem
3105 1979 3346 2028 suorum,
3389 1965 3700 2020 interiorem

2129 2070 2274 2120 vero,
2293 2071 2398 2125 qua
2419 2069 2558 2126 smpe
2582 2053 2883 2124 concipitur
2904 2051 3130 2117 furtum,
3156 2051 3504 2126 adulterium,
3537 2055 3703 2109 homi-

2127 2149 2344 2213 cidium,
2375 2162 2479 2202 non
2511 2146 2750 2201 immittit
2771 2144 2933 2200 Deus.

2201 2260 2359 2315 Vens.
2405 2258 2490 2313 14.
2513 2287 2584 2298 --
2606 2255 2970 2328 Unusquisque
3011 2266 3264 2310 tentatur.
3309 2257 3431 2320 Duo,
3464 2270 3596 2312 sunt
3621 2274 3703 2327 ge-

2129 2366 2255 2405 nera
2304 2350 2658 2404 tentatiomun
2702 2365 2713 2400 :
2757 2363 2919 2401 unum
2962 2346 3103 2417 quod
3152 2348 3361 2415 prohat,
3405 2349 3698 2402 secundum

2127 2443 2268 2516 quod
2315 2441 2544 2500 tentavit.
2589 2441 2730 2495 Deus
2761 2439 3262 2508 Ahraliam.vAliud
3305 2439 3450 2509 quod
3479 2438 3697 2509 decipit.

2131 2533 2431 2596 secundum.
2463 2530 2605 2600 quod
2651 2531 2792 2585 Deus
2835 2531 3103 2584 neminem
3133 2537 3322 2583 tentat.
3359 2528 3496 2583 Cum
3544 2545 3701 2598 super

2129 2625 2553 2688 fundamentum,
2584 2625 2810 2694 lignum,
2833 2622 3044 2696 fenum,
3069 2621 3315 2691 stipulam
3347 2622 3699 2686 tedilicamns,

2127 2713 2372 2768 diabolus.
2389 2714 2702 2784 superponit
2736 2713 3063 2769 incendium.
3105 2713 3457 2779 JEdiiieemus
3487 2729 3698 2778 aurum,

2124 2815 2424 2877 argentum,
2454 2807 2656 2876 lapides
2678 2807 2942 2876 pretiosos
2968 2824 2980 2860 :
3006 2816 3061 2860 et
3091 2815 3294 2860 tentare
3320 2807 3696 2874 noncaudebit;

2126 2913 2224 2951 nec
2276 2906 2462 2968 tamen
2497 2898 2717 2952 omnino
2743 2898 2976 2963 desistit,
3005 2897 3100 2952 sed
3127 2897 3276 2952 sedet
3305 2897 3358 2951 in
3388 2897 3617 2952 occultis
3646 2907 3701 2951 ut

2125 2987 2410 3042 interﬁciat
2438 2987 2798 3058 innocentem.

2193 3077 2414 3134 Generat
2439 3090 2674 3134 mortem.
2706 3080 2857 3136 Sicut
2884 3080 2976 3151 qui
3007 3087 3243 3135 tentatus
3282 3087 3533 3149 superat,
3560 3093 3696 3149 pra:-

2122 3171 2228 3225 mia
2260 3171 2413 3237 vita‘;
2455 3172 2527 3226 ita
2554 3172 2644 3242 qui
2677 3172 3125 3244 concupiscentiis
3157 3171 3367 3243 illectus
3395 3181 3695 3243 superatur.

2122 3263 2317 3318 merito
2342 3263 2550 3316 ruinam
2582 3263 2773 3334 mortis
2803 3263 3049 3318 incurrit.
3077 3333 3084 3336 _
3499 3255 3502 3258 ’

2195 3353 2356 3408 Vens.
2397 3354 2478 3407 i7.
2507 3385 2575 3394 —
2599 3352 2764 3407 Omne
2788 3354 2967 3411 datum
2991 3395 3005 3427 ,
3031 3365 3156 3430 ⁸(δια.
3180 3351 3375 3424 “(1350.)
3405 3351 3704 3428 Postquam;

2120 3441 2303 3514 docuit
2347 3443 2489 3516 quod
2536 3442 2664 3512 vitia
2692 3457 2822 3516 _non
2874 3458 2903 3495 a
2945 3443 3051 3496 Deo
3102 3440 3277 3508 nobis,
3327 3443 3428 3502 sed.
3465 3457 3495 3495 a
3543 3441 3697 3494 nobis

2118 3541 2260 3597 sunt,
2280 3541 2406 3594 etc.,
2437 3548 2593 3601 usque
2619 3531 2687 3584 ad
2699 3532 2906 3592 donum
2938 3531 3229 3602 perfectum
3253 3538 3431 3600 potest
3454 3529 3693 3598 intelligi.

2189 3622 2300 3691 Nec
2321 3605 2709 3694 vicissitudinis.
2735 3621 2936 3675 Lumen
2954 3621 3068 3690 ejus
3083 3621 3258 3691 aliqua
3278 3606 3467 3698 umbra
3492 3636 3598 3674 non
3620 3621 3699 3673 in-

2119 3715 2353 3779 terdicit,
2378 3724 2436 3768 ut
2459 3715 2636 3784 aliqua
2668 3714 2806 3786 mala
2841 3714 3112 3786 immittat.
3144 3712 3369 3782 Semper
3391 3713 3527 3766 bona
3562 3711 3697 3765 lucis

2118 3815 2242 3860 sunt
2265 3806 2316 3860 in
2331 3805 2460 3870 Deo,
2479 3806 2570 3860 sed
2589 3806 2705 3876 ejus
2717 3805 2853 3858 dona
2879 3805 2928 3858 in
2959 3804 3112 3858 nobis
3134 3803 3419 3873 aliquando
3437 3813 3561 3875 sunt
3581 3816 3698 3876 qua:

2119 3898 2548 3968 supervenientia
2579 3899 2902 3952 ohtunbrant
2924 3906 3163 3966 peccata.
3269 3889 3276 3894 ’

2190 3986 2352 4042 Vens.
2397 3989 2483 4043 18.
2511 4017 2579 4027 -ο
2616 3986 2937 4054 Volumni-ie.
2959 3973 3134 4043 Ὁιιιιιθ
3168 3989 3366 4041 bonum
3393 3997 3476 4058 est
3503 4004 3533 4042 a
3568 3988 3695 4056 Deo,

2117 4087 2174 4134 et
2208 4095 2320 4146 non
2361 4079 2569 4134 meritis
2599 4080 2792 4143 vestris
2818 4079 2883 4132 ad
2924 4082 3025 4133 hoc
3063 4079 3391 4143 accessistis,
3438 4077 3535 4134 sed
3584 4080 3695 4132 sola

2117 4169 2289 4238 gratia
2328 4169 2519 4238 divinae
2544 4166 2854 4236 voluntatis.
2893 4166 2956 4220 Ut
2987 4169 3150 4235 simus
3183 4168 3409 4230 initium,
3457 4178 3563 4223 etc.
3594 4167 3699 4240 Per

2117 4257 2256 4312 hanc
2293 4259 2590 4328 genituram
2630 4275 2733 4312 non
2765 4267 3012 4327 putemus
3037 4273 3135 4311 nos
3162 4272 3280 4311 esse
3311 4258 3362 4311 id
3391 4260 3534 4326 quod
3583 4261 3694 4327 ipse

2115 4356 2220 4411 est,
2265 4347 2358 4403 sed
2408 4347 2693 4416 quemdam
2743 4348 3098 4416 principatum
3164 4348 3215 4400 in
3267 4350 3560 4424 creaturis,
3605 4352 3700 4403 ad-

2116 4438 2334 4508 optione
2361 4439 2516 4494 nobis
2553 4440 2838 4506 concessit.
2896 4437 3045 4492 Unde
3086 4436 3223 4491 alius
3253 4441 3594 4496 translator:
3631 4439 3696 4494 Ut

2117 4530 2278 4599 simus
2303 4530 2548 4600 primitiae
2577 4541 2938 4584 creaturarum
2960 4531 3098 4600 ejus.

2137 4717 2140 4722 _
2190 4643 2350 4713 Vnus.
2403 4643 2488 4698 i9.
2524 4675 2592 4684 —
2624 4643 2829 4716 Tardus
2874 4646 2943 4698 ad
2998 4647 3153 4700 iram.
3211 4645 3326 4712 Non
3380 4657 3606 4719 temere,
3641 4657 3693 4716 et

2117 4729 2232 4789 sine
2256 4750 2416 4790 causa
2447 4734 2641 4805 aliquis
2668 4736 2950 4800 irascatur,
2973 4737 3062 4812 vel
3089 4746 3276 4809 contra
3302 4739 3551 4794 subditos
3574 4756 3691 4808 pec-

2117 4811 2327 4888 eantes,
2354 4822 2436 4877 vel
2467 4834 2653 4878 contra
2681 4825 2950 4893 quoslibet
2979 4826 3199 4893 fratres,
3226 4827 3311 4881 vel
3341 4836 3536 4882 contra
3575 4828 3687 4881 feli-

2116 4915 2333 4969 citatem
2362 4914 2644 4979 malorum,
2674 4915 2800 4984 quia
2833 4917 3114 4974 maturitas
3145 4919 3427 4987 sapientiae
3458 4934 3563 4972 non
3591 4918 3686 4972 nisi

2119 5008 2405 5077 tranquilla
2444 5018 2624 5062 mente
2653 5009 2965 5079 percipitur.
3015 5010 3080 5062 Et
3127 5011 3216 5080 qui
3256 5011 3430 5066 iratus
3462 5012 3684 5082 judicat.

2115 5099 2325 5153 etiamsi
2345 5097 2845 5166 justitiamjudicat.
2865 5109 3042 5170 tamen
3064 5101 3230 5155 divini
3248 5101 3518 5156 examinis
3533 5101 3686 5170 justi-

2116 5191 2269 5253 tiam,
2289 5191 2338 5241 in
2361 5205 2466 5257 qua
2485 5188 2818 5257 perturbatio
2842 5207 2946 5244 non
2965 5192 3127 5253 cadit,
3149 5207 3257 5244 non
3273 5201 3449 5262 potest
3472 5191 3679 5246 imitari.

447 5300 651 5371 poralia
690 5311 834 5370 sunt,
888 5306 1082 5376 quibus
1129 5308 1422 5362 beatificari
1468 5309 1680 5377 quan-it,
1730 5325 1848 5377 qua:
1900 5311 2009 5366 cito

2187 5299 2345 5352 Vens.
2372 5299 2460 5352 2|.
2479 5328 2550 5338 -—
2574 5295 2797 5368 Propter
2824 5301 2961 5370 quod
3000 5301 3318 5370 abjicientes.
3348 5311 3455 5356 etc.
3489 5301 3684 5355 Monuit

448 5392 808 5450 deumenlur.
852 5395 1029 5450 Ardor
1063 5397 1213 5459 solis,
1249 5381 1511 5452 adventus
1555 5399 1726 5452 severi
1755 5398 1956 5454 .Iudicis
1995 5423 2008 5455 :

447 5484 530 5539 vel
558 5483 609 5539 in
625 5494 796 5540 morte
819 5486 1078 5557 cujusque
1101 5488 1440 5556 improvisus,
1459 5489 1540 5542 vel
1564 5491 1614 5542 in
1637 5489 1840 5557 judicio
1861 5507 2009 5544 com-

447 5576 700 5631 muniter.
724 5577 780 5631 In
808 5594 915 5648 quo
935 5578 1113 5642 justus
1151 5587 1209 5632 ut
1239 5577 1402 5633 arbor
1433 5579 1707 5642 fructifera
1755 5581 2008 5635 utattebit.

517 5665 679 5720 Vens.
720 5667 799 5722 [2.
827 5699 893 5707 —-
936 5668 1126 5722 Beatus
1162 5670 1258 5720 rir.
1287 5669 1418 5734 Quia
1453 5667 1663 5723 dillicile
1703 5679 1782 5723 est
1809 5670 2010 5725 hortari

447 5757 510 5810 ad
543 5765 906 5811 contemptum
935 5756 1140 5812 mundi.
1173 5757 1352 5812 subdit
1381 5759 1441 5813 de
1489 5759 1851 5833 mamritudine
1873 5773 2009 5816 orte

2115 5395 2182 5448 ad
2209 5393 2582 5460 inquirendam
2613 5393 2933 5457 doctrinam,
2975 5394 3042 5447 ad
3077 5408 3240 5463 quam
3269 5394 3679 5464 suscipiendam,

2114 5494 2167 5539 et.
2199 5495 2257 5538 ut
2283 5486 2334 5538 in
2359 5501 2420 5537 ea
2452 5486 2658 5553 possint
2689 5484 2976 5553 proiicere,
3007 5486 3255 5540 hortatur
3273 5502 3417 5540 nunc
3444 5486 3512 5540 ad
3539 5499 3681 5538 num-

2115 5578 2297 5631 ditiam
2346 5578 2588 5644 corporis
2617 5586 2670 5630 et
2701 5577 2911 5630 animm.
2945 5577 3047 5644 Qui
3077 5578 3218 5631 enim
3250 5593 3356 5631 non
3387 5576 3613 5631 det-linat
3648 5589 3678 5624 a

2116 5667 2272 5730 malo,
2317 5684 2419 5720 non
2468 5676 2642 5735 potest
2694 5668 2890 5721 i-.onntn
2938 5667 3136 5722 facere.
3187 5667 3408 5720 .Iusitum
3458 5666 3674 5720 twerbum.

2115 5761 2265 5817 O:xo.l
2315 5760 2505 5814 vestris
2537 5759 2788 5814 cordibus
2819 5758 3160 5816 praedicando
3208 5757 3547 5815 imponimus.
3598 5753 3676 5804 vel
