3948 6314
281 370 379 429 675

1246 362 1514 424 GLOSSA
1550 359 1945 425 ORDJNARIA.
1980 389 2052 401 —
2090 359 2304 421 EPBT.
2344 360 2407 415 Β.
2444 358 2580 419 MC-

3413 358 3520 414 67‘

278 479 495 534 verbum
527 475 674 546 quod
707 474 928 533 insitum
967 484 1024 531 et
1059 476 1384 532 semiustum
1412 484 1496 532 est
1534 476 1591 530 in
1635 473 1723 530 die
1762 488 1848 528 re-
1874 476 1923 536 Α
1949 486 2019 527 ne
2042 472 2262 528 omnino
2295 472 2675 531 contemnendi
2714 472 2908 529 divites
2956 480 3233 543 putentur,
3286 469 3467 527 subdit
3500 490 3521 528 :

278 567 615 637 demptionis,
664 568 881 639 quando
922 581 1018 623 vos
1045 567 1231 638 genuit
1259 566 1435 631 Deus;
1484 581 1627 621 nunc
1666 563 1842 634 perfe-

277 656 413 712 ctius
439 655 713 727 suscipite,
744 664 800 711 et
839 656 1092 726 operibus
1119 654 1359 726 implete,
1394 655 1525 725 quid
1556 654 1609 709 in
1645 660 1843 723 myste-

275 746 357 823 rio
375 746 588 803 tenetis.

345 833 504 891 Vsus.
533 835 622 891 23.
651 864 729 880 -
754 834 1118 891 Consideranti
1141 833 1357 889 vultum.
1384 833 1485 901 Qui
1510 833 1763 904 proponit
1788 832 1841 888 in

272 925 450 980 animo
476 940 576 980 suo
618 925 968 980 considerare
1004 924 1060 979 in
1100 924 1400 994 Scripturis
1431 923 1585 993 quasi
1626 923 1680 976 in
1720 937 1847 991 spe-

270 1016 388 1073 culo
428 1016 635 1072 vultum
686 1017 1006 1081 nativitatis,
1060 1014 1294 1085 qualiter
1344 1015 1506 1070 homo
1551 1015 1624 1070 sit
1661 1024 1839 1079 natus,

268 1124 427 1179 quam
452 1106 683 1178 fragilis,
706 1110 793 1163 vel
812 1109 945 1179 quid
971 1107 1208 1173 futurus,
1238 1122 1405 1177 quam
1432 1107 1610 1163 brevis
1636 1107 1759 1172 aevi,
1787 1106 1841 1161 in

268 1203 479 1275 quantis
526 1203 764 1259 miseriis
796 1201 1038 1273 positus,
1078 1200 1546 1269 compunctionem
1594 1212 1841 1269 magnam

265 1301 320 1348 et
353 1292 683 1347 voluntatem
721 1290 1017 1363 paenitendi
1053 1289 1357 1356 contraxit;
1384 1288 1479 1347 sed
1506 1289 1712 1353 statim,
1738 1287 1839 1342 ali-

264 1397 367 1453 qua
393 1382 694 1454 tentatione
724 1381 997 1445 seductus,
1030 1379 1368 1435 obliviscitur
1386 1379 1838 1450 eompunctionis,

263 1480 319 1527 et
358 1472 425 1527 ad
464 1479 691 1543 peccata
735 1470 895 1526 redit.
941 1469 1114 1541 Hujus
1158 1471 1537 1526 inconstantia:
1566 1477 1839 1539 comparat

261 1578 382 1619 eum
410 1563 502 1632 qui
537 1562 769 1618 libenter
792 1560 1016 1617 verbum
1047 1560 1218 1626 audit,
1245 1569 1303 1616 et
1330 1559 1555 1630 implere
1593 1559 1836 1629 negligit.

261 1656 328 1711 Et
345 1665 430 1712 est
452 1655 753 1719 similitudo
781 1656 925 1710 inter
946 1653 1093 1708 illum
1119 1654 1210 1723 qui
1239 1660 1429 1722 sponte
1458 1667 1576 1717 sua,
1606 1652 1725 1707 sine
1742 1652 1841 1706 do-

1947 564 2101 631 quasi
2135 563 2280 618 dicat
2306 573 2524 634 propter
2551 564 2837 633 prmdictss
2864 577 3058 617 causas
3096 576 3202 645 nep
3243 569 3369 616 sunt
3418 560 3522 616 eli-

1946 654 2128 722 gandi,
2186 655 2281 708 sed
2344 654 2387 708 si
2419 653 2679 723 perﬁcitis
2747 655 2888 708 hanc
2938 653 3123 723 legem
3152 667 3274 722 quae
3323 651 3454 707 dicit
3496 669 3511 705 :

1946 742 2143 814 Diliges
2172 743 2468 812 proximum
2503 743 2718 815 (Matth.
2748 744 2884 815 xm)
2912 784 2928 807 ,
2957 742 3305 807 benefueitis;
3347 743 3472 810 quia
3497 782 3512 805 ,

1943 834 2045 889 etsi
2106 835 2299 889 divites
2351 845 2573 905 propter
2633 835 2849 890 divitias
2892 850 2999 889 non
3061 841 3189 890 sunt
3240 833 3471 905 eligendi
3497 871 3514 896 .

1930 942 2051 987 non
2084 934 2259 981 tamen
2283 934 2500 995 propter
2528 924 2696 980 Deum
2746 926 2926 981 minus
2959 933 3089 981 sunt
3133 925 3409 995 diligendi.
3478 956 3483 973 ς

1934 1064 1939 1067 .
2015 1014 2284 1086 Regalem.
2316 1015 2368 1070 Id
2393 1024 2477 1075 est
2507 1015 2857 1072 excellentem
2876 1057 2891 1081 ,
2919 1016 3005 1071 vel
3051 1017 3177 1087 quia
3214 1014 3520 1086 commupis

1932 1115 2031 1173 est
2056 1108 2327 1173 omnibus,
2350 1117 2406 1163 et
2426 1123 2618 1163 omnes
2654 1107 3052 1178 complectitur.
3082 1108 3172 1164 Vel
3200 1124 3321 1178 qua:
3344 1107 3514 1163 dicit:

1945 1197 2071 1254 Non
2104 1198 2398 1268 confundas
2423 1216 2699 1269 personam
2728 1201 2994 1271 pauperis,
3031 1217 3124 1254 nec
3147 1202 3368 1255 honores
3408 1198 3518 1255 vul-

1943 1297 2055 1343 tum
2082 1291 2303 1359 potentis
2336 1289 2521 1361 (Leuit.
2565 1291 2704 1361 xu),
2754 1300 2811 1346 et
2860 1292 2986 1348 alibi
3023 1310 3036 1346 :
3072 1291 3240 1347 Nulla
3286 1293 3384 1346 erit
3430 1291 3517 1345 ἀι.

1942 1379 2137 1432 stantia
2164 1396 2507 1449 personarum
2538 1395 2557 1432 :
2580 1382 2655 1436 ita
2680 1399 2903 1453 parvum
2929 1392 2983 1437 ut
3004 1399 3253 1454 magnum
3269 1382 3515 1447 audietis,

1941 1471 2066 1540 quia
2100 1471 2365 1541 judicium
2392 1472 2489 1527 Dei
2512 1483 2587 1527 est
2624 1472 2803 1544 (Deut.
2835 1475 2898 1546 ι).
2973 1471 2977 1475 ’

1936 1618 1939 1623 ι
2016 1580 2174 1636 Vsus.
2207 1582 2291 1635 10.
2314 1612 2386 1623 -
2412 1583 2721 1654 Quicunque
2742 1594 2935 1639 autem.
2960 1584 3039 1640 Ne
3086 1591 3341 1654 putarent
3385 1597 3515 1640 con-

1944 1671 2244 1741 temptibile
2271 1686 2390 1728 esse
2417 1682 2698 1743 peccatum
2727 1673 2780 1729 in
2810 1675 2911 1731 hac
2933 1691 3036 1730 una
3054 1691 3113 1730 re
3138 1675 3312 1745 legem
3344 1683 3511 1730 trans

258 1755 405 1836 ςῑθτθ
433 1760 499 1801 se
519 1746 589 1801 ad
620 1744 933 1836 δεΐίρῑυτθε
960 1743 1234 1836 applicui"
1265 1752 1320 1836 9}
1344 1742 1493 1836 ίιίίιξη
1521 1740 1612 1812 qui
1642 1740 1711 1797 ab
1731 1741 1838 1798 “"9
1869 1824 1912 1836 _
1936 1740 2113 1834 gredi,
2169 1763 2352 1819 addit:
2378 1740 2685 1835 Quicunque
2711 1775 2882 1819 autem
2909 1807 2925 1831 ,
2945 1775 3050 1821 etc.
3074 1740 3322 1836 Oﬂ‘endat
3340 1777 3508 1821 autem

259 1835 575 1907 Scripturas
592 1835 776 1913 (audit,
807 1850 931 1891 cum
957 1841 1151 1889 neuter
1177 1831 1503 1913 impleverit.

323 1926 469 1983 Puer
504 1942 629 1982 cum
657 1912 900 1983 nascitur
926 1925 1104 1996 vagit,
1142 1939 1241 1996 per
1264 1924 1408 1995 quod
1432 1921 1704 1978 indicatur
1739 1922 1837 1978 do-

255 2019 342 2075 lor
372 2020 596 2086 animae,
626 2028 684 2075 et
713 2019 857 2090 quod
887 2019 940 2073 in
982 2019 1090 2073 vita
1139 2018 1304 2072 intrat
1331 2016 1400 2071 ad
1443 2016 1690 2075 miserias
1714 2031 1837 2071 car-

254 2112 361 2179 nis,
396 2126 563 2184 quem
600 2110 840 2168 dolorem
862 2117 1050 2181 postea
1080 2107 1435 2174 obliviscitur,
1470 2116 1733 2164 consueta
1776 2107 1852 2163 il-‘

252 2198 488 2256 lecebris
514 2200 696 2257 carnis
720 2200 920 2255 anima.
1820 2244 1825 2253 .

324 2288 494 2346 Vens.
535 2289 627 2346 26.
669 2319 741 2331 -—
769 2288 893 2345 Non
934 2288 1205 2359 refrenans
1238 2288 1475 2359 linguam
1523 2304 1698 2355 suam,
1729 2296 1835 2346 etc.

254 2380 440 2449 (Auc.,
466 2379 642 2436 Serm.
667 2380 703 2436 3
727 2379 797 2435 ad
818 2381 1009 2450 fratres
1034 2379 1089 2434 in
1108 2379 1327 2449 eremo.)
1375 2378 1689 2436 Verbositas
1708 2380 1837 2450 quid

251 2470 401 2527 aliud
426 2468 552 2527 est?
578 2478 710 2536 ete.,
755 2487 916 2543 usque
936 2469 1005 2524 ad
1030 2479 1086 2525 et
1109 2478 1166 2524 tu
1207 2468 1496 2537 diligenter
1541 2473 1835 2545 attendas:

251 2565 362 2633 Qui
385 2583 496 2623 non
517 2566 743 2637 refrenat
793 2564 1026 2637 linguam
1059 2578 1211 2618 suam
1228 2602 1243 2630 ,
1287 2564 1446 2633 hujus
1472 2579 1606 2619 vana
1624 2573 1699 2618 est
1722 2562 1841 2619 reli-

249 2657 360 2727 gio,
384 2665 498 2712 etc.
1319 2669 1327 2676 '

321 2748 496 2821 Vsus.
528 2747 618 2804 27.
646 2778 714 2789 --
749 2747 817 2802 Et
841 2745 1239 2801 immaculatum
1259 2762 1312 2801 se
1338 2744 1601 2800 custodire
1622 2744 1686 2803 ab
1740 2745 1838 2801 lto:

249 2837 475 2897 Iaculo.
509 2838 602 2894 Pet
631 2839 886 2894 saeculum
917 2836 1172 2908 intelligit
1201 2837 1484 2901 mundum,
1512 2851 1611 2907 seu
1652 2837 1835 2891 omnia

245 2944 377 2999 qua:
407 2937 539 3001 sunt
570 2929 623 2983 in
645 2918 866 2995 mundo,
896 2936 955 2983 ut
989 2937 1117 2983 sunt
1165 2927 1609 2998 concupiscentia
1629 2926 1834 2993 carnis,

245 3026 305 3075 et
325 3018 636 3084 oculorum,
660 3027 716 3074 et
738 3019 990 3090 superbia
1024 3019 1170 3073 vitm.

890 3107 1115 3164 CAPUT
1145 3108 1207 3162 ll.

322 3201 497 3258 Vm.
549 3202 600 3257 i.
644 3232 716 3242 --
754 3199 954 3256 Nolite.
983 3200 1149 3267 Quasi
1199 3201 1340 3256 dicat
1367 3215 1387 3253 :
1415 3201 1677 3257 Dominus
1730 3216 1838 3273 non
1866 3183 1912 3246 θ

245 3294 460 3352 divites
482 3294 674 3350 invitat
701 3295 769 3349 ad
818 3293 978 3348 ﬁdem
1033 3302 1087 3348 ct
1136 3307 1403 3364 pauperes
1455 3293 1707 3364 deSpicit,
1748 3293 1843 3353 scd

245 3399 530 3456 pauperes
556 3384 717 3455 elegit
744 3384 794 3438 iu
841 3384 942 3439 hoc
989 3385 1206 3447 mundo,
1237 3391 1294 3438 et
1326 3398 1422 3438 eos
1448 3382 1553 3439 ﬁde
1600 3383 1840 3438 donavit.

245 3472 496 3529 Mundus
560 3489 852 3545 pauperem
921 3471 1149 3541 aljicit,
1202 3473 1423 3529 divitem
1482 3472 1647 3539 colit;
1711 3474 1845 3532 ﬁdes

245 3561 461 3619 Cbristi
515 3574 739 3617 econtra
780 3563 935 3619 docet
986 3562 1111 3634 quia
1162 3564 1338 3620 omnis
1386 3564 1554 3634 gloria
1620 3562 1843 3621 divitum

248 3664 523 3726 tanquam
562 3654 657 3711 llos
682 3654 809 3723 feni,
851 3656 1223 3712 misericordia
1266 3657 1318 3711 in
1366 3672 1633 3728 pauperes
1686 3657 1843 3714 ﬂoret

246 3745 305 3802 in
327 3756 623 3803 mternum.
661 3746 870 3802 Domini
898 3747 1101 3818 gloritr.
1137 3747 1426 3804 Dominum
1456 3750 1641 3821 gloriae
1666 3751 1844 3805 nomi-

247 3844 371 3902 nat,
407 3843 470 3890 ut
499 3836 616 3907 ejus
641 3837 806 3908 jussis
839 3836 1143 3903 obediatur,
1193 3839 1285 3907 qui
1306 3828 1641 3910 sempiterna
1673 3840 1842 3911 gloria

249 3936 576 3984 remunerat
602 3928 652 3982 id
679 3930 821 3997 quod
842 3942 941 3999 pro
966 3927 1083 3998 ejus
1109 3942 1295 3983 amore
1318 3929 1645 4000 pauperibus
1664 3931 1844 3987 datur.

321 4014 502 4071 Vnus.
532 4014 586 4069 5.
617 4046 688 4055 —
723 4015 933 4070 Audite.
962 4015 1141 4089 (Βευ.)
1192 4017 1511 4087 Diligentius
1562 4010 1843 4085 attendite,

244 4110 379 4182 quia
411 4126 525 4166 non
556 4111 645 4180 qui
671 4110 892 4166 ditiores
920 4112 972 4165 in
1000 4109 1226 4175 saeculo,
1250 4118 1380 4175 etc.,
1432 4127 1594 4181 usque
1643 4111 1712 4165 ad
1751 4112 1846 4169 sed

248 4202 354 4258 hos
379 4211 571 4257 tamen
598 4202 1002 4273 exspectatione
1034 4200 1198 4257 futuri
1229 4202 1379 4272 regni
1408 4202 1695 4273 praeclaros
1721 4207 1871 4289 red-.

247 4293 395 4349 didit
428 4304 491 4350 et
520 4293 752 4347 nobiles.

324 4386 532 4441 Nonne
564 4383 721 4439 Dens.
755 4382 933 4456 (Βευ.)
956 4381 1229 4456 Pauperes
1248 4383 1410 4454 elegit
1433 4370 1577 4439 Deus
1603 4383 1693 4454 qui
1720 4382 1846 4440 alibi

245 4478 362 4533 ait:
398 4472 587 4530 Nolite
616 4473 812 4538 timere,
833 4473 1056 4544 pusillus
1081 4489 1227 4545 grex,
1250 4474 1373 4545 quia
1401 4471 1712 4544 complacuit
1737 4464 1848 4527 Pa;

247 4569 320 4622 tri
348 4575 528 4622 oestro
561 4569 689 4617 dare
708 4563 849 4618 vobis
874 4579 1108 4634 regnum.
1135 4560 1409 4634 Pauperes
1441 4562 1605 4617 etiam
1660 4578 1853 4633 paren-

246 4656 335 4714 tes
365 4670 612 4727 quorum
641 4655 943 4709 nutriretur
970 4652 1145 4708 oﬂicio
1183 4653 1363 4724 elegit.

325 4750 510 4807 Vens.
544 4748 597 4801 6.
628 4777 699 4787 —
728 4744 917 4800 Nonne
937 4745 1141 4800 divites.
1178 4744 1434 4815 Apertius
1457 4744 1692 4800 ostendit
1717 4760 1852 4814 quos

248 4826 469 4895 divites
496 4838 773 4907 superius"
802 4834 1023 4901 dixerit,
1080 4835 1289 4891 scilicet
1338 4834 1460 4890 illos
1506 4835 1600 4905 qui
1637 4835 1853 4892 divitias

247 4912 489 4986 Christo
519 4927 839 4998 praeferunt,
871 4935 927 4982 et
954 4927 1055 4998 ipsi
1083 4927 1243 4982 alieni
1268 4942 1299 4981 a
1331 4927 1459 4994 ﬁde,
1486 4943 1581 4983 eos
1603 4928 1696 4998 qui
1733 4918 1852 4984 ore;

250 5006 399 5081 dunt
437 5040 543 5095 per
578 5021 872 5101 potentiam
900 5021 1247 5092 opprimunt,
1289 5030 1345 5077 et
1385 5021 1454 5077 ad
1493 5021 1698 5093 judicia
1748 5004 1854 5093 ipo—

170 5116 175 5119 ’
252 5114 572 5171 tentiorum
600 5100 840 5167 trahunt.
870 5111 936 5165 Et
958 5119 1044 5166 cst
1075 5110 1178 5165 alia
1203 5126 1363 5167 causa
1392 5127 1563 5183 quare
1588 5127 1698 5167 non
1728 5100 1856 5168 sunt

252 5205 529 5279 eligendi,
557 5203 683 5274 quia
712 5202 849 5257 mala
877 5201 1115 5257 inferunt
1136 5200 1401 5257 ﬁdelibus.
1658 5270 1663 5275 ε

332 5297 515 5353 Vens.
548 5296 601 5350 7.
625 5326 696 5335 —
721 5294 1114 5366 Blaspltemaut.
1163 5293 1290 5349 Haec
1329 5293 1692 5364 apostolorum
1719 5304 1855 5352 tem-

256 5391 504 5465 poribus
555 5388 737 5460 plures
769 5388 1048 5462 gentilium
1074 5395 1130 5443 et
1148 5385 1456 5445 Iudaeorum
1474 5429 1491 5457 ,
1514 5389 1749 5445 maxime
1774 5390 1858 5461 di:

260 5485 445 5540 tiores
478 5480 672 5537 fecisse
695 5481 1063 5537 inveniuntur.

334 5575 521 5630 Vens.
547 5572 600 5629 8.
634 5604 701 5621 -η
727 5570 784 5628 Si
808 5581 979 5627 tamen
1025 5571 1206 5645 legem.
1257 5571 1393 5639 Quia
1428 5586 1647 5647 {aspere
1700 5584 1755 5628 et
1788 5573 1863 5629 de

260 5672 595 5743 contemptu
645 5663 868 5719 divitum
921 5663 1130 5720 locutus
1170 5671 1306 5727 erat,
1358 5671 1413 5718 et
1457 5663 1855 5735 quodammde

259 5757 591 5812 contrarius
620 5755 722 5826 legi
747 5754 959 5823 divinze,
999 5770 1117 5826 qua!
1147 5769 1337 5817 omnes
1380 5753 1529 5826 dirigi
1588 5754 1852 5825 praecipit,

1869 1824 1913 1885 Β
1940 1853 1997 1907 in
2025 1858 2129 1907 uno
2181 1852 2351 1908 factus
2379 1864 2453 1909 est
2494 1857 2727 1909 omnium
2760 1872 2910 1910 reus.
2937 1857 3075 1911 Vere
3103 1859 3192 1927 qui
3224 1872 3278 1911 In
3299 1872 3408 1912 uno
3430 1855 3515 1912 of-

1941 1941 2110 1997 lendtt
2134 1950 2219 1998 est
2248 1952 2617 2015 transgressor
2657 1946 2821 2000 totius
2845 1945 2979 2018 legis
3000 1988 3013 2013 ,
3037 1948 3164 2017 quia
3190 1954 3281 2018 qut
3300 1956 3510 2018 peccat.

1939 2044 2126 2090 contra
2144 2045 2419 2093 auctorem
2444 2039 2579 2109 .egis
2611 2040 2760 2104 iacit,
2798 2029 2971 2109 'quem
3010 2041 3064 2094 in
3121 2056 3217 2095 sua
3260 2041 3375 2111 lege
3422 2054 3519 2093 ne-

1939 2124 2112 2196 gligit,
2145 2135 2203 2181 et
2232 2136 2419 2182 contra
2447 2130 2793 2192 cbaritatem,
2831 2144 2951 2198 qua:
2981 2138 3065 2184 est
3109 2144 3273 2184 causa
3323 2139 3379 2186 et
3400 2132 3527 2186 ma—‘

1941 2228 2023 2272 ter
2048 2217 2215 2272 totius
2233 2217 2382 2289 legis.
2403 2218 2551 2275 Hauc
2572 2219 2895 2274 sententiam
2918 2236 2981 2275 ex
3004 2219 3168 2274 simili
3191 2220 3472 2275 videamus
3497 2232 3512 2274 :

1940 2303 1999 2361 Si
2021 2308 2145 2377 quis
2169 2324 2257 2363 me
2280 2306 2598 2376 oll'enderet,
2618 2325 2807 2366 omnes
2828 2309 3025 2365 fratres
3045 2318 3100 2366 et
3131 2311 3335 2377 amicos
3367 2326 3523 2375 meos

1940 2397 1992 2453 in
2025 2415 2111 2454 me
2132 2398 2443 2464 olienderet.
2471 2412 2528 2457 et
2546 2404 2940 2471 quodammodo
2963 2412 3150 2459 contra
3174 2418 3362 2459 omnes
3385 2420 3513 2476 pec-

1938 2499 2110 2545 caret.
2139 2490 2232 2547 Sic
2251 2493 2342 2561 qui
2364 2508 2527 2546 unum
2553 2492 2864 2548 mandatum
2889 2494 3131 2564 negligit,
3152 2505 3367 2562 caetera,
3395 2510 3516 2566 quas
3601 2495 3605 2499 ’

1937 2580 2205 2650 completa
2231 2581 2552 2637 videbantur
2574 2582 2849 2651 adiuvare,
2881 2585 2981 2641 sibi
3006 2573 3440 2642 inutiliareddit.

2009 2691 2171 2749 Vens.
2220 2692 2305 2747 12.
2352 2723 2422 2735 —-
2468 2692 2559 2749 Sic
2603 2692 2896 2766 loquimini.
2947 2694 3126 2768 (Βευ.)
3168 2696 3516 2769 Quandoqui-

1936 2782 2059 2837 dem
2087 2783 2284 2871 malnm
2317 2792 2399 2839 est
2433 2784 2653 2839 divitem
2689 2794 2910 2857 propter
2953 2786 3166 2843 divitias
3196 2787 3353 2857 eligi,
3382 2796 3516 2854 etc.,

1937 2890 2099 2945 usque
2128 2874 2199 2929 ad
2227 2890 2346 2946 qua:
2383 2883 2712 2947 spontaneos
2744 2885 2900 2933 vocat
2937 2879 3005 2932 ad
3048 2879 3423 2949 paenitentiam
3460 2884 3523 2935 'et

1934 2973 2157 3036 peccata
2185 2966 2424 3023 dimittit.

1942 3072 1953 3077 ’
2010 3055 2174 3122 Quasi
2202 3056 2405 3111 diceret
2437 3074 2450 3109 :
2479 3055 3011 3126 Beneloquimini,et
3030 3057 3168 3114 bene
3183 3057 3517 3130 facitezquia

1942 3145 1988 3201 si
2019 3146 2309 3216 negligitis,
2337 3146 2557 3217 gravius
2586 3147 2972 3201 damnanimini
3000 3164 3161 3219 quam
3188 3150 3276 3218 qui
3306 3148 3523 3205 fuerunt

1946 3236 2000 3290 in
2026 3243 2264 3305 tempore
2284 3233 2470 3306 Moysi,
2496 3235 2621 3306 quia
2650 3236 2736 3290 cui
2757 3236 2879 3305 plus
2901 3238 3279 3304 committitur,
3311 3238 3429 3307 plus
3450 3239 3519 3295 ab

1943 3338 2010 3380 eo
2038 3324 2293 3395 exigitur.
2319 3322 2437 3391 Quo
2463 3324 2584 3395 plus
2605 3323 2863 3393 majorem
2894 3326 3017 3395 quis
3040 3326 3464 3382 misericordiam
3486 3343 3519 3384 a

1946 3412 2176 3468 Domino
2202 3413 2578 3485 consequitur,
2614 3427 2680 3468 eo
2713 3414 2965 3485 injustius
2988 3415 3250 3483 indigenti
3271 3418 3521 3487 proximo

1944 3505 2372 3561 misericordiam
2412 3512 2603 3577 negat,
2631 3514 2687 3561 et
2716 3505 2917 3578 justius
2959 3505 3057 3562 luit
3098 3522 3287 3578 pcenas
3335 3507 3525 3580 impie-

1946 3597 2093 3653 tatis.

2014 3709 2182 3765 Vens.
2206 3709 2291 3765 15.
2320 3741 2391 3751 -
2422 3709 2787 3783 δηρενεπαιιαι
2816 3722 3012 3769 autem.
3058 3712 3238 3787 (Βευ.)
3272 3713 3426 3772 Sicut
3467 3715 3521 3772 in

1939 3801 2143 3873 judicio
2189 3802 2390 3858 dolebit
2434 3803 2523 3858 ille
2571 3805 2664 3874 qui
2724 3820 2832 3860 non
2885 3805 3014 3862 fecit
3066 3808 3524 3876 misericordiam,

1945 3893 2020 3947 ita
2074 3892 2168 3963 qui
2212 3891 2369 3955 fecit,
2418 3904 2796 3950 remuneratus
2843 3897 3134 3955 exsultabit
3180 3907 3341 3971 atque
3395 3916 3527 3975 gau—

1947 3980 2114 4037 debit.

2017 4072 2182 4129 Vens.
2222 4075 2304 4129 id.
2341 4105 2413 4115 -—
2440 4074 2581 4141 Quid
2611 4077 2870 4148 proderit,
2912 4088 3019 4134 etc.
3065 4079 3185 4153 (ln.‘s
3225 4081 3325 4137 Hic
3366 4082 3528 4139 latius

1948 4165 2185 4236 disputat
2225 4165 2291 4221 de
2319 4166 2575 4236 cperibus
2609 4167 3025 4233 misericordim,
3064 4178 3121 4224 ut
3159 4185 3297 4240 quos
3322 4186 3526 4241 prame-

1946 4257 2105 4313 dente
2127 4260 2390 4314 sententia
2413 4269 2701 4327 terruerat,
2723 4262 3052 4327 consoletur,
3076 4263 3315 4320 docendo
3334 4264 3531 4335 quibus

1947 4342 2204 4406 remediis
2233 4352 2516 4421 expientur
2551 4352 2860 4423 quotidiana
2891 4363 3114 4424 peccata
3137 4395 3153 4421 ,
3189 4354 3305 4411 sine
3331 4355 3529 4427 quibus

1947 4456 2056 4497 non
2084 4441 2260 4510 agitur
2283 4443 2412 4497 vita.
2438 4440 2515 4497 Nc
2536 4442 2609 4496 illi
2638 4442 2732 4512 qui
2761 4457 2868 4523 non
2892 4443 2946 4497 in
2973 4458 3080 4499 uno
3130 4452 3339 4499 tantum
3361 4485 3376 4511 ,
3429 4444 3525 4521 sed

1883 4553 1930 4614 υ
1957 4531 2009 4587 in
2036 4533 2221 4589 multis
2245 4533 2544 4602 oll‘endunt,
2572 4534 2627 4591 in
2661 4518 2868 4619 judicio
2897 4537 3244 4592 inveniantur
3279 4535 3385 4613 rei
3412 4512 3529 4593 om;

1959 4642 2130 4682 mum.

1956 4703 1961 4707 ’
2032 4713 2192 4771 Vens.
2228 4716 2315 4771 l8.
2338 4730 2417 4758 ‘-—
2444 4716 2700 4773 Scddicet
2721 4721 2858 4791 quis.
2898 4718 3014 4776 Non
3074 4719 3249 4776 solum
3313 4732 3531 4793 propter

1957 4808 2244 4876 praedictas
2267 4809 2505 4866 rationes
2533 4812 2742 4867 debetis
2771 4813 2836 4867 ad
2859 4814 2997 4870 bene
3040 4814 3373 4891 operandum
3398 4814 3533 4871 inei-

1957 4900 2104 4967 tari,
2154 4902 2273 4955 sed
2303 4902 2463 4957 etiam
2508 4913 2728 4974 propter
2778 4904 2881 4960 hoc
2926 4921 2993 4960 ne
3035 4905 3421 4976 improperium
3466 4904 3537 4961 ab

1952 4986 2084 5052 aliis
2113 4995 2415 5064 patiamini,
2472 4995 2598 5064 quia
2643 4994 2835 5065 aliquis
2887 5005 3161 5068 assumpta
3218 4996 3415 5069 ﬁducia
3470 4995 3539 5059 de

1958 5080 2074 5145 suis
2098 5084 2353 5158 operibus
2383 5093 2443 5140 ut
2483 5086 2737 5141 ostendat
2787 5085 2956 5142 solam
2977 5085 3139 5143 ﬁdem
3173 5103 3282 5143 non
3334 5086 3537 5155 valere,

1961 5182 2376 5253 improperando
2399 5178 2587 5261 dicet:
2625 5177 2703 5233 Tu
2745 5178 2924 5250 fidem,
2968 5191 3076 5238 etc.

2030 5294 2178 5350 Vens
2223 5293 2308 5348 l9.
2331 5323 2400 5334 ——
2423 5290 2500 5345 Tu
2523 5291 2712 5355 credis,
2739 5303 2844 5349 etc.
2869 5293 3122 5350 Prohavit
3138 5309 3236 5352 eos
3257 5295 3352 5366 qui
3374 5308 3539 5365 opera

1961 5402 2068 5442 non
2090 5384 2293 5455 habent
2312 5398 2494 5440 veram
2517 5383 2675 5439 ﬁdem
2697 5400 2803 5441 non
2824 5386 3059 5453 habere;
3084 5403 3229 5447 nunc
3240 5384 3540 5456 cuiusmodi

1964 5476 2125 5533 ﬁdem
2183 5475 2434 5541 habeant,
2486 5475 2773 5546 patefacit,
2835 5492 2905 5532 ne
2947 5477 3092 5532 illam
3151 5477 3312 5533 talem
3380 5476 3542 5530 tidem

1962 5567 2365 5639 magnifaeiant.
2434 5562 2495 5618 Et
2560 5565 2820 5623 daemones
2881 5568 3131 5630 credunt,
3185 5576 3232 5620 et
3271 5565 3546 5619 contremi-

1962 5669 2132 5716 scunt.
2162 5657 2339 5731 (Βευ.)
2368 5656 2641 5730 Scriptum
2661 5667 2765 5723 est,
2787 5668 2916 5721 εις..
2940 5674 3100 5727 usque
3116 5658 3188 5710 ad
3212 5656 3546 5714 damonibus

1964 5751 2233 5811 tardiores
2258 5758 2312 5809 ct
2340 5749 2709 5820 proterviorcs
2728 5757 2853 5805 sunt
2875 5745 3238 5803 existimandi.
3494 5768 3529 5803 ι·
