3948 6314
431 385 549 442 eis

941 384 1332 443 WALAFRlDl
1365 381 1616 441 rerum
1658 381 1860 443 FULD.
1906 386 2068 444 non.
2111 377 2282 446 'orr.
2307 385 2488 450 PARS
2524 393 2567 452 ι.
2603 424 2673 437 -
2710 395 3168 456 THEOLOGICA.

3603 387 3699 460 eis

441 541 454 556 χ
515 494 678 550 Vens.
699 493 788 550 20.
805 524 874 535 —
903 493 993 547 Vis
1021 501 1195 548 autem
1215 494 1368 560 scire,
1387 511 1416 549 o
1443 496 1594 549 homo
1614 497 1828 551 inanis?
1849 497 2026 570 (Βεο.)
2057 502 2102 561 Α
2130 498 2476 573 coniungitur
2491 505 2570 559 sic
2589 504 2654 560 ad
2677 508 2952 576 sequentia
2971 525 2985 562 :
3001 506 3148 562 Sicut
3168 519 3340 563 autem
3363 509 3542 579 frenos
3564 517 3700 583 equis

427 583 700 648 Probata,
739 583 881 653 quod
904 582 1038 638 ﬁdes
1068 583 1188 638 sine
1217 585 1472 654 operibus
1500 594 1712 641 mortua
1741 597 1852 652 est,
1879 598 2016 655 etc.,

443 687 608 744 usque
628 672 696 726 ad
733 671 1015 728 imitentur
1046 673 1098 726 in
1127 673 1425 728 tentatione
1455 683 1511 729 et
1539 677 1594 730 in
1627 677 1957 745 operatione.

513 760 678 817 Vsus.
703 761 1158 816 21.—-Abraham
1186 773 1336 832 pater
1356 774 1556 831 noster,
1579 775 1686 820 etc.
1716 766 1839 837 (ln.)
1867 766 2018 833 Quod

439 856 714 912 Abraham
733 870 829 925 per
854 853 1015 910 ﬁdem
1030 855 1151 911 sine
1177 855 1771 926 Operibusjustiticatus
1787 859 1987 914 dicitur
2001 900 2016 926 ,

441 957 573 1013 etc.,
597 965 760 1020 usque
796 949 866 1002 ad
894 948 961 1004 de
989 958 1218 1018 utroque
1259 950 1312 1005 in
1350 951 1654 1021 exemplum
1681 953 2014 1022 proponitur.

439 1037 679 1109 Offerens
705 1037 876 1109 ﬁlium
898 1039 1051 1093 suum
1083 1038 1240 1094 Isaac
1264 1030 1421 1111 super
1445 1042 1660 1097 altare?
1682 1043 1873 1113 Magna
1903 1051 2014 1098 ten-

441 1128 609 1194 tatio,
637 1143 760 1184 cum
797 1127 964 1183 tilium
991 1129 1285 1200 jubebatur
1319 1130 1599 1198 occidere;
1631 1148 1824 1203 magna
1853 1132 2016 1201 ﬁdes,

440 1232 566 1273 cum
597 1219 760 1274 etiam
788 1218 855 1273 de
881 1229 1098 1275 mortuo
1123 1221 1381 1276 credebat
1407 1235 1466 1276 se
1486 1237 1643 1291 posse
1669 1238 1852 1278 semen
1881 1225 2019 1280 acci-

438 1322 597 1380 pere;
620 1321 879 1380 magnum
907 1325 1062 1376 onus,
1088 1325 1211 1365 cum
1239 1310 1646 1367 dilectissimum
1675 1327 1782 1369 non
1805 1314 2020 1370 dubita-

437 1405 524 1454 ret
543 1395 762 1453 oll'erre.

510 1487 675 1542 Vsus.
709 1488 798 1542 22.
837 1518 909 1529 -
960 1486 1114 1545 Vides
1165 1490 1415 1560 quoniam
1461 1490 1594 1559 ﬁdes
1642 1492 2021 1561 cooperabatur

436 1580 677 1650 operibus
709 1577 874 1643 illius,
897 1587 944 1634 et
967 1597 1031 1634 ex
1052 1580 1314 1650 operibus,
1337 1591 1444 1636 etc.
1468 1581 1604 1648 Quia
1627 1583 1823 1638 obtulit
1846 1584 2015 1652 illum,

439 1670 493 1736 in
524 1683 628 1738 quo
660 1677 941 1740 acceperat
969 1669 1379 1740 promissionem
1397 1711 1412 1736 ,
1439 1681 1662 1742 apparet
1688 1689 1879 1746 magna
1903 1676 2017 1731 vir-

438 1768 527 1816 tus
543 1759 664 1815 ﬁdei
690 1774 704 1813 :
731 1760 878 1828 quia.
905 1761 1006 1814 etsi
1024 1776 1145 1815 eum
1168 1761 1408 1825 offerret,
1431 1765 1686 1820 credebat
1702 1766 2016 1836 promissio-

2121 588 2177 643 in
2193 606 2286 644 ora
2305 593 2558 648 mittimus
2577 635 2591 659 ,
2614 595 2690 649 ita
2737 604 2785 649 et
2801 595 2980 666 lingua
3017 597 3277 653 modicum
3299 598 3512 670 quidem
3547 618 3702 656 mem.

2122 678 2271 734 brum
2303 690 2402 748 est,
2433 694 2481 736 et
2501 701 2692 754 magna
2721 685 2942 742 exultat.

2192 768 2356 825 Vens.
2375 771 2427 826 5.
2452 803 2523 811 —
2547 772 2614 826 Et
2640 790 2830 844 magna
2857 773 3074 830 exultat.
3094 775 3219 851 (ln.)
3240 778 3494 846 Praemia,
3527 781 3574 836 si
3600 781 3701 838 im-

2119 865 2276 927 petus
2319 861 2600 932 dirigentis
2635 864 2772 918 bene
2812 879 2931 918 eam
2977 866 3278 936 gubernat;
3312 870 3357 923 si
3408 869 3572 934 male,
3605 873 3703 928 sibi

2121 947 2339 1018 suisque
2362 965 2612 1022 magnam
2631 953 2983 1023 perditionem
3006 956 3232 1023 exaltat,
3251 958 3394 1015 unde
3413 959 3702 1017 Salomon:

2119 1037 2266 1094 Mors
2286 1049 2336 1094 et
2375 1043 2478 1096 vita
2499 1045 2556 1097 in
2597 1044 2838 1098 manibus
2873 1042 3065 1116 lingure
3093 1046 3274 1118 (Prov.
3305 1052 3485 1122 xvm).
3527 1052 3706 1107 Vitam

2119 1131 2354 1198 exaltat,
2405 1134 2451 1188 si
2493 1134 2629 1190 bene
2655 1135 2813 1191 docet
2839 1135 3169 1205 Ecclesiam;
3206 1149 3439 1197 mortem
3467 1143 3516 1197 si
3544 1142 3703 1198 male.

2119 1222 2312 1292 Agitur
2348 1240 2584 1296 namque
2620 1235 2807 1281 contra
2843 1227 2964 1284 illos
3002 1230 3118 1300 qui,
3154 1239 3208 1285 et
3237 1232 3342 1286 vita
3383 1242 3442 1288 et
3475 1235 3719 1292 scientia

2120 1313 2387 1381 destituti,
2423 1315 2619 1372 docere
2647 1321 3062 1387 praesumebant.
3103 1320 3290 1394 Magna
3335 1339 3465 1394 ergo
3504 1327 3711 1380 exaltat

2113 1398 2300 1474 lingua
2331 1417 2450 1473 quas
2479 1415 2799 1460 caaterorum
2822 1409 2985 1462 verba
3030 1417 3086 1462 et
3133 1425 3324 1466 sensus
3364 1413 3702 1482 despiciens,

2117 1493 2465 1565 singulariter
2493 1509 2553 1551 se
2576 1498 2894 1567 sapientiem
2918 1500 3089 1570 jaclat
3128 1511 3181 1556 et
3222 1503 3532 1559 facundam.
3568 1506 3707 1561 Con-

2121 1590 2203 1638 tra
2223 1585 2365 1653 quod
2384 1601 2398 1639 :
2418 1584 2598 1640 Nolite
2613 1586 2963 1657 multiplicare
2975 1591 3116 1660 loqui
3130 1591 3374 1646 sublimia
3391 1594 3698 1664 gloriantes.

2189 1671 2326 1728 Ecce
2349 1685 2575 1744 quantus
2599 1677 2754 1746 ignis.
2788 1677 2878 1733 Sic
2907 1687 2962 1734 et
2989 1680 3168 1750 lingua
3205 1683 3557 1740 incontinens
3587 1686 3701 1740 ma-

2119 1780 2277 1837 gnam
2297 1767 2580 1822 materiam
2603 1769 2868 1824 bonorum
2889 1787 3112 1842 operum
3134 1775 3311 1843 perire
3327 1775 3477 1842 facit,
3496 1777 3700 1848 itaque,

439 1863 565 1905 nem
613 1849 976 1915 implendam,
1026 1852 1149 1920 quia
1199 1860 1473 1921 potentem
1529 1855 1788 1912 credebat
1846 1857 2015 1914 Deum
2043 1845 2093 1907 B
2121 1872 2243 1910 cum
2289 1856 2402 1913 fere
2459 1859 2531 1913 sit
2586 1859 2918 1930 impossibile
2967 1864 3125 1918 vitari
3176 1875 3457 1934 peccatnm
3509 1845 3708 1939 lingua:

436 1938 602 2000 etiam
631 1941 897 2014 suscitare
919 1952 1210 1997 mortuum.

510 2029 768 2086 Similiter
791 2042 841 2111 et
876 2031 1020 2086 Raab
1050 2035 1314 2088 meretrix.
1356 2035 1532 2108 (Βευ.)
1558 2037 1636 2092 Ne
1667 2047 2020 2096 causarentur

441 2133 608 2189 opera
640 2120 772 2174 tanti
801 2121 971 2188 patris
999 2135 1056 2176 se
1089 2122 1288 2176 imitari
1329 2141 1433 2178 non
1473 2139 1655 2195 posse,
1687 2135 1813 2191 etc.,
1858 2145 2020 2199 usque

441 2209 513 2264 ad
539 2217 594 2264 et
631 2220 987 2267 annumerata
1015 2212 1068 2266 in
1092 2214 1532 2284 generationibus
1562 2215 1878 2274 Salvatoris.

1053 2369 1276 2426 CAPUT
1330 2371 1413 2428 ΙΙΙ.

515 2497 678 2553 Vsus.
709 2500 762 2554 1.
790 2530 861 2539 --
886 2499 1082 2556 Nolite.
1119 2501 1273 2558 Sicut
1309 2505 1488 2559 monui
1519 2520 1614 2560 vos
1643 2507 1710 2561 ad
1746 2522 1910 2578 opera
1939 2507 2018 2562 fa-

439 2589 654 2657 cienda,
681 2591 760 2648 sic
787 2605 981 2648 moneo
1007 2593 1074 2648 ad
1100 2595 1316 2649 vitanda
1348 2595 1511 2650 stulta
1541 2597 1870 2668 magisteria.
1904 2598 2020 2653 No-

440 2679 531 2734 lite
561 2679 756 2750 plures.
788 2680 938 2734 Multi
971 2681 1122 2736 fuere
1148 2685 1478 2754 temporibus
1507 2686 1903 2755 apostolorum,
1925 2689 2018 2758 qui

440 2771 826 2827 descendentes
850 2771 916 2825 de
939 2770 1121 2827 ludaea
1147 2773 1508 2841 Antiochiam,
1533 2791 1638 2831 non
1659 2776 1796 2833 bene
1821 2778 2016 2834 eruditi

436 2857 494 2918 in
530 2862 646 2933 lege
669 2863 812 2926 fidei,
837 2863 1118 2927 docebant,
1147 2867 1430 2921 credentes
1448 2881 1511 2920 ex
1540 2868 1789 2938 gentibus
1821 2868 2016 2924 debere

439 2955 779 3021 circumcidi,
793 2965 845 3011 et
860 2956 993 3011 alios
1003 2972 1217 3012 errores
1231 2958 1578 3032 inducebant,
1594 2975 1712 3028 quze
1728 2961 1868 3015 veris
1882 2978 2019 3032 prae-

441 3047 779 3120 dicatoribus
807 3063 912 3102 non
941 3062 1165 3118 parvum
1183 3047 1423 3104 laborem
1444 3049 1758 3118 quaestionis
1777 3053 2018 3108 contule-

440 3145 584 3192 runt.
615 3135 725 3191 Hos
763 3152 892 3208 ergo
927 3138 996 3192 ab
1036 3136 1210 3194 ofﬁcio
1239 3138 1388 3194 verbi
1434 3148 1705 3206 removet,
1735 3155 1804 3195 ne
1846 3142 2011 3214 impe-

437 3224 587 3280 diant
614 3240 772 3280 veros
796 3227 1199 3296 praedicatores.

506 3315 706 3386 Majas.
734 3317 911 3388 (Βευ.)
942 3317 1044 3386 Qui
1065 3318 1312 3374 indoctus
1339 3317 1571 3376 cilicium
1594 3321 1821 3378 docendi
1850 3339 2011 3378 usur-

433 3415 560 3480 pat,
587 3416 641 3463 et
681 3409 954 3465 Christum
991 3425 1095 3463 non
1127 3409 1416 3466 sinceriter
1457 3413 1711 3478 nuntiat,
1753 3412 2012 3482 majorem

435 3499 836 3555 damnationem
881 3508 1120 3555 meretur
1167 3516 1330 3570 quam
1378 3503 1423 3557 si
1480 3502 1628 3558 solus
1670 3519 1768 3558 suo
1811 3505 2012 3560 scelere

433 3575 669 3662 periret;
717 3591 858 3645 sicut
882 3601 1094 3658 contra,
1135 3593 1227 3661 qui
1276 3593 1412 3647 bene
1453 3593 1757 3660 ministrat,
1786 3596 2011 3666 gradum

434 3682 539 3737 sibi
564 3683 762 3737 bonum
785 3680 1033 3749 acquirit.

507 3771 669 3826 Vens.
699 3770 754 3824 2.
782 3801 852 3809 —
881 3770 945 3823 In
986 3769 1184 3825 multis.
1215 3770 1352 3826 Vere
1380 3772 1737 3841 periculosum
1761 3783 1844 3828 est
1884 3773 2010 3828 reli-

439 3862 562 3932 quis
592 3877 826 3932 prznesse
852 3862 1006 3927 velle,
1025 3859 1027 3861 ’
1046 3862 1170 3933 quia
1201 3879 1306 3917 non
1338 3872 1541 3919 tantum
1567 3881 1662 3920 vos
1690 3866 1869 3921 minus
1890 3883 2013 3923 eru-

434 3951 554 4016 diti,
597 3951 692 4006 eed
722 3965 819 4006 nos
843 3967 1031 4006 omnes
1061 3953 1474 4021 praedicatores,
1509 3956 1670 4009 etiam
1699 3953 1930 4025 majores
1955 3957 2008 4011 in

433 4043 618 4098 multis
659 4042 995 4107 olfendimus,
1027 4044 1117 4098 alii
1149 4045 1290 4100 male
1319 4045 1582 4113 docendo,
1615 4057 1669 4102 et
1711 4048 1830 4103 aliis
1872 4049 2010 4106 male

429 4132 697 4198 vivendo,
743 4141 797 4186 ct
833 4133 957 4188 aliis
997 4134 1188 4189 modis.
1235 4133 1306 4190 Se
1356 4135 1459 4190 illis
1499 4137 1688 4192 beatus
1725 4137 2010 4208 Apostolus

429 4234 808 4290 connumerat,
839 4233 899 4278 ut
928 4225 1150 4282 liberius
1192 4235 1400 4296 arguat.
1431 4228 1600 4284 Aliter
1614 4228 1792 4297 justus
1813 4270 1826 4294 ,
1855 4229 2011 4284 aliter

428 4316 604 4371 malus
632 4314 884 4380 oti‘endit;
923 4315 1102 4385 justus
1141 4319 1323 4371 carnis
1362 4319 1680 4391 fragilitate,
1713 4336 1814 4375 nec
1831 4320 2010 4390 justus

429 4421 551 4463 esse
576 4407 799 4472 desinit,
824 4407 964 4462 unde
989 4405 1242 4463 Salomon
1274 4427 1289 4462 :
1319 4408 1516 4480 Septies
1549 4412 1604 4464 in
1630 4412 1714 4466 die
1751 4412 1899 4466 cadet
1917 4413 2010 4482 ju-

430 4505 546 4551 stus
590 4505 637 4550 et
685 4506 952 4566 resurget;
996 4497 1134 4551 sicut
1162 4499 1474 4567 quotidiana
1517 4509 1601 4555 est
1638 4501 1884 4566 oll'ensio,
1932 4501 2005 4556 ita

428 4588 745 4659 quotidiana
777 4599 860 4643 est
891 4588 1096 4644 medela
1137 4592 1465 4657 orationum,
1496 4601 1552 4647 et
1590 4593 1853 4649 bonorum
1879 4611 2005 4666 ope-

429 4695 572 4744 rum,
603 4681 696 4737 sed
720 4681 867 4752 impii
899 4684 1234 4737 corruunt1n
1263 4684 1481 4739 malum.
1527 4685 1586 4741 Si
1600 4687 1880 4759 quis.Vult
1918 4705 2008 4744 os-

427 4772 649 4826 tendere
677 4773 1048 4828 inevitabilem
1080 4775 1228 4830 verbi
1251 4775 1626 4846 ofl‘ensionem,
1652 4789 1710 4834 ut
1729 4781 2008 4852 imperitos

426 4861 730 4927 deterreat,
774 4879 843 4917 ne
872 4865 1092 4933 cupiant
1140 4865 1552 4935 praelationem:
1587 4874 1710 4942 quia
1753 4891 1876 4933 eum
1916 4881 2007 4952 qui

426 4951 576 5022 cupit
619 4968 875 5040 praeesse,
931 4966 1142 5025 oportet
1183 4957 1304 5014 aliis
1351 4961 1727 5030 perfectiorem
1756 4985 1909 5040 esse,
1937 4951 2009 5033 ne

425 5040 663 5098 oll'endat
687 5032 812 5098 dum
838 5045 997 5100 debet
1018 5048 1305 5118 prodesse;
1341 5052 1433 5107 scd
1462 5053 1698 5126 imperiti
1744 5076 1850 5116 non
1882 5032 2008 5133 pos-

425 5138 555 5185 sunt
578 5130 644 5212 in.
663 5133 1005 5201 praedicando
1039 5151 1144 5191 non
1183 5135 1474 5196 offendere.

498 5220 565 5315 in
599 5224 746 5278 verba
779 5241 882 5280 non
906 5227 1141 5296 ofendit.
1174 5229 1354 5301 (Βεο.)
1400 5232 1493 5287 Illo
1533 5236 1817 5305 videlicet,
1855 5244 2008 5315 cujus

423 5309 776 5369 oﬂ'ensionem
799 5315 1034 5371 humana
1062 5327 1240 5388 potest
1266 5321 1438 5377 vitare
1463 5319 1746 5396 fragilitas.
1789 5330 1857 5387 Ut
1884 5309 2008 5388 ver-

426 5401 556 5456 bum
587 5403 727 5468 doli,
753 5405 1136 5473 detractionis,
1162 5409 1458 5478 superbiae,
1483 5413 1791 5484 iactantiae,
1829 5423 1922 5477 sed
1949 5427 2004 5479 et

421 5491 615 5548 otiosa:
652 5503 704 5550 et
738 5497 1016 5566 superflua:
1056 5499 1372 5566 locutionis,
1411 5504 1495 5558 hic
1518 5509 1780 5578 perfectus
1803 5523 1878 5567 est
1907 5515 2000 5571 vir.

499 5584 658 5640 Vens.
689 5587 742 5643 5.
767 5619 837 5629 -
861 5589 920 5645 Si
941 5602 1114 5645 autem
1144 5591 1319 5660 frenos
1357 5599 1502 5667 equis
1523 5601 1576 5655 in
1601 5619 1693 5658 ora
1729 5607 2002 5665 mittimus.

421 5676 605 5750 (Βευ.)
623 5679 678 5734 In
708 5694 804 5734 ora
830 5691 1012 5736 nostra
1049 5683 1219 5738 multo
1265 5689 1436 5758 magis
1474 5691 1732 5753 debemus
1767 5701 2003 5758 mittere.

421 5767 653 5834 Quidam
704 5769 823 5823 libri
872 5771 1071 5827 habent
1101 5789 1116 5829 τ
1151 5771 1299 5830 Sicut
1335 5793 1507 5837 autem
1556 5788 1730 5856 frenos
1761 5796 1924 5868 equis,
1955 5808 2006 5851 et

2121 1947 2284 2002 etiam
2323 1965 2354 2003 a‘
2387 1949 2662 2020 perfectis,
2699 1968 2806 2007 non
2839 1953 3015 2024 quivis
3051 1956 3211 2012 debet
3244 1970 3500 2028 appetere
3536 1962 3708 2030 magi-

2117 2039 2363 2092 sterium.
3189 2055 3192 2058 '

2193 2127 2354 2184 Vens.
2395 2131 2564 2186 6.'--
2591 2131 2910 2191 Universitas
2933 2136 3245 2208 iniquitatis.
3277 2139 3702 2200 Universitatem

2119 2222 2269 2288 dicit,
2293 2227 2416 2294 quia
2442 2242 2538 2296 per
2563 2242 2683 2282 eam
2713 2238 2907 2285 cuncta
2934 2230 3047 2286 fere
3071 2232 3334 2298 facinora,
3360 2245 3454 2289 aut
3485 2238 3702 2294 concin-

2117 2323 2336 2379 nantur,
2361 2323 2421 2368 ut
2451 2315 2754 2384 latrocinia,
2779 2327 3004 2389 stupra:
3032 2332 3124 2376 aut
3153 2332 3459 2393 patrantur,
3489 2335 3553 2380 ut
3581 2342 3714 2396 per--

2111 2404 2277 2475 juria,
2322 2404 2457 2461 falsa
2496 2409 2846 2464 testimonia:
2895 2418 2989 2465 aut
3030 2411 3411 2481 defenduntur,
3459 2426 3523 2470 ut
3577 2432 3697 2472 cum

2117 2495 2341 2564 quilibet
2365 2495 2610 2565 impurus
2633 2501 2940 2554 excusando
2969 2501 3144 2556 scelus
3173 2503 3316 2574 quod
3342 2504 3604 2575 admisit,
3629 2510 3716 2563 εἰς

2117 2587 2287 2642 mulat
2315 2587 2514 2643 bonum
2536 2589 2678 2659 quod
2725 2605 2856 2645 non
2883 2589 3030 2646 fecit.
3069 2591 3202 2658 Qua:
3246 2593 3479 2650 maculat
3529 2607 3699 2653 totum

2115 2693 2326 2746 corpus.
2364 2678 2432 2732 Et
2458 2679 2586 2749 quia
2620 2678 2740 2735 talis
2773 2689 2858 2736 est
2883 2680 3064 2754 lingua
3094 2691 3263 2738 totum
3288 2700 3487 2756 corpus
3515 2703 3699 2744 maeu-

2116 2766 2212 2834 lat,
2245 2777 2300 2824 et
2337 2769 2670 2826 immundum
2705 2770 2833 2826 facit
2870 2773 3109 2843 reputari
3142 2773 3196 2829 in
3235 2786 3531 2846 conspectu
3569 2777 3694 2842 Dei.

2115 2869 2171 2913 et
2194 2859 2312 2914 ideo
2334 2875 2500 2931 grave
2517 2868 2602 2916 est
2621 2863 2803 2917 subire
2829 2863 3230 2942 magisterium:
3265 2866 3390 2936 quia
3421 2869 3698 2923 constitui-

2116 2961 2204 3006 tur
2232 2953 2285 3007 in
2313 2954 2558 3008 membris
2585 2955 2800 3022 nostris,
2826 2970 2933 3010 una
2955 2963 3040 3012 est
3070 2957 3139 3012 de
3173 2957 3433 3015 membris
3468 2961 3692 3026 nostris,

2116 3043 2278 3098 nimis
2304 3044 2604 3114 propinqua
2627 3043 2802 3100 nobis.

2186 3134 2494 3205 Inﬂammat
2540 3146 2731 3204 rotam,
2781 3146 2884 3193 etc.
2926 3137 3104 3213 (Βευ.)
3133 3139 3482 3197 Contaminat
3525 3151 3696 3198 totum

2115 3226 2591 3295 procursum'vitaa
2624 3227 2966 3296 temporalis,
3003 3237 3132 3296 etc.,
3163 3246 3325 3301 usque
3363 3232 3434 3284 ad
3462 3247 3566 3304 per
3591 3219 3693 3288 cae-

2115 3326 2230 3374 tera
2253 3320 2497 3374 membra
2519 3320 2588 3374 ad
2614 3318 2863 3376 elfectum
2896 3320 3193 3391 perducere
3213 3322 3376 3393 cogit.

2185 3430 2349 3486 Vsus.
2396 3432 2447 3485 7.
2491 3462 2564 3472 —
2602 3429 2786 3486 Omnis
2824 3434 2961 3486 enim
2996 3443 3186 3488 natura
3233 3434 3539 3501 bestiarum,
3591 3447 3693 3492 etc.

2115 3523 2237 3596 (ln.)
2281 3523 2528 3595 Legimus
2564 3525 2616 3579 in
2656 3524 2826 3580 Plinio
2875 3525 3322 3582 immanissimam
3363 3529 3609 3600 aspidem
3640 3531 3692 3588 in

2113 3613 2349 3686 Egypto
2385 3632 2415 3670 a
2444 3617 2675 3688 quodam
2713 3615 3101 3687 patrefamilias
3133 3618 3416 3684 domitam,
3456 3622 3698 3692 quotidie

2113 3708 2181 3764 de
2221 3723 2450 3764 caverna
2479 3725 2576 3762 sua
2607 3724 2880 3780 egressam
2919 3717 2973 3763 et
3003 3725 3031 3763 a
3063 3725 3246 3764 mensa
3274 3711 3388 3781 ejus
3425 3727 3695 3769 annonam

2113 3800 2392 3871 percipere
2423 3798 2654 3854 solitam.
2689 3797 2942 3868 Legimus
2981 3801 3033 3854 in
3065 3800 3406 3868 Marcellino,
3449 3805 3696 3875 tigridem

2115 3899 2454 3945 mansuetam
2508 3889 2710 3945 factam
2776 3891 2844 3946 ab
2910 3891 3055 3946 ludia
3122 3895 3412 3951 Anastasio
3466 3897 3696 3968 principi

2113 3979 2354 4037 missam.

2183 4070 2345 4127 Vsus.
2384 4071 2468 4126 10.
2507 4103 2579 4114 --
2609 4069 2693 4126 Ea“-
2732 4073 2842 4144 ipso
2873 4091 2960 4129 ore
2997 4077 3250 4147 procedit.
3295 4079 3401 4135 Alii
3453 4082 3696 4138 videntes

2111 4162 2253 4233 quod
2281 4163 2489 4234 agimus
2541 4163 2787 4234 exemplo
2815 4175 3000 4221 nostro
3025 4167 3369 4236 inducuntur,
3401 4180 3456 4225 ut
3510 4173 3696 4227 simili-

2112 4263 2195 4310 ter
2218 4255 2543 4310 benedicant
2574 4262 2627 4310 et
2655 4256 2998 4312 maledicam.
3028 4257 3152 4312 Non
3178 4272 3400 4330 oportet.
3427 4262 3570 4318 Vere
3591 4279 3691 4319 non

2111 4353 2322 4416 oportet
2367 4353 2428 4400 ut
2473 4347 2663 4402 eodem
2713 4361 2807 4403 ore
2846 4348 3230 4406 benedicamus
3277 4353 3341 4406 de
3393 4355 3598 4425 capite,
3644 4365 3694 4409 et

2110 4434 2494 4491 maledicamus
2539 4437 2604 4492 de
2636 4438 2896 4493 membris
2923 4481 2936 4504 ,
2966 4441 3090 4509 quia
3121 4443 3485 4502 amaritudine
3533 4447 3694 4504 male-

2112 4527 2360 4583 dictionis
2390 4528 2726 4583 consumitur
2750 4530 2976 4586 dulcedo
3014 4531 3425 4592 benedictionis.

2184 4618 2345 4674 Vsus.
2378 4619 2463 4673 tl.
2509 4650 2577 4660 --
2619 4619 2876 4692 Nunquid
2926 4622 3066 4692 fons.
3114 4623 3337 4696 Oportet
3376 4631 3694 4699 praedicato-

2111 4727 2223 4767 rem
2255 4711 2543 4782 aliquando
2566 4730 2746 4768 amara
2772 4717 3152 4784 praedicatione
3179 4721 3276 4786 uti,
3305 4722 3691 4788 abstrahendo,

2112 4801 2461 4872 increpando.
2487 4803 2640 4870 Quod
2669 4807 2801 4860 satis
2829 4805 3045 4864 diﬂicile
3080 4823 3195 4876 est,
3225 4821 3287 4866 ut
3309 4813 3544 4872 diversis
3578 4833 3695 4872 ver-

2110 4892 2194 4948 bis
2221 4893 2290 4949 ad
2311 4893 2450 4947 idem
2483 4896 2825 4951 tendentibus
2855 4907 3142 4970 utrumque
3167 4902 3345 4959 facere
3368 4909 3564 4976 possit.

2183 4982 2346 5039 Vsus.
2384 4984 2470 5038 12.
2503 5016 2574 5024 —
2605 4986 2861 5059 Nunquid
2893 4999 3077 5061 potest,
3113 4994 3324 5063 fratres.
3357 4993 3475 5052 Non
3517 5010 3694 5068 potest

2114 5072 2233 5130 ﬁeri
2273 5083 2331 5130 ut
2370 5076 2558 5132 doetor
2600 5079 2671 5133 sit
2718 5083 2850 5136 licus
2897 5083 3183 5140 dulcedine
3227 5087 3586 5146 beatitudinis
3629 5093 3691 5146 ad

2111 5179 2273 5234 quam
2299 5178 2496 5228 monet.
2517 5174 2574 5222 et
2601 5169 2842 5224 dulcibus
2865 5181 3050 5227 utatur
3072 5176 3271 5241 verbis,
3293 5186 3342 5231 et
3375 5188 3432 5231 ut
3457 5179 3532 5233 sit
3553 5182 3688 5247 vitis,

2111 5252 2313 5309 faciens
2335 5257 2574 5312 oblivisci
2596 5263 2834 5316 omnium
2865 5267 3258 5336 temporalium,
3281 5271 3346 5325 ad
3371 5271 3517 5340 quod
3545 5288 3692 5343 opor-

2114 5351 2190 5399 tet
2210 5347 2417 5416 asperis
2449 5349 2524 5402 uti
2561 5367 2573 5403 :
2608 5350 2708 5405 hoc
2735 5368 2864 5425 ergo
2893 5355 3106 5411 dillicile
3125 5369 3222 5413 est.
3252 5360 3342 5414 Sic
3367 5377 3535 5432 neque
3553 5365 3687 5417 salsa

2106 5433 2310 5489 dulcem
2331 5447 2495 5506 potest
2518 5438 2690 5507 facere
2716 5459 2927 5512 aquam,
2955 5445 3007 5500 id
3026 5458 3132 5512 est,
3156 5449 3350 5520 aliquis
3371 5455 3688 5521 praedicator

2107 5529 2305 5582 acriter
2334 5531 2588 5586 mordens
2631 5549 2810 5589 mores
2839 5538 3090 5610 aliorum,
3121 5543 3173 5596 in
3216 5545 3408 5600 eadem
3446 5547 3683 5603 doctrina

2107 5632 2214 5672 non
2253 5629 2430 5688 potest
2449 5635 2568 5677 esse
2593 5623 2766 5680 dulcis
2794 5628 3016 5684 eisdem.

2181 5705 2344 5762 Vsus.
2372 5709 2457 5766 l5.
2474 5741 2544 5751 --
2569 5712 2698 5778 Quis
2726 5717 2930 5788 sapiens
2952 5731 2998 5774 et
3019 5722 3382 5794 disciplinatus
3413 5729 3550 5782 inter
3569 5727 3682 5782 eos!

2109 5797 2414 5857 Confutatis
2443 5801 2548 5858 illis
2582 5807 2673 5876 qui
2712 5825 2807 5864 nec
2839 5812 2958 5868 vitm
2989 5817 3470 5885 sanctitatem,uec
3497 5818 3676 5886 linguae
