3948 6314
213 354 316 412 677.

1120 353 1387 410 GLOSSA
1425 346 1823 408 ORDINARIA.
1860 363 1935 388 -δ
1963 344 2176 401 EPIST.
2217 343 2274 399 Β.
2315 343 2452 399 JAL'.

3326 341 3430 399 678

214 463 578 526 continentiam
613 460 834 530 habent,
865 475 1045 522 monet
1090 466 1208 523 illos
1235 468 1327 537 qui
1357 465 1459 523 sibi
1479 463 1752 534 sapientes
1777 461 1828 522 Α
1854 456 1966 522 det,
1993 456 2124 512 dicit
2145 455 2422 523 Scriptura
2447 467 2462 506 :
2499 452 2742 522 Superbis
2775 453 2996 518 resistit,
3023 453 3306 514 humilibus
3331 472 3433 510 au-

212 558 534 619 videbantur,
571 553 650 608 vel
690 554 854 608 etiam
891 566 1070 622 erant,
1109 565 1168 611 ut
1215 555 1536 625 sapientiam
1588 551 1757 621 magis

211 649 479 706 ostendant
501 646 834 714 disciplinate
857 647 1106 714 vivendo,
1135 663 1296 718 quam
1329 647 1463 701 alios
1491 645 1754 709 docendo,

211 739 325 810 quia
339 737 426 810 qui
439 736 817 807 procliviorest
827 737 894 792 ad
913 737 1210 794 docendum
1235 752 1395 806 quam
1418 735 1721 790 faciendum
1737 773 1752 795 ,

211 826 478 896 aliquando
499 824 842 894 jactantiam,
870 825 952 880 vel
973 827 1372 882 contentionem
1398 823 1647 887 incurrit,
1673 821 1756 878 vel

209 918 446 974 invidiam
472 923 658 970 contra
687 915 821 970 alios
843 916 1110 981 doctores,
1140 924 1194 971 et
1227 917 1334 970 alia
1357 915 1523 970 multa
1554 912 1718 968 mala.

271 1005 424 1061 Vsus.
450 1003 535 1058 M.
557 1034 627 1044 —
661 1004 727 1058 Et
756 1004 1025 1061 mendaces
1052 1023 1163 1061 esse
1188 1008 1436 1062 adversus
1467 1007 1751 1060 veritatem.

207 1097 367 1154 Nolite
414 1095 627 1150 mentiri
677 1095 824 1160 Deo,
877 1097 963 1152 cui
1012 1098 1066 1152 in
1124 1098 1389 1167 baptismo
1434 1095 1756 1168 promisistis

206 1186 573 1243 abrenuntiare
611 1187 820 1256 pompis
844 1187 1038 1243 diaboli
1063 1228 1078 1254 ,
1107 1190 1250 1258 quod
1276 1203 1381 1246 n01:
1411 1187 1590 1244 facitis
1632 1203 1756 1243 cum

207 1280 266 1334 de
292 1277 442 1334 bonis
473 1277 754 1346 superbire
779 1277 959 1333 vultis.

266 1365 422 1421 Vsus.
469 1364 559 1420 t7.
595 1395 663 1404 —
713 1364 844 1431 Quae
881 1375 1075 1421 autem.
1121 1367 1245 1423 [hec
1281 1377 1364 1424 est
1405 1367 1757 1423 mansuetudo

201 1471 350 1526 quam
379 1455 629 1525 superius
654 1455 953 1511 habendam
983 1473 1103 1514 esse
1148 1461 1402 1529 praecepit
1421 1499 1436 1523 ,
1462 1459 1577 1514 zelo
1611 1474 1757 1514 ama-

202 1546 433 1602 ritudinis
465 1552 522 1600 et
561 1545 990 1600 contentionibus
1017 1549 1258 1603 adversa.
1290 1547 1526 1602 Primum
1548 1549 1754 1620 quidem

199 1638 377 1708 pudica
405 1635 656 1715 est..Nisi
686 1637 916 1706 primum
953 1639 1205 1708 pudicitia
1238 1641 1422 1696 sedeat
1454 1641 1506 1695 in
1544 1651 1752 1704 mente,
1791 1698 1795 1702 ,

199 1729 332 1784 nulla
370 1727 632 1798 perfectio
670 1737 924 1798 sequetur
947 1730 999 1784 in
1029 1745 1209 1800 Opere.
1254 1730 1580 1794 Suadibitis,
1607 1731 1754 1785 bonis

1858 557 1960 602 tem
1987 546 2080 600 dat
2104 546 2358 616 gratiam,
2386 555 2494 599 etc.
2527 544 2690 598 Malos
2717 559 2906 600 omnes
2938 547 3092 614 punit
3129 545 3306 610 Deus,
3334 546 3428 601 sed

1857 639 2103 708 superbis
2117 635 2333 707 speciali
2343 646 2422 691 ter
2435 637 2682 691 resistere
2695 637 2857 691 dicitu
2865 653 2908 699 r,
2926 636 3048 704 quia
3062 635 3250 704 majori
3267 651 3426 706 pinna

1853 728 2283 798 plectuntur,qui
2310 727 2420 782 Deo
2443 726 2598 782 subdi
2645 726 2951 794 pmnitendo
2989 726 3262 798 negligunt
3319 727 3425 780 Sel

1856 817 2149 873 humilibus
2172 816 2262 871 dat
2289 815 2644 886 gratiam,qui
2667 816 2720 872 in
2747 832 2965 872 suorum
2981 816 3154 886 plagis
3175 816 3443 879 vitiorum,

1856 908 2104 962 manibus
2130 907 2243 962 veri
2266 906 2458 961 medici
2482 921 2540 960 se
2567 905 2820 960 subdunt.
3437 961 3441 964 ,

1926 995 2088 1051 Vnus.
2114 997 2286 1050 il.—
2306 995 2543 1049 Detrahit
2565 993 2696 1064 legi,
2712 995 2920 1063 judicat
2953 993 3135 1064 legem.
3169 992 3297 1060 Quae
3334 993 3428 1049 dc-

1857 1087 2180 1142 tractionem
2220 1085 2515 1158 prohibuit.
2550 1085 2714 1152 Quasi
2753 1085 2932 1148 dicat,
2984 1084 3069 1138 lex
3117 1099 3227 1138 non
3277 1084 3424 1140 fecit.

1856 1174 1973 1238 Vel,
2008 1177 2099 1244 qui
2136 1175 2369 1230 detrahit
2400 1174 2553 1228 fratri
2595 1174 2763 1244 legem
2807 1173 3056 1239 facienti,
3100 1175 3334 1230 detrahit
3373 1184 3428 1230 et

1849 1265 2057 1337 iudicat
2079 1266 2250 1338 legem
2275 1280 2445 1334 quare
2470 1265 2595 1320 talia
2609 1263 2760 1334 jussa
2783 1264 3020 1331 dederit,
3043 1279 3162 1334 qua:
3200 1263 3425 1336 injurias

1856 1357 2084 1414 fratrum
2106 1356 2262 1426 jubet
2282 1357 2551 1414 oblivisci.

1924 1452 2086 1508 Vsus.
2118 1451 2202 1507 15.
2228 1482 2298 1493 -
2320 1450 2398 1506 Tu
2422 1460 2617 1512 autem.
2650 1449 2766 1506 Non
2802 1449 2975 1506 solum
3011 1451 3130 1506 ideo
3157 1452 3320 1508 debes
3346 1453 3425 1508 vi-

1855 1551 1974 1598 tare
2004 1541 2408 1607 detractionem,
2443 1556 2511 1595 ne
2547 1549 2606 1595 ut
2635 1549 2998 1611 transgressor
3027 1557 3056 1596 a
3080 1543 3190 1597 Deo
3209 1543 3421 1612 judice-

1857 1634 1954 1699 ris,
1968 1633 2062 1689 sed
2085 1635 2203 1690 ideo
2229 1633 2389 1688 etiam
2403 1633 2528 1703 quia
2551 1631 2777 1688 fortasse
2795 1633 2847 1686 in
2862 1633 3006 1687 nullo
3024 1634 3284 1704 praecellis
3305 1635 3424 1690 illos

1855 1741 1991 1798 quos
2017 1725 2308 1796 vituperas.
2341 1723 2476 1782 Ecce
2518 1741 2653 1780 nunc
2676 1765 2691 1789 ,
2732 1726 2822 1795 qui
2850 1725 3043 1780 dicitis.
3074 1725 3204 1784 Post
3243 1727 3434 1782 iners--

198 1819 527 1874 consentiens.
561 1816 619 1874 Si
645 1819 772 1887 quid
793 1818 972 1874 minus
992 1820 1122 1890 agit,
1153 1821 1233 1875 vel
1259 1831 1474 1890 propter
1495 1822 1751 1892 ignoran-
1787 1804 1824 1861 Β
1854 1818 2124 1888 pationem
2153 1817 2528 1881 detractionis,
2577 1816 2754 1886 arguit
2801 1816 3014 1870 illorum
3062 1818 3420 1872 temeritatem

197 1909 334 1972 tiam,
354 1908 436 1964 vel
462 1916 682 1978 propter
707 1908 1106 1980 negligentiam,
1129 1911 1389 1966 bonorum
1414 1912 1651 1968 suasioni
1671 1926 1754 1968 as-

197 2014 401 2054 sensum
429 2000 657 2068 prmbet.
1251 2041 1254 2044 .

258 2089 418 2144 Vsus.
467 2089 558 2144 18.
600 2117 672 2128 --
717 2085 945 2144 Fructus
983 2100 1175 2146 autem.
1212 2090 1501 2162 Postquam
1541 2092 1754 2162 sapien-

195 2180 316 2236 tiam
336 2193 430 2250 per
448 2178 687 2249 singulas
709 2179 932 2234 virtutes
955 2180 1230 2246 distinxit;
1255 2191 1312 2236 ut
1333 2181 1542 2237 facilius
1566 2183 1758 2237 invitet

193 2271 255 2324 ad
281 2269 439 2334 hanc,
465 2267 701 2323 fructum
732 2268 847 2338 ejus
867 2269 1138 2342 subjungit
1164 2286 1178 2325 :
1204 2270 1269 2325 In
1294 2289 1419 2342 pace
1446 2275 1752 2328 seminatur.

193 2358 302 2413 Non
320 2359 556 2430 postulat
577 2357 741 2413 videri
760 2359 964 2415 doctior
976 2361 1057 2414 vel
1079 2363 1490 2432 sanctior-quam
1513 2371 1619 2416 est:
1649 2379 1753 2418 non

193 2449 384 2506 lacerat
406 2452 708 2522 proximum
725 2452 789 2505 ad
804 2453 1319 2506 commendationem
1349 2454 1452 2518 sui,
1474 2454 1614 2522 quod
1630 2469 1756 2508 con-

192 2541 416 2597 tentiosa
451 2540 578 2596 facit
604 2541 882 2612 sapientia.
913 2541 1025 2596 Non
1047 2541 1217 2596 solum
1244 2551 1463 2612 propter
1499 2543 1756 2612 praedicta

189 2630 342 2688 debet
385 2633 687 2703 hujusmodi
736 2632 1050 2703 sapientiam
1096 2643 1384 2704 appetere,
1447 2635 1540 2689 sed
1591 2635 1755 2690 etiam

190 2723 335 2790 ideo;
364 2725 493 2794 quia
515 2739 546 2778 a
574 2721 896 2779 facientibus
921 2739 1109 2794 pacem
1133 2726 1282 2794 quasi
1300 2725 1626 2796 jacientibus
1654 2727 1755 2780 hoc

186 2829 367 2870 semen
414 2817 742 2880 seminatur,
791 2824 846 2870 et
888 2825 1222 2887 prmparatur
1271 2819 1322 2872 in
1365 2832 1496 2887 pace
1539 2826 1753 2873 aeterna:

183 2906 532 2962 beatitudinis
556 2905 760 2961 fructus
779 2947 792 2972 ,
822 2906 875 2960 id
901 2916 984 2962 est
1010 2923 1218 2963 merces
1234 2909 1476 2977 justitim,
1501 2923 1620 2978 quae
1653 2923 1752 2977 pro

178 2994 341 3064 justis
389 2996 646 3065 Operibus
698 2997 1029 3052 retribuitur.
1077 2997 1178 3064 Qui
1227 2999 1387 3068 igitur
1435 2999 1522 3052 hic
1574 2999 1750 3053 studet

177 3088 342 3156 paci,
381 3094 438 3142 et
477 3094 675 3141 terram
713 3087 890 3143 cordis
921 3089 1001 3144 sui
1028 3090 1280 3159 operibus
1308 3087 1456 3160 pacis
1484 3090 1636 3158 quasi
1664 3105 1750 3145 se-

179 3151 365 3232 mente
402 3178 667 3251 aspergit,
702 3179 907 3249 justum
937 3190 1018 3235 est
1045 3151 1104 3236 ut
1130 3151 1325 3237 habeat
1362 3191 1620 3239 aeternam
1649 3199 1750 3254 pa—
1778 3151 1824 3211 Ο

178 3282 318 3336 cem,
353 3269 512 3340 quasi
539 3269 772 3326 fructum
797 3272 954 3342 hujus
981 3273 1222 3328 seminis.

756 3359 982 3416 CAPUT
1021 3359 1110 3416 ιν.

253 3452 416 3508 Vnus.
468 3451 520 3505 l.
567 3481 637 3490 —
673 3448 820 3504 Unde
862 3449 1016 3518 bella,
1045 3461 1150 3507 etc.
1176 3451 1352 3524 (Βεο.)
1400 3452 1756 3510 Prohibuerat

185 3543 356 3598 zelum
384 3551 440 3597 et
468 3542 866 3597 contentionem
887 3583 900 3606 ,
933 3543 1074 3597 unde
1107 3543 1268 3596 etiam
1310 3543 1470 3599 latius
1497 3544 1754 3616 disputat,

185 3632 386 3688 addens
433 3631 538 3685 alia
576 3631 702 3684 vitia
737 3646 855 3700 qua:
896 3630 1019 3685 inde
1057 3639 1354 3701 sequuntur
1385 3650 1400 3686 :
1433 3647 1500 3687 ex
1529 3645 1756 3689 conten-

185 3722 326 3777 tione
345 3720 802 3790 concupiscentia,
823 3735 887 3775 ex
913 3721 1359 3791 concupiscentiis
1380 3723 1513 3778 bella
1537 3733 1591 3777 et
1612 3724 1752 3780 lites.

185 3811 283 3880 Qui
308 3811 455 3867 enim
483 3810 629 3880 cupit
652 3808 912 3879 praeferri,
938 3810 1021 3864 vel
1044 3811 1426 3880 temporalibus
1454 3812 1754 3881 abundare,

184 3903 314 3968 odit,
343 3899 571 3966 invidet,
598 3900 816 3956 occidit.

251 3990 416 4048 Vnus.
442 3991 500 4046 2.
538 4019 610 4032 σ-
645 3987 868 4058 Propter
890 3989 1048 4058 quod.
1093 3988 1322 4058 Propter
1361 3989 1504 4054 hzec,
1553 3991 1757 4045 scilicet

183 4083 319 4154 quod
359 4084 534 4138 Deum
565 4080 722 4150 digne
756 4079 1069 4149 postulatis;
1114 4080 1158 4133 si
1197 4079 1339 4133 enim
1363 4079 1509 4134 illum
1550 4081 1633 4150 pia
1677 4082 1758 4135 in-

183 4175 518 4231 tercessione
568 4171 912 4243 postularetis
937 4173 1096 4227 etiam
1152 4171 1461 4242 temporalia
1506 4172 1572 4225 ad
1602 4187 1755 4226 usum

181 4267 514 4330 iiecessaria,
539 4273 595 4320 et
627 4278 734 4319 non
762 4263 934 4318 solum
955 4263 1279 4332 sempiterna
1299 4263 1474 4317 daret.

250 4357 409 4412 Vens.
436 4356 502 4410 ι.
531 4385 604 4396 -
629 4353 895 4419 Adulteri,
923 4353 1125 4406 nescitis
1145 4393 1160 4418 ,
1199 4363 1303 4408 etc.
1337 4354 1515 4424 (Bt-:0.)
1540 4353 1757 4408 Dixerat

180 4465 337 4522 supra
370 4449 440 4506 de
488 4447 688 4516 apertis
711 4445 941 4500 inimicis
971 4445 1060 4498 Dei
1084 4484 1098 4508 ,
1138 4454 1269 4508 etc.,
1294 4461 1454 4515 usque
1475 4446 1544 4498 ad
1581 4454 1635 4500 et
1661 4462 1759 4516 per

180 4542 280 4598 hoc
305 4539 520 4598 inimici
551 4537 643 4592 Dei
666 4535 1072 4591 constituimini.

247 4629 412 4686 Vnus.
434 4631 498 4685 5.
519 4657 592 4668 -
623 4626 703 4679 An
725 4626 960 4696 putatis?
987 4634 1091 4678 etc.
1125 4623 1238 4678 Non
1263 4623 1469 4679 debetis
1495 4624 1704 4695 litigare
1736 4648 1750 4680 :

183 4737 304 4777 nam
339 4721 592 4792 spiritus,
623 4718 713 4786 qui
748 4716 800 4770 in
836 4716 988 4770 vobis
1019 4722 1128 4780 est,
1167 4729 1272 4768 non
1315 4716 1648 4783 concupiscit
1686 4717 1751 4770 ad

184 4812 457 4877 invidiam,
510 4809 604 4864 sed
655 4807 832 4877 potius
875 4804 1003 4858 facit
1043 4805 1350 4867 concordes,
1385 4812 1440 4858 ct
1483 4808 1584 4859 hoc
1622 4805 1753 4861 dicit

185 4903 462 4975 Scriptura
502 4915 517 4954 :
545 4898 625 4953 Ad
664 4897 914 4952 invidiam
948 4896 1261 4964 concupiscit
1291 4894 1504 4964 spiritus
1540 4897 1629 4966 qui
1657 4898 1752 4949 Ita-

184 4996 307 5052 bitat
334 4999 390 5052 in
414 4995 579 5051 vobis.
606 4991 698 5046 Vel
723 5011 734 5044 :
762 4991 973 5060 spiritus
996 4989 1308 5058 concupiscit
1333 4987 1425 5052 ad,
1451 4989 1501 5042 id
1524 5000 1602 5044 est
1633 5007 1752 5044 con—

184 5099 264 5142 tra
284 5087 559 5149 inuidiam,
587 5083 638 5138 id
659 5092 744 5138 est
769 5082 872 5135 hoc
897 5081 1186 5143 desiderat,
1204 5087 1262 5158 ut
1283 5080 1476 5134 invidia
1502 5080 1746 5149 tollatur;

185 5179 286 5248 vel,
316 5179 468 5249 cupit
511 5185 572 5232 ut
611 5174 893 5231 invideatis
937 5173 1166 5236 mundo,
1218 5187 1316 5227 nec
1353 5173 1545 5228 ametis
1591 5187 1746 5240 eum;

185 5268 286 5336 vel,
314 5269 540 5340 spiritus
569 5263 856 5332 cujuslibet
899 5261 1128 5316 hominis
1163 5262 1309 5330 cupit
1338 5263 1652 5332 temporalia
1683 5266 1752 5320 ad

188 5358 467 5422 invidiam,
491 5356 613 5425 quia
645 5353 844 5408 invidet
872 5353 991 5406 aliis
1013 5353 1152 5422 quod
1175 5369 1276 5407 non
1310 5353 1488 5409 habet.

253 5451 420 5508 Vnus.
454 5449 507 5504 6.
533 5478 605 5488 —
642 5446 898 5516 Majorem
916 5456 1089 5500 autem
1123 5446 1214 5500 dat
1241 5447 1484 5516 gratiam.
1519 5446 1752 5517 Spiritus

185 5543 373 5612 gratia:
399 5557 511 5598 non
549 5540 678 5596 facit
721 5539 980 5604 invidere,
1024 5539 1130 5594 imo
1159 5537 1252 5592 dat
1293 5538 1556 5608 gratiam,
1585 5539 1637 5594 id
1665 5548 1752 5596 est

186 5635 419 5703 gratuita
469 5635 643 5699 dona,
681 5629 882 5701 majora
928 5645 1088 5702 quam
1133 5639 1258 5685 sunt
1301 5630 1499 5686 divitia:
1546 5633 1746 5688 saeculi.

187 5723 416 5796 Propter
439 5727 606 5798 quod,
633 5725 686 5782 id
713 5734 798 5782 est
824 5733 881 5779 ut
906 5725 1166 5792 sciamus,
1194 5725 1315 5790 dat,
1343 5734 1397 5780 et
1420 5726 1614 5796 quibus
1642 5743 1747 5784 non

1851 1908 1966 1978 qui,
2008 1923 2118 1963 non
2177 1907 2440 1964 habentes
2486 1907 2862 1964 certitudinem
2923 1907 3079 1972 vitae,
3131 1909 3424 1978 cupiditate

1855 1997 2228 2067 temporalium
2257 1998 2421 2052 vitam
2449 2005 2505 2053 et
2529 1995 2738 2052 lucrum
2767 1997 3090 2066 promittunt
3116 1999 3215 2053 sibi
3248 2000 3301 2053 in
3329 1999 3442 2053 fu--~

1854 2098 2055 2144 turum.
2100 2085 2382 2142 Faciemus
2429 2088 2502 2142 ibi
2547 2089 2755 2159 quidem
2797 2105 3026 2153 annum,
3081 2099 3128 2144 et
3171 2091 3423 2144 mercabi-

1854 2193 1992 2241 mur,
2021 2185 2129 2232 etc.
2156 2175 2524 2234 Multimodam
2551 2178 2836 2233 stultitiam
2867 2189 3017 2236 notat
3041 2195 3228 2235 eorum
3247 2181 3342 2250 qui
3369 2191 3423 2235 et

1855 2269 1921 2324 de
1949 2268 2220 2324 lucrorum
2250 2278 2539 2339 augmento
2568 2279 2768 2340 agunt,
2807 2279 2861 2325 et
2900 2285 2958 2324 se
2983 2271 3152 2332 multo
3183 2281 3434 2342 tempore

1855 2359 2088 2414 victuros
2117 2359 2472 2427 arbitrantur,
2505 2368 2560 2414 et
2589 2375 2695 2415 sum
2719 2361 3000 2431 potestatis
3037 2363 3336 2426 aestimant,
3366 2371 3426 2419 ut
3514 2425 3525 2432 ,

1856 2462 2054 2503 annum
2105 2448 2331 2515 faciant,
2381 2451 2526 2505 etin
2573 2452 2657 2506 his
2701 2454 2949 2507 omnibus
2988 2454 3425 2525 supernijudicis

1855 2549 2082 2592 examen
2113 2539 2183 2592 ad
2219 2547 2458 2593 mentem
2496 2555 2756 2596 revocare
2782 2550 3152 2596 contemnunt.

1926 2625 2087 2686 Vsus.
2120 2629 2207 2684 15.
2230 2661 2302 2670 -
2324 2631 2455 2697 Qua!
2479 2643 2551 2686 est
2585 2633 2720 2686 enim
2771 2635 2872 2687 vita
2903 2635 3113 2688 vestra?
3153 2643 3259 2691 etc.
3308 2636 3422 2692 Non

1855 2719 2123 2774 consentit
2162 2718 2267 2775 illis
2303 2720 2393 2790 qui
2418 2720 2604 2778 dicunt
2631 2730 2750 2792 post
2775 2732 2998 2778 mortem
3028 2725 3159 2779 nihil
3197 2740 3343 2791 esse,
3369 2736 3424 2781 et

1856 2819 2083 2865 mortem
2110 2811 2280 2882 ipsam
2310 2810 2441 2866 nihil
2469 2827 2608 2866 esse.
2637 2813 2742 2866 Sed
2765 2814 2837 2868 ita
2879 2813 3113 2884 loquitur
3142 2825 3200 2868 ut
3232 2815 3424 2871 doceat

1855 2897 1994 2968 quod
2025 2900 2131 2953 vita
2171 2916 2456 2970 pravorum
2500 2901 2680 2957 brevis
2725 2913 2808 2958 est
2856 2903 2906 2958 in
2937 2913 3186 2975 praesenti
3220 2921 3421 2977 :quam

1857 2999 2034 3046 tamen
2065 2991 2118 3045 in
2151 2990 2334 3048 futuro
2372 3009 2520 3049 mors
2549 3003 2750 3049 aeterna
2786 3005 3060 3066 sequetur.
3419 3001 3424 3004 ’

2471 3128 2698 3185 CAPUT
2737 3129 2802 3184 V.

1926 3258 2089 3314 Vnus.
2131 3259 2442 3330 i.-—Agite
2474 3278 2630 3316 nunc.
2679 3263 2945 3333 Tempore
2990 3275 3210 3336 accepto
3259 3277 3312 3323 et
3361 3269 3416 3326 in

1858 3349 1943 3404 die
1971 3349 2190 3416 salutis,
2236 3349 2448 3406 futuras
2491 3365 2680 3422 poenas
2721 3352 2934 3409 ﬂetibus
2977 3363 3032 3410 et
3072 3351 3430 3429 eleemosynis

1856 3438 2124 3494 redimite.

1927 3531 2089 3584 Vens.
2121 3531 2177 3586 3.
2201 3560 2273 3572 —-
2293 3529 2360 3584 Et
2389 3546 2590 3602 aerugo.
2627 3531 2804 3605 (Bm)
2835 3531 2950 3587 Non
2971 3533 3145 3589 solum
3182 3531 3420 3592 immise-

1857 3620 2095 3676 ricordes
2110 3621 2302 3676 divites
2319 3621 2545 3677 visibilis
2555 3634 2814 3692 gehennae
2830 3623 2966 3694 ignis
2982 3626 3270 3694 cruciabit,
3288 3638 3394 3684 etc.
3407 3653 3431 3695 ,‘

1857 3726 2020 3782 usque
2063 3712 2131 3765 ad
2161 3723 2216 3766 et
2241 3723 2522 3782 propterea
2550 3714 2766 3783 gravius
2793 3715 3064 3784 punietur.

1925 3805 1994 3860 In
2021 3806 2395 3861 testimonium.
2440 3807 2496 3861 ld
2524 3815 2607 3862 est
2637 3808 2703 3862 ad
2734 3817 3078 3878 augmentum
3109 3824 3420 3880 pinnarum,

1856 3897 1912 3951 id
1937 3907 2022 3952 est
2051 3905 2110 3950 ut
2136 3899 2275 3952 hanc
2301 3898 2588 3953 visibiliter
2618 3899 2910 3966 intuendo,
2958 3902 3188 3971 majores
3216 3905 3426 3959 crucia-

1857 3997 1944 4042 tus
1972 3987 2305 4042 sustineatis.
2353 3987 2696 4043 Manducabit
2743 4005 2949 4044 carnes.
2978 3990 3036 4044 Id
3082 4001 3168 4046 est
3183 4009 3423 4062 corpora

1856 4080 1944 4135 vel
1973 4079 2220 4135 carnales
2263 4081 2724 4150 concupiscentias
2746 4121 2760 4146 ,
2809 4084 2934 4152 quia
2978 4083 3281 4140 luxuriosas
3311 4089 3427 4140 ani-

1857 4185 2009 4237 mas,
2044 4179 2100 4225 et
2123 4171 2364 4226 exterius
2387 4172 2612 4226 saeviens
2635 4171 2851 4226 ﬂamma
2881 4173 3172 4238 cruciabit,
3203 4184 3256 4230 et
3289 4177 3426 4230 inte-

1864 4263 1973 4320 rius
2014 4277 2259 4334 pungens
2303 4262 2456 4318 dolor
2499 4277 2609 4318 suae
2653 4264 2877 4318 tenacia:
2927 4265 3216 4318 accusabit.
3277 4261 3428 4320 Sicut

1855 4357 2009 4427 ignis,
2037 4356 2129 4425 qui
2151 4357 2421 4411 consumit
2444 4355 2656 4412 metalla
2678 4366 2733 4411 et
2755 4364 2982 4411 caeteras
3003 4370 3111 4420 res,
3139 4361 3219 4412 sic
3241 4371 3427 4426 aerugo

1857 4455 2066 4502 vestras
2091 4459 2302 4502 carnes.

1786 4511 1834 4570 θ
1930 4541 2092 4600 Vens.
2129 4541 2183 4598 4.
2204 4573 2274 4583 -
2295 4541 2429 4596 Ecce
2461 4558 2673 4596 merces.
2705 4540 2882 4616 (Βευ.)
2912 4541 3100 4612 Magna
3135 4549 3218 4594 est
3244 4541 3420 4596 homi-

1861 4649 1988 4687 num
2020 4634 2308 4703 iniquitas,
2343 4635 2432 4704 qui
2464 4641 2728 4704 panperes
2767 4634 2955 4689 nolunt
2977 4627 3422 4703 susripereiscd

1861 4722 2033 4792 major
2055 4734 2137 4779 est
2161 4725 2373 4794 quando
2417 4726 2765 4780 mercenariis
2785 4767 2800 4790 ,
2828 4733 2884 4779 et
2931 4723 3144 4779 famulis
3182 4724 3420 4778 debitam

1857 4814 2058 4869 laboris
2087 4815 2386 4868 mercedem
2409 4815 2596 4869 nolunt
2625 4815 2868 4870 reddere.
2898 4814 3048 4870 Unde
3077 4813 3176 4869 Job
3203 4833 3216 4869 :
3244 4815 3305 4871 Si
3327 4816 3422 4868 ad-

1857 4922 2059 4960 versum
2089 4921 2167 4958 me
2191 4916 2329 4958 terra
2370 4923 2484 4960 mea
2512 4905 2701 4959 clamat
2731 4917 2780 4960 et
2813 4905 2946 4960 sulci
2972 4907 3086 4975 ejus
3115 4907 3348 4976 deﬂent?
3375 4909 3424 4962 si

1856 4993 2057 5063 fructus
2079 4995 2190 5062 ejus
2221 4995 2418 5048 comedi
2444 4996 2634 5065 absque
2674 4994 2892 5064 pecunia
2910 4997 2936 5048 Ρ

1927 5088 2087 5143 Vens.
2148 5086 2547 5157 5.—Epulati.
2601 5087 2722 5158 (ιθ.)
2774 5087 2884 5144 Nec
2920 5094 3129 5144 tantum
3154 5089 3420 5159 peccastis

1853 5176 2123 5248 superflue
2149 5178 2540 5249 congreganda,
2568 5187 2695 5243 etc.,
2732 5195 2892 5250 usque
2914 5180 2985 5234 ad
3018 5189 3073 5234 et
3100 5187 3418 5236 caeterorum

1850 5267 2116 5322 scelerum
2147 5284 2265 5338 qua:
2288 5267 2527 5322 fecerant
2558 5266 2743 5324 Judaei.

1926 5361 2086 5416 Vens.
2137 5361 2188 5416 7.
2212 5359 2566 5416 -—-Patien!es
2603 5363 2725 5433 (ln.)
2769 5361 3061 5432 lncrepatis
3095 5359 3339 5433 superbis
3363 5370 3418 5416 et

1851 5452 2173 5519 incredulis,
2203 5461 2334 5518 etc.,
2365 5471 2524 5525 usque
2552 5454 2621 5508 ad
2643 5454 2784 5510 unde
2817 5454 3104 5526 Apostolus
3133 5469 3149 5509 :
3195 5451 3414 5508 Habetis

1855 5547 2085 5618 fructum
2113 5555 2332 5600 vestrum
2371 5547 2424 5600 in
2451 5547 2894 5616 sanctiﬁcatione,
2929 5547 3085 5616 ﬁnem
3116 5560 3234 5600 vero
3258 5544 3414 5599 vitam

1854 5647 2103 5695 a'ternam
2133 5637 2308 5708 (Rom.
2335 5638 2429 5710 vr).
3461 5704 3468 5710 ,

1925 5729 2085 5784 Vsus.
2134 5727 2220 5784 10.
2241 5758 2311 5770 -
2334 5727 2636 5800 Prophetas.
2677 5729 2800 5802 (ιιι.)
2834 5728 3141 5798 Propheta,
3184 5724 3275 5796 qui
3306 5732 3424 5778 tam
