1974 3157
234 188 286 216 679

463 185 656 214 WALAFRIDI
676 184 798 212 STRABI
818 184 918 212 FULD.
940 184 1021 213 MOU.
1042 184 1118 212 OPP.
1140 184 1228 213 PARS
1247 185 1267 212 l.
1286 200 1321 206 —
1340 184 1568 213 THEOLOGICA.

1805 187 1854 213 680

232 245 318 272 sancti
331 246 408 271 erant
421 247 450 269 ut
461 242 507 269 Dei
517 241 635 277 Spiritus
647 248 695 276 per
705 249 751 267 eos
764 249 811 268 sua
828 242 956 276 mysteria
974 241 1014 268 lo—
1031 245 1053 274 Α
1069 249 1121 267 una
1136 241 1258 268 oratione
1276 243 1379 268 orando
1398 246 1450 268 tam
1463 242 1542 275 longo
1558 246 1678 276 tempore
1691 242 1854 270 continuerit

233 293 370 323 queretur,
387 292 457 318 etc.,
473 293 562 320 “usque
580 286 614 312 ad
642 287 675 313 de
701 286 814 312 Domino
830 291 960 319 quantum
984 287 1016 312 ad

233 335 335 362 exitum
349 333 455 360 mortis.

269 379 352 406 Vsus.
376 379 465 405 H.—
476 376 661 411 Sit/Terentiam
681 376 742 403 Job.
765 375 822 403 Non
838 376 904 402 dicit
918 385 924 402 :
940 375 1019 409 ﬁnem

234 424 300 456 Joh,
315 424 359 452 cui
372 422 526 458 temporalia
540 426 602 448 sunt
617 422 739 448 restituta
751 441 758 451 ,
774 421 820 447 sed
837 421 1017 454 stt/ferentium

236 470 296 496 Job.
313 469 346 495 Et
361 468 438 502 ﬁnem
453 467 573 498 Domini,
589 467 650 500 quia
670 466 703 492 ad
724 465 878 500 patiendqu
899 465 1020 499 exemplo

235 513 285 540 Job
308 512 417 544 invitat,
435 517 462 538 et
479 516 567 538 tamen
583 519 634 537 non
651 516 679 537 ut
695 509 851 544 temporalia
869 510 1000 543 recipiant
1013 530 1020 541 ,

236 560 306 586 sicut
332 558 380 585 Job
393 563 470 585 vetus
494 558 589 588 homo,
614 558 659 584 sed
684 561 783 583 :cterna
809 556 878 583 sicut
897 555 1022 582 Christus

240 612 323 631 novus
334 605 424 631 homo.

274 651 309 677 Et
323 651 401 685 ﬁnem
413 650 526 676 Domini.
540 648 627 683 (Beo.)
642 647 760 674 Audistis
772 647 903 686 lectione,
918 647 1023 673 vidistis

238 696 323 723 oculis
343 696 369 722 in
391 703 471 722 cruce
492 694 680 729 longaminitcr
697 694 859 727 patientem,
874 693 918 719 sed
933 697 959 718 et
969 693 1024 727 glo-

238 741 307 767 riam
324 740 530 767 resurrectionis
546 743 572 766 et
586 739 751 766 ascensionis
771 737 930 773 Evangelica
954 745 1023 772 pnu-

240 786 375 812 (licatione
392 785 531 812 didicistis.

256 838 261 843 ‘
277 831 360 858 Vens.
380 831 420 857 t3.
434 846 468 850 —
478 830 551 857 Oret.
566 830 605 857 Ne
618 833 782 859 murmuret'.
797 836 847 855 nec
859 827 962 863 judicia
977 827 1023 854 Dei

238 878 391 911 vituperet,
410 877 457 904 sed
474 877 505 902 ad
527 876 672 902 Ecclesium
697 879 789 901 currat
806 873 883 900 ﬂexis
900 873 1024 908 genibus,

240 926 270 949 ut
283 922 353 948 Deus
366 921 575 949 consolationem
590 921 689 947 mittat.

275 967 356 994 Vens.
375 966 418 993 15.
431 965 503 992 —-—Et
516 966 538 992 si
550 966 576 992 in
589 966 710 1000 peccatis.
726 964 814 1000 (Βειι.)
830 964 903 990 l\Iulli
917 967 1026 998 propter

239 1017 350 1048 peccata
369 1012 451 1039 etiam
469 1012 590 1046 corporis
612 1011 767 1045 plectuntur
781 1015 879 1042 morte,
900 1014 963 1039 etc.,
981 1017 1025 1036 us—

240 1065 291 1092 que
302 1058 335 1084 ad
350 1057 421 1084 unde
437 1061 509 1084 recte
528 1057 651 1083 subditur
666 1063 673 1082 :
688 1055 854 1089 Conﬁtemini
863 1075 870 1087 ,
883 1058 935 1081 etc.

279 1101 359 1128 Vsus.
368 1102 412 1128 17.
420 1116 455 1121 -
463 1100 588 1127 Oratione
598 1101 689 1127 oravit.
698 1100 799 1126 Astruit
810 1099 934 1133 exemplo
944 1106 1028 1133 quan-

242 1150 300 1173 tum
310 1146 398 1173 valeat
407 1145 473 1180 justi
483 1146 638 1180 deprecatio
649 1146 757 1172 assidua
769 1152 829 1171 cum
839 1144 910 1171 Elias
922 1147 1027 1170 tantum

1070 288 1169 319 caelos,
1191 288 1270 314 terris
1289 289 1388 315 imbres
1415 289 1558 319 averterit,
1580 289 1684 315 fructus
1699 289 1854 316 mortalibus

1070 333 1216 367 negaverit.

1106 377 1139 403 Et
1149 385 1261 403 rursum.
1275 378 1361 409 (Βειι.)
1375 378 1424 404 Ubi
1438 377 1509 404 Elias
1522 382 1625 412 tempus
1634 378 1784 412 perspexit,
1794 383 1854 410 etc.,

1071 430 1152 456 usque
1166 422 1200 448 ad
1214 423 1277 456 quid
1288 430 1351 456 ergo
1365 422 1438 448 multi
1455 422 1548 449 ﬁdeles
1570 422 1660 449 multis
1673 422 1857 450 orationibus?

1107 468 1187 495 Vens.
1218 468 1349 494 t9.——Si
1364 468 1421 503 quis
1443 476 1475 495 ea:
1502 468 1580 494 vobis.
1604 467 1717 495 Ostensa
1740 468 1857 496 eﬁicacia

1071 512 1216 544 orationis,
1240 512 1358 538 ostendit
1375 512 1467 546 quanti
1492 512 1527 539 sit
1549 512 1637 538 meriti
1654 519 1704 546 pro
1727 512 1858 541 fratribus

1072 563 1167 587 orare,
1187 561 1214 584 et
1232 557 1264 584 ad
1286 557 1441 591 sospitatem
1461 564 1600 589 revocare,
1615 562 1645 584 ut
1660 557 1706 592 qui
1730 558 1758 584 in
1780 566 1859 593 supe-

1073 601 1137 628 riori
1152 606 1228 635 parte
1242 609 1256 628 a
1270 602 1359 636 lingua
1372 607 1463 629 nostra
1484 602 1630 637 malignam
1645 608 1672 629 et
1685 603 1804 630 otiosam
1821 603 1859 631 lo-

1073 648 1206 674 cutionem
1222 649 1352 681 removit,
1374 648 1400 675 in
1424 648 1476 674 ﬁne
1496 648 1622 683 Epistola:
1643 649 1707 682 quid
1724 649 1801 683 loqui
1816 650 1859 676 de-

1073 693 1199 725 beamus,
1215 694 1377 720 ostenderet.
1392 694 1520 725 Oremus,
1536 698 1563 720 et
1577 694 1744 728 psallamus.
1758 695 1861 728 quoties

1075 737 1195 764 adversis
1209 738 1354 771 pulsamur,
1371 742 1481 772 peccata
1505 738 1693 770 conﬁteamur,
1716 746 1768 773 pro
1793 739 1861 766 invi-

1075 788 1133 807 cem
1149 789 1258 808 oremus
1282 786 1311 808 ut
1333 782 1468 808 salremur
1483 789 1490 808 :
1504 790 1552 816 pro
1569 782 1655 808 salute
1675 783 1861 816 proximorum

1075 832 1128 851 non
1144 825 1230 851 solum
1253 825 1406 859 temporali,
1430 825 1477 852 sed
1500 826 1590 860 potius
1611 830 1722 857 aeterna.
1746 826 1777 853 Si
1792 827 1862 853 enim

1076 878 1180 906 magna:
1192 871 1321 897 mercedis
1333 875 1374 898 est
1393 879 1407 897 a
1419 875 1503 898 morte
1516 872 1620 905 eripere
1632 879 1730 906 corpus
1743 872 1864 907 quando-

1039 924 1060 952 Β
1075 925 1127 951 que
1142 918 1300 944 moriturum
1310 938 1317 950 ,
1332 918 1425 952 quanti
1441 919 1528 945 meriti
1543 923 1583 945 est
1605 927 1619 946 a
1641 924 1727 947 morte
1743 920 1862 946 animam

1075 963 1188 989 liberare
1201 963 1226 989 in
1240 963 1341 990 caelesti
1357 964 1442 998 patria
1456 964 1513 990 sine
1527 963 1578 990 ﬁne
1589 964 1743 990 victuram?

1113 1007 1194 1035 Vtans.
1217 1008 1260 1034 2³.
1275 1008 1449 1035 -δαΙι-ιιιιίι.
1475 1008 1588 1041 Qui-lam
1613 1009 1720 1036 codices
1744 1009 1860 1036 habent:

1079 1053 1194 1081 Salvubit
1208 1055 1323 1080 animum
1341 1062 1416 1080 suam
1433 1062 1453 1080 σι
1465 1059 1556 1080 morte.
1572 1055 1604 1081 Et
1617 1062 1680 1081 vere
1697 1056 1743 1090 qui
1770 1062 1862 1082 erran-

1080 1104 1132 1126 tem
1146 1100 1254 1134 corrigit
1264 1120 1270 1130 ,
1286 1107 1333 1134 per
1348 1100 1398 1127 hoc
1411 1099 1541 1134 ampliora
1555 1100 1650 1135 gaudia
1663 1101 1726 1127 vita:
1747 1101 1864 1128 celestis

1080 1144 1130 1170 sibi
1146 1144 1280 1178 conquirit

771 1267 1015 1306 EPISTULA
1053 1267 1069 1304 I
1108 1267 1149 1304 B.
1191 1267 1356 1305 PETRI.

510 1389 762 1418 ARGUMENTUM.

281 1436 432 1471 Discipulos
448 1435 596 1463 Salvatoris
613 1435 716 1467 invicti,
729 1439 784 1462 toto
797 1435 862 1462 orbe
875 1435 984 1463 ditl‘usos
1003 1441 1031 1464 et

248 1482 406 1517 peregrinos
433 1481 460 1508 in
486 1481 537 1508 hoc
563 1481 661 1508 smculo
682 1486 830 1514 monstrat,
845 1487 871 1509 et
888 1484 1030 1517 praeterita:

247 1527 310 1554 vita:
331 1528 463 1562 poenitere
480 1527 574 1554 suadet
587 1531 613 1554 et
628 1527 653 1553 in
674 1535 771 1554 novam
788 1527 867 1555 vitam
883 1529 1012 1562 proﬁcere
1023 1550 1030 1562 ,
1045 1543 1067 1574 ρ

247 1578 304 1601 tota
320 1583 380 1602 cum
396 1574 575 1602 sollicitudine
589 1575 747 1601 exhortatur
766 1574 857 1602 Simon
871 1576 982 1609 Petrus,
999 1577 1031 1604 li-

248 1614 397 1653 lius'Jonte,
412 1620 557 1655 provincia:
570 1619 694 1653 Galilrca),
709 1620 769 1648 vico
783 1621 937 1655 Bethsaida,
950 1621 1034 1649 frater

247 1665 361 1693 Andreae
382 1665 506 1701 apostoli.

503 1719 617 1748 CAPUT
637 1720 779 1749 PRIMUM.

283 1768 364 1803 Vens.
382 1776 405 1802 i.
420 1791 455 1796 —-
464 1776 584 1803 Advenis.
598 1776 686 1812 (Βευ.)
699 1777 815 1804 Adventu
825 1776 928 1810 Latine,
941 1778 1035 1807 Graece

248 1821 387 1857 proselyti,
396 1825 458 1853 etc.,
468 1829 549 1856 utque
556 1821 590 1847 ad
603 1822 731 1849 habentes
741 1831 747 1849 :
756 1821 919 1854 Charissimi,
931 1824 1034 1851 obsecro

250 1877 293 1895 vos
305 1874 428 1902 tanquam
443 1868 557 1895 advenas
575 1874 597 1895 et
611 1870 767 1903 peregrinos.

284 1912 469 1946 Dispersionis.
495 1913 573 1940 Anno
594 1914 760 1942 ascensionis
775 1920 896 1943 mortuus
917 1922 955 1944 est
973 1918 1033 1945 Ste-

250 1958 369 1994 phanus,
386 1961 414 1984 et
428 1957 502 1984 multi
526 1958 624 1985 timore
635 1959 757 1993 dispersi.
776 1959 864 1987 Ponti.
880 1961 980 1990 Omnes
995 1963 1035 1990 Ine

241 1993 394 2037 provincia:
411 2001 565 2030 Graecorum
583 2008 646 2031 sunt
666 2004 692 2030 in
713 2005 794 2038 Asia,
818 2005 864 2033 sed
880 2011 923 2034 est
936 2012 963 2034 et
982 2009 1034 2035 alia

251 2041 375 2082 Bithynia
391 2048 417 2074 in
430 2047 536 2082 Europa
551 2055 558 2075 :
573 2049 606 2075 de
618 2057 670 2083 qua
684 2050 721 2076 illi
735 2050 779 2084 qui
796 2051 821 2077 in
838 2051 899 2078 Asia
916 2057 978 2079 sunt
992 2052 1036 2079 Bi-

252 2092 336 2127 thynii
352 2092 483 2126 originem
498 2093 660 2120 habuerunt.
679 2094 724 2121 llla
747 2100 836 2122 autetn
851 2103 912 2130 qua:
927 2097 953 2123 in
972 2097 1036 2124 Asia

251 2143 293 2165 est
313 2138 453 2173 Bithynia,
475 2139 560 2174 major
584 2139 701 2175 Phrygia
724 2146 845 2175 vocatur,
872 2150 931 2177 quae
955 2143 1034 2171 lliera

252 2184 361 2210 Illumne
376 2193 390 2211 a
403 2184 505 2212 Galatia
520 2185 733 2214 disterminatnr.

1082 1400 1130 1428 per
1142 1401 1223 1428 quam
1236 1393 1419 1420 hzcreditatcm
1442 1392 1468 1420 in
1481 1392 1555 1420 ccelis
1572 1392 1718 1428 accipiatis,
1734 1394 1799 1429 quia
1820 1395 1864 1429 qui

1083 1447 1135 1466 non
1153 1440 1299 1467 servaverit
1313 1439 1480 1474 disciplinam
1494 1439 1583 1467 Patris
1600 1448 1654 1467 non
1672 1446 1795 1468 uteretur
1808 1441 1864 1469 har

1084 1485 1226 1512 reditatem
1240 1484 1309 1520 ejus.

1120 1531 1202 1558 Vens.
1215 1530 1239 1558 5.
1253 1546 1287 1550 —
1297 1530 1330 1557 In
1341 1531 1443 1557 virtute.
1457 1530 1548 1558 Nullus
1558 1539 1613 1558 sua:
1626 1531 1761 1560 libertatis
1774 1537 1866 1567 potest-

1086 1577 1120 1603 tia
1136 1576 1266 1603 custodiri
1281 1576 1352 1603 valet
1365 1576 1390 1602 in
1406 1575 1499 1609 bonis,
1521 1577 1570 1603 nisi
1592 1577 1635 1604 ille
1651 1578 1775 1613 perﬁciat
1786 1587 1801 1606 a
1816 1586 1866 1614 quo

1085 1620 1188 1647 initium
1203 1621 1280 1647 bona:
1293 1620 1406 1647 actionis
1421 1620 1535 1648 habetis.
1551 1621 1685 1649 Laborate
1704 1623 1736 1650 dc
1754 1623 1806 1651 ﬁde
1821 1631 1868 1658 per

1084 1665 1173 1698 ﬁdem,
1198 1666 1303 1693 venturi
1324 1666 1351 1692 in
1375 1664 1488 1693 salutem
1517 1670 1659 1699 aeternam,
1681 1675 1742 1702 quze
1764 1670 1867 1696 etiamsi

1084 1712 1164 1740 modo
1184 1719 1237 1739 non
1260 1718 1387 1747 apparet,
1403 1716 1492 1739 tamen
1516 1718 1610 1747 parata
1629 1718 1671 1740 est
1693 1715 1830 1748 revelari.
1847 1716 1867 1742 si

1085 1766 1133 1785 nos
1146 1757 1277 1784 fuerimus
1291 1758 1387 1793 parati.

1120 1804 1202 1830 Vnus.
1218 1803 1244 1830 6.
1258 1818 1293 1823 --
1312 1802 1401 1836 Nunc,
1412 1804 1434 1831 si
1450 1809 1558 1840 oportet.
1581 1804 1619 1838 Si,
1640 1805 1666 1832 itl
1681 1809 1724 1833 est
1746 1808 1870 1841 quamvis

1084 1854 1215 1885 oporteat.
1246 1849 1303 1882 Vel,
1318 1850 1341 1876 si
1368 1855 1466 1885 oportet
1493 1852 1664 1884 contristari,
1679 1859 1734 1880 non
1759 1852 1870 1880 deﬁcia-

1086 1903 1155 1922 llIUS.

1122 1950 1203 1977 Vnus.
1220 1951 1246 1977 7.
1261 1966 1293 1970 —
1311 1949 1344 1977 Ut
1363 1951 1490 1985 probatio,
1519 1956 1585 1984 etc.,
1611 1952 1638 1979 in
1669 1932 1871 1982 (undernea-

1083 1996 1164 2031 judex
1177 1996 1289 2023 laudans
1304 2001 1420 2024 vestram
1433 1996 1521 2028 ﬁdem,
1533 1997 1603 2024 dicet
1618 2007 1625 2024 ί
1643 1997 1675 2024 Et
1689 1998 1799 2027 dedistis
1810 2000 1872 2026 milii

1086 2040 1254 2071 manducare,
1267 2045 1310 2069 etc
1321 2040 1429 2075 (Matth.
1441 2041 1514 2076 xxv).
1783 2047 1786 2048 '

1122 2085 1267 2113 Pretiorior
1280 2094 1355 2113 auro.
1368 2086 1457 2121 (Βευ.)
1480 2086 1613 2115 Patientia
1634 2093 1794 2116 sanctorum
1808 2097 1873 2117 auro

1087 2136 1268 2166 comparatur.
1283 2136 1336 2159 etc.
1346 2152 1354 2165 ,
1376 2140 1454 2168 usque
1465 2133 1499 2159 ad
1515 2134 1585 2161 unde
1606 2139 1634 2161 et
1651 2135 1813 2170 subiungit:
1828 2135 1873 2163 Is-

1088 2178 1216 2209 vcniatur,
1231 2183 1284 2205 etc.

289 2229 367 2256 Vens.
386 2232 413 2256 2.
427 2245 459 2249 —
470 2229 570 2257 Gratia.
588 2231 652 2258 Sine
666 2233 751 2267 gratia
766 2233 876 2264 Christi.
888 2227 926 2261 ad
943 2243 1031 2269 pacem

1122 2222 1157 2249 In
1168 2222 1281 2249 laudent.
1298 2222 1332 2250 Ut
1350 2223 1497 2251 laudabiles
1513 2228 1541 2251 et
1558 2223 1667 2258 gloriosi
1679 2224 1742 2253 sitis
1753 2232 1806 2260 per
1814 2232 1873 2254 eoa-

253 2271 480 2301 rcconciliationis
492 2275 549 2309 ejus
564 2284 698 2310 nunquam
716 2278 829 2308 venitur,
854 2279 919 2305 nihil
944 2280 1037 2314 pacili-

255 2318 314 2345 ἐ-ιιιιι
330 2319 380 2346 nisi
396 2326 443 2354 per
456 2319 568 2354 gratiam
590 2319 647 2353 ejus
661 2320 760 2348 habere
783 2322 910 2349 valemus.
934 2323 967 2350 Et
986 2332 1038 2359 pax

240 2361 449 2398 ’inultipliceJur.
469 2364 494 2390 Id
518 2369 559 2390 est
574 2364 645 2391 nulla
662 2366 808 2395 adversitas
824 2367 942 2394 retrahat
963 2376 1009 2395 vos
1022 2376 1037 2395 a

253 2407 380 2444 laudibus
393 2409 454 2441 Dei,
465 2410 554 2436 omnis
566 2409 703 2438 tribulatio
715 2411 807 2438 invitet
820 2420 866 2439 ros
879 2414 911 2441 ad
922 2414 1037 2446 laudem,

255 2453 317 2486 quia
332 2454 422 2480 omnia
438 2454 471 2480 ad
491 2454 644 2483 felicitatem
669 2456 881 2491 multiplicantur
897 2467 903 2485 :
918 2464 947 2485 ut
968 2459 1039 2493 quod

255 2495 323 2525 bene
334 2499 469 2539 coepistis,
490 2501 609 2535 perfecte
622 2502 791 2536 compleatis.

255 2546 258 2549 ‘
276 2542 373 2584 “Vens.
387 2543 629 2580 3.——Re’generavit.
647 2547 735 2583 (Βειι.)
747 2548 813 2576 Cum
826 2550 924 2578 nostris
936 2552 1040 2580 meritis

256 2588 376 2623 generati
388 2597 508 2617 essemus
525 2591 557 2618 ad
573 2597 685 2620 mortem
698 2614 705 2625 ,
722 2599 774 2621 etc.
784 2615 797 2631 ,ι
809 2603 889 2630 usque
905 2597 939 2623 ad
953 2601 982 2624 ut
994 2605 1041 2634 per

256 2635 414 2663 munditiam
428 2636 487 2663 sitis
501 2638 562 2663 ςαξιί
576 2642 602 2664 et
610 2640 690 2666 sedes
704 2640 760 2667 Dei.

261 2676 262 2680 “
295 2680 382 2708 Vrsas.
403 2681 430 2708 4.
443 2681 724 2717 —-Incorruptibilem.
745 2684 906 2714 Naturalitcr
926 2695 978 2714 non
1000 2692 1042 2716 cst

256 2726 345 2753 anima
368 2727 594 2766 incorruptibilis,
613 2729 658 2755 sed
680 2731 765 2764 gratia
789 2730 838 2759 Dei
854 2739 902 2766 per
921 2731 999 2760 ﬁdem
1014 2738 1040 2760 et

255 2771 386 2805 justitiam
414 2768 446 2798 ad
469 2771 633 2799 intellectum
658 2769 797 2808 perﬁcitur
820 2776 1038 2811 incorruptibilis.

258 2817 291 2844 In
311 2818 389 2844 vobis.
406 2818 456 2851 Qui
472 2817 544 2845 dedit
559 2819 634 2846 vobis
649 2820 820 2848 credentibus
834 2827 993 2856 potestatem
1008 2823 1041 2850 ﬁ-

251 2863 307 2891 ‘llo‘s
321 2863 366 2891 Dei
380 2856 454 2897 tieril,
471 2864 558 2900 posttit
575 2866 600 2893 in
617 2858 784 2906 vobislillam
801 2869 1039 2903 perseverantiam,

1088 2269 1215 2295 stantiam
1226 2270 1251 2295 in
1262 2269 1425 2301 reuelatione.
1437 2270 1462 2297 id
1477 2274 1519 2297 est
1533 2270 1560 2297 in
1573 2271 1617 2298 die
1632 2270 1743 2304 judicii,
1766 2271 1872 2306 quando

1089 2313 1252 2342 revelabitur
1264 2322 1343 2348 quam
1359 2323 1462 2350 magna:
1473 2315 1598 2350 potentiae
1619 2315 1654 2342 sit
1679 2315 1762 2344 Deus.
1782 2316 1817 2344 Et
1831 2317 1872 2343 lo-

1090 2367 1187 2391 norcm,
1203 2364 1231 2386 ut
1245 2360 1352 2386 dicatur
1365 2360 1456 2387 vobis:
1470 2359 1569 2392 Venite,
1585 2360 1711 2388 benedicti
1725 2360 1818 2389 Patria
1828 2363 1872 2389 uti

1090 2405 1196 2441 (Matth.
1213 2406 1286 2442 xxv).

1126 2461 1207 2489 Vsus.
1227 2462 1252 2489 9.
1266 2477 1301 2483 *-
1325 2462 1442 2490 Salutem
1466 2462 1622 2492 animarum.
1638 2464 1702 2493 Haec
1720 2465 1798 2494 saltis
1809 2465 1872 2494 reoi-

1091 2510 1147 2533 tum
1166 2511 1208 2534 est
1220 2508 1343 2538 amanda.
1353 2509 1423 2543 .quia
1438 2509 1471 2536 de
1485 2510 1536 2536 hac
1555 2510 1640 2538 salute
1654 2511 1772 2538 multum
1784 2512 1870 2547 exqui-

1091 2552 1205 2584 sierunt,
1217 2555 1325 2587 quando
1339 2555 1378 2581 vel
1392 2562 1445 2589 quo
1456 2556 1551 2582 ordine
1570 2556 1642 2584 salus
1658 2562 1763 2584 mterna
1778 2557 1872 2585 mundo

1091 2598 1244 2631 adveniret;
1270 2599 1341 2625 unde
1365 2599 1482 2626 dicitur:
1501 2599 1578 2626 Multi
1602 2601 1737 2636 prop/cette
1761 2606 1787 2628 et
1808 2594 1872 2635 rege:

1092 2641 1226 2669 voluerunt
1247 2644 1332 2670 videre
1353 2652 1412 2678 qua:
1434 2653 1477 2671 vos
1504 2645 1604 2678 uidetis,
1628 2650 1652 2672 et
1682 2654 1736 2673 non
1758 2647 1872 2673 ridenti

1093 2687 1200 2724 (Matth.
1213 2688 1282 2722 xm).
1743 2702 1746 2704 λ
1789 2705 1792 2708 -

1129 2731 1265 2760 VEES.10.
1286 2748 1320 2752 —-
1342 2732 1576 2767 Prop/:etaverunt.
1601 2735 1695 2762 Palam
1720 2735 1871 2762 hominibus

1093 2777 1226 2812 loquendo
1239 2783 1265 2804 ct
1280 2780 1436 2814 exponendo
1461 2788 1492 2806 ea
1506 2788 1567 2815 qua:
1588 2781 1615 2808 in
1636 2781 1745 2808 occulto
1767 2782 1872 2809 inter!!!

1093 2824 1326 2859 contemplationis
1339 2825 1386 2860 ipsi
1402 2831 1594 2861 cognoremnt.

1131 2870 1210 2896 Vens.
1228 2871 1270 2897 tl.
1284 2886 1318 2891 -——
1337 2871 1370 2898 In
1390 2873 1459 2907 quod
1477 2872 1526 2904 vel,
1539 2877 1592 2899 etc.
1609 2872 1685 2905 Quod
1711 2878 1827 2910 tunpus.
1847 2874 1871 2901 id
