3948 6314
1159 321 1422 379 GLOSSA
1462 316 1854 378 ORDINARIA.
1881 347 1948 357 —-
1983 314 2198 370 EPIST.
2241 315 2258 369 ι
2298 313 2520 370 PETRI.

3342 311 3450 369 682

228 446 308 494 est
325 447 434 506 quo
465 446 628 498 anno,
663 432 748 490 vel
776 434 876 490 sub
897 449 1003 505 quo
1031 433 1294 504 principe.
1331 434 1521 502 Quale,
1559 433 1779 508 bellico-
1806 437 1856 498 Α
1883 433 2029 488 dium
2073 432 2228 488 bona:
2285 430 2710 490 conversationis
2736 472 2753 496 ,
2804 429 2990 501 quales
3043 437 3170 486 sunt
3214 429 3452 490 infantes

226 540 336 580 sum
362 521 441 578 vel
463 521 768 591 paciﬁcum,
798 522 883 578 vel
907 539 1014 593 quo
1037 524 1247 589 ordine,
1276 539 1373 595 per
1407 532 1619 593 partum
1671 523 1778 577 vir-

226 615 372 686 ginis,
404 613 487 668 vel
515 628 620 682 quo
656 613 762 667 alio
797 614 974 669 modo.
1020 612 1246 684 Spiritus
1295 613 1510 668 Christi.
1542 612 1782 668 Arcban-

223 707 362 778 gelos
381 714 435 761 et
455 705 799 774 propinquos,
831 713 990 760 vocat
1012 705 1251 774 spiritus,
1299 719 1395 775 per
1430 719 1566 773 quos
1591 719 1782 773 opera-

227 807 306 850 tur
336 793 605 860 Dominus,
635 794 759 863 quis
783 793 1002 850 Christo
1027 804 1153 849 sunt
1180 792 1424 862 subjecti.
1459 793 1777 848 Posteriores

219 885 423 956 glorias.
449 885 574 939 Dure
599 893 726 938 sunt
771 884 1186 953 gloriﬁcationes
1232 883 1443 938 Domini
1482 883 1776 938 secundum

220 976 444 1046 suscepti
492 975 726 1030 hominis
779 974 1032 1030 formam.
1086 975 1203 1032 Una
1258 991 1366 1045 qua
1404 976 1700 1030 resurrexit
1745 992 1776 1032 a

220 1068 457 1134 mortuis,
487 1077 547 1122 et
564 1067 672 1122 alia
695 1082 800 1137 qua
837 1067 1078 1122 ascendit
1112 1065 1164 1121 in
1186 1065 1380 1122 ccelum
1425 1075 1549 1120 ante
1593 1065 1773 1124 oculos

215 1161 594 1234 apostolorum.
617 1160 818 1216 Restat.
833 1159 1014 1224 tertia,
1035 1168 1089 1214 et
1117 1158 1232 1229 ipsa
1259 1166 1364 1212 ertt
1402 1157 1456 1212 in
1486 1165 1778 1227 conspectu

215 1257 508 1320 hominum,
527 1271 646 1310 cum
671 1255 724 1308 in
746 1252 1027 1322 majestate
1049 1254 1258 1308 venerit
1286 1261 1345 1307 ut
1370 1253 1558 1308 reddat
1582 1253 1778 1325 cuique

211 1349 496 1404 secundum
528 1361 688 1416 opera
723 1360 842 1400 sua.

279 1439 435 1492 Vens.
470 1437 559 1491 12.
596 1467 665 1477 -
697 1435 852 1490 Vobis
881 1445 1052 1490 autem
1086 1435 1470 1491 ministrabant.
1503 1435 1616 1491 Hoc
1655 1437 1777 1492 ideo

208 1527 334 1582 dicit
361 1537 418 1582 ut
459 1534 681 1581 moneat
717 1525 835 1580 illos
865 1541 1051 1580 curam
1106 1540 1296 1595 gerere
1338 1525 1526 1582 salutis
1558 1525 1772 1594 oblatae,

207 1633 361 1688 quam
392 1617 469 1672 sic
495 1624 812 1671 amaverunt
837 1613 1044 1685 priores
1063 1615 1257 1670 sancti.

273 1709 475 1778 Spiritu
515 1719 716 1763 sancto.
749 1705 961 1779 (BI-30A.)
993 1705 1227 1776 Spiritus
1255 1706 1308 1760 in
1328 1705 1635 1776 prophetis,
1664 1706 1776 1776 spi-

1881 533 2126 579 recenter
2153 524 2263 577 nati
2291 538 2387 593 per
2414 533 2661 578 naturatn
2696 523 2892 578 astatis.

1950 613 2300 668 Rationabile.
2341 613 2526 668 Estote
2567 612 2800 668 infantes
2851 627 2948 684 per
2989 611 3251 668 malitiam
3275 626 3451 668 runt)-

1879 711 2010 770 tam,
2041 702 2385 758 rationabiles
2415 712 2594 757 tamen
2631 718 2728 772 per
2763 703 3122 773 sapientiam:
3165 717 3263 757 nec
3309 702 3458 776 ratio,

1879 793 2056 863 aliqua
2078 793 2143 848 ad
2165 792 2434 850 versutias
2458 791 2638 847 saeculi
2668 807 2764 848 vos
2795 793 2993 858 trahat,
3025 792 3120 848 sed
3167 791 3285 847 sine
3325 790 3448 845 (lth

1878 884 2043 949 sitis;
2108 884 2248 939 unde
2307 901 2321 940 :
2394 883 2572 938 Estote
2630 884 2912 953 prudentes
2982 885 3117 940 sicut
3190 893 3449 952 serpentes

1879 975 2092 1044 (Matth.
2124 973 2199 1046 Χ),
2225 983 2334 1029 etc.

1948 1064 2054 1118 Lac
2079 1064 2436 1134 concupiscite.
2451 1063 2665 1135 (Βεω.)
2685 1064 2880 1134 Tangit
2899 1064 3016 1119 illos
3031 1064 3120 1134 qui
3136 1063 3200 1118 ad
3221 1063 3447 1117 audien-

1879 1153 1976 1208 das
1998 1169 2180 1208 sacras
2201 1153 2456 1208 lectiones
2481 1152 2746 1209 fastidiosi
2774 1153 3275 1225 adveniunt,ignari
3305 1152 3448 1206 illius

1878 1247 1996 1302 sitis
2022 1256 2077 1301 et
2096 1245 2316 1311 csuriei,
2351 1247 2418 1302 de
2445 1263 2550 1317 qua
2590 1247 2850 1303 Dominus
2885 1248 2962 1302 ait
2993 1265 3006 1302 :
3033 1249 3182 1302 Beati
3205 1249 3294 1318 qui
3325 1265 3442 1302 esu-

1876 1338 2016 1390 riunt
2047 1345 2093 1389 et
2132 1336 2312 1390 sitiunt
2344 1336 2608 1406 justitiam
2636 1337 2850 1409 (Matth.
2881 1337 2956 1410 v).
2982 1338 3211 1408 Ideoque
3243 1339 3450 1394 tardius

1877 1428 1943 1482 ad
1970 1427 2206 1497 perfecta
2232 1426 2420 1482 salutis
2453 1428 2784 1484 incrementa
2814 1431 3154 1500 perveniunt,
3182 1445 3288 1500 quo
3317 1447 3442 1500 pos-

1855 1517 1981 1572 .sint
2000 1516 2169 1572 solido
2190 1517 2310 1572 cibo
2323 1517 2470 1572 verbi
2494 1518 2662 1581 reﬁci,
2689 1518 2742 1572 id
2764 1528 2868 1585 est,
2890 1535 3089 1574 arcana
3117 1534 3444 1590 cognoscere

1875 1607 2076 1682 divina,
2099 1606 2182 1660 vel
2208 1608 2412 1678 majora
2439 1607 2616 1662 facere
2641 1608 2798 1664 bona.
2837 1607 2902 1664 Ut
2925 1611 2978 1664 in
2999 1627 3058 1664 eo
3080 1611 3342 1664 crescatis.
3381 1610 3451 1666 Ut

1874 1699 2038 1754 etiam
2063 1699 2199 1753 bene
2233 1698 2508 1766 discendo,
2534 1715 2632 1770 per
2677 1715 2831 1755 sacra
2880 1701 3170 1757 Dominica:
3198 1701 3447 1757 incarna-

204 1776 335 1858 ritus
381 1803 434 1856 in
484 1776 766 1871 apostolis,
817 1799 891 1853 ita
936 1776 1178 1869 apparet,
1221 1798 1362 1867 quod
1397 1798 1671 1867 propheta:
1719 1776 1847 1853 etB
1876 1789 2037 1845 tionis
2076 1789 2403 1860 perveniatis
2447 1791 2516 1846 ad
2555 1791 3061 1865 contemplationem
3101 1792 3296 1849 divina:
3328 1809 3445 1848 ma-

200 1893 425 1964 apostoli
467 1891 717 1964 eamdem
758 1888 986 1944 salutem
1031 1889 1293 1943 nuntient.
1344 1887 1422 1942 llli
1468 1896 1772 1953 venturam,
1867 1885 2102 1958 jestatis.

202 1956 286 2038 isti
333 1956 670 2054 impletam.‘
697 1980 812 2035 Una
875 1978 1056 2047 itaque
1110 1977 1374 2042 Ecclesia,
1429 1977 1588 2048 cujus
1648 1993 1776 2048 pars

198 2073 474 2146 praecessit
501 2073 788 2126 adventum
807 2068 1031 2133 Christi,
1059 2083 1186 2138 pars
1213 2068 1476 2137 sequitur.

268 2166 430 2221 Vens.
468 2162 558 2216 15.
594 2191 662 2203 -—
692 2157 912 2231 Propter
928 2159 1086 2229 quod.
1103 2158 1237 2225 Quia
1260 2167 1406 2213 tanta
1433 2159 1603 2230 gratia
1623 2160 1774 2216 vobis

195 2266 277 2312 cst
306 2255 598 2326 promissa,
628 2260 680 2306 ut
707 2250 949 2307 rcvelate
994 2250 1222 2305 videatis
1270 2250 1414 2304 illam
1445 2266 1603 2320 quam
1631 2268 1774 2307 nunc

194 2351 377 2404 vident
422 2346 621 2415 angeli,
648 2353 797 2399 tanto
819 2333 1062 2412 ~amplius
1109 2343 1252 2411 digni
1297 2359 1418 2398 esse
1467 2353 1674 2410 curate,
1716 2353 1775 2399 ut

193 2459 312 2499 eam
339 2441 625 2513 percipere
653 2437 901 2492 valeatis.
937 2435 1174 2504 Sperate.
1230 2432 1420 2488 Securi
1466 2443 1774 2504 exspectate

191 2545 394 2599 tuente,
419 2543 474 2589 et
503 2545 728 2602 corpore
757 2529 911 2593 casti.
941 2526 1076 2582 Nam
1103 2525 1195 2596 qui
1230 2526 1451 2581 Domino
1481 2541 1538 2580 se
1559 2525 1774 2596 placere

191 2642 298 2681 non
329 2625 502 2688 novit,
533 2623 727 2678 merito
779 2635 873 2690 spe
921 2618 1186 2674 bonorum
1239 2631 1450 2683 carens,
1498 2632 1566 2673 ne
1615 2616 1774 2673 ClllllS

186 2718 469 2781 adveniat,
507 2715 717 2771 metuit.

259 2809 430 2863 Vens.
472 2806 552 2860 ιιι.
580 2837 650 2846 -
681 2802 831 2858 Filii.
866 2803 935 2858 Et
969 2817 1160 2858 secure
1187 2801 1406 2874 possitis
1437 2809 1772 2872 exspectare,

181 2899 306 2956 sitis
341 2898 443 2952 ﬁlii
475 2897 786 2952 obedientes
807 2895 950 2948 Patri
981 2893 1316 2964 corripienti.

256 2992 431 3046 Vens.
468 2988 554 3042 15.
606 3018 677 3027 -ο
733 2987 1004 3041 Sanctum.
1057 2987 1110 3040 ω
1164 2995 1249 3041 est
1285 2984 1683 3040 sanctiﬁcatum
1723 2993 1778 3040 ct

177 3080 630 3135 sanetilicantem
676 3092 770 3131 vos
817 3076 958 3130 utin
1008 3076 1153 3130 omni
1199 3077 1613 3130 conversatione
1658 3077 1776 3132 sitis

179 3171 364 3227 sancti
400 3187 414 3223 :
453 3169 631 3223 unde:
668 3167 844 3220 Estote
863 3178 908 3220 et
943 3183 1027 3220 vos
1051 3166 1284 3236 perfecti,
1309 3175 1414 3220 etc.

261 3261 436 3316 Vens.
476 3261 560 3314 17.
593 3289 663 3299 -
704 3257 772 3312 In
820 3259 1026 3322 timore,
1078 3268 1183 3313 etc.
1232 3257 1436 3328 (illam)
1488 3259 1600 3327 Ego
1640 3272 1777 3312 cun-

179 3357 287 3412 ctis
339 3363 694 3424 peccatorum
751 3351 1000 3405 sordibus
1071 3349 1404 3420 inquinatus,
1464 3351 1653 3404 diebus
1715 3365 1782 3404 ac

181 3449 452 3505 noctibus
473 3447 690 3516 operior
720 3460 841 3500 cum
881 3453 1117 3498 tremore
1161 3443 1386 3497 reddere
1428 3442 1780 3496 novissimum

181 3545 582 3614 quadrantem.
615 3539 680 3593 Et
713 3547 923 3607 tempus
972 3551 1080 3607 quo
1125 3535 1256 3590 mihi
1309 3535 1538 3594 dicatur.
1595 3534 1784 3590 lliero-

181 3650 373 3706 nymc,
423 3631 546 3684 veni
579 3630 742 3684 foras.

257 3723 546 3780 Incolatus
599 3722 770 3776 vestri.
805 3719 875 3774 Ut
906 3718 1130 3790 possitis
1175 3731 1295 3773 esse
1338 3718 1532 3782 sancti,
1592 3717 1785 3772 habete

183 3815 668 3874 conversationem
709 3821 946 3866 vestram
979 3811 1032 3865 iu
1077 3811 1291 3877 timore,
1342 3819 1584 3881 tempore
1616 3811 1782 3866 vestri

183 3909 470 3963 lllCOi'JlllS
498 3903 732 3974 quandiu
764 3903 816 3956 in
846 3901 1001 3970 hujus
1029 3897 1216 3955 mundi
1241 3901 1430 3955 exsilio
1455 3901 1606 3955 estis.
1648 3899 1785 3954 Bea-

183 4011 268 4054 tus
303 3999 455 4053 enim
487 3996 577 4068 qui
609 4009 812 4063 semper
847 4002 923 4046 est
963 3993 1216 4061 pavidus,
1246 3991 1348 4045 hoc
1376 3991 1498 4046 dico
1534 3992 1579 4044 si
1615 3990 1786 4045 Deum

181 4090 496 4153 invocatis,
527 4086 684 4156 quasi
717 4086 896 4139 dicat:
950 4082 1066 4138 Non
1109 4098 1236 4139 vere
1286 4083 1454 4138 Deum
1498 4084 1784 4149 invocatis,

178 4184 285 4238 uisi
317 4180 554 4238 solliciti
586 4187 640 4234 et
663 4177 835 4232 timidi
859 4177 997 4233 sitis.

135 4258 141 4266 ’
247 4275 428 4330 Vens.
475 4273 652 4328 l9.—
683 4268 786 4324 Sed
812 4269 1038 4340 pretioso
1083 4269 1364 4340 sanguine.
1412 4269 1557 4326 Ordo
1590 4270 1784 4328 littera:

175 4377 297 4424 est:
347 4365 456 4422 sed
513 4363 746 4434 pretioso
783 4363 1044 4432 sanguine
1080 4361 1302 4428 Christi,
1332 4364 1485 4433 quasi
1531 4365 1651 4435 agni
1699 4366 1786 4420 in-

1944 1978 2108 2036 Vnns.
2149 1979 2204 2035 5.
2245 2010 2314 2020 -—-
2352 1979 2415 2036 Si
2443 1990 2616 2035 tamen
2640 1981 2910 2051 gustastis.
2954 1980 3077 2052 (ιο.)
3127 1979 3242 2035 Hoc
3286 1987 3444 2050 pacto

1871 2079 2098 2142 purgata
2150 2071 2330 2125 cordis
2373 2069 2596 2136 malitia,
2626 2071 2846 2125 vitalem
2891 2069 3093 2126 Christi
3131 2070 3445 2126 alimoniam

1872 2161 2260 2231 concupiscite,
2301 2159 2365 2222 si,
2399 2169 2600 2230 quanta
2631 2162 2700 2215 sit
2722 2161 2904 2216 divina
2943 2161 3190 2228 dulcedo,
3231 2161 3446 2232 sapitis.

1871 2249 2006 2304 Nam
2025 2251 2116 2320 qui
2143 2249 2277 2304 nihil
2307 2249 2372 2304 de
2399 2248 2514 2317 ejus
2541 2250 2819 2305 dulcedine
2851 2259 3049 2322 gustat,
3080 2268 3185 2308 non
3217 2260 3304 2307 est
3340 2250 3447 2306 mi-

1873 2355 1992 2394 rum
2037 2339 2083 2395 si
2122 2340 2265 2394 hunc
2298 2341 2644 2396 terrestribus
2691 2341 2975 2398 desideriis
3017 2341 3295 2398 sordidare
3334 2355 3446 2397 non

1873 2431 2058 2486 evitat.

1944 2534 2106 2590 Vens.
2131 2533 2186 2588 5.
2209 2564 2282 2576 -
2315 2534 2586 2606 Tanquam
2626 2534 2825 2605 lapides
2855 2534 2972 2588 viri.
3018 2534 3123 2590 Per
3163 2533 3450 2590 inﬁdeliu-

1877 2634 1982 2680 tem
2007 2627 2224 2696 quidem
2252 2626 2370 2681 duri
2415 2635 2470 2680 et
2499 2626 2860 2691 insensibiles,
2909 2627 3002 2681 sed
3043 2642 3140 2698 per
3164 2627 3448 2683 discretio-

1874 2729 2000 2770 nem
2026 2715 2221 2770 eruditi
2243 2715 2585 2770 viviﬁcantur
2603 2725 2659 2769 et
2687 2715 2799 2785 apti
2820 2724 2968 2782 sunt,
2993 2725 3054 2771 ut
3075 2717 3130 2772 in
3162 2716 3258 2772 Dei
3283 2717 3453 2772 aediﬁ-

1875 2805 1959 2860 cio
1982 2807 2087 2861 cha
2097 2807 2254 2861 ritate
2267 2807 2704 2878 compingantur.

1945 2895 2333 2966 /Ediﬁcamini.
2369 2898 2451 2951 Ad
2476 2897 2807 2952 oli'crendum
2836 2899 2974 2953 bona
2998 2913 3184 2970 opera,
3216 2898 3451 2955 cleemo-

1879 3005 2061 3062 synas,
2083 3005 2271 3060 preces
2295 3000 2350 3068 et
2374 3006 2471 3046 vos
2493 2990 2658 3060 ipsos.
2695 2988 2800 3044 Per
2821 2990 3004 3047 Jesum
3028 2992 3312 3047 Christum.
3339 2991 3455 3049 lloe

1879 3082 1945 3135 ad
1995 3083 2176 3136 omnia
2231 3081 2486 3148 refertur,
2531 3084 2891 3148 tediﬁcamini,
2944 3071 3265 3140 sacerdotes
3298 3086 3454 3151 estis,

1879 3171 2186 3236 oll‘ertis,ct
2219 3175 2320 3227 hoc
2371 3181 2562 3237 totum,
2609 3189 2704 3244 per
2735 3178 2918 3230 Jesum
2961 3175 3256 3244 Christum,
3303 3176 3459 3247 cujus

1882 3265 2052 3337 gratia
2075 3266 2252 3319 omnia
2273 3265 2501 3321 habetis.

1955 3362 2116 3420 Vens.
2149 3363 2201 3419 6.
2231 3394 2303 3404 -
2351 3362 2576 3434 Propter
2617 3364 2757 3435 quod
2809 3363 3259 3431 conﬁrmandum,
3314 3365 3462 3435 quod

1883 3456 2144 3512 Dominus
2171 3463 2391 3527 propter
2428 3456 2738 3510 ﬁrmitatem
2779 3471 2931 3512 suam
2957 3457 3081 3527 jure
3106 3457 3179 3512 sit
3205 3456 3341 3528 lapis
3364 3471 3462 3514 vo-

1883 3555 2054 3610 catus,
2079 3556 2182 3601 etc.

1957 3638 2116 3695 Vens.
2151 3641 2202 3696 7.
2227 3669 2296 3680 -—
2333 3638 2488 3694 Vobis
2519 3640 2680 3709 igitur
2705 3639 3030 3695 credentibus
3055 3651 3130 3695 est
3165 3641 3333 3695 honor
3351 3657 3460 3697 non

1883 3730 2231 3794 credentibus,
2277 3739 2408 3795 etc.,
2462 3746 2616 3801 quem
2668 3731 3067 3801 reprobarerunt
3115 3732 3464 3802 trdiﬁcantu.

1885 3820 1963 3875 Ita
1997 3824 2312 3890 reprobatus
2333 3821 2400 3876 ab
2420 3821 2536 3876 istis
2562 3821 2701 3876 sicut
2725 3821 2792 3876 ab
2820 3821 2949 3886 illis,
2976 3832 3032 3877 et
3064 3823 3153 3876 ille
3181 3822 3315 3894 lapis
3348 3823 3461 3889 hic,

1886 3911 1940 3967 id
1987 3920 2070 3967 est
2115 3912 2494 3978 credentibus,
2541 3922 2614 3966 est
2652 3913 2823 3982 [actus
2872 3913 2925 3966 in
2963 3925 3116 3984 caput
3163 3914 3365 3984 anguli,
3409 3925 3466 3970 et

1887 4002 2194 4059 inﬁdelibus
2220 4002 2399 4058 factus
2425 4011 2510 4058 est
2535 4002 2667 4073 lupis
2697 4005 3000 4073 offensionis
3039 4014 3086 4060 et
3124 4017 3272 4075 petra
3309 4022 3470 4061 scan-

1886 4095 2018 4151 dali.

1959 4190 2118 4245 Vens.
2149 4190 2202 4246 8.
2233 4221 2300 4231 —
2329 4189 2395 4244 Et
2421 4190 2554 4261 lapis
2588 4189 2908 4261 offensionis.
2947 4189 3080 4245 Cum
3107 4188 3360 4246 Christus
3395 4191 3468 4246 sit

1887 4279 2023 4351 lapis
2040 4282 2091 4336 in
2121 4298 2226 4352 quo
2243 4291 2613 4338 sustententur
2633 4290 2687 4336 et
2705 4285 2800 4336 tuti
2818 4281 3260 4351 qnicscantboni,
3285 4281 3465 4336 incre-

1888 4374 2029 4430 dulis
2057 4375 2160 4430 erit
2187 4391 2348 4430 causa
2373 4375 2687 4430 olfensionis
2717 4376 2770 4429 in
2817 4376 3068 4445 praesenti
3097 4393 3205 4432 non
3235 4378 3470 4432 creden-

174 4456 557 4516 COIItaminali
587 4463 643 4510 et
692 4453 1040 4508 immaculati.
1083 4453 1181 4509 Hic
1220 4457 1391 4526 tangit
1445 4456 1690 4514 leviticas
1727 4467 1784 4515 et
1811 4486 1862 4546 Β
1889 4466 2032 4522 tibus
2091 4467 2146 4522 in
2189 4483 2313 4522 eum
2368 4475 2424 4522 ct,
2465 4467 2585 4522 ideo
2626 4469 2880 4522 cadentes
2939 4477 3066 4522 sum,
3105 4469 3174 4522 de
3221 4469 3355 4525 vitio
3408 4469 3464 4524 in

177 4547 570 4608 sat-erdotales
596 4545 1005 4601 celebrationes.
1040 4544 1322 4615 Signiﬁcat
1344 4555 1523 4603 autem
1553 4548 1787 4603 animam

177 4644 463 4701 mundam
490 4655 588 4712 per
606 4638 876 4712 justitiam
905 4653 1024 4708 quae
1049 4635 1275 4694 oﬂ‘ertur
1309 4639 1444 4694 Deo.

803 4775 1030 4833 CAPUT
1078 4773 1144 4831 li.

157 4916 165 4921 ’
254 4915 440 4972 Vens.
478 4909 531 4964 1.
584 4939 654 4952 --
688 4907 1011 4978 Deponentes
1065 4907 1228 4978 igitur
1271 4925 1474 4963 omnem
1509 4909 1783 4966 malitiam.

177 5006 330 5075 Quid
359 5012 455 5060 est
481 5000 719 5056 malitia?
740 4999 842 5054 nisi
870 4999 1095 5054 nocendi
1109 5000 1303 5053 amor?
1317 5001 1456 5067 Quid
1476 5001 1666 5057 dolus?
1685 5003 1790 5058 nisi

181 5097 344 5152 aliud
390 5105 582 5163 agere,
638 5089 784 5144 aliud
840 5089 1131 5144 simulare?
1181 5089 1319 5158 Quid
1362 5090 1639 5146 adulatio?
1688 5093 1796 5151 nisi

185 5185 384 5240 fallaci
419 5181 602 5244 laude,
648 5179 932 5235 seductio?
983 5177 1119 5245 Quid
1169 5179 1408 5234 invidia?
1450 5181 1554 5236 nisi
1609 5183 1792 5242 odium

185 5274 497 5334 fclicitatis
533 5271 758 5326 alienae?
801 5270 941 5338 Quid
981 5269 1288 5325 detractio?
1335 5270 1439 5326 nisi
1494 5273 1798 5331 mordacior

187 5383 373 5442 quam
405 5363 655 5420 veracior
692 5361 1076 5432 reprehensio?
1098 5361 1301 5416 Malitia
1321 5361 1466 5418 malo
1497 5363 1798 5423 delectatur

187 5463 418 5519 alieno.
472 5455 635 5511 Dolus
679 5455 918 5525 duplicat
961 5469 1075 5511 cor.
1119 5454 1372 5512 Adulatio
1408 5455 1662 5526 linguam.
1693 5460 1795 5515 De-

189 5553 416 5610 tractio
442 5547 692 5602 vulnerat
715 5543 938 5601 famam.

268 5657 462 5711 Vens.
504 5652 560 5706 2.
597 5679 670 5692 —-
697 5649 844 5705 Sicut
876 5649 1030 5704 modo
1061 5651 1240 5720 geniti.
1275 5649 1506 5724 (ΒευΑ.)
1543 5651 1678 5719 Quia
1719 5654 1799 5710 sic

190 5745 394 5806 renati
425 5735 662 5808 estis,'ct
687 5741 778 5796 ﬁlii
815 5741 1002 5796 aeterni
1028 5742 1175 5811 facti,
1212 5744 1346 5801 talcs
1372 5752 1543 5802 estote
1572 5760 1668 5816 per
1688 5755 1802 5803 stu-

544 5837 816 5898 l’sra0t..
863 5833 1085 5897 CXlV.

1894 4559 2107 4614 vitium.
2181 4559 2278 4614 Est
2339 4560 2392 4614 in
2451 4560 2629 4615 futuro
2684 4570 2837 4630 petra
2884 4559 3162 4626 scandali,
3221 4561 3346 4630 quia
3397 4561 3466 4616 ad

1892 4651 2045 4707 illum
2093 4650 2323 4720 lapidem
2368 4650 2642 4707 Christum
2693 4664 2850 4721 quem
2895 4661 3150 4720 tanquam
3207 4651 3465 4708 humilem

1893 4741 2366 4807 conculcaverunt,
2397 4741 2714 4796 collidentur
2761 4758 2978 4812 gressus
3017 4758 3226 4808 eorum,
3273 4754 3331 4797 et
3377 4759 3470 4798 ca-

1895 4832 2022 4888 dent
2046 4832 2100 4886 in
2136 4831 2309 4902 ignem
2338 4843 2600 4886 aeternum
2637 4832 2728 4900 qui
2778 4840 2999 4902 paratus
3045 4840 3129 4886 est
3175 4831 3388 4888 diabolo
3413 4842 3469 4889 et

1896 4923 2106 4994 angelis
2131 4922 2266 4990 ejus.
2295 4920 2578 4992 0/7'cndunt
2616 4925 2783 4976 verba.
2830 4921 3062 4977 Oﬂ‘endit
3092 4924 3258 4977 verbo
3280 4923 3373 4995 qui
3404 4941 3472 4982 eo

1898 5016 2040 5085 quod
2061 5017 2283 5070 verbum
2310 5015 2547 5078 audivit;
2578 5013 2801 5069 offendit
2825 5015 3027 5080 animo,
3047 5015 3171 5070 dum
3203 5018 3348 5086 quod
3371 5033 3471 5072 au-

1901 5109 2052 5172 divit,
2079 5123 2184 5162 non
2231 5107 2424 5170 credit,
2474 5105 2625 5174 cujus
2662 5107 2942 5173 stultittam
2996 5118 3308 5180 exaggerat.
3361 5109 3482 5164 Nec
3511 5119 3524 5136 '

1901 5199 2115 5254 credunt
2142 5200 2195 5252 in
2217 5217 2318 5269 quo
2348 5199 2501 5268 positi
2524 5209 2643 5251 sunt
2669 5211 2687 5248 :
2718 5214 2813 5266 per
2843 5209 3089 5254 naturam
3119 5201 3186 5255 ad
3214 5203 3314 5256 hoc
3344 5211 3474 5258 sunt

1899 5290 2030 5346 facti
2057 5291 2338 5356 homines,
2365 5299 2424 5345 ut
2451 5290 2675 5344 credant
2697 5292 2806 5346 Deo
2839 5300 2894 5348 et
2931 5293 3195 5348 voluntati
3227 5292 3345 5362 ejus
3379 5293 3476 5348 ob-

1901 5391 2222 5453 temperent.

1973 5471 2133 5528 Vens.
2162 5473 2214 5528 9.
2257 5502 2311 5511 —
2355 5470 2454 5526 Vos
2479 5482 2650 5527 autent
2691 5491 2852 5544 genus
2898 5473 3138 5530 clec.‘um.
3171 5475 3286 5531 Hoc
3327 5475 3476 5530 testi-

1903 5563 2141 5620 monium
2165 5563 2338 5619 laudis
2363 5565 2631 5634 quondam
2656 5567 2880 5638 antiquo
2909 5568 3103 5638 populo
3128 5584 3224 5638 per
3259 5568 3477 5638 Moysen

1905 5654 2088 5709 datum
2119 5653 2380 5709 Gentibus
2404 5654 2493 5709 dat
2518 5654 2826 5724 Apostolus,
2855 5656 2944 5727 qui
2975 5657 3028 5711 in
3055 5655 3326 5712 Christum
3358 5673 3482 5713 cre-

1909 5745 2075 5804 dunt:
2107 5745 2195 5818 qui
2227 5746 2388 5803 veluti
2412 5747 2548 5819 lapis
2575 5749 2846 5820 angularis
2879 5748 2931 5802 in
2958 5762 3080 5803 eam
3114 5763 3275 5819 quam
3320 5751 3374 5806 in
3417 5765 3482 5808 sa

2928 5837 3009 5899 2'2
