  <div class='ocr_page' id='page_1' title='image "/cluster/home/n/w/nwhite01/storage/ocr_20150623/114/hvd.32044018909580/349.png"; bbox 0 0 3948 6314; ppageno 0'>
   <div class='ocr_carea' id='block_1_1' title="bbox 480 346 586 405">
    <p class='ocr_par' dir='ltr' id='par_1_1' title="bbox 480 346 586 405">
     <span class='ocr_line' id='line_1_1' title="bbox 480 346 586 405; baseline 0.009 -3"><span class='ocrx_word' id='word_1_1' title='bbox 480 346 586 405; x_wconf 75' lang='grc'><strong>683</strong></span> 
     </span>
    </p>
   </div>
   <div class='ocr_carea' id='block_1_2' title="bbox 978 333 3187 398">
    <p class='ocr_par' dir='ltr' id='par_1_2' title="bbox 978 333 3187 398">
     <span class='ocr_line' id='line_1_2' title="bbox 978 333 3187 398; baseline -0.001 0"><span class='ocrx_word' id='word_1_2' title='bbox 978 339 1370 398; x_wconf 80' lang='lat' dir='ltr'><strong>WALAFRIDI</strong></span> <span class='ocrx_word' id='word_1_3' title='bbox 1405 338 1651 398; x_wconf 66' lang='lat' dir='ltr'><strong>STRABI</strong></span> <span class='ocrx_word' id='word_1_4' title='bbox 1684 337 1890 395; x_wconf 63' lang='grc' dir='ltr'><strong>ΗΑΛ).</strong></span> <span class='ocrx_word' id='word_1_5' title='bbox 1928 334 2092 393; x_wconf 70' lang='lat' dir='ltr'><strong>NON.</strong></span> <span class='ocrx_word' id='word_1_6' title='bbox 2131 333 2284 391; x_wconf 85' lang='lat' dir='ltr'><strong>OPP.</strong></span> <span class='ocrx_word' id='word_1_7' title='bbox 2325 336 2504 395; x_wconf 78' lang='lat' dir='ltr'><strong>PARS</strong></span> <span class='ocrx_word' id='word_1_8' title='bbox 2538 337 2579 392; x_wconf 92' lang='lat' dir='ltr'><strong>I.</strong></span> <span class='ocrx_word' id='word_1_9' title='bbox 2619 369 2690 380; x_wconf 89' lang='lat'><strong>—-—</strong></span> <span class='ocrx_word' id='word_1_10' title='bbox 2730 336 3187 396; x_wconf 78' lang='lat' dir='ltr'><strong>TIIEOLOGICA.</strong></span> 
     </span>
    </p>
   </div>
   <div class='ocr_carea' id='block_1_3' title="bbox 3641 344 3743 399">
    <p class='ocr_par' dir='ltr' id='par_1_3' title="bbox 3641 344 3743 399">
     <span class='ocr_line' id='line_1_3' title="bbox 3641 344 3743 399; baseline 0 0"><span class='ocrx_word' id='word_1_11' title='bbox 3641 344 3743 399; x_wconf 73' lang='grc'><strong>681</strong></span> 
     </span>
    </p>
   </div>
   <div class='ocr_carea' id='block_1_4' title="bbox 481 445 3743 523">
    <p class='ocr_par' dir='ltr' id='par_1_4' title="bbox 481 445 3743 523">
     <span class='ocr_line' id='line_1_4' title="bbox 481 445 3743 523; baseline 0 -12"><span class='ocrx_word' id='word_1_12' title='bbox 481 455 647 513; x_wconf 82' lang='lat' dir='ltr'><strong>Israel</strong></span> <span class='ocrx_word' id='word_1_13' title='bbox 691 453 918 513; x_wconf 75' lang='lat' dir='ltr'><strong>salutem</strong></span> <span class='ocrx_word' id='word_1_14' title='bbox 969 453 1256 516; x_wconf 92' lang='lat' dir='ltr'><strong>habuerat,</strong></span> <span class='ocrx_word' id='word_1_15' title='bbox 1296 461 1484 522; x_wconf 86' lang='lat' dir='ltr'><strong>gentes</strong></span> <span class='ocrx_word' id='word_1_16' title='bbox 1530 451 1803 506; x_wconf 81' lang='lat' dir='ltr'><strong>adunavit.</strong></span> <span class='ocrx_word' id='word_1_17' title='bbox 1870 446 2062 518; x_wconf 78' lang='lat' dir='ltr'><strong>Regale</strong></span> <span class='ocrx_word' id='word_1_18' title='bbox 2089 451 2134 508; x_wconf 74' lang='grc' dir='ltr'><strong>Α</strong></span> <span class='ocrx_word' id='word_1_19' title='bbox 2165 445 2353 515; x_wconf 67' lang='lat' dir='ltr'><strong>bentes</strong></span> <span class='ocrx_word' id='word_1_20' title='bbox 2379 447 2682 505; x_wconf 85' lang='lat' dir='ltr'><strong>libertatem</strong></span> <span class='ocrx_word' id='word_1_21' title='bbox 2712 458 2945 504; x_wconf 83' lang='lat' dir='ltr'><strong>vestram</strong></span> <span class='ocrx_word' id='word_1_22' title='bbox 2984 453 3038 506; x_wconf 90' lang='lat' dir='ltr'><strong>in</strong></span> <span class='ocrx_word' id='word_1_23' title='bbox 3073 453 3317 507; x_wconf 84' lang='lat' dir='ltr'><strong>velamen</strong></span> <span class='ocrx_word' id='word_1_24' title='bbox 3344 455 3584 522; x_wconf 52' lang='lat' dir='ltr'><strong>malitiae,</strong></span> <span class='ocrx_word' id='word_1_25' title='bbox 3613 467 3743 523; x_wconf 71' lang='lat' dir='ltr'><strong>etc,</strong></span> 
     </span>
    </p>
   </div>
   <div class='ocr_carea' id='block_1_5' title="bbox 483 539 2062 611">
    <p class='ocr_par' dir='ltr' id='par_1_5' title="bbox 483 539 2062 611">
     <span class='ocr_line' id='line_1_5' title="bbox 483 539 2062 611; baseline -0.006 -9"><span class='ocrx_word' id='word_1_26' title='bbox 483 546 853 603; x_wconf 65' lang='lat' dir='ltr'><strong>sacerdotium.</strong></span> <span class='ocrx_word' id='word_1_27' title='bbox 896 542 1103 599; x_wconf 84' lang='lat' dir='ltr'><strong>Summi</strong></span> <span class='ocrx_word' id='word_1_28' title='bbox 1150 542 1459 596; x_wconf 77' lang='lat' dir='ltr'><strong>sacerdotis</strong></span> <span class='ocrx_word' id='word_1_29' title='bbox 1500 542 1713 611; x_wconf 87' lang='lat' dir='ltr'><strong>corpori</strong></span> <span class='ocrx_word' id='word_1_30' title='bbox 1764 541 1926 604; x_wconf 83' lang='lat' dir='ltr'><strong>uniti,</strong></span> <span class='ocrx_word' id='word_1_31' title='bbox 1968 539 2062 608; x_wconf 91' lang='lat' dir='ltr'><strong>qui</strong></span> 
     </span>
    </p>
   </div>
   <div class='ocr_carea' id='block_1_6' title="bbox 482 632 2064 710">
    <p class='ocr_par' dir='ltr' id='par_1_6' title="bbox 482 632 2064 710">
     <span class='ocr_line' id='line_1_6' title="bbox 482 632 2064 710; baseline -0.003 -18"><span class='ocrx_word' id='word_1_32' title='bbox 482 652 705 710; x_wconf 82' lang='lat' dir='ltr'><strong>regnum</strong></span> <span class='ocrx_word' id='word_1_33' title='bbox 736 651 975 708; x_wconf 88' lang='lat' dir='ltr'><strong>sperare,</strong></span> <span class='ocrx_word' id='word_1_34' title='bbox 1004 643 1058 690; x_wconf 93' lang='lat' dir='ltr'><strong>et</strong></span> <span class='ocrx_word' id='word_1_35' title='bbox 1081 635 1285 690; x_wconf 87' lang='lat' dir='ltr'><strong>hostias</strong></span> <span class='ocrx_word' id='word_1_36' title='bbox 1310 634 1668 689; x_wconf 60' lang='lat' dir='ltr'><strong>immaculata:</strong></span> <span class='ocrx_word' id='word_1_37' title='bbox 1699 632 2064 689; x_wconf 88' lang='lat' dir='ltr'><strong>conversatio-</strong></span> 
     </span>
    </p>
   </div>
   <div class='ocr_carea' id='block_1_7' title="bbox 483 726 2066 797">
    <p class='ocr_par' dir='ltr' id='par_1_7' title="bbox 483 726 2066 797">
     <span class='ocr_line' id='line_1_7' title="bbox 483 726 2066 797; baseline -0.003 -12"><span class='ocrx_word' id='word_1_38' title='bbox 483 731 569 786; x_wconf 76' lang='lat' dir='ltr'><strong>nis</strong></span> <span class='ocrx_word' id='word_1_39' title='bbox 606 729 717 785; x_wconf 90' lang='lat' dir='ltr'><strong>Deo</strong></span> <span class='ocrx_word' id='word_1_40' title='bbox 740 728 934 784; x_wconf 90' lang='lat' dir='ltr'><strong>offerre</strong></span> <span class='ocrx_word' id='word_1_41' title='bbox 980 728 1265 783; x_wconf 82' lang='lat' dir='ltr'><strong>debebant.</strong></span> <span class='ocrx_word' id='word_1_42' title='bbox 1290 726 1693 797; x_wconf 48' lang='lat' dir='ltr'><strong>‘Acquisitionis,</strong></span> <span class='ocrx_word' id='word_1_43' title='bbox 1724 728 1779 780; x_wconf 91' lang='lat' dir='ltr'><strong>in</strong></span> <span class='ocrx_word' id='word_1_44' title='bbox 1805 727 2066 797; x_wconf 75' lang='lat' dir='ltr'><strong>sanguine</strong></span> 
     </span>
    </p>
   </div>
   <div class='ocr_carea' id='block_1_8' title="bbox 481 818 2061 893">
    <p class='ocr_par' dir='ltr' id='par_1_8' title="bbox 481 818 2061 893">
     <span class='ocr_line' id='line_1_8' title="bbox 481 818 2061 893; baseline -0.004 -15"><span class='ocrx_word' id='word_1_45' title='bbox 481 820 870 893; x_wconf 71' lang='lat' dir='ltr'><strong>redemptionis</strong></span> <span class='ocrx_word' id='word_1_46' title='bbox 894 820 1012 891; x_wconf 84' lang='lat' dir='ltr'><strong>ejus</strong></span> <span class='ocrx_word' id='word_1_47' title='bbox 1040 820 1181 875; x_wconf 84' lang='lat' dir='ltr'><strong>sicut</strong></span> <span class='ocrx_word' id='word_1_48' title='bbox 1200 828 1318 873; x_wconf 89' lang='lat' dir='ltr'><strong>erat</strong></span> <span class='ocrx_word' id='word_1_49' title='bbox 1340 820 1610 889; x_wconf 89' lang='lat' dir='ltr'><strong>quondam</strong></span> <span class='ocrx_word' id='word_1_50' title='bbox 1639 818 1869 888; x_wconf 88' lang='lat' dir='ltr'><strong>populus</strong></span> <span class='ocrx_word' id='word_1_51' title='bbox 1899 818 2061 873; x_wconf 85' lang='lat' dir='ltr'><strong>Israel</strong></span> 
     </span>
    </p>
   </div>
   <div class='ocr_carea' id='block_1_9' title="bbox 489 907 2065 980">
    <p class='ocr_par' dir='ltr' id='par_1_9' title="bbox 489 907 2065 980">
     <span class='ocr_line' id='line_1_9' title="bbox 489 907 2065 980; baseline -0.001 -15"><span class='ocrx_word' id='word_1_52' title='bbox 489 910 798 980; x_wconf 86' lang='lat' dir='ltr'><strong>redemptus</strong></span> <span class='ocrx_word' id='word_1_53' title='bbox 827 910 1089 979; x_wconf 81' lang='lat' dir='ltr'><strong>sanguine</strong></span> <span class='ocrx_word' id='word_1_54' title='bbox 1111 909 1231 980; x_wconf 89' lang='lat' dir='ltr'><strong>agni</strong></span> <span class='ocrx_word' id='word_1_55' title='bbox 1259 909 1324 963; x_wconf 91' lang='lat' dir='ltr'><strong>de</strong></span> <span class='ocrx_word' id='word_1_56' title='bbox 1352 907 1606 979; x_wconf 70' lang='lat' dir='ltr'><strong>Aigypto.</strong></span> <span class='ocrx_word' id='word_1_57' title='bbox 1639 909 1786 963; x_wconf 82' lang='lat' dir='ltr'><strong>Unde</strong></span> <span class='ocrx_word' id='word_1_58' title='bbox 1810 917 1863 963; x_wconf 86' lang='lat' dir='ltr'><strong>et</strong></span> <span class='ocrx_word' id='word_1_59' title='bbox 1898 909 1951 963; x_wconf 90' lang='lat' dir='ltr'><strong>in</strong></span> <span class='ocrx_word' id='word_1_60' title='bbox 1981 924 2065 963; x_wconf 88' lang='lat' dir='ltr'><strong>se-</strong></span> 
     </span>
    </p>
   </div>
   <div class='ocr_carea' id='block_1_10' title="bbox 479 1001 2065 1074">
    <p class='ocr_par' dir='ltr' id='par_1_10' title="bbox 479 1001 2065 1074">
     <span class='ocr_line' id='line_1_10' title="bbox 479 1001 2065 1074; baseline 0 -17"><span class='ocrx_word' id='word_1_61' title='bbox 479 1001 668 1074; x_wconf 87' lang='lat' dir='ltr'><strong>quenti</strong></span> <span class='ocrx_word' id='word_1_62' title='bbox 701 1015 858 1057; x_wconf 91' lang='lat' dir='ltr'><strong>versu</strong></span> <span class='ocrx_word' id='word_1_63' title='bbox 886 1003 1115 1074; x_wconf 82' lang='lat' dir='ltr'><strong>mystice</strong></span> <span class='ocrx_word' id='word_1_64' title='bbox 1138 1003 1454 1057; x_wconf 79' lang='lat' dir='ltr'><strong>recordatur</strong></span> <span class='ocrx_word' id='word_1_65' title='bbox 1482 1002 1683 1057; x_wconf 79' lang='lat' dir='ltr'><strong>veteris</strong></span> <span class='ocrx_word' id='word_1_66' title='bbox 1711 1003 1979 1069; x_wconf 73' lang='lat' dir='ltr'><strong>historiae,</strong></span> <span class='ocrx_word' id='word_1_67' title='bbox 2008 1010 2065 1057; x_wconf 89' lang='lat' dir='ltr'><strong>et</strong></span> 
     </span>
    </p>
   </div>
   <div class='ocr_carea' id='block_1_11' title="bbox 483 1093 1951 1164">
    <p class='ocr_par' dir='ltr' id='par_1_11' title="bbox 483 1093 1951 1164">
     <span class='ocr_line' id='line_1_11' title="bbox 483 1093 1951 1164; baseline 0 -16"><span class='ocrx_word' id='word_1_68' title='bbox 483 1095 625 1149; x_wconf 85' lang='lat' dir='ltr'><strong>hanc</strong></span> <span class='ocrx_word' id='word_1_69' title='bbox 647 1093 955 1164; x_wconf 77' lang='lat' dir='ltr'><strong>specialiter</strong></span> <span class='ocrx_word' id='word_1_70' title='bbox 994 1094 1048 1148; x_wconf 92' lang='lat' dir='ltr'><strong>in</strong></span> <span class='ocrx_word' id='word_1_71' title='bbox 1087 1109 1192 1149; x_wconf 90' lang='lat' dir='ltr'><strong>uno</strong></span> <span class='ocrx_word' id='word_1_72' title='bbox 1228 1094 1423 1164; x_wconf 84' lang='lat' dir='ltr'><strong>pepulo</strong></span> <span class='ocrx_word' id='word_1_73' title='bbox 1461 1093 1741 1163; x_wconf 87' lang='lat' dir='ltr'><strong>impletam</strong></span> <span class='ocrx_word' id='word_1_74' title='bbox 1773 1094 1951 1150; x_wconf 87' lang='lat' dir='ltr'><strong>docet.</strong></span> 
     </span>
    </p>
   </div>
   <div class='ocr_carea' id='block_1_12' title="bbox 554 1185 2059 1257">
    <p class='ocr_par' dir='ltr' id='par_1_12' title="bbox 554 1185 2059 1257">
     <span class='ocr_line' id='line_1_12' title="bbox 554 1185 2059 1257; baseline 0.003 -18"><span class='ocrx_word' id='word_1_75' title='bbox 554 1186 903 1240; x_wconf 62' lang='lat' dir='ltr'><strong>annuntietis.</strong></span> <span class='ocrx_word' id='word_1_76' title='bbox 959 1185 1169 1257; x_wconf 74' lang='lat' dir='ltr'><strong>(BEDA.)</strong></span> <span class='ocrx_word' id='word_1_77' title='bbox 1208 1185 1362 1240; x_wconf 87' lang='lat' dir='ltr'><strong>Sicut</strong></span> <span class='ocrx_word' id='word_1_78' title='bbox 1418 1185 1628 1241; x_wconf 88' lang='lat' dir='ltr'><strong>liberati</strong></span> <span class='ocrx_word' id='word_1_79' title='bbox 1674 1187 1739 1241; x_wconf 90' lang='lat' dir='ltr'><strong>de</strong></span> <span class='ocrx_word' id='word_1_80' title='bbox 1786 1185 2059 1257; x_wconf 63' lang='lat' dir='ltr'><strong>Egypto,</strong></span> 
     </span>
    </p>
   </div>
   <div class='ocr_carea' id='block_1_13' title="bbox 478 1276 2063 1347">
    <p class='ocr_par' dir='ltr' id='par_1_13' title="bbox 478 1276 2063 1347">
     <span class='ocr_line' id='line_1_13' title="bbox 478 1276 2063 1347; baseline 0.002 -16"><span class='ocrx_word' id='word_1_81' title='bbox 478 1276 806 1347; x_wconf 86' lang='lat' dir='ltr'><strong>triumphale</strong></span> <span class='ocrx_word' id='word_1_82' title='bbox 865 1291 1084 1332; x_wconf 86' lang='lat' dir='ltr'><strong>carmen</strong></span> <span class='ocrx_word' id='word_1_83' title='bbox 1134 1277 1361 1332; x_wconf 90' lang='lat' dir='ltr'><strong>Domino</strong></span> <span class='ocrx_word' id='word_1_84' title='bbox 1411 1286 1786 1344; x_wconf 85' lang='lat' dir='ltr'><strong>cantaverunt,</strong></span> <span class='ocrx_word' id='word_1_85' title='bbox 1838 1280 1914 1334; x_wconf 89' lang='lat' dir='ltr'><strong>ita</strong></span> <span class='ocrx_word' id='word_1_86' title='bbox 1961 1294 2063 1335; x_wconf 88' lang='lat' dir='ltr'><strong>nos</strong></span> 
     </span>
    </p>
   </div>
   <div class='ocr_carea' id='block_1_14' title="bbox 478 1366 2062 1439">
    <p class='ocr_par' dir='ltr' id='par_1_14' title="bbox 478 1366 2062 1439">
     <span class='ocr_line' id='line_1_14' title="bbox 478 1366 2062 1439; baseline 0.002 -17"><span class='ocrx_word' id='word_1_87' title='bbox 478 1375 599 1437; x_wconf 87' lang='lat' dir='ltr'><strong>post</strong></span> <span class='ocrx_word' id='word_1_88' title='bbox 625 1368 875 1423; x_wconf 88' lang='lat' dir='ltr'><strong>tenebras</strong></span> <span class='ocrx_word' id='word_1_89' title='bbox 903 1366 1214 1433; x_wconf 84' lang='lat' dir='ltr'><strong>dissolutas,</strong></span> <span class='ocrx_word' id='word_1_90' title='bbox 1238 1376 1359 1438; x_wconf 90' lang='lat' dir='ltr'><strong>post</strong></span> <span class='ocrx_word' id='word_1_91' title='bbox 1381 1378 1656 1439; x_wconf 84' lang='lat' dir='ltr'><strong>acceptam</strong></span> <span class='ocrx_word' id='word_1_92' title='bbox 1684 1370 2062 1425; x_wconf 88' lang='lat' dir='ltr'><strong>remissionem</strong></span> 
     </span>
    </p>
   </div>
   <div class='ocr_carea' id='block_1_15' title="bbox 480 1460 2061 1532">
    <p class='ocr_par' dir='ltr' id='par_1_15' title="bbox 480 1460 2061 1532">
     <span class='ocr_line' id='line_1_15' title="bbox 480 1460 2061 1532; baseline 0 -16"><span class='ocrx_word' id='word_1_93' title='bbox 480 1466 577 1532; x_wconf 83' lang='lat' dir='ltr'><strong>p‘er</strong></span> <span class='ocrx_word' id='word_1_94' title='bbox 594 1460 871 1516; x_wconf 81' lang='lat' dir='ltr'><strong>Christum</strong></span> <span class='ocrx_word' id='word_1_95' title='bbox 902 1461 992 1531; x_wconf 88' lang='lat' dir='ltr'><strong>qui</strong></span> <span class='ocrx_word' id='word_1_96' title='bbox 1025 1474 1125 1515; x_wconf 88' lang='lat' dir='ltr'><strong>nos</strong></span> <span class='ocrx_word' id='word_1_97' title='bbox 1146 1460 1294 1515; x_wconf 86' lang='lat' dir='ltr'><strong>ducit</strong></span> <span class='ocrx_word' id='word_1_98' title='bbox 1322 1460 1388 1514; x_wconf 90' lang='lat' dir='ltr'><strong>ad</strong></span> <span class='ocrx_word' id='word_1_99' title='bbox 1410 1461 1640 1531; x_wconf 87' lang='lat' dir='ltr'><strong>patriam</strong></span> <span class='ocrx_word' id='word_1_100' title='bbox 1673 1477 1917 1532; x_wconf 80' lang='lat' dir='ltr'><strong>supernae</strong></span> <span class='ocrx_word' id='word_1_101' title='bbox 1951 1462 2061 1517; x_wconf 91' lang='lat' dir='ltr'><strong>cla-</strong></span> 
     </span>
    </p>
   </div>
   <div class='ocr_carea' id='block_1_16' title="bbox 480 1549 2059 1621">
    <p class='ocr_par' dir='ltr' id='par_1_16' title="bbox 480 1549 2059 1621">
     <span class='ocr_line' id='line_1_16' title="bbox 480 1549 2059 1621; baseline 0.003 -17"><span class='ocrx_word' id='word_1_102' title='bbox 480 1551 658 1605; x_wconf 88' lang='lat' dir='ltr'><strong>ritatis</strong></span> <span class='ocrx_word' id='word_1_103' title='bbox 680 1551 951 1605; x_wconf 82' lang='lat' dir='ltr'><strong>debemus</strong></span> <span class='ocrx_word' id='word_1_104' title='bbox 967 1549 1076 1605; x_wconf 91' lang='lat' dir='ltr'><strong>Deo</strong></span> <span class='ocrx_word' id='word_1_105' title='bbox 1107 1550 1403 1620; x_wconf 87' lang='lat' dir='ltr'><strong>rependere</strong></span> <span class='ocrx_word' id='word_1_106' title='bbox 1426 1551 1625 1621; x_wconf 81' lang='lat' dir='ltr'><strong>gratias</strong></span> <span class='ocrx_word' id='word_1_107' title='bbox 1655 1549 1847 1621; x_wconf 86' lang='lat' dir='ltr'><strong>dignas</strong></span> <span class='ocrx_word' id='word_1_108' title='bbox 1866 1551 2059 1608; x_wconf 67' lang='lat' dir='ltr'><strong>coales-</strong></span> 
     </span>
    </p>
   </div>
   <div class='ocr_carea' id='block_1_17' title="bbox 479 1642 942 1698">
    <p class='ocr_par' dir='ltr' id='par_1_17' title="bbox 479 1642 942 1698">
     <span class='ocr_line' id='line_1_17' title="bbox 479 1642 942 1698; baseline -0.002 -1"><span class='ocrx_word' id='word_1_109' title='bbox 479 1644 625 1698; x_wconf 90' lang='lat' dir='ltr'><strong>tibus</strong></span> <span class='ocrx_word' id='word_1_110' title='bbox 647 1642 942 1697; x_wconf 82' lang='lat' dir='ltr'><strong>beneﬁciis.</strong></span> 
     </span>
    </p>
   </div>
   <div class='ocr_carea' id='block_1_18' title="bbox 551 1728 2061 1805">
    <p class='ocr_par' dir='ltr' id='par_1_18' title="bbox 551 1728 2061 1805">
     <span class='ocr_line' id='line_1_18' title="bbox 551 1728 2061 1805; baseline -0.001 -16"><span class='ocrx_word' id='word_1_111' title='bbox 551 1728 713 1790; x_wconf 71' lang='lat' dir='ltr'><strong>Vens.</strong></span> <span class='ocrx_word' id='word_1_112' title='bbox 752 1734 838 1790; x_wconf 90' lang='grc'><strong>10.</strong></span> <span class='ocrx_word' id='word_1_113' title='bbox 866 1765 935 1775; x_wconf 92' lang='grc'><strong>--</strong></span> <span class='ocrx_word' id='word_1_114' title='bbox 973 1734 1077 1801; x_wconf 80' lang='lat' dir='ltr'><strong>Qui</strong></span> <span class='ocrx_word' id='word_1_115' title='bbox 1109 1731 1414 1805; x_wconf 80' lang='lat' dir='ltr'><strong>aiiqnaudo.</strong></span> <span class='ocrx_word' id='word_1_116' title='bbox 1448 1732 1572 1805; x_wconf 71' lang='lat'><strong>(10.)</strong></span> <span class='ocrx_word' id='word_1_117' title='bbox 1617 1732 1755 1789; x_wconf 82' lang='lat' dir='ltr'><strong>Hinc</strong></span> <span class='ocrx_word' id='word_1_118' title='bbox 1798 1734 2061 1804; x_wconf 88' lang='lat' dir='ltr'><strong>probatur</strong></span> 
     </span>
    </p>
   </div>
   <div class='ocr_carea' id='block_1_19' title="bbox 479 1825 2057 1897">
    <p class='ocr_par' dir='ltr' id='par_1_19' title="bbox 479 1825 2057 1897">
     <span class='ocr_line' id='line_1_19' title="bbox 479 1825 2057 1897; baseline -0.001 -16"><span class='ocrx_word' id='word_1_119' title='bbox 479 1828 622 1897; x_wconf 80' lang='lat' dir='ltr'><strong>quod</strong></span> <span class='ocrx_word' id='word_1_120' title='bbox 664 1827 805 1881; x_wconf 89' lang='lat' dir='ltr'><strong>hanc</strong></span> <span class='ocrx_word' id='word_1_121' title='bbox 843 1825 1124 1897; x_wconf 81' lang='lat' dir='ltr'><strong>epistolam</strong></span> <span class='ocrx_word' id='word_1_122' title='bbox 1155 1825 1338 1881; x_wconf 80' lang='lat' dir='ltr'><strong>scribit</strong></span> <span class='ocrx_word' id='word_1_123' title='bbox 1378 1825 1464 1880; x_wconf 89' lang='lat' dir='ltr'><strong>his</strong></span> <span class='ocrx_word' id='word_1_124' title='bbox 1492 1825 1582 1895; x_wconf 90' lang='lat' dir='ltr'><strong>qui</strong></span> <span class='ocrx_word' id='word_1_125' title='bbox 1622 1826 1688 1880; x_wconf 88' lang='lat' dir='ltr'><strong>de</strong></span> <span class='ocrx_word' id='word_1_126' title='bbox 1717 1825 1965 1894; x_wconf 82' lang='lat' dir='ltr'><strong>gentibus</strong></span> <span class='ocrx_word' id='word_1_127' title='bbox 1991 1825 2057 1879; x_wconf 92' lang='lat' dir='ltr'><strong>ad</strong></span> 
     </span>
    </p>
   </div>
   <div class='ocr_carea' id='block_1_20' title="bbox 476 1916 2057 1987">
    <p class='ocr_par' dir='ltr' id='par_1_20' title="bbox 476 1916 2057 1987">
     <span class='ocr_line' id='line_1_20' title="bbox 476 1916 2057 1987; baseline -0.002 -13"><span class='ocrx_word' id='word_1_128' title='bbox 476 1920 635 1974; x_wconf 80' lang='lat' dir='ltr'><strong>fidem</strong></span> <span class='ocrx_word' id='word_1_129' title='bbox 666 1925 943 1987; x_wconf 73' lang='lat' dir='ltr'><strong>venerant.</strong></span> <span class='ocrx_word' id='word_1_130' title='bbox 974 1916 1340 1972; x_wconf 79' lang='lat' dir='ltr'><strong>Assumunthr</strong></span> <span class='ocrx_word' id='word_1_131' title='bbox 1375 1917 1427 1971; x_wconf 91' lang='lat' dir='ltr'><strong>hi</strong></span> <span class='ocrx_word' id='word_1_132' title='bbox 1452 1932 1642 1973; x_wconf 84' lang='lat' dir='ltr'><strong>versus</strong></span> <span class='ocrx_word' id='word_1_133' title='bbox 1686 1916 1753 1971; x_wconf 91' lang='lat' dir='ltr'><strong>de</strong></span> <span class='ocrx_word' id='word_1_134' title='bbox 1773 1918 2057 1987; x_wconf 86' lang='lat' dir='ltr'><strong>prophetia</strong></span> 
     </span>
    </p>
   </div>
   <div class='ocr_carea' id='block_1_21' title="bbox 474 2004 1746 2080">
    <p class='ocr_par' dir='ltr' id='par_1_21' title="bbox 474 2004 1746 2080">
     <span class='ocr_line' id='line_1_21' title="bbox 474 2004 1746 2080; baseline -0.002 -15"><span class='ocrx_word' id='word_1_135' title='bbox 474 2010 626 2065; x_wconf 71' lang='lat' dir='ltr'><strong>Osete</strong></span> <span class='ocrx_word' id='word_1_136' title='bbox 651 2009 702 2063; x_wconf 93' lang='lat' dir='ltr'><strong>in</strong></span> <span class='ocrx_word' id='word_1_137' title='bbox 726 2025 832 2079; x_wconf 90' lang='lat' dir='ltr'><strong>qua</strong></span> <span class='ocrx_word' id='word_1_138' title='bbox 860 2008 1041 2080; x_wconf 86' lang='lat' dir='ltr'><strong>agitur</strong></span> <span class='ocrx_word' id='word_1_139' title='bbox 1068 2008 1134 2062; x_wconf 90' lang='lat' dir='ltr'><strong>de</strong></span> <span class='ocrx_word' id='word_1_140' title='bbox 1163 2008 1445 2062; x_wconf 82' lang='lat' dir='ltr'><strong>vocatione</strong></span> <span class='ocrx_word' id='word_1_141' title='bbox 1470 2004 1746 2063; x_wconf 84' lang='lat' dir='ltr'><strong>Gentium.</strong></span> 
     </span>
    </p>
   </div>
   <div class='ocr_carea' id='block_1_22' title="bbox 549 2099 2059 2170">
    <p class='ocr_par' dir='ltr' id='par_1_22' title="bbox 549 2099 2059 2170">
     <span class='ocr_line' id='line_1_22' title="bbox 549 2099 2059 2170; baseline -0.003 -13"><span class='ocrx_word' id='word_1_142' title='bbox 549 2102 712 2157; x_wconf 65' lang='lat' dir='ltr'><strong>Vsus.</strong></span> <span class='ocrx_word' id='word_1_143' title='bbox 757 2102 842 2156; x_wconf 76' lang='lat' dir='ltr'><strong>tt.</strong></span> <span class='ocrx_word' id='word_1_144' title='bbox 872 2131 943 2141; x_wconf 91' lang='lat'><strong><em>—</em></strong></span> <span class='ocrx_word' id='word_1_145' title='bbox 973 2099 1303 2154; x_wconf 78' lang='lat' dir='ltr'><strong>Charissimi.</strong></span> <span class='ocrx_word' id='word_1_146' title='bbox 1343 2099 1465 2170; x_wconf 71' lang='grc'><strong>(11).)</strong></span> <span class='ocrx_word' id='word_1_147' title='bbox 1503 2099 1792 2170; x_wconf 84' lang='lat' dir='ltr'><strong>Hucusque</strong></span> <span class='ocrx_word' id='word_1_148' title='bbox 1835 2115 2059 2170; x_wconf 86' lang='lat' dir='ltr'><strong>genera-</strong></span> 
     </span>
    </p>
   </div>
   <div class='ocr_carea' id='block_1_23' title="bbox 475 2192 2057 2263">
    <p class='ocr_par' dir='ltr' id='par_1_23' title="bbox 475 2192 2057 2263">
     <span class='ocr_line' id='line_1_23' title="bbox 475 2192 2057 2263; baseline -0.001 -14"><span class='ocrx_word' id='word_1_149' title='bbox 475 2196 600 2251; x_wconf 79' lang='lat' dir='ltr'><strong>lite‘r</strong></span> <span class='ocrx_word' id='word_1_150' title='bbox 648 2194 905 2249; x_wconf 80' lang='lat' dir='ltr'><strong>instruxit</strong></span> <span class='ocrx_word' id='word_1_151' title='bbox 953 2193 1271 2256; x_wconf 80' lang='lat' dir='ltr'><strong>Ecclesium,</strong></span> <span class='ocrx_word' id='word_1_152' title='bbox 1318 2201 1448 2256; x_wconf 89' lang='lat' dir='ltr'><strong>ctc.,</strong></span> <span class='ocrx_word' id='word_1_153' title='bbox 1500 2207 1664 2263; x_wconf 83' lang='lat' dir='ltr'><strong>usque</strong></span> <span class='ocrx_word' id='word_1_154' title='bbox 1716 2193 1785 2246; x_wconf 89' lang='lat' dir='ltr'><strong>ad</strong></span> <span class='ocrx_word' id='word_1_155' title='bbox 1834 2192 2057 2248; x_wconf 90' lang='lat' dir='ltr'><strong>libertas</strong></span> 
     </span>
    </p>
   </div>
   <div class='ocr_carea' id='block_1_24' title="bbox 477 2284 2056 2356">
    <p class='ocr_par' dir='ltr' id='par_1_24' title="bbox 477 2284 2056 2356">
     <span class='ocr_line' id='line_1_24' title="bbox 477 2284 2056 2356; baseline 0 -13"><span class='ocrx_word' id='word_1_156' title='bbox 477 2290 602 2344; x_wconf 72' lang='lat' dir='ltr'><strong>vitte</strong></span> <span class='ocrx_word' id='word_1_157' title='bbox 624 2288 953 2344; x_wconf 88' lang='lat' dir='ltr'><strong>remissioris</strong></span> <span class='ocrx_word' id='word_1_158' title='bbox 980 2287 1182 2356; x_wconf 87' lang='lat' dir='ltr'><strong>majora</strong></span> <span class='ocrx_word' id='word_1_159' title='bbox 1213 2284 1587 2341; x_wconf 84' lang='lat' dir='ltr'><strong>illecebrarum</strong></span> <span class='ocrx_word' id='word_1_160' title='bbox 1614 2287 1941 2343; x_wconf 85' lang='lat' dir='ltr'><strong>titillantium</strong></span> <span class='ocrx_word' id='word_1_161' title='bbox 1970 2298 2056 2343; x_wconf 91' lang='lat' dir='ltr'><strong>to-</strong></span> 
     </span>
    </p>
   </div>
   <div class='ocr_carea' id='block_1_25' title="bbox 476 2370 2054 2451">
    <p class='ocr_par' dir='ltr' id='par_1_25' title="bbox 476 2370 2054 2451">
     <span class='ocr_line' id='line_1_25' title="bbox 476 2370 2054 2451; baseline 0 -18"><span class='ocrx_word' id='word_1_162' title='bbox 476 2370 650 2435; x_wconf 77' lang='lat' dir='ltr'><strong>lerare</strong></span> <span class='ocrx_word' id='word_1_163' title='bbox 671 2379 929 2451; x_wconf 78' lang='lat' dir='ltr'><strong>perieula.</strong></span> <span class='ocrx_word' id='word_1_164' title='bbox 956 2372 1226 2449; x_wconf 83' lang='lat' dir='ltr'><strong>Tanquam</strong></span> <span class='ocrx_word' id='word_1_165' title='bbox 1248 2377 1495 2431; x_wconf 84' lang='lat' dir='ltr'><strong>advenas.</strong></span> <span class='ocrx_word' id='word_1_166' title='bbox 1522 2378 1598 2432; x_wconf 89' lang='lat' dir='ltr'><strong>Eo</strong></span> <span class='ocrx_word' id='word_1_167' title='bbox 1615 2378 1791 2433; x_wconf 89' lang='lat' dir='ltr'><strong>minus</strong></span> <span class='ocrx_word' id='word_1_168' title='bbox 1816 2377 2054 2433; x_wconf 89' lang='lat' dir='ltr'><strong>animum</strong></span> 
     </span>
    </p>
   </div>
   <div class='ocr_carea' id='block_1_26' title="bbox 471 2472 2055 2545">
    <p class='ocr_par' dir='ltr' id='par_1_26' title="bbox 471 2472 2055 2545">
     <span class='ocr_line' id='line_1_26' title="bbox 471 2472 2055 2545; baseline 0.001 -19"><span class='ocrx_word' id='word_1_169' title='bbox 471 2475 708 2530; x_wconf 87' lang='lat' dir='ltr'><strong>terrenis</strong></span> <span class='ocrx_word' id='word_1_170' title='bbox 756 2476 916 2529; x_wconf 86' lang='lat' dir='ltr'><strong>rebus</strong></span> <span class='ocrx_word' id='word_1_171' title='bbox 940 2475 1244 2545; x_wconf 86' lang='lat' dir='ltr'><strong>supponite,</strong></span> <span class='ocrx_word' id='word_1_172' title='bbox 1276 2485 1382 2542; x_wconf 88' lang='lat' dir='ltr'><strong>quo</strong></span> <span class='ocrx_word' id='word_1_173' title='bbox 1409 2479 1503 2526; x_wconf 80' lang='lat' dir='ltr'><strong>vo’s</strong></span> <span class='ocrx_word' id='word_1_174' title='bbox 1528 2472 1756 2542; x_wconf 83' lang='lat' dir='ltr'><strong>patriam</strong></span> <span class='ocrx_word' id='word_1_175' title='bbox 1802 2474 1855 2528; x_wconf 92' lang='lat' dir='ltr'><strong>in</strong></span> <span class='ocrx_word' id='word_1_176' title='bbox 1902 2473 2055 2529; x_wconf 86' lang='lat' dir='ltr'><strong>caelis</strong></span> 
     </span>
    </p>
   </div>
   <div class='ocr_carea' id='block_1_27' title="bbox 473 2564 2056 2636">
    <p class='ocr_par' dir='ltr' id='par_1_27' title="bbox 473 2564 2056 2636">
     <span class='ocr_line' id='line_1_27' title="bbox 473 2564 2056 2636; baseline -0.001 -14"><span class='ocrx_word' id='word_1_177' title='bbox 473 2568 675 2623; x_wconf 87' lang='lat' dir='ltr'><strong>habere</strong></span> <span class='ocrx_word' id='word_1_178' title='bbox 698 2566 1043 2621; x_wconf 82' lang='lat' dir='ltr'><strong>meministis.</strong></span> <span class='ocrx_word' id='word_1_179' title='bbox 1077 2564 1311 2636; x_wconf 79' lang='lat' dir='ltr'><strong>Reprobi</strong></span> <span class='ocrx_word' id='word_1_180' title='bbox 1337 2564 1425 2621; x_wconf 92' lang='lat' dir='ltr'><strong>hic</strong></span> <span class='ocrx_word' id='word_1_181' title='bbox 1460 2565 1661 2619; x_wconf 83' lang='lat' dir='ltr'><strong>habent</strong></span> <span class='ocrx_word' id='word_1_182' title='bbox 1686 2567 1933 2636; x_wconf 88' lang='lat' dir='ltr'><strong>patriam,</strong></span> <span class='ocrx_word' id='word_1_183' title='bbox 1966 2582 2056 2622; x_wconf 88' lang='lat' dir='ltr'><strong>cu-</strong></span> 
     </span>
    </p>
   </div>
   <div class='ocr_carea' id='block_1_28' title="bbox 462 2654 2054 2728">
    <p class='ocr_par' dir='ltr' id='par_1_28' title="bbox 462 2654 2054 2728">
     <span class='ocr_line' id='line_1_28' title="bbox 462 2654 2054 2728; baseline 0.001 -17"><span class='ocrx_word' id='word_1_184' title='bbox 462 2657 553 2728; x_wconf 90' lang='lat' dir='ltr'><strong>jus</strong></span> <span class='ocrx_word' id='word_1_185' title='bbox 574 2654 857 2712; x_wconf 74' lang='lat' dir='ltr'><strong>desideriis</strong></span> <span class='ocrx_word' id='word_1_186' title='bbox 896 2657 1123 2721; x_wconf 90' lang='lat' dir='ltr'><strong>inhiant,</strong></span> <span class='ocrx_word' id='word_1_187' title='bbox 1165 2655 1286 2711; x_wconf 90' lang='lat' dir='ltr'><strong>ideo</strong></span> <span class='ocrx_word' id='word_1_188' title='bbox 1339 2655 1722 2725; x_wconf 80' lang='lat' dir='ltr'><strong>relegabuntur</strong></span> <span class='ocrx_word' id='word_1_189' title='bbox 1764 2656 1817 2710; x_wconf 94' lang='lat' dir='ltr'><strong>in</strong></span> <span class='ocrx_word' id='word_1_190' title='bbox 1863 2672 2054 2727; x_wconf 88' lang='lat' dir='ltr'><strong>perpe-</strong></span> 
     </span>
    </p>
   </div>
   <div class='ocr_carea' id='block_1_29' title="bbox 470 2742 1607 2817">
    <p class='ocr_par' dir='ltr' id='par_1_29' title="bbox 470 2742 1607 2817">
     <span class='ocr_line' id='line_1_29' title="bbox 470 2742 1607 2817; baseline -0.004 -13"><span class='ocrx_word' id='word_1_191' title='bbox 470 2742 620 2806; x_wconf 79' lang='lat' dir='ltr'><strong>tuum</strong></span> <span class='ocrx_word' id='word_1_192' title='bbox 643 2748 919 2814; x_wconf 76' lang='lat' dir='ltr'><strong>exsilium,</strong></span> <span class='ocrx_word' id='word_1_193' title='bbox 943 2755 1193 2802; x_wconf 89' lang='lat' dir='ltr'><strong>carentes</strong></span> <span class='ocrx_word' id='word_1_194' title='bbox 1223 2746 1607 2817; x_wconf 89' lang='lat' dir='ltr'><strong>voluptatibus.</strong></span> 
     </span>
    </p>
   </div>
   <div class='ocr_carea' id='block_1_30' title="bbox 541 2838 2049 2912">
    <p class='ocr_par' dir='ltr' id='par_1_30' title="bbox 541 2838 2049 2912">
     <span class='ocr_line' id='line_1_30' title="bbox 541 2838 2049 2912; baseline -0.001 -16"><span class='ocrx_word' id='word_1_195' title='bbox 541 2840 703 2896; x_wconf 75' lang='lat' dir='ltr'><strong>Vsus.</strong></span> <span class='ocrx_word' id='word_1_196' title='bbox 736 2840 820 2894; x_wconf 72' lang='grc'><strong>12.</strong></span> <span class='ocrx_word' id='word_1_197' title='bbox 847 2868 919 2882; x_wconf 90' lang='grc'><strong>-</strong></span> <span class='ocrx_word' id='word_1_198' title='bbox 948 2838 1032 2893; x_wconf 76' lang='lat' dir='ltr'><strong>Ea:</strong></span> <span class='ocrx_word' id='word_1_199' title='bbox 1060 2839 1206 2893; x_wconf 87' lang='lat' dir='ltr'><strong>bonis</strong></span> <span class='ocrx_word' id='word_1_200' title='bbox 1227 2838 1467 2909; x_wconf 78' lang='lat' dir='ltr'><strong>operibus</strong></span> <span class='ocrx_word' id='word_1_201' title='bbox 1497 2839 1903 2894; x_wconf 80' lang='lat' dir='ltr'><strong>considerantes.</strong></span> <span class='ocrx_word' id='word_1_202' title='bbox 1926 2838 2049 2912; x_wconf 81' lang='grc' dir='ltr'><strong>(1ο.)</strong></span> 
     </span>
    </p>
   </div>
   <div class='ocr_carea' id='block_1_31' title="bbox 467 2930 2050 3001">
    <p class='ocr_par' dir='ltr' id='par_1_31' title="bbox 467 2930 2050 3001">
     <span class='ocr_line' id='line_1_31' title="bbox 467 2930 2050 3001; baseline 0.001 -15"><span class='ocrx_word' id='word_1_203' title='bbox 467 2931 791 3001; x_wconf 81' lang='lat' dir='ltr'><strong>Plerumque</strong></span> <span class='ocrx_word' id='word_1_204' title='bbox 819 2930 1067 3001; x_wconf 73' lang='lat' dir='ltr'><strong>contigit,</strong></span> <span class='ocrx_word' id='word_1_205' title='bbox 1086 2930 1348 3000; x_wconf 81' lang='lat' dir='ltr'><strong>utpagani</strong></span> <span class='ocrx_word' id='word_1_206' title='bbox 1373 2930 1465 2999; x_wconf 85' lang='lat' dir='ltr'><strong>qui</strong></span> <span class='ocrx_word' id='word_1_207' title='bbox 1491 2932 1870 3001; x_wconf 88' lang='lat' dir='ltr'><strong>vituperahant</strong></span> <span class='ocrx_word' id='word_1_208' title='bbox 1891 2932 2050 2988; x_wconf 84' lang='lat' dir='ltr'><strong>ﬁdem</strong></span> 
     </span>
    </p>
   </div>
   <div class='ocr_carea' id='block_1_32' title="bbox 467 3021 2049 3092">
    <p class='ocr_par' dir='ltr' id='par_1_32' title="bbox 467 3021 2049 3092">
     <span class='ocr_line' id='line_1_32' title="bbox 467 3021 2049 3092; baseline 0.001 -15"><span class='ocrx_word' id='word_1_209' title='bbox 467 3021 920 3087; x_wconf 85' lang='lat' dir='ltr'><strong>Christianorum,</strong></span> <span class='ocrx_word' id='word_1_210' title='bbox 964 3029 1150 3092; x_wconf 80' lang='lat' dir='ltr'><strong>postea</strong></span> <span class='ocrx_word' id='word_1_211' title='bbox 1178 3021 1585 3076; x_wconf 87' lang='lat' dir='ltr'><strong>considerantes</strong></span> <span class='ocrx_word' id='word_1_212' title='bbox 1620 3021 1815 3076; x_wconf 90' lang='lat' dir='ltr'><strong>bonam</strong></span> <span class='ocrx_word' id='word_1_213' title='bbox 1860 3036 2049 3079; x_wconf 86' lang='lat' dir='ltr'><strong>eorum</strong></span> 
     </span>
    </p>
   </div>
   <div class='ocr_carea' id='block_1_33' title="bbox 465 3110 1870 3182">
    <p class='ocr_par' dir='ltr' id='par_1_33' title="bbox 465 3110 1870 3182">
     <span class='ocr_line' id='line_1_33' title="bbox 465 3110 1870 3182; baseline 0 -15"><span class='ocrx_word' id='word_1_214' title='bbox 465 3112 957 3179; x_wconf 79' lang='lat' dir='ltr'><strong>conversationem,</strong></span> <span class='ocrx_word' id='word_1_215' title='bbox 998 3110 1271 3167; x_wconf 88' lang='lat' dir='ltr'><strong>Christum</strong></span> <span class='ocrx_word' id='word_1_216' title='bbox 1306 3110 1528 3166; x_wconf 90' lang='lat' dir='ltr'><strong>laudare</strong></span> <span class='ocrx_word' id='word_1_217' title='bbox 1551 3111 1870 3182; x_wconf 86' lang='lat' dir='ltr'><strong>inciperent.</strong></span> 
     </span>
    </p>
   </div>
   <div class='ocr_carea' id='block_1_34' title="bbox 536 3202 2044 3273">
    <p class='ocr_par' dir='ltr' id='par_1_34' title="bbox 536 3202 2044 3273">
     <span class='ocr_line' id='line_1_34' title="bbox 536 3202 2044 3273; baseline -0.001 -12"><span class='ocrx_word' id='word_1_218' title='bbox 536 3204 702 3261; x_wconf 63' lang='lat' dir='ltr'><strong>Vens.</strong></span> <span class='ocrx_word' id='word_1_219' title='bbox 731 3205 817 3260; x_wconf 82' lang='grc'><strong>15.</strong></span> <span class='ocrx_word' id='word_1_220' title='bbox 850 3233 921 3244; x_wconf 89' lang='grc'><strong><em>-</em></strong></span> <span class='ocrx_word' id='word_1_221' title='bbox 960 3202 1196 3273; x_wconf 83' lang='lat' dir='ltr'><strong>Subjecti</strong></span> <span class='ocrx_word' id='word_1_222' title='bbox 1226 3202 1387 3273; x_wconf 83' lang='lat' dir='ltr'><strong>igitur</strong></span> <span class='ocrx_word' id='word_1_223' title='bbox 1421 3212 1580 3257; x_wconf 81' lang='lat' dir='ltr'><strong>estote</strong></span> <span class='ocrx_word' id='word_1_224' title='bbox 1618 3205 1758 3257; x_wconf 87' lang='lat' dir='ltr'><strong>omni</strong></span> <span class='ocrx_word' id='word_1_225' title='bbox 1799 3204 2044 3261; x_wconf 72' lang='lat' dir='ltr'><strong>humana:</strong></span> 
     </span>
    </p>
   </div>
   <div class='ocr_carea' id='block_1_35' title="bbox 462 3293 2044 3366">
    <p class='ocr_par' dir='ltr' id='par_1_35' title="bbox 462 3293 2044 3366">
     <span class='ocr_line' id='line_1_35' title="bbox 462 3293 2044 3366; baseline 0 -15"><span class='ocrx_word' id='word_1_226' title='bbox 462 3305 720 3351; x_wconf 61' lang='lat' dir='ltr'><strong>creatura?</strong></span> <span class='ocrx_word' id='word_1_227' title='bbox 740 3304 952 3366; x_wconf 72' lang='lat' dir='ltr'><strong>propter</strong></span> <span class='ocrx_word' id='word_1_228' title='bbox 978 3293 1168 3358; x_wconf 87' lang='lat' dir='ltr'><strong>Deum,</strong></span> <span class='ocrx_word' id='word_1_229' title='bbox 1201 3294 1307 3348; x_wconf 80' lang='lat' dir='ltr'><strong>sive</strong></span> <span class='ocrx_word' id='word_1_230' title='bbox 1332 3295 1461 3365; x_wconf 85' lang='lat' dir='ltr'><strong>regi,</strong></span> <span class='ocrx_word' id='word_1_231' title='bbox 1492 3304 1596 3351; x_wconf 76' lang='lat' dir='ltr'><strong>etc.</strong></span> <span class='ocrx_word' id='word_1_232' title='bbox 1631 3295 1697 3349; x_wconf 84' lang='lat' dir='ltr'><strong>Et</strong></span> <span class='ocrx_word' id='word_1_233' title='bbox 1727 3304 1785 3350; x_wconf 90' lang='lat' dir='ltr'><strong>ut</strong></span> <span class='ocrx_word' id='word_1_234' title='bbox 1815 3311 2044 3352; x_wconf 88' lang='lat' dir='ltr'><strong>conver-</strong></span> 
     </span>
    </p>
   </div>
   <div class='ocr_carea' id='block_1_36' title="bbox 463 3384 2046 3456">
    <p class='ocr_par' dir='ltr' id='par_1_36' title="bbox 463 3384 2046 3456">
     <span class='ocr_line' id='line_1_36' title="bbox 463 3384 2046 3456; baseline -0.002 -11"><span class='ocrx_word' id='word_1_235' title='bbox 463 3389 604 3445; x_wconf 85' lang='lat' dir='ltr'><strong>satio</strong></span> <span class='ocrx_word' id='word_1_236' title='bbox 631 3395 810 3442; x_wconf 88' lang='lat' dir='ltr'><strong>vestra</strong></span> <span class='ocrx_word' id='word_1_237' title='bbox 832 3386 1085 3441; x_wconf 89' lang='lat' dir='ltr'><strong>omnibus</strong></span> <span class='ocrx_word' id='word_1_238' title='bbox 1103 3384 1334 3456; x_wconf 85' lang='lat' dir='ltr'><strong>placeat,</strong></span> <span class='ocrx_word' id='word_1_239' title='bbox 1357 3401 1464 3440; x_wconf 90' lang='lat' dir='ltr'><strong>non</strong></span> <span class='ocrx_word' id='word_1_240' title='bbox 1488 3387 1750 3442; x_wconf 82' lang='lat' dir='ltr'><strong>resistatis</strong></span> <span class='ocrx_word' id='word_1_241' title='bbox 1776 3387 1936 3443; x_wconf 89' lang='lat' dir='ltr'><strong>alicui</strong></span> <span class='ocrx_word' id='word_1_242' title='bbox 1959 3387 2046 3442; x_wconf 89' lang='lat' dir='ltr'><strong>di-</strong></span> 
     </span>
    </p>
   </div>
   <div class='ocr_carea' id='block_1_37' title="bbox 462 3475 2045 3552">
    <p class='ocr_par' dir='ltr' id='par_1_37' title="bbox 462 3475 2045 3552">
     <span class='ocr_line' id='line_1_37' title="bbox 462 3475 2045 3552; baseline 0 -19"><span class='ocrx_word' id='word_1_243' title='bbox 462 3478 656 3552; x_wconf 87' lang='lat' dir='ltr'><strong>gnitati</strong></span> <span class='ocrx_word' id='word_1_244' title='bbox 684 3477 962 3532; x_wconf 84' lang='lat' dir='ltr'><strong>hominum</strong></span> <span class='ocrx_word' id='word_1_245' title='bbox 986 3516 1001 3541; x_wconf 93' lang='lat'><strong>,</strong></span> <span class='ocrx_word' id='word_1_246' title='bbox 1030 3475 1191 3532; x_wconf 77' lang='lat' dir='ltr'><strong>aiicui</strong></span> <span class='ocrx_word' id='word_1_247' title='bbox 1220 3490 1487 3545; x_wconf 65' lang='lat' dir='ltr'><strong>personae,</strong></span> <span class='ocrx_word' id='word_1_248' title='bbox 1516 3477 1675 3532; x_wconf 90' lang='lat' dir='ltr'><strong>alicui</strong></span> <span class='ocrx_word' id='word_1_249' title='bbox 1717 3478 2045 3550; x_wconf 87' lang='lat' dir='ltr'><strong>principatui</strong></span> 
     </span>
    </p>
   </div>
   <div class='ocr_carea' id='block_1_38' title="bbox 462 3566 2046 3637">
    <p class='ocr_par' dir='ltr' id='par_1_38' title="bbox 462 3566 2046 3637">
     <span class='ocr_line' id='line_1_38' title="bbox 462 3566 2046 3637; baseline -0.001 -12"><span class='ocrx_word' id='word_1_250' title='bbox 462 3569 550 3625; x_wconf 89' lang='lat' dir='ltr'><strong>cui</strong></span> <span class='ocrx_word' id='word_1_251' title='bbox 583 3569 726 3624; x_wconf 88' lang='lat' dir='ltr'><strong>Deus</strong></span> <span class='ocrx_word' id='word_1_252' title='bbox 747 3583 845 3622; x_wconf 92' lang='lat' dir='ltr'><strong>vos</strong></span> <span class='ocrx_word' id='word_1_253' title='bbox 867 3567 1024 3622; x_wconf 83' lang='lat' dir='ltr'><strong>subdi</strong></span> <span class='ocrx_word' id='word_1_254' title='bbox 1045 3566 1236 3631; x_wconf 90' lang='lat' dir='ltr'><strong>voluit,</strong></span> <span class='ocrx_word' id='word_1_255' title='bbox 1264 3567 1389 3635; x_wconf 88' lang='lat' dir='ltr'><strong>quia</strong></span> <span class='ocrx_word' id='word_1_256' title='bbox 1418 3582 1524 3621; x_wconf 91' lang='lat' dir='ltr'><strong>non</strong></span> <span class='ocrx_word' id='word_1_257' title='bbox 1556 3575 1639 3622; x_wconf 90' lang='lat' dir='ltr'><strong>est</strong></span> <span class='ocrx_word' id='word_1_258' title='bbox 1674 3577 1910 3637; x_wconf 85' lang='lat' dir='ltr'><strong>potestas</strong></span> <span class='ocrx_word' id='word_1_259' title='bbox 1940 3569 2046 3623; x_wconf 77' lang='lat' dir='ltr'><strong>nisi</strong></span> 
     </span>
    </p>
   </div>
   <div class='ocr_carea' id='block_1_39' title="bbox 461 3656 2047 3729">
    <p class='ocr_par' dir='ltr' id='par_1_39' title="bbox 461 3656 2047 3729">
     <span class='ocr_line' id='line_1_39' title="bbox 461 3656 2047 3729; baseline 0.001 -15"><span class='ocrx_word' id='word_1_260' title='bbox 461 3675 493 3714; x_wconf 90' lang='lat' dir='ltr'><strong>a</strong></span> <span class='ocrx_word' id='word_1_261' title='bbox 528 3661 658 3725; x_wconf 91' lang='lat' dir='ltr'><strong>Deo,</strong></span> <span class='ocrx_word' id='word_1_262' title='bbox 682 3668 738 3713; x_wconf 91' lang='lat' dir='ltr'><strong>et</strong></span> <span class='ocrx_word' id='word_1_263' title='bbox 761 3659 853 3728; x_wconf 91' lang='lat' dir='ltr'><strong>qui</strong></span> <span class='ocrx_word' id='word_1_264' title='bbox 874 3657 1129 3729; x_wconf 83' lang='lat' dir='ltr'><strong>potestati</strong></span> <span class='ocrx_word' id='word_1_265' title='bbox 1180 3656 1404 3724; x_wconf 86' lang='lat' dir='ltr'><strong>resistit,</strong></span> <span class='ocrx_word' id='word_1_266' title='bbox 1446 3657 1539 3711; x_wconf 89' lang='lat' dir='ltr'><strong>Dei</strong></span> <span class='ocrx_word' id='word_1_267' title='bbox 1582 3658 1910 3714; x_wconf 82' lang='lat' dir='ltr'><strong>ordinatitmi</strong></span> <span class='ocrx_word' id='word_1_268' title='bbox 1960 3675 2047 3715; x_wconf 87' lang='lat' dir='ltr'><strong>re-</strong></span> 
     </span>
    </p>
   </div>
   <div class='ocr_carea' id='block_1_40' title="bbox 461 3751 2048 3820">
    <p class='ocr_par' dir='ltr' id='par_1_40' title="bbox 461 3751 2048 3820">
     <span class='ocr_line' id='line_1_40' title="bbox 461 3751 2048 3820; baseline 0 -12"><span class='ocrx_word' id='word_1_269' title='bbox 461 3751 627 3808; x_wconf 84' lang='lat' dir='ltr'><strong>sistit.</strong></span> <span class='ocrx_word' id='word_1_270' title='bbox 668 3751 733 3806; x_wconf 83' lang='lat' dir='ltr'><strong>Et</strong></span> <span class='ocrx_word' id='word_1_271' title='bbox 766 3757 1070 3806; x_wconf 88' lang='lat' dir='ltr'><strong>creaturam</strong></span> <span class='ocrx_word' id='word_1_272' title='bbox 1110 3763 1209 3820; x_wconf 87' lang='lat' dir='ltr'><strong>per</strong></span> <span class='ocrx_word' id='word_1_273' title='bbox 1244 3758 1427 3820; x_wconf 87' lang='lat' dir='ltr'><strong>partes</strong></span> <span class='ocrx_word' id='word_1_274' title='bbox 1462 3751 1687 3807; x_wconf 74' lang='lat' dir='ltr'><strong>exponit</strong></span> <span class='ocrx_word' id='word_1_275' title='bbox 1719 3753 1920 3820; x_wconf 82' lang='lat' dir='ltr'><strong>dicens,</strong></span> <span class='ocrx_word' id='word_1_276' title='bbox 1941 3755 2048 3808; x_wconf 76' lang='lat' dir='ltr'><strong>sive</strong></span> 
     </span>
    </p>
   </div>
   <div class='ocr_carea' id='block_1_41' title="bbox 468 3840 759 3911">
    <p class='ocr_par' dir='ltr' id='par_1_41' title="bbox 468 3840 759 3911">
     <span class='ocr_line' id='line_1_41' title="bbox 468 3840 759 3911; baseline -0.007 -16"><span class='ocrx_word' id='word_1_277' title='bbox 468 3840 622 3911; x_wconf 79' lang='lat' dir='ltr'><strong>Regi,</strong></span> <span class='ocrx_word' id='word_1_278' title='bbox 651 3848 759 3895; x_wconf 88' lang='lat' dir='ltr'><strong>etc.</strong></span> 
     </span>
    </p>
   </div>
   <div class='ocr_carea' id='block_1_42' title="bbox 534 3929 2048 4002">
    <p class='ocr_par' dir='ltr' id='par_1_42' title="bbox 534 3929 2048 4002">
     <span class='ocr_line' id='line_1_42' title="bbox 534 3929 2048 4002; baseline 0.003 -15"><span class='ocrx_word' id='word_1_279' title='bbox 534 3931 697 3987; x_wconf 77' lang='lat' dir='ltr'><strong>Vsus.</strong></span> <span class='ocrx_word' id='word_1_280' title='bbox 748 3931 834 3986; x_wconf 74' lang='lat' dir='ltr'><strong>M.</strong></span> <span class='ocrx_word' id='word_1_281' title='bbox 890 3960 961 3973; x_wconf 89' lang='lat'><strong>-——</strong></span> <span class='ocrx_word' id='word_1_282' title='bbox 1010 3929 1283 4002; x_wconf 85' lang='lat' dir='ltr'><strong>Tanquam</strong></span> <span class='ocrx_word' id='word_1_283' title='bbox 1323 3931 1388 3985; x_wconf 74' lang='grc' dir='ltr'><strong>αἰ</strong></span> <span class='ocrx_word' id='word_1_284' title='bbox 1428 3945 1489 3986; x_wconf 88' lang='lat' dir='ltr'><strong>eo</strong></span> <span class='ocrx_word' id='word_1_285' title='bbox 1534 3934 1728 3989; x_wconf 81' lang='lat' dir='ltr'><strong>missis.-</strong></span> <span class='ocrx_word' id='word_1_286' title='bbox 1777 3933 2048 3991; x_wconf 79' lang='lat' dir='ltr'><strong>Multoties</strong></span> 
     </span>
    </p>
   </div>
   <div class='ocr_carea' id='block_1_43' title="bbox 461 4020 2045 4094">
    <p class='ocr_par' dir='ltr' id='par_1_43' title="bbox 461 4020 2045 4094">
     <span class='ocr_line' id='line_1_43' title="bbox 461 4020 2045 4094; baseline 0 -14"><span class='ocrx_word' id='word_1_287' title='bbox 461 4023 608 4080; x_wconf 82' lang='lat' dir='ltr'><strong>Deus</strong></span> <span class='ocrx_word' id='word_1_288' title='bbox 661 4022 895 4094; x_wconf 80' lang='lat' dir='ltr'><strong>aliquem</strong></span> <span class='ocrx_word' id='word_1_289' title='bbox 943 4020 1145 4076; x_wconf 85' lang='lat' dir='ltr'><strong>malum</strong></span> <span class='ocrx_word' id='word_1_290' title='bbox 1202 4021 1542 4093; x_wconf 78' lang='lat' dir='ltr'><strong>tyrannidem</strong></span> <span class='ocrx_word' id='word_1_291' title='bbox 1608 4038 1865 4080; x_wconf 82' lang='lat' dir='ltr'><strong>exercere</strong></span> <span class='ocrx_word' id='word_1_292' title='bbox 1916 4040 2045 4094; x_wconf 89' lang='lat' dir='ltr'><strong>per-</strong></span> 
     </span>
    </p>
   </div>
   <div class='ocr_carea' id='block_1_44' title="bbox 461 4111 2044 4188">
    <p class='ocr_par' dir='ltr' id='par_1_44' title="bbox 461 4111 2044 4188">
     <span class='ocr_line' id='line_1_44' title="bbox 461 4111 2044 4188; baseline 0.001 -17"><span class='ocrx_word' id='word_1_293' title='bbox 461 4115 647 4182; x_wconf 90' lang='lat' dir='ltr'><strong>mittit,</strong></span> <span class='ocrx_word' id='word_1_294' title='bbox 679 4121 739 4169; x_wconf 92' lang='lat' dir='ltr'><strong>ut</strong></span> <span class='ocrx_word' id='word_1_295' title='bbox 766 4121 821 4169; x_wconf 90' lang='lat' dir='ltr'><strong>et</strong></span> <span class='ocrx_word' id='word_1_296' title='bbox 841 4112 984 4183; x_wconf 45' lang='lat' dir='ltr'><strong>.mali</strong></span> <span class='ocrx_word' id='word_1_297' title='bbox 1021 4111 1449 4180; x_wconf 77' lang='lat' dir='ltr'><strong>confundantur,</strong></span> <span class='ocrx_word' id='word_1_298' title='bbox 1480 4123 1533 4168; x_wconf 90' lang='lat' dir='ltr'><strong>et</strong></span> <span class='ocrx_word' id='word_1_299' title='bbox 1561 4114 1688 4170; x_wconf 87' lang='lat' dir='ltr'><strong>boni</strong></span> <span class='ocrx_word' id='word_1_300' title='bbox 1714 4117 1886 4188; x_wconf 86' lang='lat' dir='ltr'><strong>magis</strong></span> <span class='ocrx_word' id='word_1_301' title='bbox 1915 4132 2044 4188; x_wconf 83' lang='lat' dir='ltr'><strong>pro-</strong></span> 
     </span>
    </p>
   </div>
   <div class='ocr_carea' id='block_1_45' title="bbox 461 4209 673 4263">
    <p class='ocr_par' dir='ltr' id='par_1_45' title="bbox 461 4209 673 4263">
     <span class='ocr_line' id='line_1_45' title="bbox 461 4209 673 4263; baseline -0.014 0"><span class='ocrx_word' id='word_1_302' title='bbox 461 4209 673 4263; x_wconf 86' lang='lat' dir='ltr'><strong>bentur.</strong></span> 
     </span>
    </p>
   </div>
   <div class='ocr_carea' id='block_1_46' title="bbox 530 4284 2044 4369">
    <p class='ocr_par' dir='ltr' id='par_1_46' title="bbox 530 4284 2044 4369">
     <span class='ocr_line' id='line_1_46' title="bbox 530 4284 2044 4369; baseline 0.002 -17"><span class='ocrx_word' id='word_1_303' title='bbox 530 4300 610 4354; x_wconf 80' lang='lat' dir='ltr'><strong>Ad</strong></span> <span class='ocrx_word' id='word_1_304' title='bbox 644 4300 947 4355; x_wconf 81' lang='lat' dir='ltr'><strong>vindictam.</strong></span> <span class='ocrx_word' id='word_1_305' title='bbox 982 4297 1195 4369; x_wconf 71' lang='grc' dir='ltr'><strong>(Βεω.)</strong></span> <span class='ocrx_word' id='word_1_306' title='bbox 1246 4295 1360 4352; x_wconf 80' lang='lat' dir='ltr'><strong>Hoc</strong></span> <span class='ocrx_word' id='word_1_307' title='bbox 1396 4297 1560 4364; x_wconf 89' lang='lat' dir='ltr'><strong>dicit,</strong></span> <span class='ocrx_word' id='word_1_308' title='bbox 1584 4284 1702 4354; x_wconf 25' lang='lat' dir='ltr'><strong>Anon</strong></span> <span class='ocrx_word' id='word_1_309' title='bbox 1751 4308 1930 4356; x_wconf 83' lang='lat' dir='ltr'><strong>tamen</strong></span> <span class='ocrx_word' id='word_1_310' title='bbox 1970 4300 2044 4355; x_wconf 85' lang='lat' dir='ltr'><strong>ita</strong></span> 
     </span>
    </p>
   </div>
   <div class='ocr_carea' id='block_1_47' title="bbox 458 4389 2044 4463">
    <p class='ocr_par' dir='ltr' id='par_1_47' title="bbox 458 4389 2044 4463">
     <span class='ocr_line' id='line_1_47' title="bbox 458 4389 2044 4463; baseline 0.002 -17"><span class='ocrx_word' id='word_1_311' title='bbox 458 4390 601 4463; x_wconf 86' lang='lat' dir='ltr'><strong>quod</strong></span> <span class='ocrx_word' id='word_1_312' title='bbox 637 4404 854 4461; x_wconf 87' lang='lat' dir='ltr'><strong>semper</strong></span> <span class='ocrx_word' id='word_1_313' title='bbox 876 4390 993 4455; x_wconf 79' lang='lat' dir='ltr'><strong>fiat,</strong></span> <span class='ocrx_word' id='word_1_314' title='bbox 1024 4389 1117 4444; x_wconf 89' lang='lat' dir='ltr'><strong>sed</strong></span> <span class='ocrx_word' id='word_1_315' title='bbox 1141 4404 1262 4459; x_wconf 66' lang='lat' dir='ltr'><strong>quae</strong></span> <span class='ocrx_word' id='word_1_316' title='bbox 1312 4404 1433 4445; x_wconf 86' lang='lat' dir='ltr'><strong>esse</strong></span> <span class='ocrx_word' id='word_1_317' title='bbox 1476 4390 1671 4446; x_wconf 88' lang='lat' dir='ltr'><strong>debeat</strong></span> <span class='ocrx_word' id='word_1_318' title='bbox 1695 4393 1839 4447; x_wconf 92' lang='lat' dir='ltr'><strong>actio</strong></span> <span class='ocrx_word' id='word_1_319' title='bbox 1868 4394 2044 4461; x_wconf 83' lang='lat' dir='ltr'><strong>ducis,-</strong></span> 
     </span>
    </p>
   </div>
   <div class='ocr_carea' id='block_1_48' title="bbox 461 4481 2093 4553">
    <p class='ocr_par' dir='ltr' id='par_1_48' title="bbox 461 4481 2093 4553">
     <span class='ocr_line' id='line_1_48' title="bbox 461 4481 2093 4553; baseline 0.001 -13"><span class='ocrx_word' id='word_1_320' title='bbox 461 4482 780 4553; x_wconf 87' lang='lat' dir='ltr'><strong>simpliciter</strong></span> <span class='ocrx_word' id='word_1_321' title='bbox 807 4489 1018 4549; x_wconf 88' lang='lat' dir='ltr'><strong>narrat,</strong></span> <span class='ocrx_word' id='word_1_322' title='bbox 1051 4481 1145 4551; x_wconf 86' lang='lat' dir='ltr'><strong>qui</strong></span> <span class='ocrx_word' id='word_1_323' title='bbox 1167 4481 1380 4536; x_wconf 90' lang='lat' dir='ltr'><strong>etiamsi</strong></span> <span class='ocrx_word' id='word_1_324' title='bbox 1430 4482 1604 4537; x_wconf 88' lang='lat' dir='ltr'><strong>bonos</strong></span> <span class='ocrx_word' id='word_1_325' title='bbox 1628 4484 1850 4540; x_wconf 86' lang='lat' dir='ltr'><strong>damnat</strong></span> <span class='ocrx_word' id='word_1_326' title='bbox 1877 4502 1892 4551; x_wconf 91' lang='lat'><strong>;</strong></span> <span class='ocrx_word' id='word_1_327' title='bbox 1932 4501 2039 4541; x_wconf 88' lang='lat' dir='ltr'><strong>non</strong></span> <span class='ocrx_word' id='word_1_328' title='bbox 2069 4510 2093 4553; x_wconf 64' lang='grc' dir='ltr'><strong>ί</strong></span> 
     </span>
    </p>
   </div>
   <div class='ocr_carea' id='block_1_49' title="bbox 456 4579 2040 4651">
    <p class='ocr_par' dir='ltr' id='par_1_49' title="bbox 456 4579 2040 4651">
     <span class='ocr_line' id='line_1_49' title="bbox 456 4579 2040 4651; baseline -0.001 -13"><span class='ocrx_word' id='word_1_329' title='bbox 456 4583 640 4638; x_wconf 81' lang='lat' dir='ltr'><strong>minus</strong></span> <span class='ocrx_word' id='word_1_330' title='bbox 675 4581 745 4636; x_wconf 90' lang='lat' dir='ltr'><strong>ad</strong></span> <span class='ocrx_word' id='word_1_331' title='bbox 776 4580 1004 4635; x_wconf 76' lang='lat' dir='ltr'><strong>laudem</strong></span> <span class='ocrx_word' id='word_1_332' title='bbox 1035 4593 1226 4634; x_wconf 91' lang='lat' dir='ltr'><strong>eorum</strong></span> <span class='ocrx_word' id='word_1_333' title='bbox 1275 4579 1511 4649; x_wconf 85' lang='lat' dir='ltr'><strong>pertinet</strong></span> <span class='ocrx_word' id='word_1_334' title='bbox 1543 4581 1685 4649; x_wconf 89' lang='lat' dir='ltr'><strong>quod</strong></span> <span class='ocrx_word' id='word_1_335' title='bbox 1714 4582 1844 4651; x_wconf 83' lang='lat' dir='ltr'><strong>agit,</strong></span> <span class='ocrx_word' id='word_1_336' title='bbox 1872 4582 1916 4636; x_wconf 90' lang='lat' dir='ltr'><strong>si</strong></span> <span class='ocrx_word' id='word_1_337' title='bbox 1944 4597 2040 4651; x_wconf 87' lang='lat' dir='ltr'><strong>pa-</strong></span> 
     </span>
    </p>
   </div>
   <div class='ocr_carea' id='block_1_50' title="bbox 458 4668 2039 4743">
    <p class='ocr_par' dir='ltr' id='par_1_50' title="bbox 458 4668 2039 4743">
     <span class='ocr_line' id='line_1_50' title="bbox 458 4668 2039 4743; baseline 0.001 -15"><span class='ocrx_word' id='word_1_338' title='bbox 458 4674 656 4729; x_wconf 90' lang='lat' dir='ltr'><strong>tienter</strong></span> <span class='ocrx_word' id='word_1_339' title='bbox 681 4671 1083 4743; x_wconf 88' lang='lat' dir='ltr'><strong>improbitatem</strong></span> <span class='ocrx_word' id='word_1_340' title='bbox 1112 4668 1231 4739; x_wconf 86' lang='lat' dir='ltr'><strong>ejus</strong></span> <span class='ocrx_word' id='word_1_341' title='bbox 1279 4670 1511 4727; x_wconf 88' lang='lat' dir='ltr'><strong>tolerant</strong></span> <span class='ocrx_word' id='word_1_342' title='bbox 1543 4671 1694 4737; x_wconf 89' lang='lat' dir='ltr'><strong>boni,</strong></span> <span class='ocrx_word' id='word_1_343' title='bbox 1730 4680 1787 4727; x_wconf 89' lang='lat' dir='ltr'><strong>et</strong></span> <span class='ocrx_word' id='word_1_344' title='bbox 1823 4674 2039 4742; x_wconf 55' lang='lat' dir='ltr'><strong>sapien-s</strong></span> 
     </span>
    </p>
   </div>
   <div class='ocr_carea' id='block_1_51' title="bbox 459 4766 1221 4839">
    <p class='ocr_par' dir='ltr' id='par_1_51' title="bbox 459 4766 1221 4839">
     <span class='ocr_line' id='line_1_51' title="bbox 459 4766 1221 4839; baseline -0.009 -14"><span class='ocrx_word' id='word_1_345' title='bbox 459 4779 544 4825; x_wconf 89' lang='lat' dir='ltr'><strong>ter</strong></span> <span class='ocrx_word' id='word_1_346' title='bbox 566 4768 683 4839; x_wconf 89' lang='lat' dir='ltr'><strong>ejus</strong></span> <span class='ocrx_word' id='word_1_347' title='bbox 709 4767 920 4822; x_wconf 74' lang='lat' dir='ltr'><strong>astutiae</strong></span> <span class='ocrx_word' id='word_1_348' title='bbox 941 4766 1221 4821; x_wconf 89' lang='lat' dir='ltr'><strong>resistunt.</strong></span> 
     </span>
    </p>
   </div>
   <div class='ocr_carea' id='block_1_52' title="bbox 531 4842 2034 4923">
    <p class='ocr_par' dir='ltr' id='par_1_52' title="bbox 531 4842 2034 4923">
     <span class='ocr_line' id='line_1_52' title="bbox 531 4842 2034 4923; baseline -0.004 -6"><span class='ocrx_word' id='word_1_349' title='bbox 531 4861 693 4918; x_wconf 76' lang='lat' dir='ltr'><strong>Vens.</strong></span> <span class='ocrx_word' id='word_1_350' title='bbox 727 4860 812 4914; x_wconf 81' lang='grc'><strong>15.</strong></span> <span class='ocrx_word' id='word_1_351' title='bbox 834 4887 907 4902; x_wconf 87' lang='lat'><strong>--</strong></span> <span class='ocrx_word' id='word_1_352' title='bbox 939 4857 1174 4914; x_wconf 77' lang='lat' dir='ltr'><strong>Laudem</strong></span> <span class='ocrx_word' id='word_1_353' title='bbox 1224 4873 1340 4912; x_wconf 82' lang='lat' dir='ltr'><strong>vero</strong></span> <span class='ocrx_word' id='word_1_354' title='bbox 1381 4858 1654 4911; x_wconf 88' lang='lat' dir='ltr'><strong>bonorum.</strong></span> <span class='ocrx_word' id='word_1_355' title='bbox 1682 4842 2034 4923; x_wconf 81' lang='lat' dir='ltr'><strong>Quiasicest.</strong></span> 
     </span>
    </p>
   </div>
   <div class='ocr_carea' id='block_1_53' title="bbox 459 4948 2039 5023">
    <p class='ocr_par' dir='ltr' id='par_1_53' title="bbox 459 4948 2039 5023">
     <span class='ocr_line' id='line_1_53' title="bbox 459 4948 2039 5023; baseline -0.002 -16"><span class='ocrx_word' id='word_1_356' title='bbox 459 4952 599 5009; x_wconf 82' lang='lat' dir='ltr'><strong>Vere</strong></span> <span class='ocrx_word' id='word_1_357' title='bbox 623 4952 718 5023; x_wconf 87' lang='lat' dir='ltr'><strong>pii,</strong></span> <span class='ocrx_word' id='word_1_358' title='bbox 747 4950 1007 5022; x_wconf 84' lang='lat' dir='ltr'><strong>quidquid</strong></span> <span class='ocrx_word' id='word_1_359' title='bbox 1029 4950 1193 5005; x_wconf 83' lang='lat' dir='ltr'><strong>duces</strong></span> <span class='ocrx_word' id='word_1_360' title='bbox 1218 4958 1399 5019; x_wconf 85' lang='lat' dir='ltr'><strong>agant,</strong></span> <span class='ocrx_word' id='word_1_361' title='bbox 1441 4948 1655 5004; x_wconf 83' lang='lat' dir='ltr'><strong>laudem</strong></span> <span class='ocrx_word' id='word_1_362' title='bbox 1705 4965 2039 5019; x_wconf 79' lang='lat' dir='ltr'><strong>consequun-</strong></span> 
     </span>
    </p>
   </div>
   <div class='ocr_carea' id='block_1_54' title="bbox 459 5042 2034 5117">
    <p class='ocr_par' dir='ltr' id='par_1_54' title="bbox 459 5042 2034 5117">
     <span class='ocr_line' id='line_1_54' title="bbox 459 5042 2034 5117; baseline -0.003 -15"><span class='ocrx_word' id='word_1_363' title='bbox 459 5055 591 5102; x_wconf 89' lang='lat' dir='ltr'><strong>tur:</strong></span> <span class='ocrx_word' id='word_1_364' title='bbox 623 5046 748 5117; x_wconf 89' lang='lat' dir='ltr'><strong>quia</strong></span> <span class='ocrx_word' id='word_1_365' title='bbox 776 5045 880 5101; x_wconf 89' lang='lat' dir='ltr'><strong>hoc</strong></span> <span class='ocrx_word' id='word_1_366' title='bbox 904 5043 1017 5099; x_wconf 89' lang='lat' dir='ltr'><strong>vult</strong></span> <span class='ocrx_word' id='word_1_367' title='bbox 1041 5043 1201 5109; x_wconf 87' lang='lat' dir='ltr'><strong>Deus,</strong></span> <span class='ocrx_word' id='word_1_368' title='bbox 1246 5042 1338 5115; x_wconf 88' lang='lat' dir='ltr'><strong>qui</strong></span> <span class='ocrx_word' id='word_1_369' title='bbox 1378 5042 1541 5096; x_wconf 90' lang='lat' dir='ltr'><strong>etiam</strong></span> <span class='ocrx_word' id='word_1_370' title='bbox 1595 5042 1752 5097; x_wconf 89' lang='lat' dir='ltr'><strong>malis</strong></span> <span class='ocrx_word' id='word_1_371' title='bbox 1786 5043 1957 5097; x_wconf 90' lang='lat' dir='ltr'><strong>utitur</strong></span> <span class='ocrx_word' id='word_1_372' title='bbox 1980 5043 2034 5098; x_wconf 85' lang='lat' dir='ltr'><strong>iu</strong></span> 
     </span>
    </p>
   </div>
   <div class='ocr_carea' id='block_1_55' title="bbox 405 5115 2030 5202">
    <p class='ocr_par' dir='ltr' id='par_1_55' title="bbox 405 5115 2030 5202">
     <span class='ocr_line' id='line_1_55' title="bbox 405 5115 2030 5202; baseline -0.002 -10"><span class='ocrx_word' id='word_1_373' title='bbox 405 5115 684 5202; x_wconf 58' lang='lat' dir='ltr'><strong>.honum,</strong></span> <span class='ocrx_word' id='word_1_374' title='bbox 713 5136 855 5192; x_wconf 89' lang='lat' dir='ltr'><strong>unde</strong></span> <span class='ocrx_word' id='word_1_375' title='bbox 884 5143 940 5191; x_wconf 85' lang='lat' dir='ltr'><strong>et</strong></span> <span class='ocrx_word' id='word_1_376' title='bbox 979 5150 1076 5190; x_wconf 91' lang='lat' dir='ltr'><strong>vos</strong></span> <span class='ocrx_word' id='word_1_377' title='bbox 1126 5132 1351 5189; x_wconf 86' lang='lat' dir='ltr'><strong>utamini</strong></span> <span class='ocrx_word' id='word_1_378' title='bbox 1380 5132 1543 5187; x_wconf 90' lang='lat' dir='ltr'><strong>etiam</strong></span> <span class='ocrx_word' id='word_1_379' title='bbox 1575 5133 1682 5189; x_wconf 89' lang='lat' dir='ltr'><strong>illis</strong></span> <span class='ocrx_word' id='word_1_380' title='bbox 1723 5133 1775 5187; x_wconf 92' lang='lat' dir='ltr'><strong>in</strong></span> <span class='ocrx_word' id='word_1_381' title='bbox 1810 5134 2030 5201; x_wconf 82' lang='lat' dir='ltr'><strong>bonum,</strong></span> 
     </span>
    </p>
   </div>
   <div class='ocr_carea' id='block_1_56' title="bbox 457 5223 2037 5296">
    <p class='ocr_par' dir='ltr' id='par_1_56' title="bbox 457 5223 2037 5296">
     <span class='ocr_line' id='line_1_56' title="bbox 457 5223 2037 5296; baseline -0.003 -12"><span class='ocrx_word' id='word_1_382' title='bbox 457 5229 573 5285; x_wconf 83' lang='lat' dir='ltr'><strong>sive</strong></span> <span class='ocrx_word' id='word_1_383' title='bbox 599 5228 726 5284; x_wconf 85' lang='lat' dir='ltr'><strong>boni</strong></span> <span class='ocrx_word' id='word_1_384' title='bbox 757 5227 871 5284; x_wconf 82' lang='lat' dir='ltr'><strong>sive</strong></span> <span class='ocrx_word' id='word_1_385' title='bbox 890 5226 1015 5283; x_wconf 88' lang='lat' dir='ltr'><strong>mali</strong></span> <span class='ocrx_word' id='word_1_386' title='bbox 1037 5226 1164 5293; x_wconf 88' lang='lat' dir='ltr'><strong>sint,</strong></span> <span class='ocrx_word' id='word_1_387' title='bbox 1195 5226 1443 5296; x_wconf 77' lang='lat' dir='ltr'><strong>facientes</strong></span> <span class='ocrx_word' id='word_1_388' title='bbox 1468 5223 1816 5281; x_wconf 83' lang='lat' dir='ltr'><strong>obmutescere</strong></span> <span class='ocrx_word' id='word_1_389' title='bbox 1838 5227 2037 5296; x_wconf 65' lang='lat' dir='ltr'><strong>impru-s</strong></span> 
     </span>
    </p>
   </div>
   <div class='ocr_carea' id='block_1_57' title="bbox 456 5315 2036 5388">
    <p class='ocr_par' dir='ltr' id='par_1_57' title="bbox 456 5315 2036 5388">
     <span class='ocr_line' id='line_1_57' title="bbox 456 5315 2036 5388; baseline 0 -16"><span class='ocrx_word' id='word_1_390' title='bbox 456 5320 689 5375; x_wconf 85' lang='lat' dir='ltr'><strong>dentium</strong></span> <span class='ocrx_word' id='word_1_391' title='bbox 716 5319 985 5374; x_wconf 82' lang='lat' dir='ltr'><strong>hominum</strong></span> <span class='ocrx_word' id='word_1_392' title='bbox 1011 5316 1387 5388; x_wconf 87' lang='lat' dir='ltr'><strong>ignorantium.</strong></span> <span class='ocrx_word' id='word_1_393' title='bbox 1443 5315 1512 5370; x_wconf 83' lang='lat' dir='ltr'><strong>Ut</strong></span> <span class='ocrx_word' id='word_1_394' title='bbox 1536 5330 1751 5385; x_wconf 86' lang='lat' dir='ltr'><strong>quoque</strong></span> <span class='ocrx_word' id='word_1_395' title='bbox 1775 5317 1934 5371; x_wconf 90' lang='lat' dir='ltr'><strong>modo</strong></span> <span class='ocrx_word' id='word_1_396' title='bbox 1955 5318 2036 5372; x_wconf 87' lang='lat' dir='ltr'><strong>eis</strong></span> 
     </span>
    </p>
   </div>
   <div class='ocr_carea' id='block_1_58' title="bbox 456 5410 2030 5479">
    <p class='ocr_par' dir='ltr' id='par_1_58' title="bbox 456 5410 2030 5479">
     <span class='ocr_line' id='line_1_58' title="bbox 456 5410 2030 5479; baseline 0 -13"><span class='ocrx_word' id='word_1_397' title='bbox 456 5413 510 5466; x_wconf 91' lang='lat' dir='ltr'><strong>iu</strong></span> <span class='ocrx_word' id='word_1_398' title='bbox 541 5410 737 5466; x_wconf 85' lang='lat' dir='ltr'><strong>bonum</strong></span> <span class='ocrx_word' id='word_1_399' title='bbox 783 5411 1030 5475; x_wconf 87' lang='lat' dir='ltr'><strong>utamini,</strong></span> <span class='ocrx_word' id='word_1_400' title='bbox 1068 5419 1121 5465; x_wconf 85' lang='lat' dir='ltr'><strong>et</strong></span> <span class='ocrx_word' id='word_1_401' title='bbox 1154 5424 1249 5479; x_wconf 87' lang='lat' dir='ltr'><strong>per</strong></span> <span class='ocrx_word' id='word_1_402' title='bbox 1289 5425 1383 5465; x_wconf 90' lang='lat' dir='ltr'><strong>eos</strong></span> <span class='ocrx_word' id='word_1_403' title='bbox 1437 5410 1647 5465; x_wconf 91' lang='lat' dir='ltr'><strong>laudem</strong></span> <span class='ocrx_word' id='word_1_404' title='bbox 1694 5413 2030 5475; x_wconf 87' lang='lat' dir='ltr'><strong>mereamini,</strong></span> 
     </span>
    </p>
   </div>
   <div class='ocr_carea' id='block_1_59' title="bbox 450 5501 2029 5573">
    <p class='ocr_par' dir='ltr' id='par_1_59' title="bbox 450 5501 2029 5573">
     <span class='ocr_line' id='line_1_59' title="bbox 450 5501 2029 5573; baseline 0.004 -19"><span class='ocrx_word' id='word_1_405' title='bbox 450 5512 553 5558; x_wconf 83' lang='lat' dir='ltr'><strong>nec</strong></span> <span class='ocrx_word' id='word_1_406' title='bbox 574 5502 676 5573; x_wconf 90' lang='lat' dir='ltr'><strong>ipsi</strong></span> <span class='ocrx_word' id='word_1_407' title='bbox 726 5502 1003 5558; x_wconf 88' lang='lat' dir='ltr'><strong>inveniant</strong></span> <span class='ocrx_word' id='word_1_408' title='bbox 1051 5501 1181 5571; x_wconf 88' lang='lat' dir='ltr'><strong>quid</strong></span> <span class='ocrx_word' id='word_1_409' title='bbox 1236 5503 1287 5555; x_wconf 90' lang='lat' dir='ltr'><strong>in</strong></span> <span class='ocrx_word' id='word_1_410' title='bbox 1325 5503 1479 5557; x_wconf 84' lang='lat' dir='ltr'><strong>vobis</strong></span> <span class='ocrx_word' id='word_1_411' title='bbox 1528 5503 1851 5573; x_wconf 86' lang='lat' dir='ltr'><strong>vituperent,</strong></span> <span class='ocrx_word' id='word_1_412' title='bbox 1902 5506 2029 5561; x_wconf 91' lang='lat' dir='ltr'><strong>dum</strong></span> 
     </span>
    </p>
   </div>
   <div class='ocr_carea' id='block_1_60' title="bbox 452 5592 2032 5663">
    <p class='ocr_par' dir='ltr' id='par_1_60' title="bbox 452 5592 2032 5663">
     <span class='ocr_line' id='line_1_60' title="bbox 452 5592 2032 5663; baseline 0 -16"><span class='ocrx_word' id='word_1_413' title='bbox 452 5593 614 5647; x_wconf 84' lang='lat' dir='ltr'><strong>etiam</strong></span> <span class='ocrx_word' id='word_1_414' title='bbox 646 5593 792 5663; x_wconf 85' lang='lat' dir='ltr'><strong>ipsos</strong></span> <span class='ocrx_word' id='word_1_415' title='bbox 822 5592 1101 5647; x_wconf 90' lang='lat' dir='ltr'><strong>honoratis</strong></span> <span class='ocrx_word' id='word_1_416' title='bbox 1128 5599 1183 5647; x_wconf 88' lang='lat' dir='ltr'><strong>et</strong></span> <span class='ocrx_word' id='word_1_417' title='bbox 1207 5592 1473 5658; x_wconf 85' lang='lat' dir='ltr'><strong>patimini,</strong></span> <span class='ocrx_word' id='word_1_418' title='bbox 1507 5593 1755 5662; x_wconf 86' lang='lat' dir='ltr'><strong>quamvis</strong></span> <span class='ocrx_word' id='word_1_419' title='bbox 1786 5593 1895 5648; x_wconf 91' lang='lat' dir='ltr'><strong>sint</strong></span> <span class='ocrx_word' id='word_1_420' title='bbox 1930 5594 2032 5648; x_wconf 83' lang='lat' dir='ltr'><strong>im-</strong></span> 
     </span>
    </p>
   </div>
   <div class='ocr_carea' id='block_1_61' title="bbox 450 5684 659 5738">
    <p class='ocr_par' dir='ltr' id='par_1_61' title="bbox 450 5684 659 5738">
     <span class='ocr_line' id='line_1_61' title="bbox 450 5684 659 5738; baseline 0.005 -1"><span class='ocrx_word' id='word_1_421' title='bbox 450 5684 659 5738; x_wconf 81' lang='lat' dir='ltr'><strong>tuumli.</strong></span> 
     </span>
    </p>
   </div>
   <div class='ocr_carea' id='block_1_62' title="bbox 459 5770 2032 5844">
    <p class='ocr_par' dir='ltr' id='par_1_62' title="bbox 459 5770 2032 5844">
     <span class='ocr_line' id='line_1_62' title="bbox 459 5770 2032 5844; baseline 0.001 -20"><span class='ocrx_word' id='word_1_422' title='bbox 459 5777 466 5785; x_wconf 82' lang='lat'><strong><em>&#39;</em></strong></span> <span class='ocrx_word' id='word_1_423' title='bbox 529 5771 679 5826; x_wconf 69' lang='lat' dir='ltr'><strong>Vens.</strong></span> <span class='ocrx_word' id='word_1_424' title='bbox 719 5772 803 5826; x_wconf 80' lang='grc'><strong>16.</strong></span> <span class='ocrx_word' id='word_1_425' title='bbox 841 5803 905 5812; x_wconf 90' lang='grc'><strong><em>-</em></strong></span> <span class='ocrx_word' id='word_1_426' title='bbox 936 5770 1057 5825; x_wconf 72' lang='lat' dir='ltr'><strong>Non</strong></span> <span class='ocrx_word' id='word_1_427' title='bbox 1089 5772 1238 5841; x_wconf 78' lang='lat' dir='ltr'><strong>quasi</strong></span> <span class='ocrx_word' id='word_1_428' title='bbox 1264 5772 1513 5826; x_wconf 73' lang='lat' dir='ltr'><strong>velamen.</strong></span> <span class='ocrx_word' id='word_1_429' title='bbox 1547 5772 1761 5844; x_wconf 52' lang='lat' dir='ltr'><strong>(Beas)</strong></span> <span class='ocrx_word' id='word_1_430' title='bbox 1790 5773 1905 5827; x_wconf 66' lang='lat' dir='ltr'><strong>Non</strong></span> <span class='ocrx_word' id='word_1_431' title='bbox 1936 5781 2032 5828; x_wconf 83' lang='lat' dir='ltr'><strong>ha-</strong></span> 
     </span>
    </p>
   </div>
   <div class='ocr_carea' id='block_1_63' title="bbox 2164 538 3405 606">
    <p class='ocr_par' dir='ltr' id='par_1_63' title="bbox 2164 538 3405 606">
     <span class='ocr_line' id='line_1_63' title="bbox 2164 538 3405 606; baseline 0.007 -18"><span class='ocrx_word' id='word_1_432' title='bbox 2164 552 2326 606; x_wconf 82' lang='lat' dir='ltr'><strong>usque</strong></span> <span class='ocrx_word' id='word_1_433' title='bbox 2351 539 2418 590; x_wconf 88' lang='lat' dir='ltr'><strong>ad</strong></span> <span class='ocrx_word' id='word_1_434' title='bbox 2445 540 2586 594; x_wconf 86' lang='lat' dir='ltr'><strong>unde</strong></span> <span class='ocrx_word' id='word_1_435' title='bbox 2610 538 2761 594; x_wconf 81' lang='lat' dir='ltr'><strong>addit</strong></span> <span class='ocrx_word' id='word_1_436' title='bbox 2785 557 2800 593; x_wconf 90' lang='lat'><strong>:</strong></span> <span class='ocrx_word' id='word_1_437' title='bbox 2837 539 2943 595; x_wconf 85' lang='lat' dir='ltr'><strong>Sed</strong></span> <span class='ocrx_word' id='word_1_438' title='bbox 2966 542 3100 595; x_wconf 82' lang='lat' dir='ltr'><strong>sicut</strong></span> <span class='ocrx_word' id='word_1_439' title='bbox 3124 544 3257 597; x_wconf 74' lang='lat' dir='ltr'><strong>servi</strong></span> <span class='ocrx_word' id='word_1_440' title='bbox 3287 543 3405 597; x_wconf 85' lang='lat' dir='ltr'><strong>Dei.</strong></span> 
     </span>
    </p>
   </div>
   <div class='ocr_carea' id='block_1_64' title="bbox 2234 629 3746 708">
    <p class='ocr_par' dir='ltr' id='par_1_64' title="bbox 2234 629 3746 708">
     <span class='ocr_line' id='line_1_64' title="bbox 2234 629 3746 708; baseline 0.008 -26"><span class='ocrx_word' id='word_1_441' title='bbox 2234 629 2398 684; x_wconf 74' lang='lat' dir='ltr'><strong>Vsus.</strong></span> <span class='ocrx_word' id='word_1_442' title='bbox 2428 630 2514 684; x_wconf 84' lang='lat' dir='ltr'><strong>I7.</strong></span> <span class='ocrx_word' id='word_1_443' title='bbox 2552 661 2619 671; x_wconf 92' lang='lat'><strong>—-</strong></span> <span class='ocrx_word' id='word_1_444' title='bbox 2651 630 3060 687; x_wconf 73' lang='lat' dir='ltr'><strong>Fraternitatem</strong></span> <span class='ocrx_word' id='word_1_445' title='bbox 3088 635 3309 706; x_wconf 71' lang='lat' dir='ltr'><strong>diligite.</strong></span> <span class='ocrx_word' id='word_1_446' title='bbox 3345 637 3468 708; x_wconf 83' lang='lat' dir='ltr'><strong>(In.)</strong></span> <span class='ocrx_word' id='word_1_447' title='bbox 3505 637 3571 692; x_wconf 86' lang='lat' dir='ltr'><strong>Et</strong></span> <span class='ocrx_word' id='word_1_448' title='bbox 3606 639 3746 695; x_wconf 86' lang='lat' dir='ltr'><strong>inter</strong></span> 
     </span>
    </p>
   </div>
   <div class='ocr_carea' id='block_1_65' title="bbox 2162 721 3746 798">
    <p class='ocr_par' dir='ltr' id='par_1_65' title="bbox 2162 721 3746 798">
     <span class='ocr_line' id='line_1_65' title="bbox 2162 721 3746 798; baseline 0.008 -25"><span class='ocrx_word' id='word_1_449' title='bbox 2162 721 2366 785; x_wconf 88' lang='lat' dir='ltr'><strong>omnia,</strong></span> <span class='ocrx_word' id='word_1_450' title='bbox 2391 721 2555 776; x_wconf 86' lang='lat' dir='ltr'><strong>etiam</strong></span> <span class='ocrx_word' id='word_1_451' title='bbox 2586 723 2707 778; x_wconf 91' lang='lat' dir='ltr'><strong>illos</strong></span> <span class='ocrx_word' id='word_1_452' title='bbox 2728 725 2819 794; x_wconf 88' lang='lat' dir='ltr'><strong>qui</strong></span> <span class='ocrx_word' id='word_1_453' title='bbox 2853 726 3165 781; x_wconf 86' lang='lat' dir='ltr'><strong>conditione</strong></span> <span class='ocrx_word' id='word_1_454' title='bbox 3204 729 3487 797; x_wconf 83' lang='lat' dir='ltr'><strong>temporali</strong></span> <span class='ocrx_word' id='word_1_455' title='bbox 3524 730 3746 798; x_wconf 83' lang='lat' dir='ltr'><strong>subjecti</strong></span> 
     </span>
    </p>
   </div>
   <div class='ocr_carea' id='block_1_66' title="bbox 2164 815 3364 891">
    <p class='ocr_par' dir='ltr' id='par_1_66' title="bbox 2164 815 3364 891">
     <span class='ocr_line' id='line_1_66' title="bbox 2164 815 3364 891; baseline 0.006 -24"><span class='ocrx_word' id='word_1_456' title='bbox 2164 821 2290 867; x_wconf 87' lang='lat' dir='ltr'><strong>sunt</strong></span> <span class='ocrx_word' id='word_1_457' title='bbox 2315 815 2483 875; x_wconf 87' lang='lat' dir='ltr'><strong>vobis,</strong></span> <span class='ocrx_word' id='word_1_458' title='bbox 2510 823 2568 869; x_wconf 90' lang='lat' dir='ltr'><strong>ut</strong></span> <span class='ocrx_word' id='word_1_459' title='bbox 2593 816 2791 871; x_wconf 85' lang='lat' dir='ltr'><strong>fratres</strong></span> <span class='ocrx_word' id='word_1_460' title='bbox 2817 817 2870 871; x_wconf 91' lang='lat' dir='ltr'><strong>in</strong></span> <span class='ocrx_word' id='word_1_461' title='bbox 2901 816 3117 873; x_wconf 85' lang='lat' dir='ltr'><strong>Christo</strong></span> <span class='ocrx_word' id='word_1_462' title='bbox 3142 819 3364 891; x_wconf 84' lang='lat' dir='ltr'><strong>diligite.</strong></span> 
     </span>
    </p>
   </div>
   <div class='ocr_carea' id='block_1_67' title="bbox 2234 903 3747 983">
    <p class='ocr_par' dir='ltr' id='par_1_67' title="bbox 2234 903 3747 983">
     <span class='ocr_line' id='line_1_67' title="bbox 2234 903 3747 983; baseline 0.009 -26"><span class='ocrx_word' id='word_1_463' title='bbox 2234 903 2399 960; x_wconf 72' lang='lat' dir='ltr'><strong>Vens.</strong></span> <span class='ocrx_word' id='word_1_464' title='bbox 2434 908 2520 963; x_wconf 85' lang='grc'><strong>18.</strong></span> <span class='ocrx_word' id='word_1_465' title='bbox 2556 938 2625 947; x_wconf 88' lang='grc'><strong><em>-</em></strong></span> <span class='ocrx_word' id='word_1_466' title='bbox 2662 907 2809 964; x_wconf 75' lang='grc' dir='ltr'><strong>δεηνὶ</strong></span> <span class='ocrx_word' id='word_1_467' title='bbox 2840 910 3079 981; x_wconf 82' lang='lat' dir='ltr'><strong>subjecti.</strong></span> <span class='ocrx_word' id='word_1_468' title='bbox 3112 912 3401 983; x_wconf 74' lang='lat' dir='ltr'><strong>Iincusque</strong></span> <span class='ocrx_word' id='word_1_469' title='bbox 3426 916 3747 971; x_wconf 77' lang='lat' dir='ltr'><strong>exhortatus</strong></span> 
     </span>
    </p>
   </div>
   <div class='ocr_carea' id='block_1_68' title="bbox 2163 995 3744 1078">
    <p class='ocr_par' dir='ltr' id='par_1_68' title="bbox 2163 995 3744 1078">
     <span class='ocr_line' id='line_1_68' title="bbox 2163 995 3744 1078; baseline 0.01 -30"><span class='ocrx_word' id='word_1_470' title='bbox 2163 1003 2245 1049; x_wconf 87' lang='lat' dir='ltr'><strong>est</strong></span> <span class='ocrx_word' id='word_1_471' title='bbox 2292 995 2495 1052; x_wconf 83' lang='lat' dir='ltr'><strong>liberos</strong></span> <span class='ocrx_word' id='word_1_472' title='bbox 2520 999 2585 1052; x_wconf 87' lang='lat' dir='ltr'><strong>ad</strong></span> <span class='ocrx_word' id='word_1_473' title='bbox 2617 1001 3029 1071; x_wconf 85' lang='lat' dir='ltr'><strong>subjectionem,</strong></span> <span class='ocrx_word' id='word_1_474' title='bbox 3076 1021 3219 1060; x_wconf 90' lang='lat' dir='ltr'><strong>nunc</strong></span> <span class='ocrx_word' id='word_1_475' title='bbox 3264 1008 3439 1061; x_wconf 89' lang='lat' dir='ltr'><strong>servis</strong></span> <span class='ocrx_word' id='word_1_476' title='bbox 3487 1008 3744 1078; x_wconf 87' lang='lat' dir='ltr'><strong>loquitur,</strong></span> 
     </span>
    </p>
   </div>
   <div class='ocr_carea' id='block_1_69' title="bbox 2165 1088 3743 1160">
    <p class='ocr_par' dir='ltr' id='par_1_69' title="bbox 2165 1088 3743 1160">
     <span class='ocr_line' id='line_1_69' title="bbox 2165 1088 3743 1160; baseline 0.01 -21"><span class='ocrx_word' id='word_1_477' title='bbox 2165 1094 2223 1139; x_wconf 92' lang='lat' dir='ltr'><strong>ut</strong></span> <span class='ocrx_word' id='word_1_478' title='bbox 2250 1094 2306 1141; x_wconf 91' lang='lat' dir='ltr'><strong>et</strong></span> <span class='ocrx_word' id='word_1_479' title='bbox 2338 1088 2443 1157; x_wconf 76' lang='lat' dir='ltr'><strong>ipsi</strong></span> <span class='ocrx_word' id='word_1_480' title='bbox 2471 1091 2699 1160; x_wconf 82' lang='lat' dir='ltr'><strong>subjecti</strong></span> <span class='ocrx_word' id='word_1_481' title='bbox 2741 1094 2849 1147; x_wconf 85' lang='lat' dir='ltr'><strong>sint</strong></span> <span class='ocrx_word' id='word_1_482' title='bbox 2891 1095 3146 1151; x_wconf 84' lang='lat' dir='ltr'><strong>dominis.</strong></span> <span class='ocrx_word' id='word_1_483' title='bbox 3179 1098 3301 1151; x_wconf 83' lang='lat' dir='ltr'><strong>Non</strong></span> <span class='ocrx_word' id='word_1_484' title='bbox 3328 1108 3533 1154; x_wconf 84' lang='lat' dir='ltr'><strong>tantum</strong></span> <span class='ocrx_word' id='word_1_485' title='bbox 3578 1103 3743 1156; x_wconf 79' lang='lat' dir='ltr'><strong>bonis.</strong></span> 
     </span>
    </p>
   </div>
   <div class='ocr_carea' id='block_1_70' title="bbox 2161 1172 3746 1251">
    <p class='ocr_par' dir='ltr' id='par_1_70' title="bbox 2161 1172 3746 1251">
     <span class='ocr_line' id='line_1_70' title="bbox 2161 1172 3746 1251; baseline 0.012 -18"><span class='ocrx_word' id='word_1_486' title='bbox 2161 1180 2280 1236; x_wconf 80' lang='lat' dir='ltr'><strong>Alia</strong></span> <span class='ocrx_word' id='word_1_487' title='bbox 2334 1185 2652 1240; x_wconf 81' lang='lat' dir='ltr'><strong>translatio:</strong></span> <span class='ocrx_word' id='word_1_488' title='bbox 2684 1172 2806 1242; x_wconf 74' lang='lat' dir='ltr'><strong>Non</strong></span> <span class='ocrx_word' id='word_1_489' title='bbox 2848 1198 3051 1244; x_wconf 82' lang='lat' dir='ltr'><strong>tantum</strong></span> <span class='ocrx_word' id='word_1_490' title='bbox 3078 1191 3222 1246; x_wconf 82' lang='lat' dir='ltr'><strong>bouis</strong></span> <span class='ocrx_word' id='word_1_491' title='bbox 3256 1202 3304 1247; x_wconf 84' lang='lat' dir='ltr'><strong>et</strong></span> <span class='ocrx_word' id='word_1_492' title='bbox 3327 1196 3579 1249; x_wconf 80' lang='lat' dir='ltr'><strong>modestis</strong></span> <span class='ocrx_word' id='word_1_493' title='bbox 3608 1213 3628 1247; x_wconf 90' lang='lat'><em>:</em></span> <span class='ocrx_word' id='word_1_494' title='bbox 3660 1199 3746 1251; x_wconf 79' lang='lat' dir='ltr'><strong>sed</strong></span> 
     </span>
    </p>
   </div>
   <div class='ocr_carea' id='block_1_71' title="bbox 2162 1275 3743 1357">
    <p class='ocr_par' dir='ltr' id='par_1_71' title="bbox 2162 1275 3743 1357">
     <span class='ocr_line' id='line_1_71' title="bbox 2162 1275 3743 1357; baseline 0.009 -28"><span class='ocrx_word' id='word_1_495' title='bbox 2162 1275 2321 1329; x_wconf 77' lang='lat' dir='ltr'><strong>etiam</strong></span> <span class='ocrx_word' id='word_1_496' title='bbox 2351 1276 2748 1347; x_wconf 69' lang='lat' dir='ltr'><strong>di/ﬁciliaribus.</strong></span> <span class='ocrx_word' id='word_1_497' title='bbox 2800 1280 3058 1351; x_wconf 72' lang='lat' dir='ltr'><strong>Dgscolis.</strong></span> <span class='ocrx_word' id='word_1_498' title='bbox 3091 1283 3146 1338; x_wconf 88' lang='lat' dir='ltr'><strong>Id</strong></span> <span class='ocrx_word' id='word_1_499' title='bbox 3196 1292 3280 1339; x_wconf 89' lang='lat' dir='ltr'><strong>est</strong></span> <span class='ocrx_word' id='word_1_500' title='bbox 3305 1286 3743 1357; x_wconf 84' lang='lat' dir='ltr'><strong>indisciplinatis.</strong></span> 
     </span>
    </p>
   </div>
   <div class='ocr_carea' id='block_1_72' title="bbox 2165 1362 3749 1443">
    <p class='ocr_par' dir='ltr' id='par_1_72' title="bbox 2165 1362 3749 1443">
     <span class='ocr_line' id='line_1_72' title="bbox 2165 1362 3749 1443; baseline 0.011 -25"><span class='ocrx_word' id='word_1_501' title='bbox 2165 1362 2358 1420; x_wconf 86' lang='lat' dir='ltr'><strong>Schola</strong></span> <span class='ocrx_word' id='word_1_502' title='bbox 2409 1366 2620 1434; x_wconf 64' lang='lat' dir='ltr'><strong>Graece,</strong></span> <span class='ocrx_word' id='word_1_503' title='bbox 2671 1368 2862 1426; x_wconf 83' lang='lat' dir='ltr'><strong>Latine</strong></span> <span class='ocrx_word' id='word_1_504' title='bbox 2893 1371 3067 1439; x_wconf 88' lang='lat' dir='ltr'><strong>locus,</strong></span> <span class='ocrx_word' id='word_1_505' title='bbox 3100 1375 3151 1427; x_wconf 87' lang='lat' dir='ltr'><strong>in</strong></span> <span class='ocrx_word' id='word_1_506' title='bbox 3199 1386 3307 1443; x_wconf 86' lang='lat' dir='ltr'><strong>quo</strong></span> <span class='ocrx_word' id='word_1_507' title='bbox 3333 1377 3401 1430; x_wconf 88' lang='lat' dir='ltr'><strong>ad</strong></span> <span class='ocrx_word' id='word_1_508' title='bbox 3449 1379 3749 1435; x_wconf 84' lang='lat' dir='ltr'><strong>audiendos</strong></span> 
     </span>
    </p>
   </div>
   <div class='ocr_carea' id='block_1_73' title="bbox 2163 1454 3748 1526">
    <p class='ocr_par' dir='ltr' id='par_1_73' title="bbox 2163 1454 3748 1526">
     <span class='ocr_line' id='line_1_73' title="bbox 2163 1454 3748 1526; baseline 0.013 -21"><span class='ocrx_word' id='word_1_509' title='bbox 2163 1454 2453 1524; x_wconf 85' lang='lat' dir='ltr'><strong>magistros</strong></span> <span class='ocrx_word' id='word_1_510' title='bbox 2515 1457 2818 1513; x_wconf 80' lang='lat' dir='ltr'><strong>liberalium</strong></span> <span class='ocrx_word' id='word_1_511' title='bbox 2875 1463 3075 1517; x_wconf 84' lang='lat' dir='ltr'><strong>artium</strong></span> <span class='ocrx_word' id='word_1_512' title='bbox 3128 1468 3545 1526; x_wconf 83' lang='lat' dir='ltr'><strong>conveniebant.</strong></span> <span class='ocrx_word' id='word_1_513' title='bbox 3606 1472 3748 1525; x_wconf 88' lang='lat' dir='ltr'><strong>unde</strong></span> 
     </span>
    </p>
   </div>
   <div class='ocr_carea' id='block_1_74' title="bbox 2163 1545 3746 1623">
    <p class='ocr_par' dir='ltr' id='par_1_74' title="bbox 2163 1545 3746 1623">
     <span class='ocr_line' id='line_1_74' title="bbox 2163 1545 3746 1623; baseline 0.011 -26"><span class='ocrx_word' id='word_1_514' title='bbox 2163 1545 2347 1599; x_wconf 82' lang='lat' dir='ltr'><strong>schola</strong></span> <span class='ocrx_word' id='word_1_515' title='bbox 2378 1548 2591 1603; x_wconf 85' lang='lat' dir='ltr'><strong>vacatio</strong></span> <span class='ocrx_word' id='word_1_516' title='bbox 2620 1550 3031 1621; x_wconf 78' lang='lat' dir='ltr'><strong>interpretatur,</strong></span> <span class='ocrx_word' id='word_1_517' title='bbox 3058 1556 3185 1623; x_wconf 86' lang='lat' dir='ltr'><strong>quia</strong></span> <span class='ocrx_word' id='word_1_518' title='bbox 3215 1557 3288 1612; x_wconf 91' lang='lat' dir='ltr'><strong>ibi</strong></span> <span class='ocrx_word' id='word_1_519' title='bbox 3335 1561 3609 1613; x_wconf 85' lang='lat' dir='ltr'><strong>vacabant</strong></span> <span class='ocrx_word' id='word_1_520' title='bbox 3638 1573 3746 1615; x_wconf 82' lang='lat' dir='ltr'><strong>stu-</strong></span> 
     </span>
    </p>
   </div>
   <div class='ocr_carea' id='block_1_75' title="bbox 2162 1637 3746 1719">
    <p class='ocr_par' dir='ltr' id='par_1_75' title="bbox 2162 1637 3746 1719">
     <span class='ocr_line' id='line_1_75' title="bbox 2162 1637 3746 1719; baseline 0.009 -28"><span class='ocrx_word' id='word_1_521' title='bbox 2162 1637 2286 1692; x_wconf 92' lang='lat' dir='ltr'><strong>diis.</strong></span> <span class='ocrx_word' id='word_1_522' title='bbox 2321 1638 2643 1695; x_wconf 83' lang='lat' dir='ltr'><strong>Scholastiei</strong></span> <span class='ocrx_word' id='word_1_523' title='bbox 2674 1643 2837 1713; x_wconf 87' lang='lat' dir='ltr'><strong>igitur</strong></span> <span class='ocrx_word' id='word_1_524' title='bbox 2860 1653 2986 1699; x_wconf 83' lang='lat' dir='ltr'><strong>sunt</strong></span> <span class='ocrx_word' id='word_1_525' title='bbox 3009 1648 3229 1701; x_wconf 87' lang='lat' dir='ltr'><strong>eruditi.</strong></span> <span class='ocrx_word' id='word_1_526' title='bbox 3282 1648 3497 1719; x_wconf 81' lang='lat' dir='ltr'><strong>Dyscoli</strong></span> <span class='ocrx_word' id='word_1_527' title='bbox 3543 1652 3746 1707; x_wconf 83' lang='lat' dir='ltr'><strong>indocti</strong></span> 
     </span>
    </p>
   </div>
   <div class='ocr_carea' id='block_1_76' title="bbox 2162 1732 3744 1809">
    <p class='ocr_par' dir='ltr' id='par_1_76' title="bbox 2162 1732 3744 1809">
     <span class='ocr_line' id='line_1_76' title="bbox 2162 1732 3744 1809; baseline 0.01 -28"><span class='ocrx_word' id='word_1_528' title='bbox 2162 1734 2218 1783; x_wconf 91' lang='lat' dir='ltr'><strong>et</strong></span> <span class='ocrx_word' id='word_1_529' title='bbox 2244 1738 2502 1799; x_wconf 84' lang='lat' dir='ltr'><strong>agrestes.</strong></span> <span class='ocrx_word' id='word_1_530' title='bbox 2563 1732 2703 1789; x_wconf 80' lang='lat' dir='ltr'><strong>Ecce</strong></span> <span class='ocrx_word' id='word_1_531' title='bbox 2753 1737 3021 1804; x_wconf 86' lang='lat' dir='ltr'><strong>quomodo</strong></span> <span class='ocrx_word' id='word_1_532' title='bbox 3081 1752 3243 1809; x_wconf 89' lang='lat' dir='ltr'><strong>supra</strong></span> <span class='ocrx_word' id='word_1_533' title='bbox 3285 1741 3547 1796; x_wconf 85' lang='lat' dir='ltr'><strong>monebat</strong></span> <span class='ocrx_word' id='word_1_534' title='bbox 3593 1744 3744 1798; x_wconf 78' lang='lat' dir='ltr'><strong>subdi</strong></span> 
     </span>
    </p>
   </div>
   <div class='ocr_carea' id='block_1_77' title="bbox 2088 1807 3154 1900">
    <p class='ocr_par' dir='ltr' id='par_1_77' title="bbox 2088 1807 3154 1900">
     <span class='ocr_line' id='line_1_77' title="bbox 2088 1807 3154 1900; baseline 0.01 -24"><span class='ocrx_word' id='word_1_535' title='bbox 2088 1807 2134 1866; x_wconf 87' lang='grc' dir='ltr'><strong>Β</strong></span> <span class='ocrx_word' id='word_1_536' title='bbox 2163 1822 2412 1879; x_wconf 63' lang='lat' dir='ltr'><strong>humana:</strong></span> <span class='ocrx_word' id='word_1_537' title='bbox 2438 1835 2702 1881; x_wconf 72' lang='lat' dir='ltr'><strong>creatum</strong></span> <span class='ocrx_word' id='word_1_538' title='bbox 2725 1838 2946 1900; x_wconf 84' lang='lat' dir='ltr'><strong>prapter</strong></span> 
     </span>
    </p>
   </div>
   <div class='ocr_carea' id='block_1_78' title="bbox 2232 1914 3743 2002">
    <p class='ocr_par' dir='ltr' id='par_1_78' title="bbox 2232 1914 3743 2002">
     <span class='ocr_line' id='line_1_78' title="bbox 2232 1914 3743 2002; baseline 0.013 -33"><span class='ocrx_word' id='word_1_539' title='bbox 2232 1914 2396 1972; x_wconf 79' lang='lat' dir='ltr'><strong>Vens.</strong></span> <span class='ocrx_word' id='word_1_540' title='bbox 2426 1918 2511 1973; x_wconf 86' lang='grc'><strong>19.</strong></span> <span class='ocrx_word' id='word_1_541' title='bbox 2530 1950 2599 1959; x_wconf 92' lang='grc'><strong>-</strong></span> <span class='ocrx_word' id='word_1_542' title='bbox 2620 1920 2684 1974; x_wconf 85' lang='lat' dir='ltr'><strong>Si</strong></span> <span class='ocrx_word' id='word_1_543' title='bbox 2705 1933 2913 1994; x_wconf 78' lang='lat' dir='ltr'><strong>prapter</strong></span> <span class='ocrx_word' id='word_1_544' title='bbox 2936 1927 3305 1982; x_wconf 88' lang='lat' dir='ltr'><strong>conscientiam</strong></span> <span class='ocrx_word' id='word_1_545' title='bbox 3338 1927 3461 1985; x_wconf 87' lang='lat' dir='ltr'><strong>Dei.</strong></span> <span class='ocrx_word' id='word_1_546' title='bbox 3508 1930 3566 1986; x_wconf 89' lang='lat' dir='ltr'><strong>Si</strong></span> <span class='ocrx_word' id='word_1_547' title='bbox 3621 1948 3743 2002; x_wconf 87' lang='lat' dir='ltr'><strong>pro-</strong></span> 
     </span>
    </p>
   </div>
   <div class='ocr_carea' id='block_1_79' title="bbox 2156 2009 3737 2093">
    <p class='ocr_par' dir='ltr' id='par_1_79' title="bbox 2156 2009 3737 2093">
     <span class='ocr_line' id='line_1_79' title="bbox 2156 2009 3737 2093; baseline 0.008 -30"><span class='ocrx_word' id='word_1_548' title='bbox 2156 2014 2278 2077; x_wconf 84' lang='lat' dir='ltr'><strong>pter</strong></span> <span class='ocrx_word' id='word_1_549' title='bbox 2308 2009 2476 2063; x_wconf 91' lang='lat' dir='ltr'><strong>Deum</strong></span> <span class='ocrx_word' id='word_1_550' title='bbox 2504 2010 2765 2065; x_wconf 88' lang='lat' dir='ltr'><strong>scientem</strong></span> <span class='ocrx_word' id='word_1_551' title='bbox 2798 2012 2990 2067; x_wconf 86' lang='lat' dir='ltr'><strong>bonam</strong></span> <span class='ocrx_word' id='word_1_552' title='bbox 3023 2015 3377 2072; x_wconf 86' lang='lat' dir='ltr'><strong>intentionem</strong></span> <span class='ocrx_word' id='word_1_553' title='bbox 3424 2020 3631 2090; x_wconf 88' lang='lat' dir='ltr'><strong>aliquis</strong></span> <span class='ocrx_word' id='word_1_554' title='bbox 3650 2040 3737 2093; x_wconf 73' lang='lat' dir='ltr'><strong>pa:</strong></span> 
     </span>
    </p>
   </div>
   <div class='ocr_carea' id='block_1_80' title="bbox 2159 2101 3746 2175">
    <p class='ocr_par' dir='ltr' id='par_1_80' title="bbox 2159 2101 3746 2175">
     <span class='ocr_line' id='line_1_80' title="bbox 2159 2101 3746 2175; baseline 0.013 -23"><span class='ocrx_word' id='word_1_555' title='bbox 2159 2101 2299 2155; x_wconf 89' lang='lat' dir='ltr'><strong>tiens</strong></span> <span class='ocrx_word' id='word_1_556' title='bbox 2321 2115 2350 2153; x_wconf 89' lang='lat' dir='ltr'><strong>a</strong></span> <span class='ocrx_word' id='word_1_557' title='bbox 2384 2101 2615 2157; x_wconf 91' lang='lat' dir='ltr'><strong>Domino</strong></span> <span class='ocrx_word' id='word_1_558' title='bbox 2637 2103 2953 2159; x_wconf 88' lang='lat' dir='ltr'><strong>verberatur</strong></span> <span class='ocrx_word' id='word_1_559' title='bbox 2980 2104 3201 2175; x_wconf 84' lang='lat' dir='ltr'><strong>injuste,</strong></span> <span class='ocrx_word' id='word_1_560' title='bbox 3232 2124 3353 2163; x_wconf 86' lang='lat' dir='ltr'><strong>cum</strong></span> <span class='ocrx_word' id='word_1_561' title='bbox 3391 2112 3440 2166; x_wconf 88' lang='lat' dir='ltr'><strong>ei</strong></span> <span class='ocrx_word' id='word_1_562' title='bbox 3473 2114 3617 2170; x_wconf 88' lang='lat' dir='ltr'><strong>bene</strong></span> <span class='ocrx_word' id='word_1_563' title='bbox 3636 2128 3746 2171; x_wconf 59' lang='lat' dir='ltr'><strong>seri</strong></span> 
     </span>
    </p>
   </div>
   <div class='ocr_carea' id='block_1_81' title="bbox 2156 2193 3745 2273">
    <p class='ocr_par' dir='ltr' id='par_1_81' title="bbox 2156 2193 3745 2273">
     <span class='ocr_line' id='line_1_81' title="bbox 2156 2193 3745 2273; baseline 0.012 -27"><span class='ocrx_word' id='word_1_564' title='bbox 2156 2193 2286 2258; x_wconf 88' lang='lat' dir='ltr'><strong>viat,</strong></span> <span class='ocrx_word' id='word_1_565' title='bbox 2317 2202 2371 2248; x_wconf 91' lang='lat' dir='ltr'><strong>et</strong></span> <span class='ocrx_word' id='word_1_566' title='bbox 2400 2196 2684 2262; x_wconf 91' lang='lat' dir='ltr'><strong>sustineat,</strong></span> <span class='ocrx_word' id='word_1_567' title='bbox 2723 2196 2773 2251; x_wconf 89' lang='lat' dir='ltr'><strong>id</strong></span> <span class='ocrx_word' id='word_1_568' title='bbox 2807 2207 2890 2253; x_wconf 92' lang='lat' dir='ltr'><strong>est</strong></span> <span class='ocrx_word' id='word_1_569' title='bbox 2922 2198 3064 2255; x_wconf 88' lang='lat' dir='ltr'><strong>leves</strong></span> <span class='ocrx_word' id='word_1_570' title='bbox 3089 2210 3301 2271; x_wconf 89' lang='lat' dir='ltr'><strong>reputet</strong></span> <span class='ocrx_word' id='word_1_571' title='bbox 3326 2206 3608 2273; x_wconf 88' lang='lat' dir='ltr'><strong>tristitias,</strong></span> <span class='ocrx_word' id='word_1_572' title='bbox 3636 2211 3745 2271; x_wconf 63' lang='lat' dir='ltr'><strong>hare</strong></span> 
     </span>
    </p>
   </div>
   <div class='ocr_carea' id='block_1_82' title="bbox 2156 2288 3746 2367">
    <p class='ocr_par' dir='ltr' id='par_1_82' title="bbox 2156 2288 3746 2367">
     <span class='ocr_line' id='line_1_82' title="bbox 2156 2288 3746 2367; baseline 0.014 -29"><span class='ocrx_word' id='word_1_573' title='bbox 2156 2292 2238 2339; x_wconf 91' lang='lat' dir='ltr'><strong>est</strong></span> <span class='ocrx_word' id='word_1_574' title='bbox 2263 2288 2461 2355; x_wconf 82' lang='lat' dir='ltr'><strong>gratia,</strong></span> <span class='ocrx_word' id='word_1_575' title='bbox 2504 2297 2561 2343; x_wconf 92' lang='lat' dir='ltr'><strong>et</strong></span> <span class='ocrx_word' id='word_1_576' title='bbox 2585 2304 2682 2358; x_wconf 91' lang='lat' dir='ltr'><strong>per</strong></span> <span class='ocrx_word' id='word_1_577' title='bbox 2723 2290 2826 2346; x_wconf 92' lang='lat' dir='ltr'><strong>hoc</strong></span> <span class='ocrx_word' id='word_1_578' title='bbox 2848 2290 3085 2348; x_wconf 82' lang='lat' dir='ltr'><strong>efﬁcitur</strong></span> <span class='ocrx_word' id='word_1_579' title='bbox 3132 2304 3321 2367; x_wconf 82' lang='lat' dir='ltr'><strong>gratus</strong></span> <span class='ocrx_word' id='word_1_580' title='bbox 3364 2299 3506 2366; x_wconf 90' lang='lat' dir='ltr'><strong>Deo,</strong></span> <span class='ocrx_word' id='word_1_581' title='bbox 3550 2311 3610 2359; x_wconf 92' lang='lat' dir='ltr'><strong>et</strong></span> <span class='ocrx_word' id='word_1_582' title='bbox 3648 2304 3746 2360; x_wconf 85' lang='lat' dir='ltr'><strong>hoc</strong></span> 
     </span>
    </p>
   </div>
   <div class='ocr_carea' id='block_1_83' title="bbox 2154 2375 2695 2448">
    <p class='ocr_par' dir='ltr' id='par_1_83' title="bbox 2154 2375 2695 2448">
     <span class='ocr_line' id='line_1_83' title="bbox 2154 2375 2695 2448; baseline 0.009 -17"><span class='ocrx_word' id='word_1_583' title='bbox 2154 2375 2322 2445; x_wconf 77' lang='lat' dir='ltr'><strong>exigit</strong></span> <span class='ocrx_word' id='word_1_584' title='bbox 2349 2380 2522 2448; x_wconf 88' lang='lat' dir='ltr'><strong>gratia</strong></span> <span class='ocrx_word' id='word_1_585' title='bbox 2549 2381 2695 2436; x_wconf 85' lang='lat' dir='ltr'><strong>fidei.</strong></span> 
     </span>
    </p>
   </div>
   <div class='ocr_carea' id='block_1_84' title="bbox 2226 2463 3741 2552">
    <p class='ocr_par' dir='ltr' id='par_1_84' title="bbox 2226 2463 3741 2552">
     <span class='ocr_line' id='line_1_84' title="bbox 2226 2463 3741 2552; baseline 0.014 -33"><span class='ocrx_word' id='word_1_586' title='bbox 2226 2463 2441 2523; x_wconf 85' lang='lat' dir='ltr'><strong>Patiens</strong></span> <span class='ocrx_word' id='word_1_587' title='bbox 2468 2470 2678 2541; x_wconf 84' lang='lat' dir='ltr'><strong>injuste.</strong></span> <span class='ocrx_word' id='word_1_588' title='bbox 2707 2472 2762 2527; x_wconf 93' lang='lat' dir='ltr'><strong>Si</strong></span> <span class='ocrx_word' id='word_1_589' title='bbox 2825 2474 3018 2546; x_wconf 90' lang='lat' dir='ltr'><strong>injuste</strong></span> <span class='ocrx_word' id='word_1_590' title='bbox 3061 2478 3328 2547; x_wconf 88' lang='lat' dir='ltr'><strong>patimini,</strong></span> <span class='ocrx_word' id='word_1_591' title='bbox 3362 2482 3602 2552; x_wconf 76' lang='lat' dir='ltr'><strong>gratiam</strong></span> <span class='ocrx_word' id='word_1_592' title='bbox 3651 2486 3741 2542; x_wconf 86' lang='lat' dir='ltr'><strong>Dei</strong></span> 
     </span>
    </p>
   </div>
   <div class='ocr_carea' id='block_1_85' title="bbox 2156 2560 3743 2644">
    <p class='ocr_par' dir='ltr' id='par_1_85' title="bbox 2156 2560 3743 2644">
     <span class='ocr_line' id='line_1_85' title="bbox 2156 2560 3743 2644; baseline 0.011 -32"><span class='ocrx_word' id='word_1_593' title='bbox 2156 2560 2455 2629; x_wconf 82' lang='lat' dir='ltr'><strong>acquiritis.</strong></span> <span class='ocrx_word' id='word_1_594' title='bbox 2488 2561 2620 2618; x_wconf 85' lang='lat' dir='ltr'><strong>Nam</strong></span> <span class='ocrx_word' id='word_1_595' title='bbox 2647 2565 2689 2619; x_wconf 90' lang='lat' dir='ltr'><strong>si</strong></span> <span class='ocrx_word' id='word_1_596' title='bbox 2717 2582 2812 2621; x_wconf 91' lang='lat' dir='ltr'><strong>vos</strong></span> <span class='ocrx_word' id='word_1_597' title='bbox 2841 2569 3080 2635; x_wconf 82' lang='lat' dir='ltr'><strong>suﬂertis</strong></span> <span class='ocrx_word' id='word_1_598' title='bbox 3128 2572 3404 2641; x_wconf 84' lang='lat' dir='ltr'><strong>patienter</strong></span> <span class='ocrx_word' id='word_1_599' title='bbox 3453 2591 3651 2644; x_wconf 71' lang='lat' dir='ltr'><strong>pmnas</strong></span> <span class='ocrx_word' id='word_1_600' title='bbox 3681 2578 3743 2631; x_wconf 78' lang='lat' dir='ltr'><strong>il-</strong></span> 
     </span>
    </p>
   </div>
   <div class='ocr_carea' id='block_1_86' title="bbox 2153 2648 3743 2730">
    <p class='ocr_par' dir='ltr' id='par_1_86' title="bbox 2153 2648 3743 2730">
     <span class='ocr_line' id='line_1_86' title="bbox 2153 2648 3743 2730; baseline 0.015 -29"><span class='ocrx_word' id='word_1_601' title='bbox 2153 2648 2291 2706; x_wconf 91' lang='lat' dir='ltr'><strong>latas</strong></span> <span class='ocrx_word' id='word_1_602' title='bbox 2322 2666 2350 2704; x_wconf 87' lang='lat' dir='ltr'><strong>a</strong></span> <span class='ocrx_word' id='word_1_603' title='bbox 2377 2652 2629 2719; x_wconf 91' lang='lat' dir='ltr'><strong>dominis,</strong></span> <span class='ocrx_word' id='word_1_604' title='bbox 2660 2671 2756 2711; x_wconf 92' lang='lat' dir='ltr'><strong>vos</strong></span> <span class='ocrx_word' id='word_1_605' title='bbox 2780 2659 2901 2714; x_wconf 91' lang='lat' dir='ltr'><strong>dico</strong></span> <span class='ocrx_word' id='word_1_606' title='bbox 2926 2670 3211 2730; x_wconf 88' lang='lat' dir='ltr'><strong>peccantes</strong></span> <span class='ocrx_word' id='word_1_607' title='bbox 3250 2664 3486 2722; x_wconf 87' lang='lat' dir='ltr'><strong>nolendo</strong></span> <span class='ocrx_word' id='word_1_608' title='bbox 3527 2671 3743 2725; x_wconf 88' lang='lat' dir='ltr'><strong>obedire</strong></span> 
     </span>
    </p>
   </div>
   <div class='ocr_carea' id='block_1_87' title="bbox 2154 2741 3744 2828">
    <p class='ocr_par' dir='ltr' id='par_1_87' title="bbox 2154 2741 3744 2828">
     <span class='ocr_line' id='line_1_87' title="bbox 2154 2741 3744 2828; baseline 0.011 -31"><span class='ocrx_word' id='word_1_609' title='bbox 2154 2741 2234 2797; x_wconf 90' lang='lat' dir='ltr'><strong>eis</strong></span> <span class='ocrx_word' id='word_1_610' title='bbox 2263 2749 2317 2796; x_wconf 92' lang='lat' dir='ltr'><strong>et</strong></span> <span class='ocrx_word' id='word_1_611' title='bbox 2350 2742 2669 2812; x_wconf 88' lang='lat' dir='ltr'><strong>colaphizati</strong></span> <span class='ocrx_word' id='word_1_612' title='bbox 2698 2748 2767 2802; x_wconf 89' lang='lat' dir='ltr'><strong>ab</strong></span> <span class='ocrx_word' id='word_1_613' title='bbox 2800 2749 2931 2817; x_wconf 91' lang='lat' dir='ltr'><strong>ipsis</strong></span> <span class='ocrx_word' id='word_1_614' title='bbox 2972 2751 3226 2817; x_wconf 90' lang='lat' dir='ltr'><strong>dominis,</strong></span> <span class='ocrx_word' id='word_1_615' title='bbox 3256 2753 3310 2807; x_wconf 89' lang='lat' dir='ltr'><strong>id</strong></span> <span class='ocrx_word' id='word_1_616' title='bbox 3340 2764 3426 2810; x_wconf 92' lang='lat' dir='ltr'><strong>est</strong></span> <span class='ocrx_word' id='word_1_617' title='bbox 3454 2772 3600 2828; x_wconf 65' lang='lat' dir='ltr'><strong>serpe</strong></span> <span class='ocrx_word' id='word_1_618' title='bbox 3629 2775 3744 2813; x_wconf 83' lang='lat' dir='ltr'><strong>cor-</strong></span> 
     </span>
    </p>
   </div>
   <div class='ocr_carea' id='block_1_88' title="bbox 2154 2832 3743 2908">
    <p class='ocr_par' dir='ltr' id='par_1_88' title="bbox 2154 2832 3743 2908">
     <span class='ocr_line' id='line_1_88' title="bbox 2154 2832 3743 2908; baseline 0.009 -21"><span class='ocrx_word' id='word_1_619' title='bbox 2154 2832 2288 2887; x_wconf 86' lang='lat' dir='ltr'><strong>recti</strong></span> <span class='ocrx_word' id='word_1_620' title='bbox 2317 2834 2384 2888; x_wconf 89' lang='lat' dir='ltr'><strong>ab</strong></span> <span class='ocrx_word' id='word_1_621' title='bbox 2424 2834 2550 2895; x_wconf 87' lang='lat' dir='ltr'><strong>illis,</strong></span> <span class='ocrx_word' id='word_1_622' title='bbox 2579 2844 2637 2889; x_wconf 91' lang='lat' dir='ltr'><strong>ut</strong></span> <span class='ocrx_word' id='word_1_623' title='bbox 2681 2853 2778 2906; x_wconf 90' lang='lat' dir='ltr'><strong>per</strong></span> <span class='ocrx_word' id='word_1_624' title='bbox 2804 2838 3058 2908; x_wconf 91' lang='lat' dir='ltr'><strong>colaphos</strong></span> <span class='ocrx_word' id='word_1_625' title='bbox 3088 2841 3155 2895; x_wconf 88' lang='lat' dir='ltr'><strong>ad</strong></span> <span class='ocrx_word' id='word_1_626' title='bbox 3185 2842 3555 2900; x_wconf 87' lang='lat' dir='ltr'><strong>obediendum</strong></span> <span class='ocrx_word' id='word_1_627' title='bbox 3591 2848 3743 2902; x_wconf 85' lang='lat' dir='ltr'><strong>indu-</strong></span> 
     </span>
    </p>
   </div>
   <div class='ocr_carea' id='block_1_89' title="bbox 2153 2925 3743 3010">
    <p class='ocr_par' dir='ltr' id='par_1_89' title="bbox 2153 2925 3743 3010">
     <span class='ocr_line' id='line_1_89' title="bbox 2153 2925 3743 3010; baseline 0.01 -33"><span class='ocrx_word' id='word_1_628' title='bbox 2153 2925 2375 2990; x_wconf 89' lang='lat' dir='ltr'><strong>camim,</strong></span> <span class='ocrx_word' id='word_1_629' title='bbox 2422 2942 2540 2995; x_wconf 68' lang='lat' dir='ltr'><strong>qua:</strong></span> <span class='ocrx_word' id='word_1_630' title='bbox 2568 2929 2739 2998; x_wconf 82' lang='lat' dir='ltr'><strong>gratia</strong></span> <span class='ocrx_word' id='word_1_631' title='bbox 2768 2930 2877 2985; x_wconf 89' lang='lat' dir='ltr'><strong>erit</strong></span> <span class='ocrx_word' id='word_1_632' title='bbox 2917 2932 3071 2988; x_wconf 88' lang='lat' dir='ltr'><strong>vobis</strong></span> <span class='ocrx_word' id='word_1_633' title='bbox 3117 2932 3277 2988; x_wconf 86' lang='lat' dir='ltr'><strong>inde?</strong></span> <span class='ocrx_word' id='word_1_634' title='bbox 3329 2934 3499 3003; x_wconf 84' lang='lat' dir='ltr'><strong>Nihil,</strong></span> <span class='ocrx_word' id='word_1_635' title='bbox 3526 2951 3743 3010; x_wconf 89' lang='lat' dir='ltr'><strong>propter</strong></span> 
     </span>
    </p>
   </div>
   <div class='ocr_carea' id='block_1_90' title="bbox 2153 3013 2771 3085">
    <p class='ocr_par' dir='ltr' id='par_1_90' title="bbox 2153 3013 2771 3085">
     <span class='ocr_line' id='line_1_90' title="bbox 2153 3013 2771 3085; baseline 0.006 -17"><span class='ocrx_word' id='word_1_636' title='bbox 2153 3013 2256 3069; x_wconf 89' lang='lat' dir='ltr'><strong>hoc</strong></span> <span class='ocrx_word' id='word_1_637' title='bbox 2280 3016 2560 3085; x_wconf 88' lang='lat' dir='ltr'><strong>accipietis</strong></span> <span class='ocrx_word' id='word_1_638' title='bbox 2588 3035 2616 3071; x_wconf 89' lang='lat' dir='ltr'><strong>a</strong></span> <span class='ocrx_word' id='word_1_639' title='bbox 2641 3017 2771 3072; x_wconf 90' lang='lat' dir='ltr'><strong>Deo.</strong></span> 
     </span>
    </p>
   </div>
   <div class='ocr_carea' id='block_1_91' title="bbox 2224 3105 3739 3199">
    <p class='ocr_par' dir='ltr' id='par_1_91' title="bbox 2224 3105 3739 3199">
     <span class='ocr_line' id='line_1_91' title="bbox 2224 3105 3739 3199; baseline 0.011 -39"><span class='ocrx_word' id='word_1_640' title='bbox 2224 3105 2389 3162; x_wconf 76' lang='lat' dir='ltr'><strong>Vens.</strong></span> <span class='ocrx_word' id='word_1_641' title='bbox 2412 3109 2505 3164; x_wconf 71' lang='lat'><strong>‘21.</strong></span> <span class='ocrx_word' id='word_1_642' title='bbox 2528 3140 2600 3148; x_wconf 90' lang='lat'><strong>—</strong></span> <span class='ocrx_word' id='word_1_643' title='bbox 2622 3109 2689 3165; x_wconf 88' lang='lat' dir='ltr'><strong>In</strong></span> <span class='ocrx_word' id='word_1_644' title='bbox 2721 3112 2819 3164; x_wconf 81' lang='lat' dir='ltr'><strong>hoc</strong></span> <span class='ocrx_word' id='word_1_645' title='bbox 2852 3114 2988 3167; x_wconf 88' lang='lat' dir='ltr'><strong>enim</strong></span> <span class='ocrx_word' id='word_1_646' title='bbox 3011 3115 3198 3169; x_wconf 73' lang='lat' dir='ltr'><strong>vocati.</strong></span> <span class='ocrx_word' id='word_1_647' title='bbox 3226 3114 3452 3172; x_wconf 85' lang='lat' dir='ltr'><strong>Multum</strong></span> <span class='ocrx_word' id='word_1_648' title='bbox 3476 3118 3739 3199; x_wconf 75' lang='lat' dir='ltr'><strong>gloriﬁcat</strong></span> 
     </span>
    </p>
   </div>
   <div class='ocr_carea' id='block_1_92' title="bbox 2151 3201 3735 3277">
    <p class='ocr_par' dir='ltr' id='par_1_92' title="bbox 2151 3201 3735 3277">
     <span class='ocr_line' id='line_1_92' title="bbox 2151 3201 3735 3277; baseline 0.01 -23"><span class='ocrx_word' id='word_1_649' title='bbox 2151 3201 2519 3259; x_wconf 90' lang='lat' dir='ltr'><strong>conditionem</strong></span> <span class='ocrx_word' id='word_1_650' title='bbox 2569 3218 2873 3273; x_wconf 87' lang='lat' dir='ltr'><strong>servorum,</strong></span> <span class='ocrx_word' id='word_1_651' title='bbox 2917 3222 3053 3277; x_wconf 90' lang='lat' dir='ltr'><strong>quos</strong></span> <span class='ocrx_word' id='word_1_652' title='bbox 3094 3207 3502 3268; x_wconf 85' lang='lat' dir='ltr'><strong>benefacientes</strong></span> <span class='ocrx_word' id='word_1_653' title='bbox 3542 3225 3596 3268; x_wconf 92' lang='lat' dir='ltr'><strong>et</strong></span> <span class='ocrx_word' id='word_1_654' title='bbox 3625 3217 3735 3269; x_wconf 82' lang='lat' dir='ltr'><strong>abs-</strong></span> 
     </span>
    </p>
   </div>
   <div class='ocr_carea' id='block_1_93' title="bbox 2148 3295 3738 3374">
    <p class='ocr_par' dir='ltr' id='par_1_93' title="bbox 2148 3295 3738 3374">
     <span class='ocr_line' id='line_1_93' title="bbox 2148 3295 3738 3374; baseline 0.008 -26"><span class='ocrx_word' id='word_1_655' title='bbox 2148 3308 2254 3363; x_wconf 88' lang='lat' dir='ltr'><strong>que</strong></span> <span class='ocrx_word' id='word_1_656' title='bbox 2300 3295 2456 3365; x_wconf 89' lang='lat' dir='ltr'><strong>culpa</strong></span> <span class='ocrx_word' id='word_1_657' title='bbox 2504 3295 2822 3366; x_wconf 88' lang='lat' dir='ltr'><strong>vapulantes</strong></span> <span class='ocrx_word' id='word_1_658' title='bbox 2850 3313 2880 3352; x_wconf 89' lang='lat' dir='ltr'><strong>a</strong></span> <span class='ocrx_word' id='word_1_659' title='bbox 2929 3299 3160 3356; x_wconf 90' lang='lat' dir='ltr'><strong>dominis</strong></span> <span class='ocrx_word' id='word_1_660' title='bbox 3190 3302 3523 3367; x_wconf 90' lang='lat' dir='ltr'><strong>crudelibus,</strong></span> <span class='ocrx_word' id='word_1_661' title='bbox 3556 3307 3738 3374; x_wconf 71' lang='lat' dir='ltr'><strong>etim-</strong></span> 
     </span>
    </p>
   </div>
   <div class='ocr_carea' id='block_1_94' title="bbox 2147 3384 3734 3464">
    <p class='ocr_par' dir='ltr' id='par_1_94' title="bbox 2147 3384 3734 3464">
     <span class='ocr_line' id='line_1_94' title="bbox 2147 3384 3734 3464; baseline 0.008 -26"><span class='ocrx_word' id='word_1_662' title='bbox 2147 3384 2337 3455; x_wconf 90' lang='lat' dir='ltr'><strong>prohis</strong></span> <span class='ocrx_word' id='word_1_663' title='bbox 2368 3386 2606 3442; x_wconf 73' lang='lat' dir='ltr'><strong>affirmat</strong></span> <span class='ocrx_word' id='word_1_664' title='bbox 2635 3388 2941 3445; x_wconf 88' lang='lat' dir='ltr'><strong>imitatores</strong></span> <span class='ocrx_word' id='word_1_665' title='bbox 2970 3406 3091 3447; x_wconf 91' lang='lat' dir='ltr'><strong>esse</strong></span> <span class='ocrx_word' id='word_1_666' title='bbox 3117 3392 3414 3449; x_wconf 75' lang='lat' dir='ltr'><strong>Dominicze</strong></span> <span class='ocrx_word' id='word_1_667' title='bbox 3443 3397 3734 3464; x_wconf 86' lang='lat' dir='ltr'><strong>passionis.</strong></span> 
     </span>
    </p>
   </div>
   <div class='ocr_carea' id='block_1_95' title="bbox 2223 3473 3741 3556">
    <p class='ocr_par' dir='ltr' id='par_1_95' title="bbox 2223 3473 3741 3556">
     <span class='ocr_line' id='line_1_95' title="bbox 2223 3473 3741 3556; baseline 0.01 -28"><span class='ocrx_word' id='word_1_668' title='bbox 2223 3473 2360 3539; x_wconf 82' lang='lat' dir='ltr'><strong>Quia</strong></span> <span class='ocrx_word' id='word_1_669' title='bbox 2390 3486 2438 3531; x_wconf 87' lang='lat' dir='ltr'><strong>et</strong></span> <span class='ocrx_word' id='word_1_670' title='bbox 2484 3475 2741 3533; x_wconf 84' lang='lat' dir='ltr'><strong>Christus.</strong></span> <span class='ocrx_word' id='word_1_671' title='bbox 2788 3478 3025 3551; x_wconf 74' lang='lat' dir='ltr'><strong>(Bt-20A.)</strong></span> <span class='ocrx_word' id='word_1_672' title='bbox 3070 3481 3202 3537; x_wconf 84' lang='lat' dir='ltr'><strong>Cum</strong></span> <span class='ocrx_word' id='word_1_673' title='bbox 3244 3499 3407 3554; x_wconf 88' lang='lat' dir='ltr'><strong>supra</strong></span> <span class='ocrx_word' id='word_1_674' title='bbox 3435 3487 3741 3556; x_wconf 85' lang='lat' dir='ltr'><strong>specialiter</strong></span> 
     </span>
    </p>
   </div>
   <div class='ocr_carea' id='block_1_96' title="bbox 2149 3571 3741 3635">
    <p class='ocr_par' dir='ltr' id='par_1_96' title="bbox 2149 3571 3741 3635">
     <span class='ocr_line' id='line_1_96' title="bbox 2149 3571 3741 3635; baseline 0.009 -14"><span class='ocrx_word' id='word_1_675' title='bbox 2149 3580 2356 3633; x_wconf 89' lang='lat' dir='ltr'><strong>servos,</strong></span> <span class='ocrx_word' id='word_1_676' title='bbox 2396 3585 2540 3624; x_wconf 87' lang='lat' dir='ltr'><strong>nunc</strong></span> <span class='ocrx_word' id='word_1_677' title='bbox 2572 3578 2737 3625; x_wconf 90' lang='lat' dir='ltr'><strong>totam</strong></span> <span class='ocrx_word' id='word_1_678' title='bbox 2761 3571 3057 3627; x_wconf 70' lang='lat' dir='ltr'><strong>Ecclesium</strong></span> <span class='ocrx_word' id='word_1_679' title='bbox 3096 3573 3318 3629; x_wconf 75' lang='lat' dir='ltr'><strong>instruit</strong></span> <span class='ocrx_word' id='word_1_680' title='bbox 3371 3588 3433 3631; x_wconf 89' lang='lat' dir='ltr'><strong>ut</strong></span> <span class='ocrx_word' id='word_1_681' title='bbox 3458 3580 3623 3633; x_wconf 84' lang='lat' dir='ltr'><strong>etiam</strong></span> <span class='ocrx_word' id='word_1_682' title='bbox 3648 3582 3741 3635; x_wconf 83' lang='lat' dir='ltr'><strong>do-</strong></span> 
     </span>
    </p>
   </div>
   <div class='ocr_carea' id='block_1_97' title="bbox 2147 3658 3740 3737">
    <p class='ocr_par' dir='ltr' id='par_1_97' title="bbox 2147 3658 3740 3737">
     <span class='ocr_line' id='line_1_97' title="bbox 2147 3658 3740 3737; baseline 0.009 -26"><span class='ocrx_word' id='word_1_683' title='bbox 2147 3658 2308 3712; x_wconf 90' lang='lat' dir='ltr'><strong>minis</strong></span> <span class='ocrx_word' id='word_1_684' title='bbox 2340 3658 2392 3713; x_wconf 92' lang='lat' dir='ltr'><strong>in</strong></span> <span class='ocrx_word' id='word_1_685' title='bbox 2422 3661 2738 3715; x_wconf 91' lang='lat' dir='ltr'><strong>memoriam</strong></span> <span class='ocrx_word' id='word_1_686' title='bbox 2788 3672 3026 3729; x_wconf 84' lang='lat' dir='ltr'><strong>revocet,</strong></span> <span class='ocrx_word' id='word_1_687' title='bbox 3057 3666 3185 3735; x_wconf 91' lang='lat' dir='ltr'><strong>quid</strong></span> <span class='ocrx_word' id='word_1_688' title='bbox 3222 3680 3322 3737; x_wconf 88' lang='lat' dir='ltr'><strong>pro</strong></span> <span class='ocrx_word' id='word_1_689' title='bbox 3343 3683 3534 3724; x_wconf 91' lang='lat' dir='ltr'><strong>eorum</strong></span> <span class='ocrx_word' id='word_1_690' title='bbox 3566 3671 3740 3726; x_wconf 86' lang='lat' dir='ltr'><strong>salute</strong></span> 
     </span>
    </p>
   </div>
   <div class='ocr_carea' id='block_1_98' title="bbox 2147 3749 3289 3824">
    <p class='ocr_par' dir='ltr' id='par_1_98' title="bbox 2147 3749 3289 3824">
     <span class='ocr_line' id='line_1_98' title="bbox 2147 3749 3289 3824; baseline 0.007 -20"><span class='ocrx_word' id='word_1_691' title='bbox 2147 3749 2231 3804; x_wconf 88' lang='lat' dir='ltr'><strong>vel</strong></span> <span class='ocrx_word' id='word_1_692' title='bbox 2260 3749 2585 3807; x_wconf 84' lang='lat' dir='ltr'><strong>liberatione</strong></span> <span class='ocrx_word' id='word_1_693' title='bbox 2611 3766 2741 3809; x_wconf 84' lang='lat' dir='ltr'><strong>suus</strong></span> <span class='ocrx_word' id='word_1_694' title='bbox 2768 3764 2959 3811; x_wconf 77' lang='lat' dir='ltr'><strong>auctbr</strong></span> <span class='ocrx_word' id='word_1_695' title='bbox 2988 3755 3289 3824; x_wconf 89' lang='lat' dir='ltr'><strong>pertulerit.</strong></span> 
     </span>
    </p>
   </div>
   <div class='ocr_carea' id='block_1_99' title="bbox 2218 3845 3734 3927">
    <p class='ocr_par' dir='ltr' id='par_1_99' title="bbox 2218 3845 3734 3927">
     <span class='ocr_line' id='line_1_99' title="bbox 2218 3845 3734 3927; baseline 0.009 -30"><span class='ocrx_word' id='word_1_696' title='bbox 2218 3845 2383 3899; x_wconf 75' lang='lat' dir='ltr'><strong>Vens.</strong></span> <span class='ocrx_word' id='word_1_697' title='bbox 2418 3845 2501 3899; x_wconf 74' lang='lat'><strong>&#39;23.</strong></span> <span class='ocrx_word' id='word_1_698' title='bbox 2552 3854 2621 3887; x_wconf 78' lang='lat'><strong>-‘—</strong></span> <span class='ocrx_word' id='word_1_699' title='bbox 2645 3845 2901 3902; x_wconf 85' lang='lat' dir='ltr'><strong>Tradebat</strong></span> <span class='ocrx_word' id='word_1_700' title='bbox 2926 3860 3099 3903; x_wconf 83' lang='lat' dir='ltr'><strong>autent</strong></span> <span class='ocrx_word' id='word_1_701' title='bbox 3113 3849 3381 3919; x_wconf 82' lang='lat' dir='ltr'><strong>judicanti</strong></span> <span class='ocrx_word' id='word_1_702' title='bbox 3421 3870 3477 3909; x_wconf 86' lang='lat' dir='ltr'><strong>se</strong></span> <span class='ocrx_word' id='word_1_703' title='bbox 3521 3856 3734 3927; x_wconf 75' lang='lat' dir='ltr'><strong>injuste.</strong></span> 
     </span>
    </p>
   </div>
   <div class='ocr_carea' id='block_1_100' title="bbox 2145 3933 3736 4018">
    <p class='ocr_par' dir='ltr' id='par_1_100' title="bbox 2145 3933 3736 4018">
     <span class='ocr_line' id='line_1_100' title="bbox 2145 3933 3736 4018; baseline 0.009 -29"><span class='ocrx_word' id='word_1_704' title='bbox 2145 3933 2256 3990; x_wconf 89' lang='lat' dir='ltr'><strong>Illis</strong></span> <span class='ocrx_word' id='word_1_705' title='bbox 2273 3934 2644 4003; x_wconf 73' lang='lat' dir='ltr'><strong>iudicantibus</strong></span> <span class='ocrx_word' id='word_1_706' title='bbox 2693 3939 2988 3995; x_wconf 86' lang='lat' dir='ltr'><strong>secundum</strong></span> <span class='ocrx_word' id='word_1_707' title='bbox 3036 3938 3290 4009; x_wconf 86' lang='lat' dir='ltr'><strong>injustam</strong></span> <span class='ocrx_word' id='word_1_708' title='bbox 3318 3942 3512 4014; x_wconf 85' lang='lat' dir='ltr'><strong>legem,</strong></span> <span class='ocrx_word' id='word_1_709' title='bbox 3554 3956 3736 4018; x_wconf 82' lang='lat' dir='ltr'><strong>utpote</strong></span> 
     </span>
    </p>
   </div>
   <div class='ocr_carea' id='block_1_101' title="bbox 2140 4023 3735 4108">
    <p class='ocr_par' dir='ltr' id='par_1_101' title="bbox 2140 4023 3735 4108">
     <span class='ocr_line' id='line_1_101' title="bbox 2140 4023 3735 4108; baseline 0.01 -30"><span class='ocrx_word' id='word_1_710' title='bbox 2140 4023 2321 4094; x_wconf 90' lang='lat' dir='ltr'><strong>justus</strong></span> <span class='ocrx_word' id='word_1_711' title='bbox 2345 4028 2635 4084; x_wconf 85' lang='lat' dir='ltr'><strong>exsistcns.</strong></span> <span class='ocrx_word' id='word_1_712' title='bbox 2672 4028 2819 4096; x_wconf 87' lang='lat' dir='ltr'><strong>Sive,</strong></span> <span class='ocrx_word' id='word_1_713' title='bbox 2846 4032 3093 4087; x_wconf 89' lang='lat' dir='ltr'><strong>tradebat</strong></span> <span class='ocrx_word' id='word_1_714' title='bbox 3115 4033 3225 4088; x_wconf 89' lang='lat' dir='ltr'><strong>Deo</strong></span> <span class='ocrx_word' id='word_1_715' title='bbox 3249 4033 3397 4089; x_wconf 87' lang='lat' dir='ltr'><strong>Patri</strong></span> <span class='ocrx_word' id='word_1_716' title='bbox 3431 4035 3735 4108; x_wconf 79' lang='lat' dir='ltr'><strong>injusteju-</strong></span> 
     </span>
    </p>
   </div>
   <div class='ocr_carea' id='block_1_102' title="bbox 2146 4115 3735 4193">
    <p class='ocr_par' dir='ltr' id='par_1_102' title="bbox 2146 4115 3735 4193">
     <span class='ocr_line' id='line_1_102' title="bbox 2146 4115 3735 4193; baseline 0.009 -23"><span class='ocrx_word' id='word_1_717' title='bbox 2146 4115 2413 4184; x_wconf 89' lang='lat' dir='ltr'><strong>dicantes,</strong></span> <span class='ocrx_word' id='word_1_718' title='bbox 2442 4118 2496 4175; x_wconf 92' lang='lat' dir='ltr'><strong>id</strong></span> <span class='ocrx_word' id='word_1_719' title='bbox 2521 4129 2603 4176; x_wconf 90' lang='lat' dir='ltr'><strong>est</strong></span> <span class='ocrx_word' id='word_1_720' title='bbox 2655 4135 2751 4176; x_wconf 92' lang='lat' dir='ltr'><strong>eos</strong></span> <span class='ocrx_word' id='word_1_721' title='bbox 2777 4122 2868 4191; x_wconf 92' lang='lat' dir='ltr'><strong>qui</strong></span> <span class='ocrx_word' id='word_1_722' title='bbox 2896 4127 3020 4177; x_wconf 79' lang='lat' dir='ltr'><strong>eum</strong></span> <span class='ocrx_word' id='word_1_723' title='bbox 3054 4124 3383 4193; x_wconf 86' lang='lat' dir='ltr'><strong>nequissime</strong></span> <span class='ocrx_word' id='word_1_724' title='bbox 3413 4128 3735 4184; x_wconf 82' lang='lat' dir='ltr'><strong>condemna-</strong></span> 
     </span>
    </p>
   </div>
   <div class='ocr_carea' id='block_1_103' title="bbox 2144 4206 3733 4285">
    <p class='ocr_par' dir='ltr' id='par_1_103' title="bbox 2144 4206 3733 4285">
     <span class='ocr_line' id='line_1_103' title="bbox 2144 4206 3733 4285; baseline 0.009 -23"><span class='ocrx_word' id='word_1_725' title='bbox 2144 4206 2299 4275; x_wconf 87' lang='lat' dir='ltr'><strong>bant,</strong></span> <span class='ocrx_word' id='word_1_726' title='bbox 2322 4218 2376 4264; x_wconf 91' lang='lat' dir='ltr'><strong>et</strong></span> <span class='ocrx_word' id='word_1_727' title='bbox 2399 4211 2515 4266; x_wconf 89' lang='lat' dir='ltr'><strong>neci</strong></span> <span class='ocrx_word' id='word_1_728' title='bbox 2563 4211 2680 4282; x_wconf 84' lang='lat' dir='ltr'><strong>ejus</strong></span> <span class='ocrx_word' id='word_1_729' title='bbox 2716 4212 3010 4278; x_wconf 89' lang='lat' dir='ltr'><strong>instabant,</strong></span> <span class='ocrx_word' id='word_1_730' title='bbox 3048 4222 3108 4269; x_wconf 88' lang='lat' dir='ltr'><strong>ut</strong></span> <span class='ocrx_word' id='word_1_731' title='bbox 3149 4216 3413 4285; x_wconf 73' lang='lat' dir='ltr'><strong>Supplicia</strong></span> <span class='ocrx_word' id='word_1_732' title='bbox 3457 4231 3733 4276; x_wconf 63' lang='lat' dir='ltr'><strong>suntcum</strong></span> 
     </span>
    </p>
   </div>
   <div class='ocr_carea' id='block_1_104' title="bbox 2144 4300 3731 4376">
    <p class='ocr_par' dir='ltr' id='par_1_104' title="bbox 2144 4300 3731 4376">
     <span class='ocr_line' id='line_1_104' title="bbox 2144 4300 3731 4376; baseline 0.008 -23"><span class='ocrx_word' id='word_1_733' title='bbox 2144 4300 2483 4355; x_wconf 74' lang='lat' dir='ltr'><strong>erudiuntur.</strong></span> <span class='ocrx_word' id='word_1_734' title='bbox 2527 4301 2721 4373; x_wconf 85' lang='lat' dir='ltr'><strong>Tangit</strong></span> <span class='ocrx_word' id='word_1_735' title='bbox 2753 4303 3121 4373; x_wconf 79' lang='lat' dir='ltr'><strong>evangelicum</strong></span> <span class='ocrx_word' id='word_1_736' title='bbox 3165 4307 3506 4376; x_wconf 82' lang='lat' dir='ltr'><strong>parabolam,</strong></span> <span class='ocrx_word' id='word_1_737' title='bbox 3536 4312 3629 4365; x_wconf 77' lang='lat' dir='ltr'><strong>ubi</strong></span> <span class='ocrx_word' id='word_1_738' title='bbox 3658 4313 3731 4366; x_wconf 87' lang='lat' dir='ltr'><strong>di-</strong></span> 
     </span>
    </p>
   </div>
   <div class='ocr_carea' id='block_1_105' title="bbox 2145 4389 3729 4468">
    <p class='ocr_par' dir='ltr' id='par_1_105' title="bbox 2145 4389 3729 4468">
     <span class='ocr_line' id='line_1_105' title="bbox 2145 4389 3729 4468; baseline 0.009 -25"><span class='ocrx_word' id='word_1_739' title='bbox 2145 4389 2289 4444; x_wconf 88' lang='lat' dir='ltr'><strong>citur</strong></span> <span class='ocrx_word' id='word_1_740' title='bbox 2307 4391 2447 4459; x_wconf 88' lang='lat' dir='ltr'><strong>quod</strong></span> <span class='ocrx_word' id='word_1_741' title='bbox 2472 4390 2593 4461; x_wconf 91' lang='lat' dir='ltr'><strong>pius</strong></span> <span class='ocrx_word' id='word_1_742' title='bbox 2617 4401 2823 4463; x_wconf 85' lang='lat' dir='ltr'><strong>pastor,</strong></span> <span class='ocrx_word' id='word_1_743' title='bbox 2848 4393 3052 4449; x_wconf 89' lang='lat' dir='ltr'><strong>relictis</strong></span> <span class='ocrx_word' id='word_1_744' title='bbox 3079 4398 3371 4468; x_wconf 79' lang='lat' dir='ltr'><strong>nonaginta</strong></span> <span class='ocrx_word' id='word_1_745' title='bbox 3395 4416 3595 4457; x_wconf 83' lang='lat' dir='ltr'><strong>novem</strong></span> <span class='ocrx_word' id='word_1_746' title='bbox 3619 4406 3729 4458; x_wconf 66' lang='lat' dir='ltr'><strong>ovio&#39;</strong></span> 
     </span>
    </p>
   </div>
   <div class='ocr_carea' id='block_1_106' title="bbox 2145 4481 3721 4562">
    <p class='ocr_par' dir='ltr' id='par_1_106' title="bbox 2145 4481 3721 4562">
     <span class='ocr_line' id='line_1_106' title="bbox 2145 4481 3721 4562; baseline 0.009 -25"><span class='ocrx_word' id='word_1_747' title='bbox 2145 4481 2247 4537; x_wconf 89' lang='lat' dir='ltr'><strong>bus</strong></span> <span class='ocrx_word' id='word_1_748' title='bbox 2274 4482 2327 4536; x_wconf 82' lang='lat' dir='ltr'><strong>in</strong></span> <span class='ocrx_word' id='word_1_749' title='bbox 2357 4484 2592 4550; x_wconf 85' lang='lat' dir='ltr'><strong>deserto,</strong></span> <span class='ocrx_word' id='word_1_750' title='bbox 2626 4484 2835 4539; x_wconf 85' lang='lat' dir='ltr'><strong>venerit</strong></span> <span class='ocrx_word' id='word_1_751' title='bbox 2862 4485 3082 4542; x_wconf 82' lang='lat' dir='ltr'><strong>visitare</strong></span> <span class='ocrx_word' id='word_1_752' title='bbox 3117 4503 3277 4542; x_wconf 89' lang='lat' dir='ltr'><strong>unam</strong></span> <span class='ocrx_word' id='word_1_753' title='bbox 3321 4507 3443 4561; x_wconf 69' lang='lat' dir='ltr'><strong>qua:</strong></span> <span class='ocrx_word' id='word_1_754' title='bbox 3470 4496 3721 4562; x_wconf 62' lang='lat' dir='ltr'><strong>perierat,</strong></span> 
     </span>
    </p>
   </div>
   <div class='ocr_carea' id='block_1_107' title="bbox 2219 4558 3727 4657">
    <p class='ocr_par' dir='ltr' id='par_1_107' title="bbox 2219 4558 3727 4657">
     <span class='ocr_line' id='line_1_107' title="bbox 2219 4558 3727 4657; baseline 0.01 -31"><span class='ocrx_word' id='word_1_755' title='bbox 2219 4572 2381 4627; x_wconf 74' lang='lat' dir='ltr'><strong>Vens.</strong></span> <span class='ocrx_word' id='word_1_756' title='bbox 2411 4572 2483 4627; x_wconf 76' lang='lat'><strong>25</strong></span> <span class='ocrx_word' id='word_1_757' title='bbox 2534 4602 2603 4612; x_wconf 82' lang='lat'><strong>——-</strong></span> <span class='ocrx_word' id='word_1_758' title='bbox 2634 4572 2703 4627; x_wconf 88' lang='lat' dir='ltr'><strong>Et</strong></span> <span class='ocrx_word' id='word_1_759' title='bbox 2726 4575 3041 4644; x_wconf 81' lang='lat' dir='ltr'><strong>episcopum.</strong></span> <span class='ocrx_word' id='word_1_760' title='bbox 3074 4578 3167 4632; x_wconf 87' lang='lat' dir='ltr'><strong>Vel</strong></span> <span class='ocrx_word' id='word_1_761' title='bbox 3194 4558 3563 4650; x_wconf 76' lang='lat' dir='ltr'><strong>visitatorem,</strong></span> <span class='ocrx_word' id='word_1_762' title='bbox 3588 4558 3727 4657; x_wconf 63' lang='lat' dir='ltr'><strong>quod</strong></span> 
     </span>
    </p>
   </div>
   <div class='ocr_carea' id='block_1_108' title="bbox 2146 4661 3722 4740">
    <p class='ocr_par' dir='ltr' id='par_1_108' title="bbox 2146 4661 3722 4740">
     <span class='ocr_line' id='line_1_108' title="bbox 2146 4661 3722 4740; baseline 0.01 -26"><span class='ocrx_word' id='word_1_763' title='bbox 2146 4661 2287 4715; x_wconf 90' lang='lat' dir='ltr'><strong>idem</strong></span> <span class='ocrx_word' id='word_1_764' title='bbox 2332 4669 2435 4716; x_wconf 88' lang='lat' dir='ltr'><strong>est.</strong></span> <span class='ocrx_word' id='word_1_765' title='bbox 2476 4662 2772 4733; x_wconf 83' lang='lat' dir='ltr'><strong>EpiscOpus</strong></span> <span class='ocrx_word' id='word_1_766' title='bbox 2809 4664 2975 4731; x_wconf 90' lang='lat' dir='ltr'><strong>enim,</strong></span> <span class='ocrx_word' id='word_1_767' title='bbox 3031 4665 3081 4720; x_wconf 85' lang='lat' dir='ltr'><strong>id</strong></span> <span class='ocrx_word' id='word_1_768' title='bbox 3122 4676 3205 4722; x_wconf 89' lang='lat' dir='ltr'><strong>est</strong></span> <span class='ocrx_word' id='word_1_769' title='bbox 3252 4672 3722 4740; x_wconf 77' lang='lat' dir='ltr'><strong>superintendens,</strong></span> 
     </span>
    </p>
   </div>
   <div class='ocr_carea' id='block_1_109' title="bbox 2153 4753 3723 4838">
    <p class='ocr_par' dir='ltr' id='par_1_109' title="bbox 2153 4753 3723 4838">
     <span class='ocr_line' id='line_1_109' title="bbox 2153 4753 3723 4838; baseline 0.011 -31"><span class='ocrx_word' id='word_1_770' title='bbox 2153 4754 2269 4824; x_wconf 77' lang='lat' dir='ltr'><strong>quia</strong></span> <span class='ocrx_word' id='word_1_771' title='bbox 2319 4753 2457 4808; x_wconf 84' lang='lat' dir='ltr'><strong>oculi</strong></span> <span class='ocrx_word' id='word_1_772' title='bbox 2501 4754 2715 4819; x_wconf 86' lang='lat' dir='ltr'><strong>Domini</strong></span> <span class='ocrx_word' id='word_1_773' title='bbox 2761 4773 2919 4828; x_wconf 79' lang='lat' dir='ltr'><strong>super</strong></span> <span class='ocrx_word' id='word_1_774' title='bbox 2952 4758 3151 4828; x_wconf 82' lang='lat' dir='ltr'><strong>justas,</strong></span> <span class='ocrx_word' id='word_1_775' title='bbox 3217 4771 3267 4814; x_wconf 78' lang='lat' dir='ltr'><strong>et</strong></span> <span class='ocrx_word' id='word_1_776' title='bbox 3316 4779 3475 4819; x_wconf 87' lang='lat' dir='ltr'><strong>aures</strong></span> <span class='ocrx_word' id='word_1_777' title='bbox 3518 4768 3635 4838; x_wconf 82' lang='lat' dir='ltr'><strong>ejus</strong></span> <span class='ocrx_word' id='word_1_778' title='bbox 3675 4772 3723 4823; x_wconf 83' lang='lat' dir='ltr'><strong>in</strong></span> 
     </span>
    </p>
   </div>
   <div class='ocr_carea' id='block_1_110' title="bbox 2144 4844 3639 4912">
    <p class='ocr_par' dir='ltr' id='par_1_110' title="bbox 2144 4844 3639 4912">
     <span class='ocr_line' id='line_1_110' title="bbox 2144 4844 3639 4912; baseline 0.01 -16"><span class='ocrx_word' id='word_1_779' title='bbox 2144 4860 2317 4912; x_wconf 80' lang='lat' dir='ltr'><strong>preces</strong></span> <span class='ocrx_word' id='word_1_780' title='bbox 2346 4860 2545 4898; x_wconf 86' lang='lat' dir='ltr'><strong>eorum.</strong></span> <span class='ocrx_word' id='word_1_781' title='bbox 2575 4845 2662 4911; x_wconf 81' lang='lat' dir='ltr'><strong>Et,</strong></span> <span class='ocrx_word' id='word_1_782' title='bbox 2706 4844 2940 4901; x_wconf 72' lang='lat' dir='ltr'><strong>l’isitarit</strong></span> <span class='ocrx_word' id='word_1_783' title='bbox 2968 4865 3060 4903; x_wconf 87' lang='lat' dir='ltr'><strong>nos</strong></span> <span class='ocrx_word' id='word_1_784' title='bbox 3090 4852 3262 4906; x_wconf 83' lang='lat' dir='ltr'><strong>oriens</strong></span> <span class='ocrx_word' id='word_1_785' title='bbox 3292 4870 3358 4907; x_wconf 71' lang='lat' dir='ltr'><strong>ex</strong></span> <span class='ocrx_word' id='word_1_786' title='bbox 3382 4855 3514 4910; x_wconf 83' lang='lat' dir='ltr'><strong>alto.</strong></span> <span class='ocrx_word' id='word_1_787' title='bbox 3598 4866 3639 4885; x_wconf 74' lang='lat'><strong><em>”</em></strong></span> 
     </span>
    </p>
   </div>
   <div class='ocr_carea' id='block_1_111' title="bbox 2758 4940 3107 4998">
    <p class='ocr_par' dir='ltr' id='par_1_111' title="bbox 2758 4940 3107 4998">
     <span class='ocr_line' id='line_1_111' title="bbox 2758 4940 3107 4998; baseline 0.006 -2"><span class='ocrx_word' id='word_1_788' title='bbox 2758 4940 2986 4998; x_wconf 78' lang='lat' dir='ltr'><strong>CAPUT</strong></span> <span class='ocrx_word' id='word_1_789' title='bbox 3025 4944 3107 4998; x_wconf 86' lang='lat' dir='ltr'><strong>Ill.</strong></span> 
     </span>
    </p>
   </div>
   <div class='ocr_carea' id='block_1_112' title="bbox 2210 5030 3718 5101">
    <p class='ocr_par' dir='ltr' id='par_1_112' title="bbox 2210 5030 3718 5101">
     <span class='ocr_line' id='line_1_112' title="bbox 2210 5030 3718 5101; baseline 0.011 -17"><span class='ocrx_word' id='word_1_790' title='bbox 2210 5031 2373 5085; x_wconf 77' lang='lat' dir='ltr'><strong>Vsus.</strong></span> <span class='ocrx_word' id='word_1_791' title='bbox 2390 5032 2517 5086; x_wconf 82' lang='lat'><strong>5.—</strong></span> <span class='ocrx_word' id='word_1_792' title='bbox 2532 5030 2771 5097; x_wconf 83' lang='lat' dir='ltr'><strong>Quarum</strong></span> <span class='ocrx_word' id='word_1_793' title='bbox 2794 5048 2898 5087; x_wconf 91' lang='lat' dir='ltr'><strong>non</strong></span> <span class='ocrx_word' id='word_1_794' title='bbox 2914 5035 3001 5088; x_wconf 85' lang='lat' dir='ltr'><strong>sit.</strong></span> <span class='ocrx_word' id='word_1_795' title='bbox 3015 5034 3160 5091; x_wconf 91' lang='lat' dir='ltr'><strong>Ordo</strong></span> <span class='ocrx_word' id='word_1_796' title='bbox 3174 5039 3465 5096; x_wconf 83' lang='lat' dir='ltr'><strong>verbontm</strong></span> <span class='ocrx_word' id='word_1_797' title='bbox 3488 5055 3573 5099; x_wconf 86' lang='lat' dir='ltr'><strong>est</strong></span> <span class='ocrx_word' id='word_1_798' title='bbox 3591 5047 3718 5101; x_wconf 88' lang='lat' dir='ltr'><strong>iste:</strong></span> 
     </span>
    </p>
   </div>
   <div class='ocr_carea' id='block_1_113' title="bbox 2138 5122 3720 5195">
    <p class='ocr_par' dir='ltr' id='par_1_113' title="bbox 2138 5122 3720 5195">
     <span class='ocr_line' id='line_1_113' title="bbox 2138 5122 3720 5195; baseline 0.01 -19"><span class='ocrx_word' id='word_1_799' title='bbox 2138 5136 2365 5192; x_wconf 90' lang='lat' dir='ltr'><strong>quarum</strong></span> <span class='ocrx_word' id='word_1_800' title='bbox 2388 5122 2564 5178; x_wconf 91' lang='lat' dir='ltr'><strong>cultus</strong></span> <span class='ocrx_word' id='word_1_801' title='bbox 2586 5139 2690 5179; x_wconf 92' lang='lat' dir='ltr'><strong>non</strong></span> <span class='ocrx_word' id='word_1_802' title='bbox 2713 5123 2783 5178; x_wconf 89' lang='lat' dir='ltr'><strong>sit</strong></span> <span class='ocrx_word' id='word_1_803' title='bbox 2801 5124 3140 5195; x_wconf 88' lang='lat' dir='ltr'><strong>capillatura,</strong></span> <span class='ocrx_word' id='word_1_804' title='bbox 3163 5138 3256 5184; x_wconf 91' lang='lat' dir='ltr'><strong>aut</strong></span> <span class='ocrx_word' id='word_1_805' title='bbox 3283 5146 3474 5188; x_wconf 90' lang='lat' dir='ltr'><strong>aurum</strong></span> <span class='ocrx_word' id='word_1_806' title='bbox 3499 5137 3720 5192; x_wconf 85' lang='lat' dir='ltr'><strong>circum-</strong></span> 
     </span>
    </p>
   </div>
   <div class='ocr_carea' id='block_1_114' title="bbox 2142 5218 3717 5297">
    <p class='ocr_par' dir='ltr' id='par_1_114' title="bbox 2142 5218 3717 5297">
     <span class='ocr_line' id='line_1_114' title="bbox 2142 5218 3717 5297; baseline 0.008 -24"><span class='ocrx_word' id='word_1_807' title='bbox 2142 5219 2295 5281; x_wconf 89' lang='lat' dir='ltr'><strong>dans,</strong></span> <span class='ocrx_word' id='word_1_808' title='bbox 2336 5224 2428 5273; x_wconf 89' lang='lat' dir='ltr'><strong>aut</strong></span> <span class='ocrx_word' id='word_1_809' title='bbox 2465 5233 2571 5272; x_wconf 92' lang='lat' dir='ltr'><strong>non</strong></span> <span class='ocrx_word' id='word_1_810' title='bbox 2607 5218 2674 5272; x_wconf 91' lang='lat' dir='ltr'><strong>sit</strong></span> <span class='ocrx_word' id='word_1_811' title='bbox 2699 5218 2878 5273; x_wconf 88' lang='lat' dir='ltr'><strong>cultus</strong></span> <span class='ocrx_word' id='word_1_812' title='bbox 2915 5220 3362 5279; x_wconf 84' lang='lat' dir='ltr'><strong>vestimentorum</strong></span> <span class='ocrx_word' id='word_1_813' title='bbox 3398 5227 3717 5297; x_wconf 86' lang='lat' dir='ltr'><strong>indumenti,</strong></span> 
     </span>
    </p>
   </div>
   <div class='ocr_carea' id='block_1_115' title="bbox 2141 5309 3712 5383">
    <p class='ocr_par' dir='ltr' id='par_1_115' title="bbox 2141 5309 3712 5383">
     <span class='ocr_line' id='line_1_115' title="bbox 2141 5309 3712 5383; baseline 0.006 -18"><span class='ocrx_word' id='word_1_814' title='bbox 2141 5311 2194 5366; x_wconf 92' lang='lat' dir='ltr'><strong>id</strong></span> <span class='ocrx_word' id='word_1_815' title='bbox 2220 5317 2323 5377; x_wconf 91' lang='lat' dir='ltr'><strong>est,</strong></span> <span class='ocrx_word' id='word_1_816' title='bbox 2350 5325 2457 5365; x_wconf 92' lang='lat' dir='ltr'><strong>non</strong></span> <span class='ocrx_word' id='word_1_817' title='bbox 2485 5310 2592 5364; x_wconf 90' lang='lat' dir='ltr'><strong>sint</strong></span> <span class='ocrx_word' id='word_1_818' title='bbox 2622 5309 2811 5365; x_wconf 86' lang='lat' dir='ltr'><strong>festiva</strong></span> <span class='ocrx_word' id='word_1_819' title='bbox 2834 5312 3158 5367; x_wconf 88' lang='lat' dir='ltr'><strong>vestimenta</strong></span> <span class='ocrx_word' id='word_1_820' title='bbox 3186 5314 3384 5383; x_wconf 87' lang='lat' dir='ltr'><strong>quibus</strong></span> <span class='ocrx_word' id='word_1_821' title='bbox 3410 5310 3712 5376; x_wconf 83' lang='lat' dir='ltr'><strong>induantur.</strong></span> 
     </span>
    </p>
   </div>
   <div class='ocr_carea' id='block_1_116' title="bbox 2143 5401 3713 5465">
    <p class='ocr_par' dir='ltr' id='par_1_116' title="bbox 2143 5401 3713 5465">
     <span class='ocr_line' id='line_1_116' title="bbox 2143 5401 3713 5465; baseline 0.004 -7"><span class='ocrx_word' id='word_1_822' title='bbox 2143 5402 2249 5459; x_wconf 89' lang='lat' dir='ltr'><strong>Sed</strong></span> <span class='ocrx_word' id='word_1_823' title='bbox 2292 5402 2362 5458; x_wconf 92' lang='lat' dir='ltr'><strong>sit</strong></span> <span class='ocrx_word' id='word_1_824' title='bbox 2390 5401 2544 5458; x_wconf 82' lang='lat' dir='ltr'><strong>vobis</strong></span> <span class='ocrx_word' id='word_1_825' title='bbox 2570 5410 2794 5457; x_wconf 89' lang='lat' dir='ltr'><strong>ornatus</strong></span> <span class='ocrx_word' id='word_1_826' title='bbox 2825 5402 2986 5457; x_wconf 90' lang='lat' dir='ltr'><strong>homo</strong></span> <span class='ocrx_word' id='word_1_827' title='bbox 3021 5403 3201 5459; x_wconf 90' lang='lat' dir='ltr'><strong>cordis</strong></span> <span class='ocrx_word' id='word_1_828' title='bbox 3227 5405 3459 5463; x_wconf 89' lang='lat' dir='ltr'><strong>interior</strong></span> <span class='ocrx_word' id='word_1_829' title='bbox 3487 5411 3588 5465; x_wconf 89' lang='lat' dir='ltr'><strong>soli</strong></span> <span class='ocrx_word' id='word_1_830' title='bbox 3615 5412 3713 5465; x_wconf 83' lang='lat' dir='ltr'><strong>Deo</strong></span> 
     </span>
    </p>
   </div>
   <div class='ocr_carea' id='block_1_117' title="bbox 2140 5492 3711 5568">
    <p class='ocr_par' dir='ltr' id='par_1_117' title="bbox 2140 5492 3711 5568">
     <span class='ocr_line' id='line_1_117' title="bbox 2140 5492 3711 5568; baseline 0.002 -18"><span class='ocrx_word' id='word_1_831' title='bbox 2140 5504 2332 5559; x_wconf 87' lang='lat' dir='ltr'><strong>notus,</strong></span> <span class='ocrx_word' id='word_1_832' title='bbox 2401 5492 2910 5564; x_wconf 85' lang='lat' dir='ltr'><strong>incorruptibilitate</strong></span> <span class='ocrx_word' id='word_1_833' title='bbox 2965 5495 3187 5565; x_wconf 87' lang='lat' dir='ltr'><strong>spiritus</strong></span> <span class='ocrx_word' id='word_1_834' title='bbox 3244 5513 3259 5551; x_wconf 92' lang='lat'><strong>:</strong></span> <span class='ocrx_word' id='word_1_835' title='bbox 3315 5499 3544 5568; x_wconf 88' lang='lat' dir='ltr'><strong>spiritus</strong></span> <span class='ocrx_word' id='word_1_836' title='bbox 3602 5503 3711 5556; x_wconf 87' lang='lat' dir='ltr'><strong>dico</strong></span> 
     </span>
    </p>
   </div>
   <div class='ocr_carea' id='block_1_118' title="bbox 2138 5585 3709 5658">
    <p class='ocr_par' dir='ltr' id='par_1_118' title="bbox 2138 5585 3709 5658">
     <span class='ocr_line' id='line_1_118' title="bbox 2138 5585 3709 5658; baseline 0.001 -17"><span class='ocrx_word' id='word_1_837' title='bbox 2138 5586 2305 5658; x_wconf 89' lang='lat' dir='ltr'><strong>quieti</strong></span> <span class='ocrx_word' id='word_1_838' title='bbox 2337 5587 2406 5641; x_wconf 90' lang='lat' dir='ltr'><strong>ab</strong></span> <span class='ocrx_word' id='word_1_839' title='bbox 2435 5585 2843 5656; x_wconf 87' lang='lat' dir='ltr'><strong>impugnatione</strong></span> <span class='ocrx_word' id='word_1_840' title='bbox 2873 5585 3127 5640; x_wconf 81' lang='lat' dir='ltr'><strong>vitiorum</strong></span> <span class='ocrx_word' id='word_1_841' title='bbox 3162 5594 3217 5642; x_wconf 90' lang='lat' dir='ltr'><strong>et</strong></span> <span class='ocrx_word' id='word_1_842' title='bbox 3255 5589 3510 5657; x_wconf 86' lang='lat' dir='ltr'><strong>modesti,</strong></span> <span class='ocrx_word' id='word_1_843' title='bbox 3540 5607 3606 5647; x_wconf 90' lang='lat' dir='ltr'><strong>ne</strong></span> <span class='ocrx_word' id='word_1_844' title='bbox 3632 5607 3709 5645; x_wconf 69' lang='grc' dir='ltr'><strong>δυο</strong></span> 
     </span>
    </p>
   </div>
   <div class='ocr_carea' id='block_1_119' title="bbox 2138 5676 3701 5754">
    <p class='ocr_par' dir='ltr' id='par_1_119' title="bbox 2138 5676 3701 5754">
     <span class='ocr_line' id='line_1_119' title="bbox 2138 5676 3701 5754; baseline 0.001 -20"><span class='ocrx_word' id='word_1_845' title='bbox 2138 5679 2371 5749; x_wconf 88' lang='lat' dir='ltr'><strong>perbiat,</strong></span> <span class='ocrx_word' id='word_1_846' title='bbox 2401 5678 2491 5747; x_wconf 90' lang='lat' dir='ltr'><strong>qui</strong></span> <span class='ocrx_word' id='word_1_847' title='bbox 2522 5676 2647 5730; x_wconf 81' lang='lat' dir='ltr'><strong>talis</strong></span> <span class='ocrx_word' id='word_1_848' title='bbox 2671 5676 2912 5745; x_wconf 88' lang='lat' dir='ltr'><strong>spiritus,</strong></span> <span class='ocrx_word' id='word_1_849' title='bbox 2944 5678 3044 5732; x_wconf 90' lang='lat' dir='ltr'><strong>etsi</strong></span> <span class='ocrx_word' id='word_1_850' title='bbox 3072 5679 3385 5737; x_wconf 86' lang='lat' dir='ltr'><strong>hominibus</strong></span> <span class='ocrx_word' id='word_1_851' title='bbox 3416 5699 3523 5738; x_wconf 90' lang='lat' dir='ltr'><strong>non</strong></span> <span class='ocrx_word' id='word_1_852' title='bbox 3548 5691 3701 5754; x_wconf 77' lang='lat' dir='ltr'><strong>patet,</strong></span> 
     </span>
    </p>
   </div>
   <div class='ocr_carea' id='block_1_120' title="bbox 2138 5768 3154 5839">
    <p class='ocr_par' dir='ltr' id='par_1_120' title="bbox 2138 5768 3154 5839">
     <span class='ocr_line' id='line_1_120' title="bbox 2138 5768 3154 5839; baseline -0.002 -14"><span class='ocrx_word' id='word_1_853' title='bbox 2138 5781 2317 5826; x_wconf 90' lang='lat' dir='ltr'><strong>tamen</strong></span> <span class='ocrx_word' id='word_1_854' title='bbox 2352 5771 2404 5826; x_wconf 89' lang='lat' dir='ltr'><strong>in</strong></span> <span class='ocrx_word' id='word_1_855' title='bbox 2430 5776 2718 5839; x_wconf 85' lang='lat' dir='ltr'><strong>conspectu</strong></span> <span class='ocrx_word' id='word_1_856' title='bbox 2752 5768 2842 5825; x_wconf 89' lang='lat' dir='ltr'><strong>Dei</strong></span> <span class='ocrx_word' id='word_1_857' title='bbox 2875 5777 2957 5825; x_wconf 88' lang='lat' dir='ltr'><strong>est</strong></span> <span class='ocrx_word' id='word_1_858' title='bbox 2987 5770 3154 5826; x_wconf 83' lang='lat' dir='ltr'><strong>dives.</strong></span> 
     </span>
    </p>
   </div>
  </div>
