3948 6314
224 384 315 443 ωδ

1128 374 1393 433 GLOSSA
1433 371 1830 431 ORDINARIA.
1867 386 1937 415 -ι-
1973 372 2189 429 EPIST.
2229 372 2249 426 1
2290 370 2494 429 PETRI

3352 369 3456 427 686

287 496 438 553 Vens.
465 494 514 547 7.
544 519 615 531 —
647 486 780 547 Viri.
808 486 978 556 Quasi
1015 486 1161 544 dicat
1190 503 1204 543 :
1236 489 1378 545 sicut
1397 488 1624 558 praecepi
1651 502 1779 541 uxo-
1804 495 1857 554 Α
1882 488 2038 543 bonis
2083 486 2240 558 quasi
2287 485 2355 541 de
2383 483 2842 551 malefactoribus,
2897 484 3214 540 imminente
3253 484 3459 540 diluvio

222 590 376 653 ribus,
408 592 465 638 ut
489 596 585 653 per
622 587 864 635 sanctam
897 580 1365 636 conversationem
1409 593 1561 635 suam
1605 578 1774 633 lucri-

221 680 404 737 faciant
429 673 675 739 maritos,
715 678 771 725 et
794 671 1042 726 serviant
1074 671 1201 736 illis,
1238 669 1484 725 similiter
1520 669 1777 739 praecipio

219 770 378 834 vobis,
402 786 436 823 υ
465 765 589 829 viri,
615 764 673 818 ut
694 777 792 833 per
816 771 1055 818 vestram
1094 760 1564 817 conversationem
1609 759 1777 812 lucri-

219 868 340 921 liant
363 848 632 921 mulieres,
668 867 725 913 et
748 859 1019 914 custodite
1053 873 1171 921 eas,
1196 864 1305 921 [os
1338 857 1459 912 dico
1494 870 1616 909 cum
1651 854 1774 917 illis,

222 952 479 1010 reddendo
508 950 748 1006 debitum
767 990 782 1015 ,
812 950 1211 1005 cobabitantes.
1241 946 1308 1001 Et
1346 948 1451 1003 hoc
1482 945 1778 1000 secundum

217 1040 615 1105 conscientiam,
638 1038 746 1094 n'on
767 1039 823 1093 in
851 1038 1197 1108 passionibus
1221 1036 1495 1101 desiderii,
1520 1036 1613 1090 sed
1642 1034 1782 1089 sicut

214 1136 373 1191 Deum
421 1131 771 1202 intelligimus
800 1130 958 1198 velle,
1002 1131 1211 1187 scilicet
1256 1141 1315 1186 ut
1344 1129 1614 1201 generetis
1643 1128 1783 1183 ﬁlios

214 1226 265 1281 in
291 1224 487 1280 cultum
522 1223 685 1278 unius
714 1222 829 1287 Dei,
859 1238 956 1278 vos
979 1223 1098 1279 dico
1122 1221 1781 1291 impertienteshonorem

210 1314 418 1370 vasculo
442 1312 722 1378 muliebri,
746 1314 901 1383 quasi
933 1314 1244 1379 inﬁrmiori,
1275 1324 1330 1368 et
1354 1313 1406 1367 in
1436 1312 1698 1373 vestibus,
1729 1317 1785 1366 et

211 1409 261 1464 in
293 1408 410 1463 aliis
433 1405 760 1461 necessariis
789 1406 869 1460 eis
892 1405 1242 1474 providentes
1275 1422 1287 1457 :
1320 1413 1376 1459 et
1417 1404 1462 1459 si
1493 1402 1787 1471 aliquando

208 1497 377 1569 placet
409 1496 520 1551 illis
549 1511 581 1550 a
612 1496 759 1552 coitu
774 1510 1013 1560 cessare,
1040 1496 1335 1566 impendite
1361 1494 1787 1563 honorem,quia

209 1587 531 1642 inﬁrmiores
569 1594 714 1641 sunt.
744 1586 1041 1656 lmpendite
1071 1587 1235 1641 etiam
1265 1595 1523 1656 tanquam
1550 1586 1788 1640 eohaerc~

206 1680 358 1737 dibus
389 1680 583 1750 gratim
605 1680 657 1734 in
688 1680 942 1750 praesenti
978 1681 1118 1735 datm
1144 1696 1174 1733 a
1204 1680 1338 1744 Deo,
1366 1689 1421 1736 et
1446 1680 1571 1735 vitae
1597 1678 1789 1734 dandas

209 1770 260 1827 in
287 1770 490 1837 futuro,
528 1769 613 1825 vel
642 1771 764 1825 vita:
791 1786 890 1840 pro
918 1771 1093 1840 gratia
1122 1769 1336 1826 dandae.

1880 577 2369 634 confundebantur.

1948 668 2113 724 Vnus.
2150 667 2425 724 l9..—In
2469 685 2692 723 carcere.
2732 668 2857 735 (ln.)
2887 668 2988 736 Qui
3014 669 3211 725 habent
3235 686 3453 726 sensum

1877 761 2225 819 obscuratum
2275 759 2535 822 tenebris,
2565 759 2760 813 merito
2786 760 2949 813 etiam
2997 759 3052 813 in
3095 759 3196 814 hac
3236 760 3344 815 vita
3371 762 3455 814 di-

1879 863 2080 911 cuntur
2124 865 2346 906 carcere
2380 849 2599 915 inclusi,
2645 858 2700 905 et
2744 850 2797 909 in
2823 851 2924 907 hoc
2966 850 3207 911 interiori
3237 867 3458 907 carcere

1879 941 2078 996 mentis
2105 939 2600 1012 operibusinjustis
2633 949 2952 1008 gravantur,
2983 941 3154 997 donec
3180 958 3346 999 carne
3372 959 3459 998 so-

1880 1035 1977 1089 luti
2002 1036 2055 1090 in
2082 1036 2384 1092 exteriores
2413 1035 2665 1091 tenebras
2683 1036 3040 1107 projiclantur
3065 1047 3283 1094 aeterna:
3308 1039 3460 1093 dam-

1880 1129 2135 1183 nationis.
2164 1127 2374 1184 Habent
2402 1136 2457 1182 et
2487 1126 2621 1195 justi
2657 1128 2748 1184 hic
2776 1143 3075 1196 carcerem,
3110 1131 3206 1186 sed
3238 1131 3464 1187 tribula-

1880 1221 2111 1286 tionum,
2141 1221 2354 1291 reprobi
2379 1234 2509 1277 vero
2537 1221 2813 1276 vitiorum.

1952 1311 2114 1367 Vnus.
2142 1313 2307 1367 20.—
2328 1311 2551 1378 Quando
2591 1310 2957 1378 exspectabant
2999 1312 3097 1367 Dei
3128 1315 3458 1384 patientiam.

1882 1405 2015 1462 Cum
2060 1406 2319 1477 patientia
2372 1406 2467 1461 Dei
2507 1404 2761 1461 invitaret
2794 1404 2914 1461 illos
2960 1406 3027 1460 ad
3062 1406 3458 1475 paenitentiam,

1882 1511 2113 1565 parcens
2138 1496 2241 1551 illis
2263 1511 2358 1565 per
2377 1505 2593 1551 centum
2623 1510 2797 1550 annos
2820 1495 3017 1566 quibus
3037 1495 3150 1551 Noe
3163 1495 3463 1551 aediﬁcabat

1885 1604 2093 1653 arcam,
2120 1603 2400 1659 perquam
2442 1588 2826 1644 ostendebatur
2870 1588 3001 1658 quid
3045 1587 3281 1643 futurum
3322 1597 3466 1644 esset

1887 1679 1940 1734 in
1970 1681 2189 1734 mundo.
2217 1679 2322 1748 Ipsi
2346 1694 2476 1749 ergo
2504 1693 2608 1733 non
2638 1677 2933 1734 utebantur
2969 1679 3228 1749 patientia
3266 1679 3360 1736 Dei
3395 1680 3477 1733 ad:

1889 1770 2284 1841 ptenitentiam,
2319 1770 2411 1824 sed
2439 1771 2826 1839 exspectabant
2852 1785 2972 1826 eam
3010 1772 3159 1841 quasi
3191 1780 3334 1826 esset
3370 1773 3467 1827 dn-

275 1861 439 1918 Vsns.
480 1860 542 1919 9.
573 1859 794 1916 —Non
848 1860 1140 1915 reddentes.
1192 1860 1308 1915 Non
1349 1858 1520 1914 solum
1563 1858 1789 1915 cessetis
1818 1863 1862 1921 B
1890 1870 2074 1915 ratura
2117 1875 2351 1931 semper.
2394 1860 2530 1915 Noe.
2562 1859 2671 1915 Noe
2716 1861 3094 1932 interpretatur
3129 1864 3367 1933 requies,
3409 1874 3465 1917 et

205 1954 431 2011 reddere
462 1954 670 2010 malum
705 1970 801 2025 pro
838 1952 1001 2018 malo,
1040 1953 1136 2009 sed
1167 1954 1330 2010 etiam
1364 1966 1465 2024 pro
1501 1951 1789 2008 maledicto

205 2043 326 2101 date
348 2046 808 2102 benedictionem.

274 2139 415 2206 Quia
445 2140 501 2193 in
531 2139 647 2193 hoc.
677 2136 891 2208 (BI-10A.)
915 2134 1050 2203 Quia
1084 2136 1434 2207 prohibuerat
1460 2134 1658 2197 malum
1689 2150 1789 2207 pro

206 2232 348 2293 malo
407 2232 681 2296 reddere,
739 2240 880 2295 etc.-,
940 2224 1100 2301 usque
1148 2231 1218 2284 ad
1272 2245 1374 2285 nos
1419 2244 1633 2300 quoque
1689 2245 1791 2299 pro

205 2322 447 2391 ipsorum
501 2319 678 2375 salute
724 2319 909 2391 (quam
959 2318 1337 2389 ptecabamur)
1388 2333 1640 2375 coronam
1696 2308 1790 2373 ae—

201 2420 481 2481 ceptnros.
513 2408 580 2464 Ut
605 2409 1031 2463 benedictionem.
1068 2409 1289 2463 Dicente
1320 2407 1505 2477 judice
1536 2426 1548 2461 ι
1589 2407 1790 2474 Venite,

198 2497 464 2553 benedicti
495 2498 675 2553 Patris
709 2516 832 2563 nter,
858 2498 1121 2567 possidere
1150 2515 1360 2570 regnum
1390 2499 1605 2569 (Matth.
1638 2500 1788 2565 xxv).

204 2589 303 2644 Vel
364 2590 691 2660 intelligitur
735 2590 1038 2644 benedictio
1067 2627 1083 2655 ,
1133 2604 1238 2658 qua
1292 2590 1465 2645 sancti
1515 2588 1569 2643 in
1614 2589 1795 2645 futura

197 2682 314 2736 vita
345 2682 680 2737 benedicent
715 2682 901 2736 Deum.
941 2680 1094 2749 Quod
1120 2696 1250 2752 ergo
1279 2682 1508 2753 quisque
1534 2681 1586 2736 in
1611 2681 1795 2737 futuro

199 2771 394 2827 venire
434 2772 732 2838 desiderat,
759 2771 940 2826 hocin
968 2772 1221 2841 pnesenti
1253 2772 1499 2826 meditari
1540 2780 1595 2825 et
1634 2787 1795 2843 agere

195 2869 445 2933 satagat,
498 2862 829 2917 conditorem
878 2872 936 2917 et
991 2860 1213 2916 fratrem
1266 2862 1571 2927 benedicat,
1628 2871 1683 2918 et
1735 2878 1797 2919 se

193 2950 702 3023 dignum-{ratum
731 2952 1108 3007 benedictione
1137 2952 1345 3006 reddat.

272 3043 450 3098 Vens.
498 3042 771 3097 l5.-—-Et
797 3043 913 3112 quis
963 3053 1057 3096 est.
1112 3042 1325 3113 (Dawn)
1369 3042 1494 3097 Ideo
1530 3042 1724 3098 debitis
1768 3058 1797 3097 a

1891 1953 2159 2023 signiﬁcat
2203 1953 2476 2008 Christum
2519 1954 2610 2024 qui
2655 1954 2747 2009 dat
2786 1955 2900 2010 suis
2929 1954 3176 2011 ﬁdelibus
3224 1956 3463 2026 requiem

1887 2057 2215 2097 culinarum.

1963 2135 2095 2191 Cum
2125 2136 2478 2206 fabricantur
2521 2151 2668 2192 arca.
2703 2137 2920 2211 (Βεω.)
2946 2138 3100 2194 Sicut
3136 2154 3263 2195 area
3300 2140 3482 2195 fabri—-

1891 2236 2011 2282 cata
2043 2236 2128 2283 est
2168 2229 2234 2283 de
2256 2228 2416 2299 lignis
2462 2229 2730 2301 levigatis,
2765 2231 2856 2303 sic
2899 2230 3139 2287 Ecclesia
3166 2233 3255 2295 ,de
3295 2232 3467 2287 colle-

1891 2316 2075 2371 ctione
2104 2317 2339 2372 ﬁdelinm
2365 2318 2670 2372 animarum
2696 2337 2709 2373 ι
2736 2328 2785 2373 et
2817 2320 2957 2376 sicut
2982 2331 3243 2392 pereunte
3269 2323 3471 2377 mundo

1891 2408 2050 2478 pauci
2088 2406 2219 2462 salvi
2246 2407 2374 2461 facti
2412 2418 2538 2463 sunt
2568 2422 2667 2477 per
2703 2424 2900 2480 aquam
2931 2424 2946 2464 :
2977 2411 3057 2465 sic
3087 2412 3153 2465 ad
3191 2426 3472 2482 compara-

1897 2500 2095 2553 tionem
2128 2498 2470 2568 pereuntium
2499 2513 2700 2568 parvus
2736 2508 2821 2553 est
2855 2498 3151 2554 electorum
3186 2503 3477 2565 numerus”

1895 2590 2021 2658 quia
2046 2597 2271 2657 angusta
2309 2595 2392 2643 est
2422 2589 2506 2642 via
2549 2604 2669 2659 qua:
2699 2589 2848 2646 ducit
2874 2590 2941 2646 ad
2983 2591 3175 2658 vitam,
3218 2602 3267 2648 et
3310 2596 3467 2649 nauci

1896 2689 2021 2735 sunt
2046 2679 2135 2748 qui
2166 2678 2443 2734 inveniunt
2474 2694 2616 2734 eam.

1970 2771 2131 2826 Vens.
2160 2772 2251 2827 2|.
2282 2802 2353 2811 —
2384 2770 2537 2837 Quod
2566 2782 2612 2828 et
2642 2790 2729 2828 vos
2750 2774 2936 2829 similis
2964 2775 3170 2845 formaz.
3192 2776 3467 2848 Baptisma

1899 2863 2028 2920 facit
2070 2865 2273 2929 salvos,
2305 2864 2570 2933 baptisma
2596 2864 2918 2921 dicosimilis
2946 2867 3157 2939 fornice,
3190 2869 3241 2923 id
3267 2879 3351 2926 est
3375 2885 3475 2941 per

1897 2963 2076 3017 omnia
2107 2961 2461 3017 assimilatum
2492 2961 2564 3015 illi
2599 2977 2758 3026 arcm,
2790 2962 2915 3033 quia
2954 2963 3214 3035 quidquid
3246 2964 3316 3018 ibi
3347 2980 3487 3020 carm

1900 3052 2117 3115 naliter,
2144 3053 2240 3106 hic
2265 3053 2621 3122 spiritualiter
2644 3054 2870 3125 geritur.

190 3134 354 3191 malo
383 3134 665 3189 declinare
704 3144 759 3189 et
789 3133 972 3188 facere
1000 3134 1222 3200 bonum,
1254 3135 1382 3203 quia
1425 3150 1584 3189 nemo
1623 3143 1789 3203 potes!

1978 3145 2098 3200 Non
2121 3145 2294 3201 carnis
2318 3145 2594 3215 depositio,
2622 3156 2725 3201 etc.
2741 3146 2856 3202 Non
2883 3149 3005 3204 dico
3031 3149 3180 3205 illum
3208 3150 3477 3220 baptisma

190 3242 299 3281 vos
330 3226 623 3280 retrahere
668 3241 698 3280 ει
730 3226 894 3290 bono,
922 3240 1021 3280 nec
1069 3242 1099 3280 a
1150 3240 1367 3291 corona.
1418 3226 1463 3280 si
1510 3227 1802 3297 persistere
1831 3240 1874 3302 c
1906 3236 2138 3303 salvare,
2166 3238 2255 3292 ubi
2294 3246 2501 3292 tantum
2536 3247 2622 3294 est
2645 3239 2897 3309 depositio
2929 3222 3164 3296 sordium
3200 3246 3395 3309 carnis,
3424 3246 3478 3301 id

189 3315 525 3379 Volueritis,
560 3316 668 3370 imo
698 3324 920 3385 prosunt
949 3317 1076 3370 dum
1116 3328 1311 3371 nocere
1343 3315 1550 3371 volunt.

1907 3338 1990 3385 est
2010 3331 2100 3385 ubi
2136 3346 2263 3386 caro
2288 3339 2494 3386 tantum
2524 3330 2762 3386 abluitur
2784 3334 3027 3389 exterius
3053 3335 3218 3405 (quod
3239 3336 3478 3393 haeretici

272 3403 458 3462 Vens.
492 3406 920 3462 li.—-Timorem
950 3419 1146 3462 autem.
1168 3408 1224 3462 In
1249 3406 1431 3464 futuro
1460 3409 1615 3464 eritis
1637 3409 1789 3465 beati

1907 3423 2254 3495 habuerunt),
2277 3423 2370 3478 sed
2395 3423 2483 3479 ubi
2506 3432 2590 3479 est
2603 3424 2941 3495 interrogatio
2955 3403 3107 3496 parte
3126 3429 3479 3493 conscientia,

193 3502 252 3556 in
285 3499 568 3571 praesenti
600 3507 781 3554 autem
821 3516 885 3555 ne
928 3501 1208 3555 (inmeritis
1252 3502 1487 3555 timorem
1508 3519 1714 3568 eorum,
1753 3504 1788 3558 ἰ(

1909 3515 1960 3569 id
1975 3523 2078 3580 est,
2093 3516 2182 3570 ubi
2199 3515 2873 3587 interrogaturetexigitur
2891 3532 2921 3571 a
2945 3516 3175 3587 baptista
3191 3518 3330 3573 bona
3346 3534 3483 3573 con-

194 3599 313 3680 est,
342 3590 443 3645 illa
492 3605 614 3660 quae
641 3590 696 3645 in
734 3590 815 3645 eis
851 3601 1076 3660 possunt
1129 3592 1298 3647 videri
1337 3593 1599 3660 timenda.
1632 3603 1692 3649 υι
1723 3603 1808 3651 εει
1909 3608 2136 3662 scientia
2159 3608 2644 3679 baptizandi:quia
2683 3608 2788 3665 tale
2819 3610 3085 3680 baptisma
3115 3610 3307 3675 salvat,
3338 3611 3493 3665 aliud

194 3679 359 3751 regia
390 3689 671 3751 potestas,
702 3690 759 3735 et
782 3680 1105 3750 huiusmodi.

1908 3699 2137 3765 occidit;
2171 3698 2523 3769 interrogatio
2550 3698 2695 3754 facta
2719 3707 2803 3755 est
2847 3700 3076 3755 tendens
3107 3700 3159 3755 in
3198 3700 3392 3767 Deum,
3426 3712 3490 3757 ut

271 3775 458 3829 Vens.
503 3772 951 3828 lS.—Dominum
982 3785 1176 3829 autem.
1205 3776 1560 3834 Sanctitatem
1585 3778 1783 3835 Christi

1910 3804 2007 3861 per
2033 3791 2229 3845 bonam
2261 3791 2649 3847 conscientiam
2681 3808 2847 3846 unum
2876 3792 3141 3849 efﬁciatur
3165 3810 3289 3852 cum
3315 3795 3445 3851 Deo.
3492 3842 3495 3847 .

192 3881 373 3955 quam
432 3868 514 3922 sit
554 3869 1119 3938 incomprehensibilis
1156 3871 1360 3942 gloriae,
1402 3874 1594 3929 intimo
1634 3878 1812 3932 cordis
1985 3882 2146 3938 Vens.
2180 3882 2273 3936 22.
2296 3913 2367 3922 -
2387 3881 2690 3955 Deglutieus
2717 3894 2953 3953 mortem.
2984 3885 3196 3955 (ΒευΑ.)
3220 3886 3375 3954 Quod
3396 3888 3487 3944 de-

189 3954 406 4013 aﬁ'ectu
434 3957 755 4023 intuemini,
779 3965 834 4012 et
858 3958 937 4012 sic
972 3958 1147 4028 ipsum
1172 3959 1448 4017 Christum
1476 3966 1813 4020 sanctiﬁcata
1914 3976 2189 4049 glutimns,
2238 3975 2537 4043 agimusut
2581 3954 2633 4027 in
2661 3976 2983 4045 corporibus
3023 3978 3226 4033 nostris
3276 3993 3517 4049 assum-_

187 4055 247 4111 in
287 4054 493 4118 "bis.
522 4060 581 4106 ιη
607 4068 713 4106 non
743 4067 773 4105 ίι
800 4053 1083 4119 memoria.
1123 4069 1228 4108 ηοη
1260 4056 1328 4111 ab
1356 4071 1541 4111 amore
1571 4059 1809 4113 reccdal.
1916 4076 2062 4138 ptum
2092 4082 2356 4135 nusquam
2394 4073 2581 4134 pareat
2615 4084 2628 4118 :
2663 4065 2922 4121 Dominus
2966 4066 3048 4121 sic
3094 4076 3323 4123 mortem
3371 4069 3491 4122 fun-

188 4148 301 4215 Qui
335 4148 511 4233 hanc
532 4146 875 4201 sanctitatem
899 4161 1004 4201 non
1036 4147 1364 4215 considerat,
1398 4149 1581 4205 delieit
1622 4150 1691 4206 ad
1730 4152 1812 4206 in-
1917 4159 2059 4214 ditus
2105 4156 2470 4225 consumpsit,
2528 4164 2585 4211 ut
2638 4155 2771 4209 nihil
2818 4164 3006 4211 contra
3054 4172 3113 4213 se
3150 4157 3388 4224 valeret,
3438 4170 3493 4214 et

186 4238 373 4295 sidias
401 4237 614 4294 hostis.
645 4236 804 4291 Omni
829 4239 1076 4309 poscenti.
1102 4239 1312 4295 Volenti
1341 4250 1530 4297 mutuo
1567 4244 1814 4313 accipere
1920 4257 2171 4305 manente
2200 4248 2378 4317 specie
2402 4247 2513 4301 veri
2541 4248 2819 4316 corporis,
2860 4249 3075 4304 abesset
3118 4247 3269 4304 labes
3296 4250 3490 4320 prisca:

191 4326 588 4384 rationabiles
614 4328 894 4397 pecunias,
921 4343 1027 4383 non
1068 4344 1349 4400 negemus.
1382 4331 1535 4387 Unde
1563 4333 1764 4389 Paulus
1800 4354 1810 4387 :
1919 4340 2248 4411 fragilitatis.
2279 4338 2430 4406 Quod
2456 4339 2619 4393 etiam
2650 4338 2807 4395 nobis
2833 4340 3190 4409 promittitur.
3216 4342 3357 4396 unde
3390 4344 3489 4395 ad-

190 4418 277 4475 1η·
316 4419 613 4491 sapientia
656 4418 922 4473 ambulate
967 4429 1178 4489 propter
1226 4438 1313 4476 eos
1355 4425 1446 4492 qui
1491 4424 1621 4492 foris
1660 4436 1779 4479 sunt

1919 4431 2019 4497 dit,
2053 4442 2106 4484 ut
2135 4441 2182 4485 et
2212 4447 2305 4486 nos
2340 4431 2457 4485 vita:
2484 4439 2695 4484 (eterna:
2717 4431 2947 4486 Itwredes
2975 4431 3310 4503 e/jiceremur.
3356 4432 3502 4488 Sub-

188 4511 439 4564 scientes
481 4507 753 4578 quomodo
791 4518 1027 4578 oporteat
1054 4509 1275 4579 singulis
1307 4513 1627 4582 responderi.
1662 4514 1819 4570 Foris
1915 4521 2069 4589 jectis
2102 4521 2205 4574 sibi
2228 4520 2446 4592 angelis.
2500 4518 2726 4591 Semper
2762 4522 2986 4592 angelos
3012 4522 3286 4592 subjectos
3329 4523 3496 4579 fuisse

191 4603 353 4657 enim
383 4600 754 4666 eXSiSlcnleSa
791 4601 842 4655 id
881 4610 963 4657 Θει
994 4603 1229 4657 nomium
1277 4603 1461 4658 ηάειυδ
1495 4604 1681 4659 νοιιιηῑ
1712 4606 1814 4661 illi-
1849 4593 1895 4652 D
1921 4613 2057 4668 Filio
2085 4614 2180 4668 Dei
2212 4628 2319 4669 non
2346 4612 2679 4679 dubitamus,
2706 4615 2800 4688 sed
2847 4614 2936 4669 hic
2977 4614 3100 4670 ideo
3140 4615 3496 4685 subjectionis

189 4697 341 4767 quid
384 4704 736 4766 cegnoscere
776 4695 842 4750 de
876 4709 972 4765 spe
1000 4711 1121 4766 quae
1156 4695 1210 4750 in
1236 4696 1390 4752 vobis
1419 4707 1521 4753 est.
1556 4697 1657 4764 Qui
1689 4712 1819 4770 ergo
1924 4704 2188 4770 meminit,
2222 4714 2278 4759 ut
2308 4712 2641 4774 assumptum
2670 4704 3065 4761 humanitatem
3117 4708 3191 4762 ita
3218 4708 3272 4762 in
3321 4724 3498 4765 resur-

192 4785 614 4844 ecclesiastico
649 4793 846 4855 praeest
896 4786 1248 4856 magisterio,
1301 4785 1491 4842 doceat
1530 4789 1816 4858 patientes,
1924 4795 2166 4850 rectione
2193 4794 2539 4850 sublimatum
2575 4792 2928 4873 monstraret,
2969 4798 3113 4867 quod
3143 4799 3291 4861 omni
3330 4817 3496 4871 ange-

191 4879 484 4935 obstruat
514 4875 861 4932 resultantes.
1920 4884 2041 4940 lica:
2084 4885 2361 4957 dignitatis
2405 4887 2659 4956 potentia:
2704 4891 3042 4959 pneleratur.
3095 4890 3265 4957 Unde,
3320 4898 3497 4949 omnia

276 4968 473 5024 Vens.
514 4966 602 5020 16.
636 4997 708 5007 -
745 4966 851 5021 Sed
877 4984 994 5039 cum
1020 4969 1305 5023 modestiae.
1339 4968 1394 5023 ln
1422 4970 1536 5039 ipsa
1562 4971 1820 5025 doctrina:
1925 4974 2188 5043 subjecisti
2217 4975 2311 5029 sub
2347 4975 2562 5045 pedibus
2592 4975 2705 5045 ejus
2734 4976 2904 5049 (Psal.
2934 4980 3074 5050 vm).

194 5060 466 5167 βαξξηαε
495 5058 812 5167 qualitatem
836 5060 1059 5167 docendi
1097 5069 1277 5167 monet
1304 5060 1601 5167 observari,
1633 5073 1693 5117 ut
1723 5062 1824 5116 hn-
2540 5108 2763 5165 CAPUT
2806 5111 2870 5167 Iv

197 5153 437 5208 militas
462 5160 526 5207 et
551 5150 783 5206 vivendo
807 5160 861 5206 et
890 5152 1159 5221 loquendo
1183 5160 1536 5207 monstretur.
2544 5150 2650 5164 νη·
2678 5150 2715 5165 υ
2735 5150 2754 5164 ·
2806 5150 2822 5167 -
2845 5150 2859 5165 ν
2878 5153 2891 5166 ·

278 5244 480 5298 Vens.
517 5242 601 5296 l7.
626 5272 694 5282 —
716 5241 907 5298 Helius
925 5252 1020 5297 est.
1047 5241 1261 5312 (BBDA.)
1285 5242 1363 5297 lta
1384 5242 1591 5298 debetis
1619 5255 1825 5298 catum-

197 5336 493 5391 niatores
522 5334 632 5401 pati
657 5341 712 5386 et
740 5334 1095 5398 confundere,
1123 5341 1254 5399 ctc.,
1280 5349 1441 5400 usque
1480 5333 1549 5387 ad
1582 5348 1829 5389 remove-

196 5437 304 5481 tur
336 5434 404 5482 et
425 5434 658 5482 aeternae
678 5424 868 5479 ultioni
894 5433 1251 5496 praeparatur.

284 5516 485 5568 Vens.
528 5514 697 5568 l8.—
723 5513 946 5583 Offerret
974 5514 1101 5568 Deo.
1132 5513 1255 5585 (ln.)
1278 5513 1411 5581 Quia
1435 5514 1597 5568 etiam
1624 5525 1750 5569 tunc
1780 5514 1826 5569 si
1938 5515 2090 5584 quasi
2115 5524 2361 5571 mortuus
2380 5517 2646 5575 exsistens
2668 5523 2928 5591 peccatis.
2946 5525 3039 5580 Dci
3063 5535 3267 5581 tantum
3282 5529 3504 5586 servitio

191 5608 305 5679 qui
343 5605 429 5660 ad
462 5605 902 5674 pmdicationem
934 5604 1145 5659 Domini
1182 5602 1365 5675 (quam
1392 5618 1490 5673 per
1511 5604 1675 5658 vitam
1706 5604 1739 5658 li
1762 5608 1831 5659 'e-
1932 5607 2085 5661 vivit.
3494 5594 3501 5609 ’

192 5700 355 5753 lium
394 5696 841 5766 prmtendebant)
871 5696 1091 5750 credere
1118 5695 1433 5761 voluissent,
1465 5696 1611 5766 ipsos
1634 5695 1829 5751 oﬁ'erre
2008 5696 2172 5753 Vens.
2195 5698 2250 5752 4.
2278 5731 2347 5740 -
2365 5698 2811 5772 Blasphemantes.
2841 5704 2963 5778 (lo.)
2983 5705 3049 5760 Et
3068 5707 3111 5761 si
3135 5706 3509 5778 blasphemant
3590 5752 3591 5755 η

192 5792 329 5847 υςιο
362 5788 539 5841 Patri
577 5788 862 5851 gaudebat.
916 5786 972 5840 Si
1013 5788 1102 5855 qni
1143 5796 1321 5840 autem
1368 5788 1717 5843 detrahebant
1766 5789 1831 5843 de
1937 5803 2035 5845 vos
2064 5800 2375 5861 segregatos
2406 5809 2433 5848 a
2477 5796 2704 5864 perﬁdia
2750 5813 2865 5864 sua,
2909 5807 3087 5854 tamen
3128 5798 3182 5854 in
3221 5816 3511 5859 conversa-

2009 5242 2169 5298 Vens.
2203 5244 2253 5297 l.
2289 5274 2359 5283 -—
2380 5243 2520 5309 Quia
2558 5248 2647 5316 qui
2673 5263 2880 5316 passus.
2930 5250 3143 5325 (ΒευΑ.)
3175 5254 3275 5323 Qui
3311 5259 3504 5322 timore

1927 5333 2256 5403 judiciorum
2305 5334 2606 5390 caelestium
2647 5341 2891 5396 carnales
2937 5343 2990 5397 in
3033 5356 3211 5402 mente
3248 5346 3504 5419 concupi-

1936 5423 2170 5479 scentias
2212 5424 2529 5495 exstinguit,
2574 5426 2685 5495 jam
2738 5429 2928 5487 similis
2968 5432 3184 5491 Christo
3222 5426 3501 5505 crucifixo,
