3948 6314
459 405 566 463 681

462 522 610 578 tione
635 526 815 575 vestra
851 532 1016 587 opera
1051 516 1275 587 justitiae
1315 524 1371 570 et
1405 515 1624 586 pietatis
1671 512 1919 569 videntes
1947 509 2046 564 mi-
2074 511 2126 572 Α

465 623 680 680 rantur,
707 621 762 668 et
795 611 954 667 fidem
983 609 1388 680 quodammodo
1417 615 1768 664 venerantur.

998 400 1388 460 WALAFRlDl
1429 397 1678 456 STlLkBl
1719 397 1923 457 FULD.
1969 393 2134 450 NON.
2175 395 2326 452 OPP.
2369 394 2550 452 PARS
2588 395 2626 450 l.
2668 425 2737 438 -—-
2775 390 3229 450 TllEOLOGlCA.

3625 391 3726 451 688

2221 508 2402 580 (Αυο.)
2432 507 2685 575 Quaeritis
2719 522 2940 563 causam
2967 521 3137 574 quare
3169 503 3350 574 justus
3387 519 3480 560 γει
3525 504 3583 562 in
3636 505 3725 564 Dei

2140 597 2345 668 judicio
2371 598 2552 654 salvus
2586 613 2706 654 esse
2729 599 2920 669 possit,
2969 607 3026 652 et
3052 597 3259 668 quare?
3312 596 3418 652 nisi
3461 597 3591 668 quia
3638 599 3726 655 Dei

535 709 695 765 γεω,
727 704 780 761 6,
815 734 887 746 ..-
915 698 1144 774 Propter
1161 703 1262 756 hoc
1288 702 1425 756 enim
1447 710 1494 755 et
1519 700 1743 754 mortuis
1781 696 2042 766 evangeli-
2137 689 2405 758 justitiam
2433 698 2639 744 tantam
2661 705 2782 745 esse
2818 697 3028 744 certum
3065 697 3170 753 est,
3218 697 3278 742 ut
3306 688 3576 745 interdum
3615 706 3729 760 qua:

461 809 642 866 satum
661 806 755 852 est.
774 790 988 868 (θεολ.)
1014 795 1187 849 Tanta
1211 809 1340 848 cura
1361 800 1445 848 est
1467 794 1577 848 Deo
1601 791 1700 847 nos
1733 788 2046 845 nturtiﬁcai'i

459 904 646 954 carne,
673 896 806 955 etc.,
829 902 991 958 usque
1017 885 1086 939 ad
1111 893 1172 940 ut
1206 885 1347 941 ratio
1376 883 1617 955 ipsorum
1652 883 1875 939 damnet
1901 878 2045 934 mala

459 983 516 1038 in
541 979 742 1050 impiis.

533 1071 697 1127 Vsus.
749 1071 801 1126 7.
828 1099 899 1110 —
920 1068 1191 1124 Omnium.
1219 1067 1358 1136 Quia
1386 1067 1602 1123 dixerat
1633 1066 1686 1120 in
1727 1063 1930 1135 judicio
1959 1060 2052 1132 ju-

461 1161 722 1219 dicandos
747 1160 902 1216 vivos
927 1168 984 1214 et
1013 1167 1281 1223 mortuos,
1311 1172 1378 1212 ne
1404 1157 1527 1227 quis
1561 1155 1900 1210 blandiretur
1943 1150 2048 1207 sibi

460 1257 527 1312 de
565 1254 961 1326 longinquitate
1000 1251 1171 1308 futuri
1211 1243 1422 1321 j'udicii,
1474 1250 1721 1306 consulte
1771 1250 2046 1314 admonet,

458 1345 588 1416 quia
620 1345 722 1402 etsi
759 1345 1003 1400 incertus
1030 1343 1294 1399 adventus
1324 1349 1406 1397 est
1434 1340 1663 1395 extremi
1695 1339 2047 1403 discriminis,

464 1443 649 1493 tamen
700 1445 910 1493 certum
959 1444 1043 1491 est
1087 1434 1340 1490 omnibus
1385 1433 1530 1504 quod
1579 1432 1633 1487 in
1673 1432 1774 1486 hac
1803 1431 1914 1486 vita
1955 1430 2050 1486 diu

462 1529 765 1586 Subsistere
793 1527 1101 1597 nequimus.

543 1621 766 1692 Vigilat:
786 1621 843 1674 in
872 1618 1214 1674 orationibus.
1243 1615 1456 1690 (Βευλ.)
1486 1615 1565 1671 Ne
1590 1617 1804 1671 animus
1844 1614 2049 1686 aliquid

461 1714 668 1786 cogitet
711 1719 914 1782 praeter
969 1710 1023 1765 id
1047 1709 1223 1765 solum
1273 1709 1415 1779 quod
1470 1718 1744 1779 precatur.
1800 1706 1934 1762 Cum
1982 1705 2051 1760 ad

462 1805 727 1860 orandum
757 1813 982 1870 stamus,
1010 1802 1188 1858 omnis
1225 1800 1462 1856 carnalis
1513 1801 1771 1872 cogitatio
1800 1799 2044 1861 absistat,

2146 781 2398 836 videntur
2422 780 2475 835 in
2508 780 2816 835 hominibus
2846 786 3033 834 nostro
3051 777 3258 847 judicio
3287 793 3409 836 esse
3429 778 3598 848 justo,
3643 782 3729 851 ju-

2147 871 2290 927 dicio
2312 871 2403 928 Dei
2430 871 2779 926 inveniuntur
2802 870 3027 942 injusta,
3051 871 3346 926 secundum
3377 872 3510 927 illud
3528 890 3543 925 :
3559 871 3733 926 Homo

2146 963 2284 1020 ridet
2307 963 2361 1016 in
2389 963 2547 1030 facie,
2576 961 2719 1016 Deus
2743 971 2918 1017 autem
2955 962 3189 1016 intuetur
3216 979 3308 1017 cor
3361 962 3416 1034 (Ι
3445 963 3575 1036 Reg.
3601 967 3730 1035 xvi).

2220 1056 2434 1128 (Bt-zu.)
2483 1054 2601 1110 Non
2632 1062 2717 1110 est
2744 1054 3074 1110 laboriosum
3105 1055 3216 1111 Deo
3242 1055 3730 1127 liberarejustum;

2149 1149 2244 1204 sed
2273 1158 2331 1204 ut
2350 1147 2670 1204 ostendatur
2698 1147 2842 1217 quod
2873 1148 3066 1202 merito
3098 1145 3263 1203 fuerit
3312 1148 3568 1204 damnata
3628 1159 3730 1204 tota

2149 1239 2387 1295 humana
2417 1247 2633 1304 natura,
2674 1253 2781 1293 non
2807 1236 2922 1291 vult
2947 1235 3108 1292 facile
3133 1238 3200 1292 de
3239 1244 3390 1293 tanto
3434 1239 3582 1293 malo
3627 1238 3735 1310 ipse

2148 1332 2293 1388 Deus
2335 1331 2568 1386 liberare
2600 1348 2613 1384 :
2645 1338 2866 1401 propter
2908 1331 3052 1400 quod
3098 1338 3153 1387 et
3197 1340 3421 1402 peccata
3472 1334 3733 1403 proclivia

2149 1431 2276 1478 sunt
2303 1431 2359 1478 et
2383 1421 2650 1478 laboriosa
2672 1421 2903 1492 justitia,
2935 1421 3042 1477 nisi
3077 1424 3383 1480 mutantibus
3405 1443 3418 1478 :
3443 1427 3541 1481 sed
3561 1428 3735 1481 chari-

2151 1523 2235 1570 tas
2259 1528 2379 1585 qua:
2400 1514 2646 1568 homines
2668 1524 2913 1569 amantes
2943 1512 3094 1580 facit,
3128 1529 3197 1569 ex
3234 1515 3344 1570 Deo
3369 1523 3474 1570 est.

2222 1605 2386 1660 Vens.
2419 1603 2506 1659 19.
2537 1633 2608 1643 --
2639 1603 3014 1658 Commendent
3058 1605 3263 1659 animos
3304 1622 3453 1671 suas,
3509 1618 3617 1661 etc.
3675 1606 3735 1661 Et

2151 1697 2280 1767 quia
2307 1696 2497 1765 incipit
2516 1694 2781 1765 judicium
2808 1710 2839 1748 a
2868 1694 3028 1750 domo
3053 1696 3290 1765 Domini,
3321 1706 3378 1752 et
3418 1712 3519 1768 per
3546 1699 3736 1754 multas

2153 1787 2530 1844 tribulationes
2553 1796 2766 1858 oportet
2793 1787 3002 1858 ingredi
3025 1788 3081 1842 in
3123 1804 3349 1860 regnum
3388 1791 3508 1855 Dei,
3563 1791 3738 1863 itaque

464 1898 696 1952 intentio
721 1896 901 1952 cordis
930 1895 1143 1951 sincera
1194 1893 1364 1951 Deum
1418 1909 1524 1949 non
1565 1909 1699 1950 sono
1740 1894 1908 1960 vocis,
1955 1893 2048 1948 scd

2177 1897 2255 1938 IOC
2277 1889 2446 1937 restat
2468 1881 2574 1936 illis
2595 1881 2838 1952 passuris
2869 1899 2883 1935 :
2915 1889 2975 1936 ut
3001 1883 3217 1953 quando
3246 1883 3532 1953 patiuntur
3552 1900 3739 1941 secun-

463 2002 626 2042 sensu
646 1985 811 2041 animi
831 1993 968 2040 oret.

535 2079 700 2132 Vens.
745 2076 799 2130 8.
829 2073 1241 2130 -—-Cltaritatem
1284 2074 1585 2128 continuam
1637 2071 1902 2124 habentes.
1929 2067 2053 2140 (lo.)

465 2167 566 2234 Qui
599 2183 696 2238 per
718 2167 1038 2222 charitatem
1069 2166 1375 2236 proximum
1402 2173 1601 2227 monet,
1630 2164 1892 2234 increpat,
1918 2171 2049 2228 etc.,

465 2274 628 2328 usque
658 2257 726 2312 ad
757 2256 1004 2329 quamvis
1029 2255 1083 2311 in
1113 2255 1386 2328 publicum
1429 2270 1536 2310 non
1568 2269 1781 2326 semper
1816 2254 2050 2320 ostendi,

464 2357 665 2423 potest.

535 2461 700 2519 Vens.
733 2463 820 2519 11.
843 2493 914 2503 —
940 2460 997 2518 Si
1030 2462 1146 2534 quis
1179 2459 1428 2534 loquitur.
1461 2458 1518 2515 Si
1548 2461 1670 2532 quis
1690 2460 1853 2516 habet
1878 2459 2054 2516 scien-

471 2558 606 2614 tiam
641 2556 921 2627 loquendi,
964 2571 1073 2609 non
1105 2554 1226 2618 sibi,
1263 2553 1358 2608 sed
1395 2553 1504 2607 Deo
1544 2553 1772 2622 imputet
1805 2570 1818 2605 :
1864 2552 2054 2607 timeat

463 2665 536 2706 ne
559 2657 753 2722 praeter
787 2647 1120 2701 voluntatem
1153 2645 1266 2710 Dei,
1298 2644 1383 2700 vel
1413 2644 1790 2699 auctoritatem
1839 2652 2054 2698 saneta-

465 2755 586 2796 rum
617 2737 1047 2808 Scripturarum,
1093 2735 1176 2789 vel
1221 2743 1417 2805 prmtcr
1464 2734 1773 2799 utilitatem,
1828 2733 2052 2789 fratrem

465 2831 674 2894 doceat,
704 2844 804 2883 nec
830 2827 970 2897 quad
993 2826 1278 2882 dicendum
1307 2834 1408 2889 est,
1445 2836 1641 2880 taceat.

539 2919 596 2976 Si
620 2920 736 2992 quis
775 2920 1057 2972 ministrat.
1093 2911 1307 2988 (Βευλ.)
1347 2916 1480 2972 Cum
1516 2917 1697 2972 omnia
1726 2918 1863 2974 bene
1890 2925 1944 2972 et
1969 2933 2053 2973 se-

468 3011 701 3068 cundum
730 3010 1059 3065 voluntatem
1087 3009 1204 3080 ejus
1228 3008 1482 3073 feceritis,
1519 3025 1624 3064 non
1660 3012 1853 3066 vestris
1887 3012 2052 3066 meri-

468 3104 559 3167 tis,
589 3101 684 3156 scd
715 3099 905 3172 gratia:
930 3099 1047 3170 ejus
1070 3098 1396 3162 attribuatis,
1437 3089 1496 3151 ut
1525 3099 1615 3153 alii
1673 3099 1915 3155 videntes
1964 3113 2056 3153 ve-

466 3203 580 3248 stra
610 3192 750 3247 bona
780 3203 965 3262 Opera,
1019 3189 1319 3260 glorificent
1348 3189 1566 3245 Patrem
1609 3199 1846 3246 vestrum
1877 3191 1967 3262 qui
1999 3191 2050 3244 in

467 3287 624 3341 oculis
652 3295 755 3342 est.

546 3376 710 3432 Vens.
740 3375 826 3430 l2.
855 3406 927 3417 -—
951 3374 1281 3442 Charissimi,
1314 3373 1490 3429 nolite.
1523 3373 1579 3430 Si
1604 3374 1849 3444 patimini
1882 3373 2059 3430 fervo-

479 3483 594 3523 rem
613 3467 1018 3523 tribulationum
1037 3465 1360 3537 quw’contra
1382 3467 1645 3522 rationem
1664 3466 1970 3523 inferuntur
1991 3468 2057 3524 ad

473 3567 711 3614 vestram
737 3558 1109 3628 probationem
1139 3565 1193 3612 et
1208 3557 1455 3626 gloriam,
1472 3574 1578 3612 non
1601 3559 1718 3613 ideo
1743 3559 1941 3628 putetis
1965 3575 2059 3614 vos

469 3665 592 3707 esse
607 3650 822 3706 exsules
847 3667 878 3705 a
909 3651 1166 3706 membris
1186 3649 1412 3714 Christi,
1435 3650 1664 3706 etnolite
1696 3651 1880 3706 mirari
1905 3651 1970 3706 dc
1999 3649 2060 3705 il-

472 3745 599 3799 latis
622 3742 800 3808 malis,
820 3751 878 3797 ut
904 3758 1002 3814 per
1031 3743 1316 3797 illatentet
1337 3757 1432 3798 vos
1455 3744 1596 3798 Deus
1620 3751 1673 3798 et
1693 3743 1902 3813 probet,
1929 3744 2056 3813 quia

470 3836 752 3905 antiquum
783 3842 837 3888 et
865 3833 1124 3904 frequens
1152 3842 1236 3889 est
1263 3834 1464 3890 electos
1500 3835 1594 3889 Dei
1624 3849 1723 3904 pro
1749 3843 1947 3890 acterna
1975 3851 2060 3890 sa-

468 3928 582 3985 lute
609 3929 662 3983 in
688 3927 943 4000 prmsenti
975 3928 1202 3982 adversa
1227 3927 1360 3996 pati.

548 4018 696 4074 Vens
747 4019 834 4073 M.
876 4047 948 4058 —-
987 4016 1137 4072 Beati
1191 4019 1358 4084 eritis,
1405 4025 1511 4074 etc.
1572 4018 1673 4086 Qui
1722 4019 1923 4090 patitur
1963 4035 2059 4091 prs

473 4111 693 4165 nomine
737 4107 960 4172 Christi,
993 4108 1215 4174 beatus;
1255 4125 1361 4165 non
1398 4111 1540 4165 enim
1587 4111 1795 4166 debetis
1839 4112 2062 4166 credere

472 4201 618 4272 quod
667 4202 784 4256 sine
821 4202 1261 4257 remuneratione
1310 4203 1617 4272 patiamini,
1669 4203 1808 4258 sicut
1849 4203 1924 4257 illi
1970 4204 2062 4273 qui

471 4310 571 4364 pro
610 4294 724 4348 suis
748 4293 1044 4348 sceleribus
1088 4294 1387 4364 patiuntur,
1441 4304 1497 4350 et
1541 4295 1697 4350 inviti
1744 4298 2060 4367 puniuntur.

547 4382 778 4453 Spiritus
799 4382 915 4452 ejus
945 4398 1103 4453 super
1128 4399 1219 4438 vos
1243 4384 1535 4454 requiescit.
1560 4385 1694 4452 Quia
1723 4388 2064 4457 requiescent

470 4495 634 4550 super
663 4494 760 4533 vos
791 4479 1083 4549 patientes,
1112 4488 1166 4533 et
1189 4479 1242 4534 in
1276 4480 1528 4550 praesenti
1559 4497 1624 4535 ex
1652 4492 1805 4553 parte
1831 4483 1897 4537 ad
1931 4483 2064 4540 bene

471 4571 828 4645 operandum,
863 4572 994 4629 etin
1017 4571 1198 4628 futuro
1223 4573 1461 4644 perfecte
1487 4574 1552 4629 ad
1586 4576 2061 4632 remunerandum.

543 4664 710 4720 Vens.
757 4665 843 4720 17.
877 4694 951 4704 --
990 4663 1255 4730 Quoniam
1297 4676 1523 4738 tempus,
1557 4675 1662 4723 etc.
1697 4667 1910 4742 (ΒευΑ.)
1941 4667 2066 4722 Ideo

472 4756 784 4827 patiendum
813 4765 908 4814 est
933 4772 1034 4828 pro
1063 4757 1281 4814 nomine
1317 4755 1554 4826 Christi,
1606 4768 1711 4816 etc.
1734 4801 1750 4826 ,
1802 4777 1962 4832 usque
1997 4759 2067 4814 ad

475 4847 693 4918 reprobi
722 4855 852 4903 vero
890 4847 1273 4904 nuneducunt
1318 4851 1373 4904 in
1421 4850 1568 4905 bonis
1613 4851 1722 4905 suis
1765 4851 1875 4905 dies
1922 4867 2066 4919 suos,

475 4945 518 4988 et
553 4935 610 4988 in
637 4947 830 5005 puncto
863 4935 934 4990 ad
959 4936 1169 5007 inferna
1199 4937 1508 4993 descendent
1541 4939 1684 5012 (Job.
1715 4939 1853 5010 xxx).

457 5093 464 5102 .
549 5048 714 5104 Vens.
747 5048 834 5105 18.
863 5048 1021 5104 --Ει
1051 5052 1310 5123 sijustits,
1333 5062 1437 5109 etc.
1474 5040 1597 5124 (Ῐυ.)
1654 5053 1730 5109 De
1755 5041 2070 5112 Proverbiis

479 5140 581 5196 hoc
609 5150 882 5212 sumptum
902 5152 990 5199 est
1016 5143 1171 5216 juxta
1195 5154 1433 5201 veterem
1455 5147 1770 5202 editionem.
1799 5147 1855 5202 in
1883 5157 2069 5203 nostra

481 5248 598 5302 qua:
626 5235 922 5290 secundum
955 5235 1277 5294 Hebraicam
1305 5238 1608 5305 veritatem,
1634 5239 1707 5293 ita
1748 5248 1832 5295 est
1853 5255 1868 5294 :
1893 5239 1953 5297 Si
1977 5241 2073 5311 ju-

481 5335 588 5378 stus
613 5324 667 5379 in
694 5332 832 5380 terra
862 5329 1063 5399 recipit,
1093 5332 1290 5400 quanto
1314 5330 1481 5401 magis
1501 5322 1693 5401 impius
1715 5341 1763 5385 et
1787 5333 2073 5403 peccator!

481 5414 532 5469 ul
560 5423 661 5482 est,
695 5415 740 5471 si
769 5423 917 5472 tanta
943 5419 1025 5475 est
1050 5417 1313 5490 fragilitas
1341 5421 1564 5478 moralis
1593 5423 1737 5486 vitae,
1770 5431 1830 5478 ut
1863 5439 1965 5481 uec
1984 5425 2075 5495 ju-

483 5507 546 5563 5ti
579 5507 797 5576 quidem
825 5509 940 5580 (qui
971 5509 1025 5564 in
1054 5511 1192 5566 cmlo
1230 5513 1525 5569 coronandi
1569 5517 1716 5587 sunt)
1766 5515 1910 5572 hanc
1953 5517 2072 5572 sine

484 5597 918 5656 tribulationibus
939 5610 1162 5671 propter
1215 5602 1663 5661 innumerabilem
1717 5607 1921 5661 vitiatae
1974 5623 2064 5662 na-

483 5702 615 5743 tura:
644 5687 818 5745 labem
853 5698 1131 5748 transeant
1167 5710 1178 5746 :
1219 5705 1420 5765 quanto
1443 5696 1614 5768 magis
1653 5697 1708 5752 hi
1764 5696 1859 5768 qui
1911 5695 2072 5752 caele-

480 5769 580 5830 Stis
611 5777 794 5848 gloriae
832 5791 958 5836 sunt
1002 5795 1270 5853 exsortes,
1312 5797 1519 5844 certum
1561 5787 1922 5842 damnationis
1961 5802 2073 5842 sum

483 5873 754 5940 perpetem
788 5874 912 5927 cxi"
1069 5893 1123 5901 κ
1154 5886 1234 5904 -°~-
1263 5880 1312 5914 θ’

2154 1973 2282 2029 dum
2317 1973 2461 2043 quod
2488 1972 2631 2028 Deus
2660 1973 2793 2039 vult»,
2826 1973 2879 2028 id
2896 1982 2986 2029 est
3014 1983 3238 2046 propter
3255 1973 3558 2044 justitiam,
3588 1993 3737 2033 com-

2153 2066 2410 2120 mendent
2443 2063 2655 2118 animas
2683 2078 2810 2119 suas
2837 2063 2965 2130 Deo,
2995 2064 3070 2118 nil
3111 2065 3176 2120 de
3225 2081 3284 2120 se
3325 2076 3740 2136 prazsutnentcs,

2154 2162 2213 2208 ut
2233 2163 2288 2208 et
2314 2154 2424 2220 hic,
2468 2154 2766 2209 secundum
2795 2154 2939 2223 quod
2975 2153 3111 2220 vult,
3141 2164 3353 2226 purget.
3389 2165 3447 2211 et
3477 2157 3535 2210 in
3564 2156 3742 2212 futuro

2152 2244 2444 2310 bcatilicet,
2473 2245 2600 2314 quia
2641 2243 2814 2299 fidelis
2846 2252 2933 2300 est
2970 2244 3115 2299 bona
3141 2246 3422 2302 reddendo
3451 2247 3561 2302 illis
3612 2264 3744 2318 quos

2151 2337 2378 2393 creavit.
2416 2336 2702 2391 Patiuntur
2724 2337 2846 2392 dico
2899 2337 2954 2391 in
3006 2336 3314 2407 benefactis,
3364 2355 3475 2394 non
3528 2349 3745 2411 propter

2154 2435 2395 2498 peccata.

2778 2497 3006 2556 CAPUT
3047 2498 3091 2555 γ

2225 2576 2390 2632 Vens.
2422 2577 2471 2632 1.
2492 2609 2563 2618 -
2593 2577 2856 2634 Seniores.
2888 2579 3022 2635 Cum
3050 2594 3212 2650 supra
3235 2579 3490 2636 distincte
3513 2581 3744 2635 monuis-

2155 2675 2238 2722 set
2266 2667 2465 2724 liberos
2494 2677 2548 2722 et
2578 2683 2783 2732 servos,
2819 2671 2964 2726 viros
2995 2680 3048 2725 et
3095 2671 3242 2739 ipsas
3293 2671 3573 2736 mulieres,
3628 2682 3743 2742 post

2155 2759 2531 2831 interpositam
2583 2776 2930 2816 communem
2967 2761 3424 2829 exhortationem,
3474 2763 3558 2820 sic
3609 2764 3740 2818 alio.

2155 2852 2340 2924 quitur
2373 2868 2530 2908 senes
2553 2862 2607 2908 et
2624 2855 2870 2924 juvenes.

2217 2941 2380 2998 Vsus.
2398 2943 2649 2997 2.-—-Non
2667 2955 2860 2999 coacte.
2875 2943 3049 3000 Nolite
3062 2947 3738 3021 praedicareEvangeliun.

2156 3043 2212 3090 ut
2237 3034 2303 3088 de
2333 3034 2622 3105 Evangelio
2648 3036 2831 3091 vivere
2860 3038 3104 3108 possitis,
3135 3039 3226 3093 sed
3258 3052 3544 3110 spontanee
3565 3060 3742 3097 secan-

2154 3126 2279 3178 dum
2307 3125 2493 3190 Deum,
2521 3126 2577 3180 id
2603 3135 2686 3181 est
2715 3137 2924 3182 tantum
2952 3129 3146 3183 intuitu
3178 3146 3428 3200 supernae
3455 3135 3738 3190 mercedis.

2231 3215 2394 3271 Vens.
2515 3248 2586 3257 —
2615 3217 2867 3273 Similiter
2909 3221 3280 3277 adolescentes.
3325 3223 3541 3298 (Βεω.)
3591 3226 3742 3281 Post.

2161 3321 2322 3376 quam
2346 3308 2610 3375 seniores,
2639 3311 2908 3380 quomodo
2923 3321 3245 3381 praeessent,
3298 3323 3430 3384 etc.,
3478 3334 3646 3388 usque
3675 3318 3743 3373 ad

2162 3400 2419 3455 continuo
2453 3402 2775 3472 generaiiter
2804 3405 3140 3460 admonendo
3167 3408 3346 3462 subdit
3381 3427 3396 3463 :

2235 3488 2426 3544 Omnes
2449 3501 2622 3545 autent
2654 3494 2872 3548 invicem
2898 3495 3247 3551 humilitatem
3270 3500 3560 3569 insinuate,
3591 3519 3746 3561 senes

2162 3580 2376 3652 quidem
2405 3583 2666 3649 docendo,
2693 3582 2926 3653 juvenes
2952 3598 3132 3644 autem
3159 3591 3561 3661 subsequendo.

2234 3671 2395 3728 Vsus.
2425 3673 2477 3728 6.
2514 3705 2574 3716 -—
2625 3673 3013 3732 Iluntiliamini.
3057 3678 3268 3753 illam.)
3300 3682 3431 3748 Qua:
3461 3683 3532 3739 sit
3573 3687 3750 3755 gratia

2162 3778 2326 3832 quam
2361 3763 2506 3820 Dens
2540 3765 2753 3821 confert
2778 3768 3093 3834 humilibus,
3123 3780 3256 3840 etc.,
3284 3789 3448 3844 usque
3467 3775 3540 3829 ad
3570 3779 3751 3848 sequi-

2163 3865 2250 3911 tur
2276 3873 2511 3927 congrua
2543 3874 2753 3914 merces
2781 3861 3149 3918 exaltationis.

2233 3948 2396 4004 Vens.
2431 3951 2483 4005 8.
2512 3981 2580 3989 -—
2609 3951 2879 4023 Tanquam
2901 3953 2980 4008 leo
3007 3957 3236 4026 rugiens,
3263 3966 3366 4014 etc.
3395 3958 3555 4016 Sicut
3611 3965 3753 4037 rogi.

2164 4049 2251 4098 tus
2270 4042 2439 4098 leonis
2466 4043 2688 4112 impedit
2711 4061 2894 4108 aures,
2924 4060 2991 4100 ne
3016 4046 3180 4102 alium
3215 4065 3408 4106 sonum
3457 4056 3750 4125 excipiant,

2165 4135 2245 4190 sic
2297 4134 2542 4190 diabolus
2593 4135 2830 4191 litlclium
2878 4148 3090 4194 mentes
3135 4144 3406 4211 terrendo,
3466 4156 3524 4202 et
3571 4149 3751 4206 illicita

2164 4230 2518 4299 suggerendo,
2552 4245 2583 4284 a
2611 4229 2698 4284 via
2736 4230 3000 4298 veritatis,
3052 4248 3122 4290 ne
3170 4249 3356 4292 vocem
3399 4238 3612 4298 Christi
3655 4259 3751 4299 au-

2167 4322 2339 4386 diant,
2368 4323 2583 4376 avertit.

2239 4415 2404 4472 Vsus.
2435 4417 2488 4471 9.
2511 4446 2580 4456 —
2617 4415 2869 4474 Scientes.
2903 4418 3115 4496 (Βευλ.)
3161 4421 3334 4478 Tanto
3364 4423 3630 4496 majorem
3660 4432 3752 4488 ha-

2166 4494 2288 4558 bete
2317 4503 2588 4570 lidueiam,
2615 4516 2746 4573 etc.,
2777 4525 2938 4580 usque
2960 4511 3030 4564 ad
3063 4494 3264 4582 pudeat
3298 4528 3396 4570 vos
3443 4494 3594 4574 solos
3649 4535 3752 4591 pra:

2096 4633 2145 4693 υ
2170 4593 2420 4648 onmibus
2454 4611 2559 4648 non
2599 4611 2756 4666 posse
2778 4598 2918 4666 pati.

2245 4685 2407 4740 Vens.
2440 4685 2524 4740 12.
2548 4717 2620 4727 --
2644 4685 2863 4758 Scripsi.
2899 4688 3083 4760 Vobis,
3116 4692 3310 4764 inquit,
3338 4697 3529 4768 scripsi
3557 4714 3665 4754 non
3702 4709 3755 4754 ut

2173 4776 2468 4849 imperans,
2503 4780 2600 4835 sed
2631 4781 2925 4839 obsecrans
2970 4794 3025 4838 et
3067 4795 3384 4843 contestans
3430 4792 3753 4846 auctoritate

2174 4869 2578 4940 Scripturarum
2618 4871 2755 4926 hanc
2779 4889 2898 4929 esse
2920 4890 3100 4930 veram
3127 4879 3360 4948 gratiam
3403 4895 3577 4952 quam
3632 4883 3758 4937 scri-

2173 4962 2350 5018 bendo
2389 4963 2642 5032 praedico,
2669 4965 2795 5033 quia
2831 4981 2939 5020 non
2967 4976 3052 5022 est
3077 4968 3128 5023 in
3161 4968 3268 5025 alio
3295 4970 3484 5042 aliquo
3511 4973 3684 5040 salus,
3705 4975 3754 5028 in

2175 5073 2281 5128 quo
2302 5064 2516 5127 Oportet
2544 5073 2641 5112 vos
2670 5058 2848 5113 salvos
2871 5057 3018 5137 fieri:
3059 5061 3181 5124 Vel,
3214 5064 3511 5121 obscenas
3541 5084 3663 5135 vos,
3707 5079 3760 5120 ut

2178 5150 2320 5205 hanc
2353 5149 2584 5216 gratiam
2607 5148 2660 5203 in
2686 5165 2790 5218 qua
2815 5151 2992 5218 statis,
3020 5162 3076 5207 et
3103 5169 3210 5224 qua
3238 5154 3430 5210 imbuti
3463 5159 3621 5224 estis,
3648 5175 3759 5214 esse

2175 5237 2390 5294 faciatis
2412 5255 2596 5294 veram
2624 5241 2858 5312 gratiam
2884 5251 3118 5297 vestram
3145 5253 3199 5299 et
3227 5247 3462 5304 teneatis
3501 5258 3562 5304 ut
3607 5252 3760 5322 proli-

2178 5331 2408 5386 cientem
2439 5332 2610 5388 vobis.
2645 5332 2747 5399 Qui
2778 5333 3008 5404 gratiam
3041 5337 3248 5404 spernit
3276 5353 3385 5393 non
3413 5340 3649 5410 gratiam
3669 5341 3760 5396 mi-

2179 5422 2320 5489 nuit,
2350 5422 2444 5478 sed
2466 5423 2605 5479 hanc
2630 5440 2740 5479 non
2768 5441 2942 5485 suam.
2971 5426 3030 5482 id
3049 5435 3134 5483 est
3161 5443 3268 5484 non
3293 5431 3398 5486 sibi
3422 5431 3616 5488 utilem
3644 5433 3759 5490 red-

2177 5513 2278 5568 dit.

2245 5602 2409 5661 Vens.
2441 5605 2530 5660 1⁸5.
2560 5637 2630 5647 —-
2656 5605 2725 5660 In
2769 5605 3060 5679 Babylone.
3105 5608 3285 5682 (Βεο.)
3331 5611 3565 5670 Romam
3613 5623 3763 5686 rogat

2175 5694 2505 5768 Babylonem
2553 5708 2775 5770 preptcr
2815 5699 3187 5756 confusionem
3234 5704 3554 5776 multiplicis
3599 5707 3760 5762 idolo—

2174 5789 2364 5855 latriae,
2393 5800 2526 5858 etc.,
2557 5808 2719 5863 usque
2761 5793 2832 5848 ad
2866 5807 3120 5863 pressura
3176 5795 3378 5853 diaboli
3434 5814 3542 5854 non
3592 5808 3760 5871 potest

2177 5897 2294 5936 esse
2325 5897 2600 5938 nummus.
