3948 6314
196 324 213 340 ὓ

1139 365 1409 425 GLOSSA
1445 362 1840 421 OHDINARIA.
1884 393 1947 403 —
1982 361 2202 419 EPIST.
2242 361 2287 419 Il
2328 361 2550 419 PETRI.

3362 358 3476 417 690

1204 642 1715 727 EPISTOLA
1790 640 1870 719 II
1948 644 2038 719 B.
2121 644 2455 724 PETRI.

1473 796 1813 815 μ’.

735 905 1240 965 ARGUMENTUM.

285 1039 469 1098 Simon
498 1038 690 1095 Petrus
727 1052 827 1109 per
878 1037 1040 1093 ﬁdem
1092 1036 1218 1093 huic
1264 1034 1468 1091 mundo
1521 1033 1791 1104 sapientes

216 1145 454 1195 mortuos
491 1147 613 1188 esse
642 1130 903 1197 declarat,
955 1130 1269 1200 eisdemque
1324 1126 1543 1198 pietatis
1589 1132 1793 1194 quanta

216 1227 285 1284 sit
310 1222 625 1295 magnitudo
661 1220 778 1277 luce
803 1221 915 1292 ipsa
938 1218 1138 1275 clarius
1166 1215 1494 1273 manifestat.

738 1356 967 1415 CAPUT
994 1354 1286 1413 PRIMUM.

286 1498 448 1553 Vens.
476 1495 528 1550 1.
554 1523 625 1535 --
646 1491 847 1548 Simon.
874 1487 1087 1561 (Bent)
1116 1487 1278 1543 Istam
1299 1486 1502 1545 eisdem
1523 1485 1722 1556 quibus
1745 1491 1800 1539 et

214 1588 439 1660 primam
464 1583 656 1640 scribit
683 1579 989 1651 epistolam,
1019 1586 1148 1641 etc.,
1178 1593 1340 1649 usque
1363 1577 1439 1633 ad
1464 1591 1570 1631 non
1620 1588 1800 1631 cesse-

215 1686 359 1741 runt,
394 1672 668 1731 haereticis
695 1685 800 1726 non
820 1670 1037 1732 cedant.

285 1767 480 1827 Servus
512 1774 559 1820 et
584 1759 881 1835 Apostolus.
907 1759 1335 1821 Commendatnr
1380 1770 1612 1830 persona
1660 1754 1799 1811 scri-

215 1860 415 1918 bentis.

113 2023 119 2028 _
285 1950 642 2025 Corrqualens.
668 1952 880 2026 (Βεωι.)
906 1946 1219 2021 Coaequales
1244 1944 1346 2002 sibi
1366 1940 1663 2015 cognoscit,
1689 1952 1799 1994 non

216 2060 316 2119 pro
336 2044 779 2111 circumcisione,
808 2045 902 2101 sed
926 2041 1052 2113 quia
1082 2040 1271 2097 eadem
1316 2048 1479 2106 quam
1513 2030 1612 2102 ipsi
1648 2043 1803 2086 acoe-

212 2146 411 2208 pcrant
438 2135 644 2192 Christi
670 2136 898 2208 gratiam
929 2143 985 2190 ct
1024 2133 1182 2189 ﬁdem
1223 2138 1280 2186 et
1313 2129 1456 2185 hanc
1493 2140 1592 2196 per
1636 2136 1801 2195 opera

216 2229 567 2285 exercebant.
600 2228 666 2284 In
681 2228 912 2299 justitia.
945 2226 1093 2281 lianc
1116 2223 1382 2295 justitiam
1425 2234 1532 2275 non
1562 2217 1798 2272 humana

211 2319 506 2393 prudentia
533 2321 751 2391 reperit,
774 2308 1036 2389 neclegis
1058 2312 1326 2371 institutio
1362 2308 1561 2371 docuit,
1588 2305 1682 2363 sed
1708 2318 1805 2359 no-

214 2418 331 2468 ster
352 2409 605 2467 Salvator
629 2410 684 2465 in
710 2408 1001 2480 Evangelia
1027 2404 1298 2463 ostendit:
1328 2401 1449 2457 Nisi
1467 2396 1807 2455 abundarerit

204 2502 427 2573 justitia
456 2512 625 2556 restra
653 2499 769 2572 plus
790 2515 945 2571 quam
988 2496 1278 2553 scribarum
1315 2502 1363 2547 et
1388 2488 1806 2552 Plaaristeorum,

210 2610 323 2665 non
353 2592 624 2647 intrabitis
650 2592 704 2646 in
731 2606 944 2661 regnum
971 2590 1216 2643 caelorum
1254 2580 1551 2657 (Matthx),

295 2681 465 2738 Vsus.
490 2681 545 2737 2.
564 2711 638 2723 —
662 2678 848 2736 Gratia
869 2680 1028 2735 vobis.
1054 2675 1266 2750 (Bt-zu.)
1286 2674 1343 2729 In
1367 2673 1542 2745 prima
1570 2666 1807 2741 Epistula

180 2776 447 2847 .scripsit
508 2775 917 2845 multiplicetur};
964 2773 1020 2828 in
1070 2772 1193 2837 hac,
1257 2766 1655 2839 adimpleatur:
1683 2762 1810 2833 quia

218 2868 370 2922 illam
401 2867 804 2938 incipientibus,
837 2867 976 2922 hanc
1002 2860 1415 2935 perfectioribus
1440 2858 1647 2915 scribit.
1672 2854 1809 2910 Mul-

202 2959 508 3029 tiplicatnr
525 2956 694 3029 gratia
734 2958 872 3014 bene
910 2955 1316 3029 proﬁcientibus
1338 2952 1389 3007 in
1421 2953 1522 3007 hac
1565 2949 1674 3004 vita
1714 2961 1811 3018 per

214 3050 413 3114 ﬁdem,
439 3048 820 3120 adimplebitur
845 3046 1286 3117 pervenientibus
1311 3045 1364 3098 in
1408 3042 1511 3097 alia
1558 3041 1670 3095 vita
1715 3055 1815 3111 per

213 3140 492 3212 speciem.
522 3138 675 3196 Unde
712 3139 884 3205 addit,
941 3140 997 3193 in
1044 3138 1334 3209 cognitione
1380 3134 1496 3198 Dei,
1543 3133 1596 3188 id
1638 3142 1723 3187 est
1753 3139 1815 3185 nt

216 3224 474 3280 noscatis
505 3240 667 3279 unum
695 3238 881 3280 verum
917 3216 1109 3289 Deum,
1138 3229 1194 3277 et
1232 3233 1391 3291 quem
1436 3215 1587 3286 misit
1630 3213 1813 3271 Iesum

209 3315 530 3373 Christum.

300 3406 473 3465 Vsus.
502 3409 556 3465 3.
578 3439 655 3453 ς-
681 3408 956 3475 Quomodo
987 3407 1182 3463 omnia.
1209 3402 1333 3478 (1ο.)
1361 3402 1440 3458 Ita
1463 3399 1820 3473 adimpleatur

215 3501 403 3573 gratia
428 3499 653 3566 Christi,
676 3510 809 3565 etc.,
839 3517 999 3571 usque
1026 3499 1096 3553 ad
1118 3498 1213 3554 scd
1257 3495 1503 3552 inﬁrmos
1543 3502 1599 3549 et
1644 3490 1843 3563 inglo-.-_

222 3596 338 3651 rios
367 3609 471 3650 sua
501 3593 698 3649 virtute
722 3592 994 3663 reparavit
1023 3599 1078 3646 et
1104 3588 1294 3661 gloria.

295 3705 474 3761 Vnus.
498 3704 554 3764 4.
576 3734 647 3758 -τ-
672 3702 907 3760 Maxima
936 3711 982 3757 et
1015 3701 1242 3773 pretiosa
1267 3697 1413 3753 nobis
1433 3696 1689 3768 promissa
1725 3693 1821 3749 do-

221 3800 395 3855 narit.
445 3796 505 3854 ιιι
528 3805 613 3854 est
640 3797 805 3852 vitam
824 3804 1082 3850 :eternam
1107 3806 1270 3861 quam
1298 3804 1396 3861 per
1413 3789 1531 3860 ejus
1558 3786 1822 3857 cognitio-

220 3906 351 3954 nem
378 3903 804 3958 consequamur.
835 3885 934 3941 Vel
960 3899 1081 3956 qua:
1110 3882 1359 3954 promisit
1382 3880 1561 3945 nobis,
1600 3879 1667 3933 de
1695 3892 1822 3932 con-

220 3981 490 4039 versione
506 3977 732 4033 aliorum
754 3992 853 4048 per
889 3991 1016 4039 nos,
1068 3973 1152 4029 vel
1198 3973 1265 4028 de
1311 3971 1541 4027 adventu
1584 3968 1823 4041 Spiritus

219 4071 433 4136 sancti,
460 4068 548 4125 vel
576 4069 644 4125 de
667 4067 908 4139 potentia
938 4064 1322 4121 miraculorum
1349 4061 1588 4118 donavit.

298 4163 479 4219 Vsus.
508 4161 563 4216 5.
590 4191 659 4202 —
681 4159 980 4215 Ministrate
1005 4159 1061 4211 in
1089 4155 1213 4226 ﬁde.
1258 4152 1473 4226 (Βεωι.)
1504 4152 1619 4207 Non
1651 4149 1825 4217 solum

220 4254 462 4329 fugiatis
484 4250 981 4323 concupiscentiam
1007 4247 1217 4316 mundi,
1266 4255 1397 4314 etc.,
1445 4261 1606 4317 usque
1649 4245 1719 4298 ad
1760 4256 1828 4297 ne

222 4349 354 4406 citis
383 4347 586 4403 molles
609 4353 664 4401 et
688 4343 971 4401 dissoluti.

299 4440 481 4500 Vm.
508 4438 562 4493 (i.
591 4467 661 4477 -—
682 4435 751 4491 In
785 4435 1001 4491 scicntia
1047 4441 1222 4488 autem
1265 4428 1652 4485 abstinentiam.
1706 4424 1828 4498 (ιο.)

222 4532 369 4590 Cum
393 4531 543 4587 bona
570 4527 750 4585 facere
778 4527 1096 4591 didiceritis,
1147 4539 1242 4594 spe
1285 4522 1409 4576 vitae
1456 4530 1673 4575 mterna:
1707 4533 1832 4575 mox

226 4643 261 4682 a
293 4624 466 4682 malis
488 4622 781 4687 abstinete,
807 4630 862 4677 et
884 4621 937 4676 in
964 4618 1287 4690 cogitatione
1309 4623 1361 4669 et
1388 4615 1441 4668 in
1463 4628 1647 4685 opere,
1674 4627 1743 4667 ne
1776 4611 1830 4665 in

228 4730 480 4808 vacuum
514 4712 741 4769 scientia
775 4711 1079 4767 cmlestium
1106 4709 1285 4774 cedat,
1311 4708 1355 4764 si
1383 4723 1446 4763 se
1474 4707 1543 4762 ab
1561 4705 1833 4762 illecebris

227 4805 427 4868 βάθουΙί
458 4805 657 4877 aliquis
682 4820 787 4861 non
812 4811 1080 4861 coerceat.

314 4897 493 4957 Vsus.
521 4896 575 4953 7.
602 4895 760 4951 —In
783 4897 972 4963 pietate
1016 4904 1212 4949 autent.
1274 4891 1398 4965 (Ιυ.)
1446 4890 1562 4946 Non
1617 4889 1838 4945 alterius

1819 796 2204 814 Ἦ

1818 900 1867 959 Α
1970 896 2127 956 Vsus.
2163 899 2216 957 9.
2246 931 2314 941 -—
2352 880 2535 957 Circus
2560 912 2636 956 est
2680 911 2727 961 et
2748 919 2916 959 manu
2953 913 3179 962 tentans.
3221 907 3473 978 (Βιολ.)

1893 987 2092 1045 Oculus
2112 990 2413 1058 scientiam,
2441 1007 2633 1053 nmnns
2656 992 3023 1063 operationem
3044 995 3310 1067 designat,
3337 1009 3468 1071 ωε..

1895 1079 2146 1149 usquead
2168 1082 2421 1152 praescire
2443 1080 2717 1151 nequibat,
2750 1082 2955 1138 incidit.

1968 1169 2287 1227 Oblivionem
2329 1174 2606 1243 accipiens.
2637 1175 2861 1243 Quando
2888 1176 3049 1232 homo
3070 1176 3136 1233 de
3165 1190 3388 1249 peccato
3422 1182 3476 1236 in

1894 1274 2177 1334 peccatum
2223 1266 2387 1332 cadit,
2430 1266 2644 1324 videtur
2690 1266 2890 1324 oblitus
2921 1268 3064 1340 pacti
3096 1271 3240 1341 quod
3286 1272 3342 1327 in
3384 1272 3478 1328 ba-

1897 1357 2098 1428 ptismo
2131 1372 2252 1412 cum
2286 1357 2393 1413 Deo
2416 1358 2552 1414 iniit.

1970 1447 2133 1502 Vsus.
2167 1447 2253 1503 10.
2282 1478 2353 1488 -—
2381 1448 2506 1502 Non
2544 1448 2820 1520 peccabitis
2850 1448 3156 1521 aliquando.
3195 1451 3249 1507 ld
3279 1461 3385 1516 est,
3413 1455 3481 1509 ad

1900 1535 2066 1591 vitam
2088 1546 2344 1592 :eternam
2366 1539 2660 1609 attingetis,
2679 1538 2767 1594 ubi
2784 1540 3014 1611 amplius
3034 1558 3140 1596 non
3162 1544 3478 1612 peecabitis.

1902 1625 1996 1685 Vel
2026 1629 2326 1684 criminalia
2355 1629 2615 1696 vitabitis,
2638 1646 2757 1701 qua:
2781 1633 2873 1703 qui
2900 1632 3090 1704 egerit,
3124 1649 3229 1690 non
3258 1634 3484 1691 habebit

1901 1719 2272 1779 luereditatem
2325 1720 2377 1776 in
2420 1736 2586 1793 regno
2629 1722 2853 1787 Christi,
2905 1738 2937 1777 a
2986 1723 3182 1800 quibus
3228 1726 3486 1781 immunis

1897 1808 2119 1881 jnvante
2157 1809 2384 1867 Domino
2419 1820 2719 1882 permanet,
2767 1813 2857 1883 qui
2901 1814 3225 1887 supradictis
3263 1816 3483 1873 virtuti—

1900 1899 2003 1956 bus
2025 1914 2084 1955 se
2106 1900 2514 1972 mancipaverit.
2542 1901 2671 1968 Sine
2691 1901 2992 1965 venialibus
3013 1919 3144 1960 vero
3167 1904 3346 1962 nullus
3366 1921 3486 1962 esse

1902 1999 2100 2061 potest.
3444 2054 3451 2059 _

1973 2085 2140 2143 Vsus.
2175 2088 2260 2143 11.
2276 2118 2342 2131 -
2374 2087 2463 2147 Sic
2477 2090 2633 2147 enim.
2664 2088 2874 2160 (BI-20A.)
2896 2088 3146 2146 Ezechiel
3173 2090 3400 2161 loquens
3422 2092 3489 2147 de

1903 2177 2131 2235 aediﬁcio
2181 2179 2234 2241 in
2284 2188 2466 2237 monte
2491 2190 2809 2245 constituto,
2848 2189 2978 2245 etc.,
3014 2198 3178 2254 usque
3205 2183 3294 2248 ad,
3325 2192 3375 2239 et
3415 2184 3490 2238 ri—

1905 2268 2110 2324 debitur
2142 2269 2281 2331 Deus
2311 2271 2526 2326 deorum
2550 2274 2606 2327 in
2633 2272 2760 2327 Sion
2798 2269 3229 2346 (Psalmxxxut).

1985 2359 2144 2422 Vsus.
2182 2360 2267 2416 12.
2306 2394 2375 2403 —-
2409 2362 2509 2417 Vas
2545 2365 2791 2435 incipiam
2819 2382 3018 2435 semper
3060 2381 3383 2420 commoncrc
3425 2366 3490 2420 de

1908 2453 2009 2508 his.
2053 2452 2124 2509 Ut
2164 2454 2235 2509 sit
2258 2455 2413 2510 vobis
2439 2456 2693 2511 introitus
2717 2467 2907 2527 patens
2934 2458 2999 2512 ad
3031 2455 3230 2511 Sancta
3269 2466 3487 2512 sancto-

1909 2560 2051 2610 rum,
2084 2547 2276 2601 iterum
2301 2555 2355 2602 et
2379 2547 2575 2601 iterum
2602 2548 2833 2603 monebo
2855 2563 2968 2611 vos,
2996 2555 3049 2603 et
3072 2561 3286 2616 semper
3309 2561 3406 2601 ero
3432 2546 3487 2601 in

1911 2638 2268 2707 incmptione,
2332 2638 2457 2709 quia
2505 2654 2782 2710 nunquam
2836 2639 2939 2693 erit
2988 2638 3111 2692 ﬁnis
3157 2631 3489 2693 monitionis.

1911 2729 2062 2798 Quod
2087 2745 2216 2800 ergo
2245 2747 2350 2786 non
2378 2742 2461 2787 est
2486 2732 2617 2787 mihi
2648 2732 2858 2804 pigrum
2883 2730 3077 2802 sacpius
3100 2730 3318 2796 iterare,
3340 2728 3493 2784 vobis

1911 2836 2018 2877 non
2046 2821 2117 2876 sit
2140 2836 2426 2878 onerosum
2459 2823 2655 2893 saepius
2680 2822 2886 2877 audire.

1983 2910 2051 2965 Et
2073 2912 2279 2983 quidem
2300 2914 2536 2968 scientes.
2556 2912 2767 2986 (Βεολ.)
2792 2912 2968 2979 Quare
2996 2910 3111 2966 vult
3132 2924 3350 2966 monere
3372 2908 3491 2964 illos

1911 3006 2003 3076 qui
2022 3007 2276 3071 sciunt,et
2289 3007 2589 3063 confirmati
2608 3015 2732 3063 sunt
2745 3008 2767 3060 ?
2781 3007 2903 3062 ldeo
2919 3005 3126 3061 scilicet
3142 3003 3494 3059 utseientiam

1915 3111 2074 3167 quam
2116 3096 2347 3164 habent,
2379 3098 2634 3167 operibus
2663 3104 2972 3160 exerceant,
3005 3105 3060 3152 et
3088 3095 3369 3151 veritatem
3399 3110 3496 3148 cu-

1910 3186 2002 3257 jus
2050 3190 2338 3258 praesentia
2388 3190 2692 3245 conﬁrmati
2733 3198 2880 3255 sunt,
2932 3188 3036 3243 ﬁxa
3093 3196 3272 3242 mente
3311 3195 3497 3241 custo-

1917 3280 2085 3341 diant,
2139 3296 2206 3335 ne
2247 3283 2462 3351 quando
2498 3299 2595 3353 per
2622 3281 2911 3353 magistros
2945 3281 3147 3336 erroris
3175 3280 3426 3336 excidant
3465 3295 3494 3333 a

1918 3372 2262 3449 simplicitate
2282 3381 2335 3429 et
2361 3374 2610 3430 castitate
2638 3372 2779 3428 ﬁdei.

1989 3487 2154 3551 Vsus.
2175 3484 2260 3543 iii.
2277 3516 2349 3526 -—
2365 3484 2401 3540 J
2406 3495 2579 3543 ustum
2602 3496 2798 3553 autem,
2820 3494 2928 3549 etc.
2951 3483 3078 3540 Ideo
3097 3481 3345 3546 monebo,
3371 3481 3498 3551 quia

1844 3618 1890 3680 Ο
1916 3576 2122 3649 justum
2152 3577 2409 3640 arbitror,
2442 3593 2539 3648 per
2565 3578 2667 3632 hoc
2687 3575 2828 3646 quod
2855 3574 3117 3639 Dominus
3138 3571 3495 3644 henigne‘vo-

1920 3668 2067 3725 cavit
2104 3683 2210 3731 me,
2257 3674 2313 3723 et
2360 3665 2725 3731 conﬁrmavit,
2756 3672 2827 3719 et
2857 3662 2992 3719 alios
3020 3661 3347 3725 conﬁrmare
3389 3674 3506 3715 mo—

1918 3761 2058 3828 nuit,
2106 3761 2292 3816 diccns
2335 3777 2349 3814 :
2393 3757 2661 3828 Conﬁrma
2703 3757 2892 3829 fratres
2928 3766 3065 3821 tuos,
3109 3754 3377 3811 suscitare
3408 3768 3506 3808 vos

1921 3852 2075 3922 quasi
2098 3851 2432 3909 dormientes
2457 3850 2524 3905 ad
2555 3849 2670 3905 haec
2692 3848 2970 3920 praedicta,
2987 3860 3206 3918 semper
3233 3845 3505 3902 exsistens

1924 3944 1977 3998 in
2005 3943 2398 3999 commonendo
2420 3941 2705 3996 sollicitus.
3484 3926 3501 3940 ’

1996 4058 2163 4114 Vens.
2212 4055 2298 4117 14.
2342 4086 2412 4099 -—
2449 4055 2717 4127 Depositio
2763 4053 3089 4109 tabernaculi
3135 4052 3257 4108 mei.
3287 4050 3516 4123 (Beas),

1925 4150 2158 4207 Pulchre
2183 4156 2546 4205 nomnen-tem
2565 4187 2579 4211 ,
2614 4146 2708 4202 sed
2738 4146 3125 4217 depositionem
3151 4152 3344 4211 vocat,
3375 4144 3505 4214 quia

1927 4242 2008 4298 sic
2041 4248 2125 4296 est
2171 4239 2385 4312 famulis
2424 4238 2520 4293 Dei
2552 4236 2734 4293 carnis
2764 4235 3063 4292 retinacula
3095 4249 3321 4301 eruere,
3364 4234 3508 4289 sicut

1930 4332 2227 4388 viatoribus
2256 4328 2503 4386 confecto
2524 4328 2718 4384 itinere
2741 4327 2959 4382 domum
2983 4324 3257 4395 propriam
3284 4338 3381 4394 pro
3407 4323 3505 4377 ba-

1931 4423 2194 4480 bitatione
2229 4419 2563 4476 tabernaculi
2602 4418 2786 4485 adire,
2824 4417 2964 4473 sicut
2989 4416 3181 4488 positis
3215 4415 3269 4471 in
3296 4414 3514 4485 expedi-

1934 4515 2387 4585 tioneprostrato
2423 4512 2578 4568 hoste
2608 4510 2675 4565 ad
2704 4509 2938 4582 patriam
2971 4508 3169 4565 redire.
3375 4490 3379 4495 ’

2005 4604 2169 4661 Vens.
2204 4605 2292 4660 15.
2334 4634 2400 4645 -
2429 4603 2578 4658 Dabo
2612 4610 2788 4656 autent
2823 4615 3054 4672 operam.
3093 4597 3228 4667 Quia
3262 4596 3368 4653 cito
3396 4610 3515 4654 sum

1935 4699 2282 4764 transiturus,
2308 4696 2429 4752 ideo
2458 4692 2675 4750 interim
2707 4692 2833 4748 dum
2865 4691 3011 4755 vivo,
3038 4690 3177 4746 dabo
3206 4702 3423 4759 Operam
3458 4696 3516 4753 ut

1934 4807 2032 4847 vos
2062 4791 2406 4860 frequenter,
2438 4786 2645 4842 scilicet
2681 4782 2894 4854 quoties
2924 4781 3207 4837 instabunt.
3235 4777 3439 4850 pseudo
3468 4788 3525 4845 et

1936 4883 2119 4938 volent.
2164 4896 2264 4936 vos
2307 4878 2624 4935 abstrahere
2650 4915 2666 4942 ,
2714 4873 2964 4931 habeatis
3007 4871 3124 4927 btec
3170 4871 3224 4926 in
3258 4869 3519 4931 memoria

232 4995 317 5052 rei
346 4991 557 5051 intuitu
582 4960 798 5061 pietatis
820 5003 984 5060 opera
1013 4960 1341 5042 adversariis
1378 4960 1582 5040 vestris
1629 4983 1837 5052 impcn-
1863 4984 1918 5044 D
1942 4981 2064 5045 post
2090 4971 2297 5027 obitum
2328 4983 2504 5023 meum
2526 5008 2542 5033 ,
2571 4965 2909 5061 quando-mc
2936 4968 3258 5061 praesentem
3285 4975 3392 5015 non
3420 4960 3521 5014 ba-

231 5085 416 5150 datis,
438 5081 548 5138 nisi
573 5082 828 5135 fraternae
854 5077 1184 5142 dilectionis,
1213 5084 1276 5131 ut
1298 5091 1397 5147 pro
1438 5075 1519 5131 eis
1563 5072 1732 5129 oretis
1780 5079 1841 5126 ut

233 5181 664 5239 convertantur,
689 5171 781 5243 qui
810 5170 1056 5227 doctrina
1102 5177 1282 5224 vestra
1331 5166 1415 5224 vel
1460 5162 1844 5236 increpationi~

233 5269 347 5326 bus
367 5265 573 5324 nolunt
591 5264 854 5321 converti.

276 5434 279 5437 Α
314 5357 652 5416 νειιε.8.-
667 5354 797 5412 Hac
820 5356 957 5412 enim
980 5354 1027 5411 si
1047 5354 1329 5419 vobiscum,
1348 5358 1452 5409 etc.
1476 5351 1603 5408 ldeo
1627 5351 1744 5407 lucc
1764 5356 1844 5405 tc-

234 5460 377 5509 nete
399 5457 462 5505 et
484 5447 604 5504 aliis
634 5446 958 5513 ministrate,
976 5446 1101 5517 quia
1120 5445 1238 5501 haec
1256 5443 1438 5498 omnia
1465 5442 1509 5499 si
1553 5442 1731 5498 adsint
1754 5454 1846 5495 vo-

236 5543 333 5599 bis
362 5541 425 5596 in
459 5537 661 5595 affectu
682 5538 878 5602 cordis,
903 5545 959 5593 et
978 5537 1141 5593 etiam
1169 5541 1445 5606 superent,
1472 5532 1524 5589 id
1550 5539 1634 5588 est
1660 5532 1848 5587 adver-

241 5647 377 5688 sum
418 5628 681 5685 vitiosum
721 5627 859 5683 bella
903 5626 1317 5700 prmvaluerint,
1364 5639 1471 5680 non
1513 5637 1609 5679 vos
1645 5634 1845 5677 vacuos

243 5721 565 5779 virtutibus
590 5722 915 5779 constituent
949 5720 1001 5777 in
1030 5720 1131 5777 hoc
1164 5717 1381 5786 sacculo,
1414 5717 1497 5776 vel
1526 5716 1643 5773 sine
1669 5715 1845 5772 fructu

245 5817 305 5873 iu
331 5814 549 5870 futuro.

1944 5064 2142 5123 hebitis
2185 5063 2484 5125 doctorem,
2529 5074 2638 5114 non
2684 5055 2925 5129 quolibet
2970 5054 3131 5109 modo
3160 5052 3382 5117 habere,
3425 5052 3523 5105 sed

1944 5158 2019 5213 ita
2049 5166 2110 5212 ut
2133 5157 2327 5213 horum
2369 5151 2686 5208 memoriam
2722 5147 2938 5206 faciatis
2961 5160 3127 5228 opere
3159 5142 3523 5228 adimplendo,

1941 5260 1996 5308 et
2021 5251 2158 5306 alios
2181 5246 2442 5305 docendo.
2998 5223 3011 5233 Ii
3077 5234 3083 5243 ’
3309 5223 3319 5233 ’
3361 5228 3367 5238 ’

2016 5341 2144 5397 Post
2172 5339 2391 5404 obitum,
2414 5345 2520 5392 etc.
2543 5333 2736 5393 Obitus
2756 5332 2955 5391 dicitur
2975 5339 3288 5390 sanctorum
3311 5325 3529 5401 quandq

1945 5443 2147 5491 exeunt
2168 5431 2384 5487 obviam
2414 5438 2633 5501 sponso.
3394 5485 3401 5491 _

2023 5525 2188 5582 Vsus.
2205 5523 2291 5579 16.
2306 5521 2442 5577 —N
2447 5540 2511 5577 on
2529 5522 2663 5577 enim
2686 5518 2924 5576 indoctos
2939 5516 3167 5590 fabulas,
3187 5524 3293 5570 etc.
3313 5508 3529 5583 (Βευι.)

1950 5617 2050 5675 Ilic
2077 5623 2132 5672 et
2156 5628 2395 5686 paganos
2419 5612 2590 5683 tangit
2615 5621 2669 5667 ct
2689 5612 2991 5667 hatreticos.
3016 5606 3240 5679 Pagnni,
3270 5599 3534 5671 quidquid

1952 5726 2049 5766 eos
2071 5707 2391 5770 delectabat,
2415 5704 2545 5761 deos
2570 5703 2840 5777 appellare
2853 5717 2958 5756 non
2976 5700 3290 5782 timuerunt.
3311 5691 3534 5782 liaureti.

1952 5804 2025 5870 ci,
2056 5802 2290 5871 acceptis
2319 5796 2412 5854 Dei
2441 5794 2551 5853 veri
2581 5792 2870 5867 mysteriis,
2898 5791 2961 5857 de
2987 5780 3183 5853 ctutcro
3212 5800 3318 5849 non
3341 5780 3544 5851 divini;
